  <div class='ocr_page' id='page_1' title='image "/cluster/home/n/w/nwhite01/storage/ocr_20150623/148/uva.x000829792/061.png"; bbox 0 0 3902 6376; ppageno 0'>
   <div class='ocr_carea' id='block_1_1' title="bbox 537 429 632 483">
    <p class='ocr_par' dir='ltr' id='par_1_1' title="bbox 537 429 632 483">
     <span class='ocr_line' id='line_1_1' title="bbox 537 429 632 483; baseline 0 -3"><span class='ocrx_word' id='word_1_1' title='bbox 537 429 632 483; x_wconf 74' lang='lat'><strong>107</strong></span> 
     </span>
    </p>
   </div>
   <div class='ocr_carea' id='block_1_2' title="bbox 1731 417 2547 476">
    <p class='ocr_par' dir='ltr' id='par_1_2' title="bbox 1731 417 2547 476">
     <span class='ocr_line' id='line_1_2' title="bbox 1731 417 2547 476; baseline 0.005 -4"><span class='ocrx_word' id='word_1_2' title='bbox 1731 421 1782 472; x_wconf 78' lang='lat' dir='ltr'><strong>S.</strong></span> <span class='ocrx_word' id='word_1_3' title='bbox 1814 417 2204 475; x_wconf 69' lang='lat' dir='ltr'><strong>GREUORIUS</strong></span> <span class='ocrx_word' id='word_1_4' title='bbox 2237 418 2320 472; x_wconf 77' lang='grc' dir='ltr'><strong>νη</strong></span> <span class='ocrx_word' id='word_1_5' title='bbox 2354 420 2547 476; x_wconf 72' lang='grc' dir='ltr'><strong>ΡΑΡΑ.</strong></span> 
     </span>
    </p>
   </div>
   <div class='ocr_carea' id='block_1_3' title="bbox 3619 423 3760 478">
    <p class='ocr_par' dir='ltr' id='par_1_3' title="bbox 3619 423 3760 478">
     <span class='ocr_line' id='line_1_3' title="bbox 3619 423 3760 478; baseline 0.014 -2"><span class='ocrx_word' id='word_1_6' title='bbox 3619 461 3626 464; x_wconf 95' lang='grc'><strong>-</strong></span> <span class='ocrx_word' id='word_1_7' title='bbox 3657 423 3760 478; x_wconf 68' lang='grc' dir='ltr'><strong>Ιιιε</strong></span> 
     </span>
    </p>
   </div>
   <div class='ocr_carea' id='block_1_4' title="bbox 533 531 3756 608">
    <p class='ocr_par' dir='ltr' id='par_1_4' title="bbox 533 531 3756 608">
     <span class='ocr_line' id='line_1_4' title="bbox 533 531 3756 608; baseline -0.001 -14"><span class='ocrx_word' id='word_1_8' title='bbox 533 545 733 608; x_wconf 71' lang='lat' dir='ltr'><strong>absque</strong></span> <span class='ocrx_word' id='word_1_9' title='bbox 771 539 1140 593; x_wconf 78' lang='lat' dir='ltr'><strong>Ecclesiastica</strong></span> <span class='ocrx_word' id='word_1_10' title='bbox 1184 537 1580 598; x_wconf 78' lang='lat' dir='ltr'><strong>communione,</strong></span> <span class='ocrx_word' id='word_1_11' title='bbox 1628 538 1788 587; x_wconf 81' lang='lat' dir='ltr'><strong>vitam</strong></span> <span class='ocrx_word' id='word_1_12' title='bbox 1833 533 1992 586; x_wconf 87' lang='lat' dir='ltr'><strong>simul</strong></span> <span class='ocrx_word' id='word_1_13' title='bbox 2037 542 2088 586; x_wconf 86' lang='lat' dir='ltr'><strong>et</strong></span> <span class='ocrx_word' id='word_1_14' title='bbox 2119 535 2162 587; x_wconf 74' lang='grc' dir='ltr'><strong>Α</strong></span> <span class='ocrx_word' id='word_1_15' title='bbox 2189 533 2358 586; x_wconf 86' lang='lat' dir='ltr'><strong>voluit</strong></span> <span class='ocrx_word' id='word_1_16' title='bbox 2397 531 2528 588; x_wconf 75' lang='lat' dir='ltr'><strong>ﬁeri.</strong></span> <span class='ocrx_word' id='word_1_17' title='bbox 2574 533 2835 588; x_wconf 74' lang='lat' dir='ltr'><strong>Henricus</strong></span> <span class='ocrx_word' id='word_1_18' title='bbox 2873 545 3073 601; x_wconf 88' lang='lat' dir='ltr'><strong>autem,</strong></span> <span class='ocrx_word' id='word_1_19' title='bbox 3108 547 3396 606; x_wconf 73' lang='lat' dir='ltr'><strong>utcumque</strong></span> <span class='ocrx_word' id='word_1_20' title='bbox 3423 537 3618 607; x_wconf 85' lang='lat' dir='ltr'><strong>potuit,</strong></span> <span class='ocrx_word' id='word_1_21' title='bbox 3644 538 3756 592; x_wconf 80' lang='lat' dir='ltr'><strong>itu-</strong></span> 
     </span>
    </p>
   </div>
   <div class='ocr_carea' id='block_1_5' title="bbox 531 622 2087 701">
    <p class='ocr_par' dir='ltr' id='par_1_5' title="bbox 531 622 2087 701">
     <span class='ocr_line' id='line_1_5' title="bbox 531 622 2087 701; baseline -0.004 -20"><span class='ocrx_word' id='word_1_22' title='bbox 531 631 928 701; x_wconf 69' lang='lat' dir='ltr'><strong>lipiscepatum,</strong></span> <span class='ocrx_word' id='word_1_23' title='bbox 957 628 1060 683; x_wconf 82' lang='lat' dir='ltr'><strong>lieu</strong></span> <span class='ocrx_word' id='word_1_24' title='bbox 1088 632 1100 682; x_wconf 83' lang='lat'><strong>!</strong></span> <span class='ocrx_word' id='word_1_25' title='bbox 1136 626 1510 682; x_wconf 73' lang='lat' dir='ltr'><strong>miserabiliter</strong></span> <span class='ocrx_word' id='word_1_26' title='bbox 1545 625 1812 694; x_wconf 81' lang='lat' dir='ltr'><strong>deposuit,</strong></span> <span class='ocrx_word' id='word_1_27' title='bbox 1857 637 1968 692; x_wconf 89' lang='lat' dir='ltr'><strong>quo</strong></span> <span class='ocrx_word' id='word_1_28' title='bbox 2000 622 2087 676; x_wconf 81' lang='lat' dir='ltr'><strong>ille</strong></span> 
     </span>
    </p>
   </div>
   <div class='ocr_carea' id='block_1_6' title="bbox 534 711 2085 790">
    <p class='ocr_par' dir='ltr' id='par_1_6' title="bbox 534 711 2085 790">
     <span class='ocr_line' id='line_1_6' title="bbox 534 711 2085 790; baseline -0.005 -17"><span class='ocrx_word' id='word_1_29' title='bbox 534 722 726 790; x_wconf 81' lang='lat' dir='ltr'><strong>l&#39;apam</strong></span> <span class='ocrx_word' id='word_1_30' title='bbox 751 721 954 776; x_wconf 76' lang='lat' dir='ltr'><strong>nefaria</strong></span> <span class='ocrx_word' id='word_1_31' title='bbox 988 720 1404 789; x_wconf 70' lang='lat' dir='ltr'><strong>prmsumptione</strong></span> <span class='ocrx_word' id='word_1_32' title='bbox 1436 717 1621 770; x_wconf 76' lang='lat' dir='ltr'><strong>statuit</strong></span> <span class='ocrx_word' id='word_1_33' title='bbox 1649 715 1933 783; x_wconf 88' lang='lat' dir='ltr'><strong>deponere.</strong></span> <span class='ocrx_word' id='word_1_34' title='bbox 1969 711 2085 766; x_wconf 68' lang='lat' dir='ltr'><strong>Non</strong></span> 
     </span>
    </p>
   </div>
   <div class='ocr_carea' id='block_1_7' title="bbox 531 800 2081 879">
    <p class='ocr_par' dir='ltr' id='par_1_7' title="bbox 531 800 2081 879">
     <span class='ocr_line' id='line_1_7' title="bbox 531 800 2081 879; baseline -0.007 -13"><span class='ocrx_word' id='word_1_35' title='bbox 531 813 698 866; x_wconf 78' lang='lat' dir='ltr'><strong>multo</strong></span> <span class='ocrx_word' id='word_1_36' title='bbox 721 821 838 879; x_wconf 61' lang='grc' dir='ltr'><strong>ῃοτηί</strong></span> <span class='ocrx_word' id='word_1_37' title='bbox 873 812 1148 864; x_wconf 87' lang='lat' dir='ltr'><strong>interitum</strong></span> <span class='ocrx_word' id='word_1_38' title='bbox 1184 807 1352 875; x_wconf 71' lang='lat'><strong>(122‘)</strong></span> <span class='ocrx_word' id='word_1_39' title='bbox 1381 805 1672 861; x_wconf 66' lang='lat' dir='ltr'><strong>Praefectus</strong></span> <span class='ocrx_word' id='word_1_40' title='bbox 1702 803 1955 857; x_wconf 73' lang='lat' dir='ltr'><strong>Romamn</strong></span> <span class='ocrx_word' id='word_1_41' title='bbox 1975 800 2081 855; x_wconf 78' lang='lat' dir='ltr'><strong>Ur-</strong></span> 
     </span>
    </p>
   </div>
   <div class='ocr_carea' id='block_1_8' title="bbox 530 892 2083 966">
    <p class='ocr_par' dir='ltr' id='par_1_8' title="bbox 530 892 2083 966">
     <span class='ocr_line' id='line_1_8' title="bbox 530 892 2083 966; baseline -0.008 -10"><span class='ocrx_word' id='word_1_42' title='bbox 530 904 632 966; x_wconf 74' lang='lat' dir='ltr'><strong>lis,</strong></span> <span class='ocrx_word' id='word_1_43' title='bbox 671 901 969 955; x_wconf 74' lang='lat' dir='ltr'><strong>indefessus</strong></span> <span class='ocrx_word' id='word_1_44' title='bbox 1004 899 1157 952; x_wconf 83' lang='lat' dir='ltr'><strong>miles</strong></span> <span class='ocrx_word' id='word_1_45' title='bbox 1181 896 1237 952; x_wconf 88' lang='lat' dir='ltr'><strong>S.</strong></span> <span class='ocrx_word' id='word_1_46' title='bbox 1267 896 1406 951; x_wconf 86' lang='lat' dir='ltr'><strong>Petri</strong></span> <span class='ocrx_word' id='word_1_47' title='bbox 1455 906 1644 950; x_wconf 87' lang='lat' dir='ltr'><strong>contra</strong></span> <span class='ocrx_word' id='word_1_48' title='bbox 1677 892 2083 955; x_wconf 74' lang='lat' dir='ltr'><strong>schismatims,</strong></span> 
     </span>
    </p>
   </div>
   <div class='ocr_carea' id='block_1_9' title="bbox 528 984 2086 1064">
    <p class='ocr_par' dir='ltr' id='par_1_9' title="bbox 528 984 2086 1064">
     <span class='ocr_line' id='line_1_9' title="bbox 528 984 2086 1064; baseline -0.01 -15"><span class='ocrx_word' id='word_1_49' title='bbox 528 1013 554 1049; x_wconf 91' lang='lat' dir='ltr'><strong>a</strong></span> <span class='ocrx_word' id='word_1_50' title='bbox 583 995 816 1064; x_wconf 79' lang='lat' dir='ltr'><strong>quodam</strong></span> <span class='ocrx_word' id='word_1_51' title='bbox 856 991 1062 1045; x_wconf 84' lang='lat' dir='ltr'><strong>fautore</strong></span> <span class='ocrx_word' id='word_1_52' title='bbox 1103 988 1315 1042; x_wconf 87' lang='lat' dir='ltr'><strong>llenrici</strong></span> <span class='ocrx_word' id='word_1_53' title='bbox 1350 987 1634 1043; x_wconf 70' lang='lat' dir='ltr'><strong>crudeliter</strong></span> <span class='ocrx_word' id='word_1_54' title='bbox 1676 985 1976 1038; x_wconf 91' lang='lat' dir='ltr'><strong>occiditur:</strong></span> <span class='ocrx_word' id='word_1_55' title='bbox 2019 984 2086 1035; x_wconf 84' lang='lat' dir='ltr'><strong>ad</strong></span> 
     </span>
    </p>
   </div>
   <div class='ocr_carea' id='block_1_10' title="bbox 526 1072 2084 1150">
    <p class='ocr_par' dir='ltr' id='par_1_10' title="bbox 526 1072 2084 1150">
     <span class='ocr_line' id='line_1_10' title="bbox 526 1072 2084 1150; baseline -0.006 -15"><span class='ocrx_word' id='word_1_56' title='bbox 526 1085 681 1150; x_wconf 70' lang='lat' dir='ltr'><strong>ruins</strong></span> <span class='ocrx_word' id='word_1_57' title='bbox 730 1099 926 1150; x_wconf 73' lang='lat' dir='ltr'><strong>corpus</strong></span> <span class='ocrx_word' id='word_1_58' title='bbox 976 1081 1025 1132; x_wconf 92' lang='lat' dir='ltr'><strong>in</strong></span> <span class='ocrx_word' id='word_1_59' title='bbox 1075 1094 1241 1148; x_wconf 88' lang='lat' dir='ltr'><strong>parvo</strong></span> <span class='ocrx_word' id='word_1_60' title='bbox 1286 1087 1526 1146; x_wconf 74' lang='lat' dir='ltr'><strong>tempere</strong></span> <span class='ocrx_word' id='word_1_61' title='bbox 1574 1076 1859 1144; x_wconf 79' lang='lat' dir='ltr'><strong>plusquam</strong></span> <span class='ocrx_word' id='word_1_62' title='bbox 1895 1072 2084 1141; x_wconf 80' lang='lat' dir='ltr'><strong>viginti</strong></span> 
     </span>
    </p>
   </div>
   <div class='ocr_carea' id='block_1_11' title="bbox 529 1162 2086 1240">
    <p class='ocr_par' dir='ltr' id='par_1_11' title="bbox 529 1162 2086 1240">
     <span class='ocr_line' id='line_1_11' title="bbox 529 1162 2086 1240; baseline -0.008 -13"><span class='ocrx_word' id='word_1_63' title='bbox 529 1173 781 1227; x_wconf 75' lang='lat' dir='ltr'><strong>miracula</strong></span> <span class='ocrx_word' id='word_1_64' title='bbox 815 1173 1169 1240; x_wconf 73' lang='lat' dir='ltr'><strong>contigerunt,</strong></span> <span class='ocrx_word' id='word_1_65' title='bbox 1207 1177 1266 1221; x_wconf 92' lang='lat' dir='ltr'><strong>nt</strong></span> <span class='ocrx_word' id='word_1_66' title='bbox 1296 1168 1528 1220; x_wconf 82' lang='lat' dir='ltr'><strong>lidelium</strong></span> <span class='ocrx_word' id='word_1_67' title='bbox 1560 1167 1796 1218; x_wconf 85' lang='lat' dir='ltr'><strong>virorum</strong></span> <span class='ocrx_word' id='word_1_68' title='bbox 1829 1162 2086 1216; x_wconf 86' lang='lat' dir='ltr'><strong>relatione</strong></span> 
     </span>
    </p>
   </div>
   <div class='ocr_carea' id='block_1_12' title="bbox 526 1252 2082 1328">
    <p class='ocr_par' dir='ltr' id='par_1_12' title="bbox 526 1252 2082 1328">
     <span class='ocr_line' id='line_1_12' title="bbox 526 1252 2082 1328; baseline -0.005 -14"><span class='ocrx_word' id='word_1_69' title='bbox 526 1265 827 1317; x_wconf 66' lang='lat' dir='ltr'><strong>didicimus.</strong></span> <span class='ocrx_word' id='word_1_70' title='bbox 888 1261 1114 1314; x_wconf 78' lang='lat' dir='ltr'><strong>lmbrieo</strong></span> <span class='ocrx_word' id='word_1_71' title='bbox 1169 1258 1313 1328; x_wconf 72' lang='lat'><strong>(1:23)</strong></span> <span class='ocrx_word' id='word_1_72' title='bbox 1364 1255 1718 1325; x_wconf 72' lang='lat' dir='ltr'><strong>Augustcnsis</strong></span> <span class='ocrx_word' id='word_1_73' title='bbox 1766 1252 2082 1328; x_wconf 74' lang='lat' dir='ltr'><strong>Episcopus,</strong></span> 
     </span>
    </p>
   </div>
   <div class='ocr_carea' id='block_1_13' title="bbox 526 1343 2083 1424">
    <p class='ocr_par' dir='ltr' id='par_1_13' title="bbox 526 1343 2083 1424">
     <span class='ocr_line' id='line_1_13' title="bbox 526 1343 2083 1424; baseline -0.005 -19"><span class='ocrx_word' id='word_1_74' title='bbox 526 1357 616 1424; x_wconf 87' lang='lat' dir='ltr'><strong>qui</strong></span> <span class='ocrx_word' id='word_1_75' title='bbox 649 1356 700 1406; x_wconf 91' lang='lat' dir='ltr'><strong>in</strong></span> <span class='ocrx_word' id='word_1_76' title='bbox 734 1353 998 1422; x_wconf 43' lang='lat' dir='ltr'><strong>praeterito</strong></span> <span class='ocrx_word' id='word_1_77' title='bbox 1032 1350 1235 1403; x_wconf 67' lang='lat' dir='ltr'><strong>Pascha</strong></span> <span class='ocrx_word' id='word_1_78' title='bbox 1274 1347 1556 1416; x_wconf 86' lang='lat' dir='ltr'><strong>Rudolpbo</strong></span> <span class='ocrx_word' id='word_1_79' title='bbox 1600 1344 1729 1413; x_wconf 86' lang='lat' dir='ltr'><strong>Regi</strong></span> <span class='ocrx_word' id='word_1_80' title='bbox 1777 1343 2083 1397; x_wconf 83' lang='lat' dir='ltr'><strong>ﬁdelitatem</strong></span> 
     </span>
    </p>
   </div>
   <div class='ocr_carea' id='block_1_14' title="bbox 522 1436 2082 1510">
    <p class='ocr_par' dir='ltr' id='par_1_14' title="bbox 522 1436 2082 1510">
     <span class='ocr_line' id='line_1_14' title="bbox 522 1436 2082 1510; baseline -0.006 -13"><span class='ocrx_word' id='word_1_81' title='bbox 522 1445 739 1510; x_wconf 79' lang='lat' dir='ltr'><strong>j&#39;iravit,</strong></span> <span class='ocrx_word' id='word_1_82' title='bbox 777 1443 850 1496; x_wconf 90' lang='lat' dir='ltr'><strong>nil</strong></span> <span class='ocrx_word' id='word_1_83' title='bbox 885 1444 949 1496; x_wconf 83' lang='lat' dir='ltr'><strong>de.</strong></span> <span class='ocrx_word' id='word_1_84' title='bbox 990 1440 1226 1510; x_wconf 70' lang='lat' dir='ltr'><strong>parjurio</strong></span> <span class='ocrx_word' id='word_1_85' title='bbox 1262 1455 1480 1501; x_wconf 84' lang='lat' dir='ltr'><strong>curans,</strong></span> <span class='ocrx_word' id='word_1_86' title='bbox 1514 1436 1746 1489; x_wconf 88' lang='lat' dir='ltr'><strong>Henrico</strong></span> <span class='ocrx_word' id='word_1_87' title='bbox 1780 1436 2082 1488; x_wconf 88' lang='lat' dir='ltr'><strong>advenienti</strong></span> 
     </span>
    </p>
   </div>
   <div class='ocr_carea' id='block_1_15' title="bbox 484 1524 2080 1603">
    <p class='ocr_par' dir='ltr' id='par_1_15' title="bbox 484 1524 2080 1603">
     <span class='ocr_line' id='line_1_15' title="bbox 484 1524 2080 1603; baseline -0.006 -15"><span class='ocrx_word' id='word_1_88' title='bbox 484 1597 488 1602; x_wconf 31' lang='grc'><em>,</em></span> <span class='ocrx_word' id='word_1_89' title='bbox 525 1535 743 1603; x_wconf 69' lang='lat' dir='ltr'><strong>a-lbmsit</strong></span> <span class='ocrx_word' id='word_1_90' title='bbox 775 1554 784 1586; x_wconf 88' lang='lat'>:</span> <span class='ocrx_word' id='word_1_91' title='bbox 819 1543 868 1586; x_wconf 81' lang='lat' dir='ltr'><strong>et</strong></span> <span class='ocrx_word' id='word_1_92' title='bbox 902 1531 1039 1600; x_wconf 79' lang='lat' dir='ltr'><strong>apud</strong></span> <span class='ocrx_word' id='word_1_93' title='bbox 1077 1531 1217 1583; x_wconf 80' lang='lat' dir='ltr'><strong>illam</strong></span> <span class='ocrx_word' id='word_1_94' title='bbox 1242 1528 1471 1600; x_wconf 75' lang='lat' dir='ltr'><strong>quadam</strong></span> <span class='ocrx_word' id='word_1_95' title='bbox 1494 1527 1577 1581; x_wconf 91' lang='lat' dir='ltr'><strong>die</strong></span> <span class='ocrx_word' id='word_1_96' title='bbox 1604 1524 1820 1580; x_wconf 76' lang='lat' dir='ltr'><strong>Missam</strong></span> <span class='ocrx_word' id='word_1_97' title='bbox 1859 1525 2080 1603; x_wconf 69' lang='lat' dir='ltr'><strong>faciens.</strong></span> 
     </span>
    </p>
   </div>
   <div class='ocr_carea' id='block_1_16' title="bbox 526 1602 2083 1687">
    <p class='ocr_par' dir='ltr' id='par_1_16' title="bbox 526 1602 2083 1687">
     <span class='ocr_line' id='line_1_16' title="bbox 526 1602 2083 1687; baseline -0.008 -9"><span class='ocrx_word' id='word_1_98' title='bbox 526 1602 661 1680; x_wconf 59' lang='lat' dir='ltr'><strong>lianc</strong></span> <span class='ocrx_word' id='word_1_99' title='bbox 680 1624 777 1677; x_wconf 92' lang='lat' dir='ltr'><strong>sibi</strong></span> <span class='ocrx_word' id='word_1_100' title='bbox 797 1622 1158 1675; x_wconf 80' lang='lat' dir='ltr'><strong>conditionem</strong></span> <span class='ocrx_word' id='word_1_101' title='bbox 1179 1620 1341 1674; x_wconf 83' lang='lat' dir='ltr'><strong>miser</strong></span> <span class='ocrx_word' id='word_1_102' title='bbox 1364 1617 1640 1687; x_wconf 85' lang='lat' dir='ltr'><strong>imposuit,</strong></span> <span class='ocrx_word' id='word_1_103' title='bbox 1667 1624 1724 1668; x_wconf 93' lang='lat' dir='ltr'><strong>ut</strong></span> <span class='ocrx_word' id='word_1_104' title='bbox 1739 1631 1904 1668; x_wconf 64' lang='lat' dir='ltr'><strong>sacrm</strong></span> <span class='ocrx_word' id='word_1_105' title='bbox 1925 1613 2083 1668; x_wconf 84' lang='lat' dir='ltr'><strong>Obla-</strong></span> 
     </span>
    </p>
   </div>
   <div class='ocr_carea' id='block_1_17' title="bbox 524 1704 2083 1781">
    <p class='ocr_par' dir='ltr' id='par_1_17' title="bbox 524 1704 2083 1781">
     <span class='ocr_line' id='line_1_17' title="bbox 524 1704 2083 1781; baseline -0.005 -15"><span class='ocrx_word' id='word_1_106' title='bbox 524 1715 686 1769; x_wconf 88' lang='lat' dir='ltr'><strong>tionis</strong></span> <span class='ocrx_word' id='word_1_107' title='bbox 713 1713 978 1781; x_wconf 77' lang='lat' dir='ltr'><strong>perceptio</strong></span> <span class='ocrx_word' id='word_1_108' title='bbox 1002 1711 1052 1764; x_wconf 91' lang='lat' dir='ltr'><strong>in</strong></span> <span class='ocrx_word' id='word_1_109' title='bbox 1080 1711 1340 1779; x_wconf 72' lang='lat' dir='ltr'><strong>judicium</strong></span> <span class='ocrx_word' id='word_1_110' title='bbox 1371 1709 1418 1762; x_wconf 90' lang='lat' dir='ltr'><strong>ei</strong></span> <span class='ocrx_word' id='word_1_111' title='bbox 1451 1706 1775 1776; x_wconf 77' lang='lat' dir='ltr'><strong>proveniret,</strong></span> <span class='ocrx_word' id='word_1_112' title='bbox 1815 1706 1858 1760; x_wconf 89' lang='lat' dir='ltr'><strong>si</strong></span> <span class='ocrx_word' id='word_1_113' title='bbox 1903 1704 2083 1758; x_wconf 87' lang='lat' dir='ltr'><strong>Domi-</strong></span> 
     </span>
    </p>
   </div>
   <div class='ocr_carea' id='block_1_18' title="bbox 526 1796 2076 1872">
    <p class='ocr_par' dir='ltr' id='par_1_18' title="bbox 526 1796 2076 1872">
     <span class='ocr_line' id='line_1_18' title="bbox 526 1796 2076 1872; baseline -0.006 -14"><span class='ocrx_word' id='word_1_114' title='bbox 526 1822 626 1859; x_wconf 93' lang='lat' dir='ltr'><strong>nus</strong></span> <span class='ocrx_word' id='word_1_115' title='bbox 660 1805 777 1872; x_wconf 82' lang='lat' dir='ltr'><strong>ejus</strong></span> <span class='ocrx_word' id='word_1_116' title='bbox 803 1801 1064 1856; x_wconf 80' lang='lat' dir='ltr'><strong>Henricus</strong></span> <span class='ocrx_word' id='word_1_117' title='bbox 1094 1800 1334 1869; x_wconf 76' lang='lat' dir='ltr'><strong>Regnum</strong></span> <span class='ocrx_word' id='word_1_118' title='bbox 1379 1797 1480 1851; x_wconf 91' lang='lat' dir='ltr'><strong>sibi</strong></span> <span class='ocrx_word' id='word_1_119' title='bbox 1532 1796 1728 1864; x_wconf 87' lang='lat' dir='ltr'><strong>injuste</strong></span> <span class='ocrx_word' id='word_1_120' title='bbox 1773 1805 2076 1864; x_wconf 85' lang='lat' dir='ltr'><strong>usurparet.</strong></span> 
     </span>
    </p>
   </div>
   <div class='ocr_carea' id='block_1_19' title="bbox 523 1887 2078 1959">
    <p class='ocr_par' dir='ltr' id='par_1_19' title="bbox 523 1887 2078 1959">
     <span class='ocr_line' id='line_1_19' title="bbox 523 1887 2078 1959; baseline -0.006 -12"><span class='ocrx_word' id='word_1_121' title='bbox 523 1894 645 1949; x_wconf 81' lang='lat' dir='ltr'><strong>Post</strong></span> <span class='ocrx_word' id='word_1_122' title='bbox 693 1893 831 1946; x_wconf 87' lang='lat' dir='ltr'><strong>hanc</strong></span> <span class='ocrx_word' id='word_1_123' title='bbox 867 1894 1205 1946; x_wconf 85' lang='lat' dir='ltr'><strong>temerariam</strong></span> <span class='ocrx_word' id='word_1_124' title='bbox 1263 1888 1679 1959; x_wconf 88' lang='lat' dir='ltr'><strong>perceptionem,</strong></span> <span class='ocrx_word' id='word_1_125' title='bbox 1729 1901 1894 1955; x_wconf 88' lang='lat' dir='ltr'><strong>parvo</strong></span> <span class='ocrx_word' id='word_1_126' title='bbox 1935 1887 2078 1953; x_wconf 90' lang='lat' dir='ltr'><strong>quod</strong></span> 
     </span>
    </p>
   </div>
   <div class='ocr_carea' id='block_1_20' title="bbox 523 1978 2080 2054">
    <p class='ocr_par' dir='ltr' id='par_1_20' title="bbox 523 1978 2080 2054">
     <span class='ocr_line' id='line_1_20' title="bbox 523 1978 2080 2054; baseline -0.005 -17"><span class='ocrx_word' id='word_1_127' title='bbox 523 1983 816 2054; x_wconf 62' lang='lat' dir='ltr'><strong>supravivit</strong></span> <span class='ocrx_word' id='word_1_128' title='bbox 864 1990 1102 2050; x_wconf 79' lang='lat' dir='ltr'><strong>tempore</strong></span> <span class='ocrx_word' id='word_1_129' title='bbox 1137 1994 1307 2048; x_wconf 88' lang='lat' dir='ltr'><strong>usque</strong></span> <span class='ocrx_word' id='word_1_130' title='bbox 1337 1978 1403 2032; x_wconf 91' lang='lat' dir='ltr'><strong>ad</strong></span> <span class='ocrx_word' id='word_1_131' title='bbox 1431 1985 1680 2038; x_wconf 86' lang='lat' dir='ltr'><strong>mortem,</strong></span> <span class='ocrx_word' id='word_1_132' title='bbox 1710 1989 1985 2044; x_wconf 88' lang='lat' dir='ltr'><strong>nunquam</strong></span> <span class='ocrx_word' id='word_1_133' title='bbox 2023 1990 2080 2029; x_wconf 89' lang='lat' dir='ltr'><strong>sc</strong></span> 
     </span>
    </p>
   </div>
   <div class='ocr_carea' id='block_1_21' title="bbox 523 2063 2076 2129">
    <p class='ocr_par' dir='ltr' id='par_1_21' title="bbox 523 2063 2076 2129">
     <span class='ocr_line' id='line_1_21' title="bbox 523 2063 2076 2129; baseline -0.006 -2"><span class='ocrx_word' id='word_1_134' title='bbox 523 2090 710 2129; x_wconf 69' lang='lat' dir='ltr'><strong>sanum</strong></span> <span class='ocrx_word' id='word_1_135' title='bbox 742 2073 807 2126; x_wconf 88' lang='lat' dir='ltr'><strong>de</strong></span> <span class='ocrx_word' id='word_1_136' title='bbox 851 2073 987 2126; x_wconf 86' lang='lat' dir='ltr'><strong>lecto</strong></span> <span class='ocrx_word' id='word_1_137' title='bbox 1030 2069 1240 2124; x_wconf 83' lang='lat' dir='ltr'><strong>levavit.</strong></span> <span class='ocrx_word' id='word_1_138' title='bbox 1292 2066 1424 2121; x_wconf 71' lang='lat' dir='ltr'><strong>Nam</strong></span> <span class='ocrx_word' id='word_1_139' title='bbox 1458 2068 1600 2121; x_wconf 81' lang='lat' dir='ltr'><strong>circa</strong></span> <span class='ocrx_word' id='word_1_140' title='bbox 1637 2064 1904 2119; x_wconf 79' lang='lat' dir='ltr'><strong>Kalendas</strong></span> <span class='ocrx_word' id='word_1_141' title='bbox 1929 2063 2076 2129; x_wconf 82' lang='lat' dir='ltr'><strong>Julii,</strong></span> 
     </span>
    </p>
   </div>
   <div class='ocr_carea' id='block_1_22' title="bbox 521 2154 2076 2233">
    <p class='ocr_par' dir='ltr' id='par_1_22' title="bbox 521 2154 2076 2233">
     <span class='ocr_line' id='line_1_22' title="bbox 521 2154 2076 2233; baseline -0.006 -15"><span class='ocrx_word' id='word_1_142' title='bbox 521 2165 722 2233; x_wconf 78' lang='lat' dir='ltr'><strong>absque</strong></span> <span class='ocrx_word' id='word_1_143' title='bbox 780 2161 1153 2214; x_wconf 80' lang='lat' dir='ltr'><strong>Ecclesiastica</strong></span> <span class='ocrx_word' id='word_1_144' title='bbox 1208 2157 1588 2212; x_wconf 88' lang='lat' dir='ltr'><strong>communione</strong></span> <span class='ocrx_word' id='word_1_145' title='bbox 1640 2154 1926 2209; x_wconf 84' lang='lat' dir='ltr'><strong>defunctus</strong></span> <span class='ocrx_word' id='word_1_146' title='bbox 1975 2164 2076 2209; x_wconf 92' lang='lat' dir='ltr'><strong>cst.</strong></span> 
     </span>
    </p>
   </div>
   <div class='ocr_carea' id='block_1_23' title="bbox 521 2238 2076 2322">
    <p class='ocr_par' dir='ltr' id='par_1_23' title="bbox 521 2238 2076 2322">
     <span class='ocr_line' id='line_1_23' title="bbox 521 2238 2076 2322; baseline -0.005 -16"><span class='ocrx_word' id='word_1_147' title='bbox 521 2252 648 2307; x_wconf 80' lang='lat' dir='ltr'><strong>item</strong></span> <span class='ocrx_word' id='word_1_148' title='bbox 675 2238 1012 2322; x_wconf 63' lang='lat' dir='ltr'><strong>Sigehardus</strong></span> <span class='ocrx_word' id='word_1_149' title='bbox 1039 2250 1227 2312; x_wconf 69' lang='lat'><strong>(125‘),</strong></span> <span class='ocrx_word' id='word_1_150' title='bbox 1274 2247 1630 2317; x_wconf 67' lang='lat' dir='ltr'><strong>Aquileiensis</strong></span> <span class='ocrx_word' id='word_1_151' title='bbox 1655 2245 1987 2307; x_wconf 82' lang='lat' dir='ltr'><strong>Patriarcba,</strong></span> <span class='ocrx_word' id='word_1_152' title='bbox 2023 2244 2076 2298; x_wconf 89' lang='lat' dir='ltr'><strong>in</strong></span> 
     </span>
    </p>
   </div>
   <div class='ocr_carea' id='block_1_24' title="bbox 520 2332 2077 2405">
    <p class='ocr_par' dir='ltr' id='par_1_24' title="bbox 520 2332 2077 2405">
     <span class='ocr_line' id='line_1_24' title="bbox 520 2332 2077 2405; baseline -0.006 -9"><span class='ocrx_word' id='word_1_153' title='bbox 520 2343 776 2398; x_wconf 83' lang='lat' dir='ltr'><strong>auxilium</strong></span> <span class='ocrx_word' id='word_1_154' title='bbox 804 2340 1032 2395; x_wconf 88' lang='lat' dir='ltr'><strong>llenrico</strong></span> <span class='ocrx_word' id='word_1_155' title='bbox 1057 2347 1244 2393; x_wconf 83' lang='lat' dir='ltr'><strong>contra</strong></span> <span class='ocrx_word' id='word_1_156' title='bbox 1281 2339 1516 2392; x_wconf 88' lang='lat' dir='ltr'><strong>bannum</strong></span> <span class='ocrx_word' id='word_1_157' title='bbox 1556 2335 1847 2405; x_wconf 80' lang='lat' dir='ltr'><strong>Apostolici</strong></span> <span class='ocrx_word' id='word_1_158' title='bbox 1873 2332 2077 2387; x_wconf 84' lang='lat' dir='ltr'><strong>armata</strong></span> 
     </span>
    </p>
   </div>
   <div class='ocr_carea' id='block_1_25' title="bbox 520 2423 2076 2494">
    <p class='ocr_par' dir='ltr' id='par_1_25' title="bbox 520 2423 2076 2494">
     <span class='ocr_line' id='line_1_25' title="bbox 520 2423 2076 2494; baseline -0.008 -6"><span class='ocrx_word' id='word_1_159' title='bbox 520 2449 681 2488; x_wconf 88' lang='lat' dir='ltr'><strong>manu</strong></span> <span class='ocrx_word' id='word_1_160' title='bbox 711 2432 932 2484; x_wconf 82' lang='lat' dir='ltr'><strong>veniens</strong></span> <span class='ocrx_word' id='word_1_161' title='bbox 965 2431 1017 2484; x_wconf 90' lang='lat' dir='ltr'><strong>in</strong></span> <span class='ocrx_word' id='word_1_162' title='bbox 1050 2429 1339 2482; x_wconf 88' lang='lat' dir='ltr'><strong>amentiam</strong></span> <span class='ocrx_word' id='word_1_163' title='bbox 1386 2427 1610 2479; x_wconf 73' lang='lat' dir='ltr'><strong>vertitur</strong></span> <span class='ocrx_word' id='word_1_164' title='bbox 1641 2425 1779 2494; x_wconf 86' lang='lat' dir='ltr'><strong>apud</strong></span> <span class='ocrx_word' id='word_1_165' title='bbox 1824 2423 2076 2494; x_wconf 81' lang='lat' dir='ltr'><strong>Ratispo-</strong></span> 
     </span>
    </p>
   </div>
   <div class='ocr_carea' id='block_1_26' title="bbox 521 2515 2073 2590">
    <p class='ocr_par' dir='ltr' id='par_1_26' title="bbox 521 2515 2073 2590">
     <span class='ocr_line' id='line_1_26' title="bbox 521 2515 2073 2590; baseline -0.006 -13"><span class='ocrx_word' id='word_1_166' title='bbox 521 2539 664 2586; x_wconf 86' lang='lat' dir='ltr'><strong>nam,</strong></span> <span class='ocrx_word' id='word_1_167' title='bbox 687 2531 738 2576; x_wconf 82' lang='lat' dir='ltr'><strong>et</strong></span> <span class='ocrx_word' id='word_1_168' title='bbox 767 2539 829 2574; x_wconf 75' lang='lat' dir='ltr'><strong>ex</strong></span> <span class='ocrx_word' id='word_1_169' title='bbox 857 2521 971 2590; x_wconf 90' lang='lat' dir='ltr'><strong>ipso</strong></span> <span class='ocrx_word' id='word_1_170' title='bbox 999 2520 1185 2573; x_wconf 84' lang='lat' dir='ltr'><strong>itinere</strong></span> <span class='ocrx_word' id='word_1_171' title='bbox 1215 2517 1488 2588; x_wconf 84' lang='lat' dir='ltr'><strong>repentina</strong></span> <span class='ocrx_word' id='word_1_172' title='bbox 1519 2525 1690 2569; x_wconf 90' lang='lat' dir='ltr'><strong>morte</strong></span> <span class='ocrx_word' id='word_1_173' title='bbox 1713 2515 2073 2584; x_wconf 87' lang='lat' dir='ltr'><strong>intercipitur:</strong></span> 
     </span>
    </p>
   </div>
   <div class='ocr_carea' id='block_1_27' title="bbox 519 2605 2078 2682">
    <p class='ocr_par' dir='ltr' id='par_1_27' title="bbox 519 2605 2078 2682">
     <span class='ocr_line' id='line_1_27' title="bbox 519 2605 2078 2682; baseline -0.006 -14"><span class='ocrx_word' id='word_1_174' title='bbox 519 2614 701 2682; x_wconf 84' lang='lat' dir='ltr'><strong>sicque</strong></span> <span class='ocrx_word' id='word_1_175' title='bbox 731 2613 972 2673; x_wconf 70' lang='lat' dir='ltr'><strong>domum,</strong></span> <span class='ocrx_word' id='word_1_176' title='bbox 1018 2625 1124 2664; x_wconf 92' lang='lat' dir='ltr'><strong>non</strong></span> <span class='ocrx_word' id='word_1_177' title='bbox 1175 2609 1377 2677; x_wconf 85' lang='lat' dir='ltr'><strong>absque</strong></span> <span class='ocrx_word' id='word_1_178' title='bbox 1411 2607 1681 2676; x_wconf 86' lang='lat' dir='ltr'><strong>aliquibus</strong></span> <span class='ocrx_word' id='word_1_179' title='bbox 1735 2620 1956 2659; x_wconf 89' lang='lat' dir='ltr'><strong>suorum</strong></span> <span class='ocrx_word' id='word_1_180' title='bbox 1995 2605 2078 2658; x_wconf 81' lang='lat' dir='ltr'><strong>fu—</strong></span> 
     </span>
    </p>
   </div>
   <div class='ocr_carea' id='block_1_28' title="bbox 519 2699 2079 2770">
    <p class='ocr_par' dir='ltr' id='par_1_28' title="bbox 519 2699 2079 2770">
     <span class='ocr_line' id='line_1_28' title="bbox 519 2699 2079 2770; baseline -0.004 -14"><span class='ocrx_word' id='word_1_181' title='bbox 519 2703 768 2765; x_wconf 86' lang='lat' dir='ltr'><strong>neribus,</strong></span> <span class='ocrx_word' id='word_1_182' title='bbox 833 2702 886 2754; x_wconf 93' lang='lat' dir='ltr'><strong>in</strong></span> <span class='ocrx_word' id='word_1_183' title='bbox 945 2715 1169 2770; x_wconf 87' lang='lat' dir='ltr'><strong>corpore</strong></span> <span class='ocrx_word' id='word_1_184' title='bbox 1219 2708 1272 2754; x_wconf 89' lang='lat' dir='ltr'><strong>et</strong></span> <span class='ocrx_word' id='word_1_185' title='bbox 1333 2699 1513 2752; x_wconf 87' lang='lat' dir='ltr'><strong>anima</strong></span> <span class='ocrx_word' id='word_1_186' title='bbox 1568 2705 1836 2761; x_wconf 87' lang='lat' dir='ltr'><strong>mortuus,</strong></span> <span class='ocrx_word' id='word_1_187' title='bbox 1893 2710 2079 2766; x_wconf 60' lang='grc' dir='ltr'><strong>τερον-</strong></span> 
     </span>
    </p>
   </div>
   <div class='ocr_carea' id='block_1_29' title="bbox 518 2794 749 2848">
    <p class='ocr_par' dir='ltr' id='par_1_29' title="bbox 518 2794 749 2848">
     <span class='ocr_line' id='line_1_29' title="bbox 518 2794 749 2848; baseline 0 -2"><span class='ocrx_word' id='word_1_188' title='bbox 518 2794 637 2847; x_wconf 82' lang='lat' dir='ltr'><strong>taba</strong></span> <span class='ocrx_word' id='word_1_189' title='bbox 646 2802 749 2848; x_wconf 84' lang='lat' dir='ltr'><strong>tur.</strong></span> 
     </span>
    </p>
   </div>
   <div class='ocr_carea' id='block_1_30' title="bbox 586 2877 2076 2952">
    <p class='ocr_par' dir='ltr' id='par_1_30' title="bbox 586 2877 2076 2952">
     <span class='ocr_line' id='line_1_30' title="bbox 586 2877 2076 2952; baseline -0.005 -15"><span class='ocrx_word' id='word_1_190' title='bbox 586 2883 637 2936; x_wconf 85' lang='lat'><strong>9.</strong></span> <span class='ocrx_word' id='word_1_191' title='bbox 677 2881 820 2952; x_wconf 86' lang='lat' dir='ltr'><strong>Papa</strong></span> <span class='ocrx_word' id='word_1_192' title='bbox 846 2881 1060 2951; x_wconf 88' lang='lat' dir='ltr'><strong>utrique</strong></span> <span class='ocrx_word' id='word_1_193' title='bbox 1097 2877 1225 2950; x_wconf 83' lang='lat' dir='ltr'><strong>Regi</strong></span> <span class='ocrx_word' id='word_1_194' title='bbox 1260 2895 1323 2933; x_wconf 78' lang='lat' dir='ltr'><strong>ex</strong></span> <span class='ocrx_word' id='word_1_195' title='bbox 1351 2887 1500 2949; x_wconf 88' lang='lat' dir='ltr'><strong>parte</strong></span> <span class='ocrx_word' id='word_1_196' title='bbox 1536 2877 1592 2931; x_wconf 86' lang='lat' dir='ltr'><strong>S.</strong></span> <span class='ocrx_word' id='word_1_197' title='bbox 1625 2877 1766 2930; x_wconf 89' lang='lat' dir='ltr'><strong>Petri</strong></span> <span class='ocrx_word' id='word_1_198' title='bbox 1807 2877 2076 2946; x_wconf 71' lang='lat' dir='ltr'><strong>prtecepit,</strong></span> 
     </span>
    </p>
   </div>
   <div class='ocr_carea' id='block_1_31' title="bbox 515 2968 2078 3042">
    <p class='ocr_par' dir='ltr' id='par_1_31' title="bbox 515 2968 2078 3042">
     <span class='ocr_line' id='line_1_31' title="bbox 515 2968 2078 3042; baseline -0.004 -14"><span class='ocrx_word' id='word_1_199' title='bbox 515 2983 575 3028; x_wconf 81' lang='lat' dir='ltr'><strong>ut</strong></span> <span class='ocrx_word' id='word_1_200' title='bbox 601 2982 815 3042; x_wconf 86' lang='lat' dir='ltr'><strong>treugas</strong></span> <span class='ocrx_word' id='word_1_201' title='bbox 848 2972 912 3026; x_wconf 87' lang='lat' dir='ltr'><strong>ad</strong></span> <span class='ocrx_word' id='word_1_202' title='bbox 950 2972 1174 3026; x_wconf 87' lang='lat' dir='ltr'><strong>invicem</strong></span> <span class='ocrx_word' id='word_1_203' title='bbox 1231 2969 1486 3033; x_wconf 87' lang='lat' dir='ltr'><strong>facerent,</strong></span> <span class='ocrx_word' id='word_1_204' title='bbox 1528 2978 1581 3022; x_wconf 88' lang='lat' dir='ltr'><strong>et</strong></span> <span class='ocrx_word' id='word_1_205' title='bbox 1629 2968 1915 3023; x_wconf 83' lang='lat' dir='ltr'><strong>adventum</strong></span> <span class='ocrx_word' id='word_1_206' title='bbox 1960 2968 2078 3036; x_wconf 82' lang='lat' dir='ltr'><strong>ejus</strong></span> 
     </span>
    </p>
   </div>
   <div class='ocr_carea' id='block_1_32' title="bbox 516 3057 2076 3130">
    <p class='ocr_par' dir='ltr' id='par_1_32' title="bbox 516 3057 2076 3130">
     <span class='ocr_line' id='line_1_32' title="bbox 516 3057 2076 3130; baseline -0.003 -13"><span class='ocrx_word' id='word_1_207' title='bbox 516 3065 580 3118; x_wconf 80' lang='lat' dir='ltr'><strong>ad</strong></span> <span class='ocrx_word' id='word_1_208' title='bbox 612 3061 933 3116; x_wconf 84' lang='lat' dir='ltr'><strong>Teutonicas</strong></span> <span class='ocrx_word' id='word_1_209' title='bbox 961 3070 1138 3130; x_wconf 85' lang='lat' dir='ltr'><strong>partes</strong></span> <span class='ocrx_word' id='word_1_210' title='bbox 1161 3075 1258 3129; x_wconf 90' lang='lat' dir='ltr'><strong>pro</strong></span> <span class='ocrx_word' id='word_1_211' title='bbox 1289 3060 1590 3114; x_wconf 89' lang='lat' dir='ltr'><strong>dirimenda</strong></span> <span class='ocrx_word' id='word_1_212' title='bbox 1634 3059 1725 3111; x_wconf 89' lang='lat' dir='ltr'><strong>lite.</strong></span> <span class='ocrx_word' id='word_1_213' title='bbox 1762 3072 1868 3110; x_wconf 92' lang='lat' dir='ltr'><strong>non</strong></span> <span class='ocrx_word' id='word_1_214' title='bbox 1903 3057 2076 3126; x_wconf 86' lang='lat' dir='ltr'><strong>impe-</strong></span> 
     </span>
    </p>
   </div>
   <div class='ocr_carea' id='block_1_33' title="bbox 2187 623 3761 696">
    <p class='ocr_par' dir='ltr' id='par_1_33' title="bbox 2187 623 3761 696">
     <span class='ocr_line' id='line_1_33' title="bbox 2187 623 3761 696; baseline 0.006 -24"><span class='ocrx_word' id='word_1_215' title='bbox 2187 624 2368 692; x_wconf 85' lang='lat' dir='ltr'><strong>pedire</strong></span> <span class='ocrx_word' id='word_1_216' title='bbox 2401 640 2509 678; x_wconf 90' lang='lat' dir='ltr'><strong>non</strong></span> <span class='ocrx_word' id='word_1_217' title='bbox 2550 625 2796 678; x_wconf 74' lang='lat' dir='ltr'><strong>ceSsavit.</strong></span> <span class='ocrx_word' id='word_1_218' title='bbox 2833 623 2966 680; x_wconf 71' lang='lat' dir='ltr'><strong>Nam</strong></span> <span class='ocrx_word' id='word_1_219' title='bbox 2989 636 3179 682; x_wconf 89' lang='lat' dir='ltr'><strong>contra</strong></span> <span class='ocrx_word' id='word_1_220' title='bbox 3208 626 3576 696; x_wconf 81' lang='lat' dir='ltr'><strong>Apostolicum</strong></span> <span class='ocrx_word' id='word_1_221' title='bbox 3607 641 3761 696; x_wconf 69' lang='lat' dir='ltr'><strong>pra:-</strong></span> 
     </span>
    </p>
   </div>
   <div class='ocr_carea' id='block_1_34' title="bbox 2187 714 3760 786">
    <p class='ocr_par' dir='ltr' id='par_1_34' title="bbox 2187 714 3760 786">
     <span class='ocr_line' id='line_1_34' title="bbox 2187 714 3760 786; baseline 0.003 -20"><span class='ocrx_word' id='word_1_222' title='bbox 2187 721 2420 781; x_wconf 87' lang='lat' dir='ltr'><strong>ceptum,</strong></span> <span class='ocrx_word' id='word_1_223' title='bbox 2443 716 2675 768; x_wconf 75' lang='lat' dir='ltr'><strong>maxima</strong></span> <span class='ocrx_word' id='word_1_224' title='bbox 2704 714 3042 770; x_wconf 86' lang='lat' dir='ltr'><strong>multitudine</strong></span> <span class='ocrx_word' id='word_1_225' title='bbox 3073 717 3462 786; x_wconf 71' lang='lat' dir='ltr'><strong>ﬂagitiosorum</strong></span> <span class='ocrx_word' id='word_1_226' title='bbox 3489 718 3760 778; x_wconf 81' lang='lat' dir='ltr'><strong>adnnata.</strong></span> 
     </span>
    </p>
   </div>
   <div class='ocr_carea' id='block_1_35' title="bbox 2187 801 3762 874">
    <p class='ocr_par' dir='ltr' id='par_1_35' title="bbox 2187 801 3762 874">
     <span class='ocr_line' id='line_1_35' title="bbox 2187 801 3762 874; baseline 0.005 -21"><span class='ocrx_word' id='word_1_227' title='bbox 2187 801 2519 870; x_wconf 87' lang='lat' dir='ltr'><strong>procinctum</strong></span> <span class='ocrx_word' id='word_1_228' title='bbox 2545 804 2596 856; x_wconf 84' lang='lat' dir='ltr'><strong>in</strong></span> <span class='ocrx_word' id='word_1_229' title='bbox 2632 801 2922 857; x_wconf 76' lang='lat' dir='ltr'><strong>Saxoniam</strong></span> <span class='ocrx_word' id='word_1_230' title='bbox 2967 807 3213 874; x_wconf 86' lang='lat' dir='ltr'><strong>paravit:</strong></span> <span class='ocrx_word' id='word_1_231' title='bbox 3255 807 3342 861; x_wconf 89' lang='lat' dir='ltr'><strong>cui</strong></span> <span class='ocrx_word' id='word_1_232' title='bbox 3384 805 3496 861; x_wconf 78' lang='lat' dir='ltr'><strong>Rex</strong></span> <span class='ocrx_word' id='word_1_233' title='bbox 3542 805 3762 861; x_wconf 84' lang='lat' dir='ltr'><strong>Rudol-</strong></span> 
     </span>
    </p>
   </div>
   <div class='ocr_carea' id='block_1_36' title="bbox 2187 891 3762 962">
    <p class='ocr_par' dir='ltr' id='par_1_36' title="bbox 2187 891 3762 962">
     <span class='ocr_line' id='line_1_36' title="bbox 2187 891 3762 962; baseline 0.004 -20"><span class='ocrx_word' id='word_1_234' title='bbox 2187 891 2325 960; x_wconf 82' lang='lat' dir='ltr'><strong>phus</strong></span> <span class='ocrx_word' id='word_1_235' title='bbox 2365 893 2506 960; x_wconf 90' lang='lat' dir='ltr'><strong>apud</strong></span> <span class='ocrx_word' id='word_1_236' title='bbox 2547 891 2800 947; x_wconf 79' lang='lat' dir='ltr'><strong>Struvam</strong></span> <span class='ocrx_word' id='word_1_237' title='bbox 2831 909 2954 948; x_wconf 91' lang='lat' dir='ltr'><strong>cum</strong></span> <span class='ocrx_word' id='word_1_238' title='bbox 2996 897 3230 950; x_wconf 79' lang='lat' dir='ltr'><strong>exercitu</strong></span> <span class='ocrx_word' id='word_1_239' title='bbox 3258 897 3513 962; x_wconf 84' lang='lat' dir='ltr'><strong>obviavit,</strong></span> <span class='ocrx_word' id='word_1_240' title='bbox 3558 903 3615 950; x_wconf 88' lang='lat' dir='ltr'><strong>et</strong></span> <span class='ocrx_word' id='word_1_241' title='bbox 3658 898 3762 950; x_wconf 87' lang='lat' dir='ltr'><strong>illo</strong></span> 
     </span>
    </p>
   </div>
   <div class='ocr_carea' id='block_1_37' title="bbox 2188 981 3764 1062">
    <p class='ocr_par' dir='ltr' id='par_1_37' title="bbox 2188 981 3764 1062">
     <span class='ocr_line' id='line_1_37' title="bbox 2188 981 3764 1062; baseline 0.004 -28"><span class='ocrx_word' id='word_1_242' title='bbox 2188 984 2370 1050; x_wconf 76' lang='lat' dir='ltr'><strong>l&#39;ugato</strong></span> <span class='ocrx_word' id='word_1_243' title='bbox 2415 981 2527 1051; x_wconf 89' lang='lat' dir='ltr'><strong>ipse</strong></span> <span class='ocrx_word' id='word_1_244' title='bbox 2557 997 2806 1052; x_wconf 86' lang='lat' dir='ltr'><strong>campum</strong></span> <span class='ocrx_word' id='word_1_245' title='bbox 2853 985 3093 1040; x_wconf 67' lang='lat' dir='ltr'><strong>victoria:</strong></span> <span class='ocrx_word' id='word_1_246' title='bbox 3137 987 3372 1040; x_wconf 87' lang='lat' dir='ltr'><strong>obtinuit</strong></span> <span class='ocrx_word' id='word_1_247' title='bbox 3402 987 3452 1040; x_wconf 92' lang='lat'><strong>7.</strong></span> <span class='ocrx_word' id='word_1_248' title='bbox 3490 985 3616 1041; x_wconf 84' lang='lat' dir='ltr'><strong>ldus</strong></span> <span class='ocrx_word' id='word_1_249' title='bbox 3641 988 3764 1062; x_wconf 56' lang='lat' dir='ltr'><strong>Att-</strong></span> 
     </span>
    </p>
   </div>
   <div class='ocr_carea' id='block_1_38' title="bbox 2185 1070 3759 1146">
    <p class='ocr_par' dir='ltr' id='par_1_38' title="bbox 2185 1070 3759 1146">
     <span class='ocr_line' id='line_1_38' title="bbox 2185 1070 3759 1146; baseline 0.006 -23"><span class='ocrx_word' id='word_1_250' title='bbox 2185 1073 2347 1141; x_wconf 83' lang='lat' dir='ltr'><strong>gnsti.</strong></span> <span class='ocrx_word' id='word_1_251' title='bbox 2372 1070 2636 1127; x_wconf 86' lang='lat' dir='ltr'><strong>Occubuit</strong></span> <span class='ocrx_word' id='word_1_252' title='bbox 2660 1083 2836 1128; x_wconf 88' lang='lat' dir='ltr'><strong>tamen</strong></span> <span class='ocrx_word' id='word_1_253' title='bbox 2871 1075 2942 1128; x_wconf 80' lang='lat' dir='ltr'><strong>ibi</strong></span> <span class='ocrx_word' id='word_1_254' title='bbox 2981 1092 3044 1130; x_wconf 79' lang='lat' dir='ltr'><strong>ex</strong></span> <span class='ocrx_word' id='word_1_255' title='bbox 3083 1087 3237 1146; x_wconf 85' lang='lat' dir='ltr'><strong>parte</strong></span> <span class='ocrx_word' id='word_1_256' title='bbox 3285 1075 3551 1146; x_wconf 85' lang='lat' dir='ltr'><strong>Rudolpbi</strong></span> <span class='ocrx_word' id='word_1_257' title='bbox 3601 1077 3759 1145; x_wconf 63' lang='grc' dir='ltr'><strong>(ΗΠ</strong></span> 
     </span>
    </p>
   </div>
   <div class='ocr_carea' id='block_1_39' title="bbox 2187 1163 3764 1236">
    <p class='ocr_par' dir='ltr' id='par_1_39' title="bbox 2187 1163 3764 1236">
     <span class='ocr_line' id='line_1_39' title="bbox 2187 1163 3764 1236; baseline 0.003 -21"><span class='ocrx_word' id='word_1_258' title='bbox 2187 1163 2366 1219; x_wconf 77' lang='lat' dir='ltr'><strong>Weeel</strong></span> <span class='ocrx_word' id='word_1_259' title='bbox 2417 1165 2742 1218; x_wconf 83' lang='lat' dir='ltr'><strong>venerabilis</strong></span> <span class='ocrx_word' id='word_1_260' title='bbox 2793 1163 3268 1236; x_wconf 75' lang='lat' dir='ltr'><strong>Magdebnrgensis</strong></span> <span class='ocrx_word' id='word_1_261' title='bbox 3327 1165 3648 1236; x_wconf 83' lang='lat' dir='ltr'><strong>Episcopus,</strong></span> <span class='ocrx_word' id='word_1_262' title='bbox 3698 1175 3764 1221; x_wconf 79' lang='lat' dir='ltr'><strong>et</strong></span> 
     </span>
    </p>
   </div>
   <div class='ocr_carea' id='block_1_40' title="bbox 2187 1245 3763 1325">
    <p class='ocr_par' dir='ltr' id='par_1_40' title="bbox 2187 1245 3763 1325">
     <span class='ocr_line' id='line_1_40' title="bbox 2187 1245 3763 1325; baseline 0.004 -20"><span class='ocrx_word' id='word_1_263' title='bbox 2187 1245 2602 1309; x_wconf 75' lang='lat' dir='ltr'><strong>Wormatiensis</strong></span> <span class='ocrx_word' id='word_1_264' title='bbox 2637 1253 2935 1324; x_wconf 84' lang='lat' dir='ltr'><strong>Episcopus</strong></span> <span class='ocrx_word' id='word_1_265' title='bbox 2972 1254 3141 1323; x_wconf 67' lang='grc'><strong>(124⁸)</strong></span> <span class='ocrx_word' id='word_1_266' title='bbox 3171 1266 3360 1325; x_wconf 83' lang='lat' dir='ltr'><strong>captus</strong></span> <span class='ocrx_word' id='word_1_267' title='bbox 3400 1265 3500 1310; x_wconf 88' lang='lat' dir='ltr'><strong>est.</strong></span> <span class='ocrx_word' id='word_1_268' title='bbox 3536 1254 3763 1311; x_wconf 71' lang='lat' dir='ltr'><strong>Infinita</strong></span> 
     </span>
    </p>
   </div>
   <div class='ocr_carea' id='block_1_41' title="bbox 2185 1342 3760 1414">
    <p class='ocr_par' dir='ltr' id='par_1_41' title="bbox 2185 1342 3760 1414">
     <span class='ocr_line' id='line_1_41' title="bbox 2185 1342 3760 1414; baseline 0.002 -16"><span class='ocrx_word' id='word_1_269' title='bbox 2185 1355 2362 1398; x_wconf 84' lang='lat' dir='ltr'><strong>autem</strong></span> <span class='ocrx_word' id='word_1_270' title='bbox 2387 1344 2674 1398; x_wconf 89' lang='lat' dir='ltr'><strong>multitudo</strong></span> <span class='ocrx_word' id='word_1_271' title='bbox 2701 1342 2972 1413; x_wconf 75' lang='lat' dir='ltr'><strong>utrimque</strong></span> <span class='ocrx_word' id='word_1_272' title='bbox 3016 1346 3290 1408; x_wconf 88' lang='lat' dir='ltr'><strong>occubuit,</strong></span> <span class='ocrx_word' id='word_1_273' title='bbox 3345 1345 3526 1414; x_wconf 89' lang='lat' dir='ltr'><strong>plures</strong></span> <span class='ocrx_word' id='word_1_274' title='bbox 3567 1355 3760 1401; x_wconf 85' lang='lat' dir='ltr'><strong>tamen</strong></span> 
     </span>
    </p>
   </div>
   <div class='ocr_carea' id='block_1_42' title="bbox 2183 1433 3760 1504">
    <p class='ocr_par' dir='ltr' id='par_1_42' title="bbox 2183 1433 3760 1504">
     <span class='ocr_line' id='line_1_42' title="bbox 2183 1433 3760 1504; baseline 0.001 -15"><span class='ocrx_word' id='word_1_275' title='bbox 2183 1445 2236 1489; x_wconf 89' lang='lat' dir='ltr'><strong>et</strong></span> <span class='ocrx_word' id='word_1_276' title='bbox 2257 1434 2662 1490; x_wconf 65' lang='lat' dir='ltr'><strong>excellentior-es</strong></span> <span class='ocrx_word' id='word_1_277' title='bbox 2684 1452 2750 1488; x_wconf 72' lang='lat' dir='ltr'><strong>ex</strong></span> <span class='ocrx_word' id='word_1_278' title='bbox 2789 1445 2940 1504; x_wconf 86' lang='lat' dir='ltr'><strong>parte</strong></span> <span class='ocrx_word' id='word_1_279' title='bbox 2966 1433 3204 1490; x_wconf 89' lang='lat' dir='ltr'><strong>llenrici.</strong></span> <span class='ocrx_word' id='word_1_280' title='bbox 3240 1434 3404 1490; x_wconf 87' lang='lat' dir='ltr'><strong>Facto</strong></span> <span class='ocrx_word' id='word_1_281' title='bbox 3435 1444 3614 1490; x_wconf 85' lang='lat' dir='ltr'><strong>autem</strong></span> <span class='ocrx_word' id='word_1_282' title='bbox 3641 1437 3760 1491; x_wconf 85' lang='lat' dir='ltr'><strong>alio</strong></span> 
     </span>
    </p>
   </div>
   <div class='ocr_carea' id='block_1_43' title="bbox 2183 1524 3763 1597">
    <p class='ocr_par' dir='ltr' id='par_1_43' title="bbox 2183 1524 3763 1597">
     <span class='ocr_line' id='line_1_43' title="bbox 2183 1524 3763 1597; baseline 0.002 -19"><span class='ocrx_word' id='word_1_283' title='bbox 2183 1524 2425 1579; x_wconf 84' lang='lat' dir='ltr'><strong>Concilio</strong></span> <span class='ocrx_word' id='word_1_284' title='bbox 2460 1524 2645 1579; x_wconf 66' lang='lat' dir='ltr'><strong>Roma:</strong></span> <span class='ocrx_word' id='word_1_285' title='bbox 2691 1524 2756 1578; x_wconf 86' lang='lat'><strong>10</strong></span> <span class='ocrx_word' id='word_1_286' title='bbox 2798 1525 3063 1580; x_wconf 80' lang='lat' dir='ltr'><strong>Kalendas</strong></span> <span class='ocrx_word' id='word_1_287' title='bbox 3105 1525 3435 1590; x_wconf 87' lang='lat' dir='ltr'><strong>Decembris,</strong></span> <span class='ocrx_word' id='word_1_288' title='bbox 3465 1525 3763 1597; x_wconf 78' lang='lat' dir='ltr'><strong>utriusque</strong></span> 
     </span>
    </p>
   </div>
   <div class='ocr_carea' id='block_1_44' title="bbox 2186 1614 3760 1686">
    <p class='ocr_par' dir='ltr' id='par_1_44' title="bbox 2186 1614 3760 1686">
     <span class='ocr_line' id='line_1_44' title="bbox 2186 1614 3760 1686; baseline 0.001 -18"><span class='ocrx_word' id='word_1_289' title='bbox 2186 1615 2345 1686; x_wconf 87' lang='lat' dir='ltr'><strong>Regis</strong></span> <span class='ocrx_word' id='word_1_290' title='bbox 2386 1614 2589 1686; x_wconf 85' lang='lat' dir='ltr'><strong>Legati,</strong></span> <span class='ocrx_word' id='word_1_291' title='bbox 2637 1617 2759 1670; x_wconf 90' lang='lat' dir='ltr'><strong>licet</strong></span> <span class='ocrx_word' id='word_1_292' title='bbox 2794 1632 2900 1669; x_wconf 90' lang='lat' dir='ltr'><strong>non</strong></span> <span class='ocrx_word' id='word_1_293' title='bbox 2929 1616 3116 1670; x_wconf 79' lang='lat' dir='ltr'><strong>eadem</strong></span> <span class='ocrx_word' id='word_1_294' title='bbox 3152 1618 3392 1682; x_wconf 82' lang='lat' dir='ltr'><strong>veritate,</strong></span> <span class='ocrx_word' id='word_1_295' title='bbox 3431 1616 3485 1670; x_wconf 89' lang='lat' dir='ltr'><strong>in</strong></span> <span class='ocrx_word' id='word_1_296' title='bbox 3529 1615 3760 1686; x_wconf 70' lang='lat' dir='ltr'><strong>Synodo</strong></span> 
     </span>
    </p>
   </div>
   <div class='ocr_carea' id='block_1_45' title="bbox 2179 1700 3762 1775">
    <p class='ocr_par' dir='ltr' id='par_1_45' title="bbox 2179 1700 3762 1775">
     <span class='ocr_line' id='line_1_45' title="bbox 2179 1700 3762 1775; baseline -0.001 -15"><span class='ocrx_word' id='word_1_297' title='bbox 2179 1709 2431 1774; x_wconf 82' lang='lat' dir='ltr'><strong>juraverc</strong></span> <span class='ocrx_word' id='word_1_298' title='bbox 2505 1705 2649 1775; x_wconf 90' lang='lat' dir='ltr'><strong>quod</strong></span> <span class='ocrx_word' id='word_1_299' title='bbox 2698 1700 2930 1758; x_wconf 63' lang='lat' dir='ltr'><strong>&#39;Domini</strong></span> <span class='ocrx_word' id='word_1_300' title='bbox 3003 1721 3190 1760; x_wconf 85' lang='lat' dir='ltr'><strong>eorum</strong></span> <span class='ocrx_word' id='word_1_301' title='bbox 3253 1720 3361 1759; x_wconf 88' lang='lat' dir='ltr'><strong>non</strong></span> <span class='ocrx_word' id='word_1_302' title='bbox 3428 1706 3762 1775; x_wconf 81' lang='lat' dir='ltr'><strong>impedirent</strong></span> 
     </span>
    </p>
   </div>
   <div class='ocr_carea' id='block_1_46' title="bbox 2183 1794 3759 1865">
    <p class='ocr_par' dir='ltr' id='par_1_46' title="bbox 2183 1794 3759 1865">
     <span class='ocr_line' id='line_1_46' title="bbox 2183 1794 3759 1865; baseline -0.001 -15"><span class='ocrx_word' id='word_1_303' title='bbox 2183 1796 2512 1865; x_wconf 89' lang='lat' dir='ltr'><strong>colloquium</strong></span> <span class='ocrx_word' id='word_1_304' title='bbox 2559 1809 2656 1863; x_wconf 92' lang='lat' dir='ltr'><strong>pro</strong></span> <span class='ocrx_word' id='word_1_305' title='bbox 2691 1810 2855 1849; x_wconf 86' lang='lat' dir='ltr'><strong>causa</strong></span> <span class='ocrx_word' id='word_1_306' title='bbox 2892 1794 3060 1864; x_wconf 90' lang='lat' dir='ltr'><strong>Regni</strong></span> <span class='ocrx_word' id='word_1_307' title='bbox 3105 1794 3469 1850; x_wconf 85' lang='lat' dir='ltr'><strong>statuendum.</strong></span> <span class='ocrx_word' id='word_1_308' title='bbox 3519 1794 3673 1850; x_wconf 85' lang='lat' dir='ltr'><strong>L&#39;nde</strong></span> <span class='ocrx_word' id='word_1_309' title='bbox 3698 1805 3759 1850; x_wconf 87' lang='lat' dir='ltr'><strong>et</strong></span> 
     </span>
    </p>
   </div>
   <div class='ocr_carea' id='block_1_47' title="bbox 2183 1884 3760 1957">
    <p class='ocr_par' dir='ltr' id='par_1_47' title="bbox 2183 1884 3760 1957">
     <span class='ocr_line' id='line_1_47' title="bbox 2183 1884 3760 1957; baseline 0.001 -19"><span class='ocrx_word' id='word_1_310' title='bbox 2183 1886 2324 1956; x_wconf 85' lang='lat' dir='ltr'><strong>Papa</strong></span> <span class='ocrx_word' id='word_1_311' title='bbox 2348 1900 2409 1940; x_wconf 87' lang='lat' dir='ltr'><strong>ea</strong></span> <span class='ocrx_word' id='word_1_312' title='bbox 2431 1885 2546 1938; x_wconf 85' lang='lat' dir='ltr'><strong>vice</strong></span> <span class='ocrx_word' id='word_1_313' title='bbox 2580 1884 2717 1938; x_wconf 89' lang='lat' dir='ltr'><strong>inter</strong></span> <span class='ocrx_word' id='word_1_314' title='bbox 2745 1899 2840 1939; x_wconf 87' lang='lat' dir='ltr'><strong>eos</strong></span> <span class='ocrx_word' id='word_1_315' title='bbox 2856 1885 3100 1954; x_wconf 83' lang='lat' dir='ltr'><strong>judicare</strong></span> <span class='ocrx_word' id='word_1_316' title='bbox 3136 1901 3242 1940; x_wconf 88' lang='lat' dir='ltr'><strong>non</strong></span> <span class='ocrx_word' id='word_1_317' title='bbox 3275 1885 3469 1956; x_wconf 85' lang='lat' dir='ltr'><strong>potuit,</strong></span> <span class='ocrx_word' id='word_1_318' title='bbox 3496 1887 3760 1957; x_wconf 82' lang='lat' dir='ltr'><strong>quamvis</strong></span> 
     </span>
    </p>
   </div>
   <div class='ocr_carea' id='block_1_48' title="bbox 2181 1974 3758 2046">
    <p class='ocr_par' dir='ltr' id='par_1_48' title="bbox 2181 1974 3758 2046">
     <span class='ocr_line' id='line_1_48' title="bbox 2181 1974 3758 2046; baseline -0.001 -16"><span class='ocrx_word' id='word_1_319' title='bbox 2181 1978 2315 2030; x_wconf 84' lang='lat' dir='ltr'><strong>bene</strong></span> <span class='ocrx_word' id='word_1_320' title='bbox 2384 1975 2546 2030; x_wconf 86' lang='lat' dir='ltr'><strong>sciret</strong></span> <span class='ocrx_word' id='word_1_321' title='bbox 2600 1975 2687 2031; x_wconf 91' lang='lat' dir='ltr'><strong>cui</strong></span> <span class='ocrx_word' id='word_1_322' title='bbox 2743 1977 2880 2046; x_wconf 89' lang='lat' dir='ltr'><strong>parti</strong></span> <span class='ocrx_word' id='word_1_323' title='bbox 2932 1977 3104 2046; x_wconf 88' lang='lat' dir='ltr'><strong>magis</strong></span> <span class='ocrx_word' id='word_1_324' title='bbox 3150 1975 3358 2044; x_wconf 88' lang='lat' dir='ltr'><strong>justitia</strong></span> <span class='ocrx_word' id='word_1_325' title='bbox 3408 1974 3631 2030; x_wconf 84' lang='lat' dir='ltr'><strong>faveret.</strong></span> <span class='ocrx_word' id='word_1_326' title='bbox 3691 1975 3758 2030; x_wconf 83' lang='lat' dir='ltr'><strong>In</strong></span> 
     </span>
    </p>
   </div>
   <div class='ocr_carea' id='block_1_49' title="bbox 2183 2065 3761 2138">
    <p class='ocr_par' dir='ltr' id='par_1_49' title="bbox 2183 2065 3761 2138">
     <span class='ocr_line' id='line_1_49' title="bbox 2183 2065 3761 2138; baseline 0.001 -19"><span class='ocrx_word' id='word_1_327' title='bbox 2183 2067 2398 2138; x_wconf 71' lang='lat' dir='ltr'><strong>Synodo</strong></span> <span class='ocrx_word' id='word_1_328' title='bbox 2433 2067 2530 2120; x_wconf 91' lang='lat' dir='ltr'><strong>ista</strong></span> <span class='ocrx_word' id='word_1_329' title='bbox 2568 2065 2923 2136; x_wconf 82' lang='lat' dir='ltr'><strong>Berengarius</strong></span> <span class='ocrx_word' id='word_1_330' title='bbox 2962 2065 3364 2134; x_wconf 79' lang='lat' dir='ltr'><strong>Andegavensis</strong></span> <span class='ocrx_word' id='word_1_331' title='bbox 3414 2065 3761 2131; x_wconf 79' lang='lat' dir='ltr'><strong>Canonicns.</strong></span> 
     </span>
    </p>
   </div>
   <div class='ocr_carea' id='block_1_50' title="bbox 2184 2157 3763 2228">
    <p class='ocr_par' dir='ltr' id='par_1_50' title="bbox 2184 2157 3763 2228">
     <span class='ocr_line' id='line_1_50' title="bbox 2184 2157 3763 2228; baseline 0.003 -20"><span class='ocrx_word' id='word_1_332' title='bbox 2184 2166 2239 2210; x_wconf 93' lang='lat' dir='ltr'><strong>ut</strong></span> <span class='ocrx_word' id='word_1_333' title='bbox 2274 2157 2354 2228; x_wconf 22' lang='lat' dir='ltr'><strong>ab.</strong></span> <span class='ocrx_word' id='word_1_334' title='bbox 2377 2157 2564 2210; x_wconf 80' lang='lat' dir='ltr'><strong>Ineresi</strong></span> <span class='ocrx_word' id='word_1_335' title='bbox 2596 2171 2692 2208; x_wconf 87' lang='lat' dir='ltr'><strong>sua</strong></span> <span class='ocrx_word' id='word_1_336' title='bbox 2730 2157 3088 2224; x_wconf 88' lang='lat' dir='ltr'><strong>resipisceret,</strong></span> <span class='ocrx_word' id='word_1_337' title='bbox 3113 2157 3459 2225; x_wconf 79' lang='lat' dir='ltr'><strong>synodaliter,</strong></span> <span class='ocrx_word' id='word_1_338' title='bbox 3490 2159 3763 2213; x_wconf 83' lang='lat' dir='ltr'><strong>conveni-</strong></span> 
     </span>
    </p>
   </div>
   <div class='ocr_carea' id='block_1_51' title="bbox 2181 2245 3760 2317">
    <p class='ocr_par' dir='ltr' id='par_1_51' title="bbox 2181 2245 3760 2317">
     <span class='ocr_line' id='line_1_51' title="bbox 2181 2245 3760 2317; baseline 0.001 -17"><span class='ocrx_word' id='word_1_339' title='bbox 2181 2257 2288 2310; x_wconf 89' lang='lat' dir='ltr'><strong>tur,</strong></span> <span class='ocrx_word' id='word_1_340' title='bbox 2315 2246 2471 2316; x_wconf 84' lang='lat' dir='ltr'><strong>eique</strong></span> <span class='ocrx_word' id='word_1_341' title='bbox 2498 2245 2726 2299; x_wconf 58' lang='lat' dir='ltr'><strong>induciaa</strong></span> <span class='ocrx_word' id='word_1_342' title='bbox 2749 2261 2919 2315; x_wconf 90' lang='lat' dir='ltr'><strong>usque</strong></span> <span class='ocrx_word' id='word_1_343' title='bbox 2938 2246 3003 2300; x_wconf 91' lang='lat' dir='ltr'><strong>ad</strong></span> <span class='ocrx_word' id='word_1_344' title='bbox 3029 2245 3273 2315; x_wconf 77' lang='lat' dir='ltr'><strong>proxime</strong></span> <span class='ocrx_word' id='word_1_345' title='bbox 3303 2245 3538 2301; x_wconf 87' lang='lat' dir='ltr'><strong>futuram</strong></span> <span class='ocrx_word' id='word_1_346' title='bbox 3566 2247 3760 2317; x_wconf 76' lang='lat' dir='ltr'><strong>Syno-</strong></span> 
     </span>
    </p>
   </div>
   <div class='ocr_carea' id='block_1_52' title="bbox 2179 2337 2530 2391">
    <p class='ocr_par' dir='ltr' id='par_1_52' title="bbox 2179 2337 2530 2391">
     <span class='ocr_line' id='line_1_52' title="bbox 2179 2337 2530 2391; baseline -0.009 0"><span class='ocrx_word' id='word_1_347' title='bbox 2179 2337 2307 2391; x_wconf 90' lang='lat' dir='ltr'><strong>dum</strong></span> <span class='ocrx_word' id='word_1_348' title='bbox 2331 2337 2530 2390; x_wconf 85' lang='lat' dir='ltr'><strong>dantur</strong></span> 
     </span>
    </p>
   </div>
   <div class='ocr_carea' id='block_1_53' title="bbox 2251 2423 3762 2499">
    <p class='ocr_par' dir='ltr' id='par_1_53' title="bbox 2251 2423 3762 2499">
     <span class='ocr_line' id='line_1_53' title="bbox 2251 2423 3762 2499; baseline 0.003 -20"><span class='ocrx_word' id='word_1_349' title='bbox 2251 2426 2334 2479; x_wconf 84' lang='lat'><strong>11.</strong></span> <span class='ocrx_word' id='word_1_350' title='bbox 2376 2424 2533 2478; x_wconf 74' lang='lat' dir='ltr'><strong>Anno</strong></span> <span class='ocrx_word' id='word_1_351' title='bbox 2566 2423 2720 2478; x_wconf 80' lang='lat'><strong>1070.</strong></span> <span class='ocrx_word' id='word_1_352' title='bbox 2758 2424 3048 2496; x_wconf 73' lang='lat' dir='ltr'><strong>Gregorius</strong></span> <span class='ocrx_word' id='word_1_353' title='bbox 3068 2425 3211 2496; x_wconf 85' lang='lat' dir='ltr'><strong>Papa</strong></span> <span class='ocrx_word' id='word_1_354' title='bbox 3252 2426 3526 2499; x_wconf 81' lang='lat' dir='ltr'><strong>Synodum</strong></span> <span class='ocrx_word' id='word_1_355' title='bbox 3559 2427 3762 2484; x_wconf 62' lang='lat' dir='ltr'><strong>Roma!</strong></span> 
     </span>
    </p>
   </div>
   <div class='ocr_carea' id='block_1_54' title="bbox 2180 2514 3762 2590">
    <p class='ocr_par' dir='ltr' id='par_1_54' title="bbox 2180 2514 3762 2590">
     <span class='ocr_line' id='line_1_54' title="bbox 2180 2514 3762 2590; baseline 0.001 -20"><span class='ocrx_word' id='word_1_356' title='bbox 2180 2529 2364 2572; x_wconf 90' lang='lat' dir='ltr'><strong>mense</strong></span> <span class='ocrx_word' id='word_1_357' title='bbox 2387 2514 2682 2570; x_wconf 81' lang='lat' dir='ltr'><strong>Februario</strong></span> <span class='ocrx_word' id='word_1_358' title='bbox 2704 2515 2918 2586; x_wconf 78' lang='lat' dir='ltr'><strong>collegit</strong></span> <span class='ocrx_word' id='word_1_359' title='bbox 2947 2534 2958 2568; x_wconf 95' lang='lat'>:</span> <span class='ocrx_word' id='word_1_360' title='bbox 2999 2517 3051 2570; x_wconf 92' lang='lat' dir='ltr'><strong>in</strong></span> <span class='ocrx_word' id='word_1_361' title='bbox 3082 2531 3190 2586; x_wconf 91' lang='lat' dir='ltr'><strong>qua</strong></span> <span class='ocrx_word' id='word_1_362' title='bbox 3227 2517 3604 2590; x_wconf 85' lang='lat' dir='ltr'><strong>Berengarius,</strong></span> <span class='ocrx_word' id='word_1_363' title='bbox 3629 2520 3762 2588; x_wconf 85' lang='lat' dir='ltr'><strong>jam</strong></span> 
     </span>
    </p>
   </div>
   <div class='ocr_carea' id='block_1_55' title="bbox 2178 2606 3762 2677">
    <p class='ocr_par' dir='ltr' id='par_1_55' title="bbox 2178 2606 3762 2677">
     <span class='ocr_line' id='line_1_55' title="bbox 2178 2606 3762 2677; baseline 0.003 -17"><span class='ocrx_word' id='word_1_364' title='bbox 2178 2607 2336 2660; x_wconf 87' lang='lat' dir='ltr'><strong>tertio</strong></span> <span class='ocrx_word' id='word_1_365' title='bbox 2365 2607 2664 2670; x_wconf 90' lang='lat' dir='ltr'><strong>convictus,</strong></span> <span class='ocrx_word' id='word_1_366' title='bbox 2719 2606 2964 2660; x_wconf 76' lang='lat' dir='ltr'><strong>hzeresim</strong></span> <span class='ocrx_word' id='word_1_367' title='bbox 3007 2623 3160 2662; x_wconf 90' lang='lat' dir='ltr'><strong>suam</strong></span> <span class='ocrx_word' id='word_1_368' title='bbox 3202 2607 3470 2677; x_wconf 82' lang='lat' dir='ltr'><strong>abjuravit</strong></span> <span class='ocrx_word' id='word_1_369' title='bbox 3513 2617 3568 2662; x_wconf 90' lang='lat' dir='ltr'><strong>et</strong></span> <span class='ocrx_word' id='word_1_370' title='bbox 3607 2623 3762 2664; x_wconf 50' lang='lat' dir='ltr'><strong>ana-</strong></span> 
     </span>
    </p>
   </div>
   <div class='ocr_carea' id='block_1_56' title="bbox 2179 2695 3761 2770">
    <p class='ocr_par' dir='ltr' id='par_1_56' title="bbox 2179 2695 3761 2770">
     <span class='ocr_line' id='line_1_56' title="bbox 2179 2695 3761 2770; baseline 0.004 -23"><span class='ocrx_word' id='word_1_371' title='bbox 2179 2696 2559 2750; x_wconf 83' lang='lat' dir='ltr'><strong>thematizavit.</strong></span> <span class='ocrx_word' id='word_1_372' title='bbox 2594 2695 2651 2749; x_wconf 83' lang='lat' dir='ltr'><strong>In</strong></span> <span class='ocrx_word' id='word_1_373' title='bbox 2671 2696 2858 2750; x_wconf 85' lang='lat' dir='ltr'><strong>eadem</strong></span> <span class='ocrx_word' id='word_1_374' title='bbox 2898 2695 3115 2768; x_wconf 80' lang='lat' dir='ltr'><strong>Synodo</strong></span> <span class='ocrx_word' id='word_1_375' title='bbox 3143 2697 3406 2754; x_wconf 86' lang='lat' dir='ltr'><strong>Henricus</strong></span> <span class='ocrx_word' id='word_1_376' title='bbox 3433 2700 3761 2770; x_wconf 57' lang='lat' dir='ltr'><strong>Aquileienc</strong></span> 
     </span>
    </p>
   </div>
   <div class='ocr_carea' id='block_1_57' title="bbox 2179 2784 3762 2860">
    <p class='ocr_par' dir='ltr' id='par_1_57' title="bbox 2179 2784 3762 2860">
     <span class='ocr_line' id='line_1_57' title="bbox 2179 2784 3762 2860; baseline 0.002 -20"><span class='ocrx_word' id='word_1_377' title='bbox 2179 2785 2256 2840; x_wconf 92' lang='lat' dir='ltr'><strong>sis</strong></span> <span class='ocrx_word' id='word_1_378' title='bbox 2279 2784 2592 2840; x_wconf 72' lang='lat' dir='ltr'><strong>Patriarcha</strong></span> <span class='ocrx_word' id='word_1_379' title='bbox 2629 2785 3004 2857; x_wconf 70' lang='lat' dir='ltr'><strong>Papazjuravit</strong></span> <span class='ocrx_word' id='word_1_380' title='bbox 3039 2789 3170 2842; x_wconf 89' lang='lat' dir='ltr'><strong>nulli</strong></span> <span class='ocrx_word' id='word_1_381' title='bbox 3208 2805 3268 2844; x_wconf 86' lang='lat' dir='ltr'><strong>se</strong></span> <span class='ocrx_word' id='word_1_382' title='bbox 3312 2790 3565 2860; x_wconf 86' lang='lat' dir='ltr'><strong>deinceps</strong></span> <span class='ocrx_word' id='word_1_383' title='bbox 3588 2805 3762 2845; x_wconf 77' lang='lat' dir='ltr'><strong>con;-</strong></span> 
     </span>
    </p>
   </div>
   <div class='ocr_carea' id='block_1_58' title="bbox 2180 2877 3758 2949">
    <p class='ocr_par' dir='ltr' id='par_1_58' title="bbox 2180 2877 3758 2949">
     <span class='ocr_line' id='line_1_58' title="bbox 2180 2877 3758 2949; baseline 0.004 -20"><span class='ocrx_word' id='word_1_384' title='bbox 2180 2878 2582 2931; x_wconf 77' lang='lat' dir='ltr'><strong>municaturum</strong></span> <span class='ocrx_word' id='word_1_385' title='bbox 2635 2893 2795 2947; x_wconf 89' lang='lat' dir='ltr'><strong>quem</strong></span> <span class='ocrx_word' id='word_1_386' title='bbox 2838 2879 3000 2932; x_wconf 87' lang='lat' dir='ltr'><strong>sciret</strong></span> <span class='ocrx_word' id='word_1_387' title='bbox 3041 2894 3071 2932; x_wconf 91' lang='lat' dir='ltr'><strong>a</strong></span> <span class='ocrx_word' id='word_1_388' title='bbox 3119 2877 3262 2949; x_wconf 88' lang='lat' dir='ltr'><strong>Papa</strong></span> <span class='ocrx_word' id='word_1_389' title='bbox 3305 2881 3758 2936; x_wconf 77' lang='lat' dir='ltr'><strong>excommunica-</strong></span> 
     </span>
    </p>
   </div>
   <div class='ocr_carea' id='block_1_59' title="bbox 2180 2966 3756 3041">
    <p class='ocr_par' dir='ltr' id='par_1_59' title="bbox 2180 2966 3756 3041">
     <span class='ocr_line' id='line_1_59' title="bbox 2180 2966 3756 3041; baseline 0.004 -23"><span class='ocrx_word' id='word_1_390' title='bbox 2180 2973 2316 3020; x_wconf 89' lang='lat' dir='ltr'><strong>tum.</strong></span> <span class='ocrx_word' id='word_1_391' title='bbox 2348 2966 2405 3020; x_wconf 90' lang='lat' dir='ltr'><strong>In</strong></span> <span class='ocrx_word' id='word_1_392' title='bbox 2432 2968 2532 3020; x_wconf 89' lang='lat' dir='ltr'><strong>hac</strong></span> <span class='ocrx_word' id='word_1_393' title='bbox 2569 2966 2787 3037; x_wconf 78' lang='lat' dir='ltr'><strong>Synodo</strong></span> <span class='ocrx_word' id='word_1_394' title='bbox 2824 2967 2966 3038; x_wconf 89' lang='lat' dir='ltr'><strong>Papa</strong></span> <span class='ocrx_word' id='word_1_395' title='bbox 3003 2968 3372 3040; x_wconf 84' lang='lat' dir='ltr'><strong>Presbyteros,</strong></span> <span class='ocrx_word' id='word_1_396' title='bbox 3407 2970 3659 3041; x_wconf 73' lang='lat' dir='ltr'><strong>deinceps</strong></span> <span class='ocrx_word' id='word_1_397' title='bbox 3695 2973 3756 3025; x_wconf 81' lang='lat' dir='ltr'><strong>in</strong></span> 
     </span>
    </p>
   </div>
   <div class='ocr_carea' id='block_1_60' title="bbox 2179 3055 3759 3131">
    <p class='ocr_par' dir='ltr' id='par_1_60' title="bbox 2179 3055 3759 3131">
     <span class='ocr_line' id='line_1_60' title="bbox 2179 3055 3759 3131; baseline 0.004 -22"><span class='ocrx_word' id='word_1_398' title='bbox 2179 3055 2588 3113; x_wconf 81' lang='lat' dir='ltr'><strong>fornicationem</strong></span> <span class='ocrx_word' id='word_1_399' title='bbox 2641 3059 2853 3127; x_wconf 89' lang='lat' dir='ltr'><strong>lapsos,</strong></span> <span class='ocrx_word' id='word_1_400' title='bbox 2910 3060 3112 3130; x_wconf 87' lang='lat' dir='ltr'><strong>absque</strong></span> <span class='ocrx_word' id='word_1_401' title='bbox 3169 3076 3264 3129; x_wconf 88' lang='lat' dir='ltr'><strong>spe</strong></span> <span class='ocrx_word' id='word_1_402' title='bbox 3320 3062 3759 3131; x_wconf 82' lang='lat' dir='ltr'><strong>recnperationis</strong></span> 
     </span>
    </p>
   </div>
   <div class='ocr_carea' id='block_1_61' title="bbox 515 3147 3756 3229">
    <p class='ocr_par' dir='ltr' id='par_1_61' title="bbox 515 3147 3756 3229">
     <span class='ocr_line' id='line_1_61' title="bbox 515 3147 3756 3229; baseline -0.001 -20"><span class='ocrx_word' id='word_1_403' title='bbox 515 3157 715 3216; x_wconf 80' lang='lat' dir='ltr'><strong>dirent,</strong></span> <span class='ocrx_word' id='word_1_404' title='bbox 755 3153 862 3229; x_wconf 70' lang='lat' dir='ltr'><strong>sed</strong></span> <span class='ocrx_word' id='word_1_405' title='bbox 886 3153 1122 3207; x_wconf 90' lang='lat' dir='ltr'><strong>debitum</strong></span> <span class='ocrx_word' id='word_1_406' title='bbox 1147 3150 1431 3204; x_wconf 84' lang='lat' dir='ltr'><strong>consilium</strong></span> <span class='ocrx_word' id='word_1_407' title='bbox 1467 3160 1520 3203; x_wconf 93' lang='lat' dir='ltr'><strong>et</strong></span> <span class='ocrx_word' id='word_1_408' title='bbox 1561 3147 1822 3202; x_wconf 72' lang='lat' dir='ltr'><strong>auxilium</strong></span> <span class='ocrx_word' id='word_1_409' title='bbox 1865 3147 1932 3200; x_wconf 87' lang='lat' dir='ltr'><strong>ad</strong></span> <span class='ocrx_word' id='word_1_410' title='bbox 1974 3147 2076 3201; x_wconf 87' lang='lat' dir='ltr'><strong>hoc</strong></span> <span class='ocrx_word' id='word_1_411' title='bbox 2104 3153 2145 3210; x_wconf 88' lang='lat' dir='ltr'><strong><em>C</em></strong></span> <span class='ocrx_word' id='word_1_412' title='bbox 2176 3149 2464 3218; x_wconf 89' lang='lat' dir='ltr'><strong>deposuit.</strong></span> <span class='ocrx_word' id='word_1_413' title='bbox 2493 3191 2504 3204; x_wconf 96' lang='lat'><strong>.</strong></span> <span class='ocrx_word' id='word_1_414' title='bbox 2534 3191 2546 3203; x_wconf 96' lang='lat'><strong>.</strong></span> <span class='ocrx_word' id='word_1_415' title='bbox 2576 3190 2589 3203; x_wconf 94' lang='lat'><strong>.</strong></span> <span class='ocrx_word' id='word_1_416' title='bbox 2617 3149 2801 3218; x_wconf 84' lang='lat' dir='ltr'><strong>Legati</strong></span> <span class='ocrx_word' id='word_1_417' title='bbox 2850 3150 3007 3220; x_wconf 85' lang='lat' dir='ltr'><strong>Regis</strong></span> <span class='ocrx_word' id='word_1_418' title='bbox 3038 3149 3306 3220; x_wconf 88' lang='lat' dir='ltr'><strong>Rudolpbi</strong></span> <span class='ocrx_word' id='word_1_419' title='bbox 3347 3165 3509 3219; x_wconf 83' lang='lat' dir='ltr'><strong>super</strong></span> <span class='ocrx_word' id='word_1_420' title='bbox 3545 3150 3756 3206; x_wconf 78' lang='lat' dir='ltr'><strong>Henri-</strong></span> 
     </span>
    </p>
   </div>
   <div class='ocr_carea' id='block_1_62' title="bbox 516 3237 2073 3311">
    <p class='ocr_par' dir='ltr' id='par_1_62' title="bbox 516 3237 2073 3311">
     <span class='ocr_line' id='line_1_62' title="bbox 516 3237 2073 3311; baseline -0.004 -14"><span class='ocrx_word' id='word_1_421' title='bbox 516 3247 615 3298; x_wconf 87' lang='lat' dir='ltr'><strong>iter</strong></span> <span class='ocrx_word' id='word_1_422' title='bbox 645 3243 691 3297; x_wconf 87' lang='lat' dir='ltr'><strong>ei</strong></span> <span class='ocrx_word' id='word_1_423' title='bbox 714 3243 1030 3311; x_wconf 77' lang='lat' dir='ltr'><strong>praeberent.</strong></span> <span class='ocrx_word' id='word_1_424' title='bbox 1058 3239 1271 3310; x_wconf 79' lang='lat' dir='ltr'><strong>Legatis</strong></span> <span class='ocrx_word' id='word_1_425' title='bbox 1296 3249 1473 3294; x_wconf 90' lang='lat' dir='ltr'><strong>autem</strong></span> <span class='ocrx_word' id='word_1_426' title='bbox 1505 3239 1639 3301; x_wconf 83' lang='lat' dir='ltr'><strong>suis,</strong></span> <span class='ocrx_word' id='word_1_427' title='bbox 1677 3237 1770 3308; x_wconf 93' lang='lat' dir='ltr'><strong>qui</strong></span> <span class='ocrx_word' id='word_1_428' title='bbox 1803 3237 1981 3291; x_wconf 83' lang='lat' dir='ltr'><strong>adhuc</strong></span> <span class='ocrx_word' id='word_1_429' title='bbox 2021 3237 2073 3290; x_wconf 91' lang='lat' dir='ltr'><strong>in</strong></span> 
     </span>
    </p>
   </div>
   <div class='ocr_carea' id='block_1_63' title="bbox 516 3328 2072 3400">
    <p class='ocr_par' dir='ltr' id='par_1_63' title="bbox 516 3328 2072 3400">
     <span class='ocr_line' id='line_1_63' title="bbox 516 3328 2072 3400; baseline -0.003 -15"><span class='ocrx_word' id='word_1_430' title='bbox 516 3331 826 3386; x_wconf 83' lang='lat' dir='ltr'><strong>Teutonicis</strong></span> <span class='ocrx_word' id='word_1_431' title='bbox 872 3331 1112 3400; x_wconf 89' lang='lat' dir='ltr'><strong>partibus</strong></span> <span class='ocrx_word' id='word_1_432' title='bbox 1159 3330 1529 3392; x_wconf 88' lang='lat' dir='ltr'><strong>morabantur,</strong></span> <span class='ocrx_word' id='word_1_433' title='bbox 1582 3328 1854 3397; x_wconf 67' lang='lat' dir='ltr'><strong>prtecepit,</strong></span> <span class='ocrx_word' id='word_1_434' title='bbox 1907 3336 1967 3380; x_wconf 92' lang='lat' dir='ltr'><strong>ut</strong></span> <span class='ocrx_word' id='word_1_435' title='bbox 2009 3343 2072 3381; x_wconf 77' lang='lat' dir='ltr'><strong>ex</strong></span> 
     </span>
    </p>
   </div>
   <div class='ocr_carea' id='block_1_64' title="bbox 513 3418 2073 3492">
    <p class='ocr_par' dir='ltr' id='par_1_64' title="bbox 513 3418 2073 3492">
     <span class='ocr_line' id='line_1_64' title="bbox 513 3418 2073 3492; baseline 0 -20"><span class='ocrx_word' id='word_1_436' title='bbox 513 3423 724 3476; x_wconf 79' lang='lat' dir='ltr'><strong>duobus</strong></span> <span class='ocrx_word' id='word_1_437' title='bbox 757 3420 987 3492; x_wconf 76' lang='lat' dir='ltr'><strong>Regibus</strong></span> <span class='ocrx_word' id='word_1_438' title='bbox 1029 3422 1177 3474; x_wconf 85' lang='lat' dir='ltr'><strong>illum</strong></span> <span class='ocrx_word' id='word_1_439' title='bbox 1214 3420 1764 3488; x_wconf 75' lang='lat' dir='ltr'><strong>excommunicarent,</strong></span> <span class='ocrx_word' id='word_1_440' title='bbox 1807 3418 1900 3486; x_wconf 88' lang='lat' dir='ltr'><strong>qui</strong></span> <span class='ocrx_word' id='word_1_441' title='bbox 1935 3433 2073 3487; x_wconf 68' lang='lat' dir='ltr'><strong>prae-</strong></span> 
     </span>
    </p>
   </div>
   <div class='ocr_carea' id='block_1_65' title="bbox 515 3510 2075 3580">
    <p class='ocr_par' dir='ltr' id='par_1_65' title="bbox 515 3510 2075 3580">
     <span class='ocr_line' id='line_1_65' title="bbox 515 3510 2075 3580; baseline -0.001 -17"><span class='ocrx_word' id='word_1_442' title='bbox 515 3514 668 3566; x_wconf 64' lang='lat' dir='ltr'><strong>dictae</strong></span> <span class='ocrx_word' id='word_1_443' title='bbox 708 3512 954 3580; x_wconf 68' lang='lat' dir='ltr'><strong>legationi</strong></span> <span class='ocrx_word' id='word_1_444' title='bbox 998 3526 1102 3564; x_wconf 90' lang='lat' dir='ltr'><strong>non</strong></span> <span class='ocrx_word' id='word_1_445' title='bbox 1146 3510 1418 3574; x_wconf 77' lang='lat' dir='ltr'><strong>obediret;</strong></span> <span class='ocrx_word' id='word_1_446' title='bbox 1455 3510 1790 3563; x_wconf 81' lang='lat' dir='ltr'><strong>obedientem</strong></span> <span class='ocrx_word' id='word_1_447' title='bbox 1838 3522 1968 3561; x_wconf 89' lang='lat' dir='ltr'><strong>vero</strong></span> <span class='ocrx_word' id='word_1_448' title='bbox 2008 3523 2075 3561; x_wconf 79' lang='lat' dir='ltr'><strong>ex</strong></span> 
     </span>
    </p>
   </div>
   <div class='ocr_carea' id='block_1_66' title="bbox 516 3599 2072 3671">
    <p class='ocr_par' dir='ltr' id='par_1_66' title="bbox 516 3599 2072 3671">
     <span class='ocr_line' id='line_1_66' title="bbox 516 3599 2072 3671; baseline -0.002 -16"><span class='ocrx_word' id='word_1_449' title='bbox 516 3611 664 3671; x_wconf 82' lang='lat' dir='ltr'><strong>parte</strong></span> <span class='ocrx_word' id='word_1_450' title='bbox 695 3600 751 3653; x_wconf 86' lang='lat' dir='ltr'><strong>S.</strong></span> <span class='ocrx_word' id='word_1_451' title='bbox 782 3600 921 3654; x_wconf 83' lang='lat' dir='ltr'><strong>Petri</strong></span> <span class='ocrx_word' id='word_1_452' title='bbox 954 3602 1006 3652; x_wconf 87' lang='lat' dir='ltr'><strong>in</strong></span> <span class='ocrx_word' id='word_1_453' title='bbox 1046 3599 1228 3668; x_wconf 72' lang='lat' dir='ltr'><strong>Regno</strong></span> <span class='ocrx_word' id='word_1_454' title='bbox 1253 3600 1634 3652; x_wconf 77' lang='lat' dir='ltr'><strong>confirmarent</strong></span> <span class='ocrx_word' id='word_1_455' title='bbox 1660 3617 1672 3650; x_wconf 87' lang='lat'>:</span> <span class='ocrx_word' id='word_1_456' title='bbox 1711 3599 1856 3666; x_wconf 88' lang='lat' dir='ltr'><strong>quod</strong></span> <span class='ocrx_word' id='word_1_457' title='bbox 1888 3607 1942 3651; x_wconf 92' lang='lat' dir='ltr'><strong>et</strong></span> <span class='ocrx_word' id='word_1_458' title='bbox 1967 3614 2072 3652; x_wconf 91' lang='lat' dir='ltr'><strong>non</strong></span> 
     </span>
    </p>
   </div>
   <div class='ocr_carea' id='block_1_67' title="bbox 518 3687 2076 3762">
    <p class='ocr_par' dir='ltr' id='par_1_67' title="bbox 518 3687 2076 3762">
     <span class='ocr_line' id='line_1_67' title="bbox 518 3687 2076 3762; baseline 0 -18"><span class='ocrx_word' id='word_1_459' title='bbox 518 3692 682 3745; x_wconf 88' lang='lat' dir='ltr'><strong>multo</strong></span> <span class='ocrx_word' id='word_1_460' title='bbox 715 3700 835 3760; x_wconf 87' lang='lat' dir='ltr'><strong>post</strong></span> <span class='ocrx_word' id='word_1_461' title='bbox 863 3690 1058 3744; x_wconf 76' lang='lat' dir='ltr'><strong>factum</strong></span> <span class='ocrx_word' id='word_1_462' title='bbox 1104 3699 1206 3753; x_wconf 85' lang='lat' dir='ltr'><strong>est,</strong></span> <span class='ocrx_word' id='word_1_463' title='bbox 1257 3687 1461 3762; x_wconf 77' lang='lat' dir='ltr'><strong>scilicet</strong></span> <span class='ocrx_word' id='word_1_464' title='bbox 1491 3687 1543 3741; x_wconf 90' lang='lat' dir='ltr'><strong>in</strong></span> <span class='ocrx_word' id='word_1_465' title='bbox 1571 3688 1655 3742; x_wconf 88' lang='lat' dir='ltr'><strong>die</strong></span> <span class='ocrx_word' id='word_1_466' title='bbox 1681 3690 1925 3758; x_wconf 87' lang='lat' dir='ltr'><strong>sequenti</strong></span> <span class='ocrx_word' id='word_1_467' title='bbox 1955 3700 2076 3758; x_wconf 93' lang='lat' dir='ltr'><strong>post</strong></span> 
     </span>
    </p>
   </div>
   <div class='ocr_carea' id='block_1_68' title="bbox 514 3777 2074 3848">
    <p class='ocr_par' dir='ltr' id='par_1_68' title="bbox 514 3777 2074 3848">
     <span class='ocr_line' id='line_1_68' title="bbox 514 3777 2074 3848; baseline 0.001 -14"><span class='ocrx_word' id='word_1_468' title='bbox 514 3781 856 3836; x_wconf 63' lang='lat' dir='ltr'><strong>festivitatem</strong></span> <span class='ocrx_word' id='word_1_469' title='bbox 887 3781 943 3834; x_wconf 85' lang='lat' dir='ltr'><strong>S.</strong></span> <span class='ocrx_word' id='word_1_470' title='bbox 975 3779 1186 3833; x_wconf 78' lang='lat' dir='ltr'><strong>Martini</strong></span> <span class='ocrx_word' id='word_1_471' title='bbox 1223 3778 1466 3843; x_wconf 89' lang='lat' dir='ltr'><strong>Goslare,</strong></span> <span class='ocrx_word' id='word_1_472' title='bbox 1498 3777 1730 3833; x_wconf 85' lang='lat' dir='ltr'><strong>Henrico</strong></span> <span class='ocrx_word' id='word_1_473' title='bbox 1764 3795 1861 3848; x_wconf 87' lang='lat' dir='ltr'><strong>pro</strong></span> <span class='ocrx_word' id='word_1_474' title='bbox 1883 3781 2074 3836; x_wconf 87' lang='lat' dir='ltr'><strong>inobe-</strong></span> 
     </span>
    </p>
   </div>
   <div class='ocr_carea' id='block_1_69' title="bbox 512 3867 2072 3938">
    <p class='ocr_par' dir='ltr' id='par_1_69' title="bbox 512 3867 2072 3938">
     <span class='ocr_line' id='line_1_69' title="bbox 512 3867 2072 3938; baseline -0.001 -13"><span class='ocrx_word' id='word_1_475' title='bbox 512 3871 712 3926; x_wconf 83' lang='lat' dir='ltr'><strong>dientia</strong></span> <span class='ocrx_word' id='word_1_476' title='bbox 754 3871 944 3925; x_wconf 79' lang='lat' dir='ltr'><strong>iterum</strong></span> <span class='ocrx_word' id='word_1_477' title='bbox 988 3869 1475 3934; x_wconf 63' lang='lat' dir='ltr'><strong>escommunieato,</strong></span> <span class='ocrx_word' id='word_1_478' title='bbox 1510 3867 1794 3938; x_wconf 86' lang='lat' dir='ltr'><strong>Rudolpbo</strong></span> <span class='ocrx_word' id='word_1_479' title='bbox 1820 3885 1917 3938; x_wconf 89' lang='lat' dir='ltr'><strong>pro</strong></span> <span class='ocrx_word' id='word_1_480' title='bbox 1942 3871 2072 3924; x_wconf 82' lang='lat' dir='ltr'><strong>obe-</strong></span> 
     </span>
    </p>
   </div>
   <div class='ocr_carea' id='block_1_70' title="bbox 512 3958 2074 4032">
    <p class='ocr_par' dir='ltr' id='par_1_70' title="bbox 512 3958 2074 4032">
     <span class='ocr_line' id='line_1_70' title="bbox 512 3958 2074 4032; baseline -0.001 -16"><span class='ocrx_word' id='word_1_481' title='bbox 512 3963 713 4016; x_wconf 88' lang='lat' dir='ltr'><strong>dientia</strong></span> <span class='ocrx_word' id='word_1_482' title='bbox 748 3962 802 4015; x_wconf 90' lang='lat' dir='ltr'><strong>in</strong></span> <span class='ocrx_word' id='word_1_483' title='bbox 840 3961 1085 4032; x_wconf 81' lang='lat' dir='ltr'><strong>Regnum</strong></span> <span class='ocrx_word' id='word_1_484' title='bbox 1114 3961 1422 4014; x_wconf 87' lang='lat' dir='ltr'><strong>sublimato.</strong></span> <span class='ocrx_word' id='word_1_485' title='bbox 1473 3958 1605 4014; x_wconf 81' lang='lat' dir='ltr'><strong>Nam</strong></span> <span class='ocrx_word' id='word_1_486' title='bbox 1639 3958 1904 4015; x_wconf 85' lang='lat' dir='ltr'><strong>Henricus</strong></span> <span class='ocrx_word' id='word_1_487' title='bbox 1939 3976 2074 4030; x_wconf 77' lang='lat' dir='ltr'><strong>pra:-</strong></span> 
     </span>
    </p>
   </div>
   <div class='ocr_carea' id='block_1_71' title="bbox 512 4049 2070 4123">
    <p class='ocr_par' dir='ltr' id='par_1_71' title="bbox 512 4049 2070 4123">
     <span class='ocr_line' id='line_1_71' title="bbox 512 4049 2070 4123; baseline 0 -17"><span class='ocrx_word' id='word_1_488' title='bbox 512 4055 708 4108; x_wconf 86' lang='lat' dir='ltr'><strong>dictam</strong></span> <span class='ocrx_word' id='word_1_489' title='bbox 735 4053 1054 4123; x_wconf 78' lang='lat' dir='ltr'><strong>legationem</strong></span> <span class='ocrx_word' id='word_1_490' title='bbox 1079 4049 1237 4120; x_wconf 76' lang='lat' dir='ltr'><strong>Papa:</strong></span> <span class='ocrx_word' id='word_1_491' title='bbox 1261 4065 1356 4106; x_wconf 90' lang='lat' dir='ltr'><strong>nec</strong></span> <span class='ocrx_word' id='word_1_492' title='bbox 1381 4051 1653 4118; x_wconf 87' lang='lat' dir='ltr'><strong>suscipere</strong></span> <span class='ocrx_word' id='word_1_493' title='bbox 1690 4051 1940 4120; x_wconf 86' lang='lat' dir='ltr'><strong>dignatus</strong></span> <span class='ocrx_word' id='word_1_494' title='bbox 1967 4061 2070 4118; x_wconf 90' lang='lat' dir='ltr'><strong>est,</strong></span> 
     </span>
    </p>
   </div>
   <div class='ocr_carea' id='block_1_72' title="bbox 516 4141 2076 4211">
    <p class='ocr_par' dir='ltr' id='par_1_72' title="bbox 516 4141 2076 4211">
     <span class='ocr_line' id='line_1_72' title="bbox 516 4141 2076 4211; baseline -0.001 -16"><span class='ocrx_word' id='word_1_495' title='bbox 516 4159 611 4198; x_wconf 74' lang='lat' dir='ltr'><strong>nec</strong></span> <span class='ocrx_word' id='word_1_496' title='bbox 631 4142 870 4197; x_wconf 88' lang='lat' dir='ltr'><strong>animum</strong></span> <span class='ocrx_word' id='word_1_497' title='bbox 891 4143 958 4196; x_wconf 81' lang='lat' dir='ltr'><strong>ad</strong></span> <span class='ocrx_word' id='word_1_498' title='bbox 979 4151 1178 4211; x_wconf 72' lang='lat' dir='ltr'><strong>treugze</strong></span> <span class='ocrx_word' id='word_1_499' title='bbox 1199 4141 1668 4211; x_wconf 83' lang='lat' dir='ltr'><strong>compositionem.</strong></span> <span class='ocrx_word' id='word_1_500' title='bbox 1697 4141 1787 4195; x_wconf 84' lang='lat' dir='ltr'><strong>sed</strong></span> <span class='ocrx_word' id='word_1_501' title='bbox 1809 4141 1874 4194; x_wconf 89' lang='lat' dir='ltr'><strong>ad</strong></span> <span class='ocrx_word' id='word_1_502' title='bbox 1898 4151 2076 4211; x_wconf 75' lang='lat' dir='ltr'><strong>tyran-</strong></span> 
     </span>
    </p>
   </div>
   <div class='ocr_carea' id='block_1_73' title="bbox 515 4231 2048 4288">
    <p class='ocr_par' dir='ltr' id='par_1_73' title="bbox 515 4231 2048 4288">
     <span class='ocr_line' id='line_1_73' title="bbox 515 4231 2048 4288; baseline 0.001 -2"><span class='ocrx_word' id='word_1_503' title='bbox 515 4231 655 4287; x_wconf 88' lang='lat' dir='ltr'><strong>nidis</strong></span> <span class='ocrx_word' id='word_1_504' title='bbox 678 4233 1046 4288; x_wconf 89' lang='lat' dir='ltr'><strong>crudelitatem</strong></span> <span class='ocrx_word' id='word_1_505' title='bbox 1074 4232 1320 4286; x_wconf 75' lang='lat' dir='ltr'><strong>intendit.</strong></span> <span class='ocrx_word' id='word_1_506' title='bbox 2038 4277 2048 4288; x_wconf 99' lang='lat'><strong>.</strong></span> 
     </span>
    </p>
   </div>
   <div class='ocr_carea' id='block_1_74' title="bbox 591 4319 2071 4390">
    <p class='ocr_par' dir='ltr' id='par_1_74' title="bbox 591 4319 2071 4390">
     <span class='ocr_line' id='line_1_74' title="bbox 591 4319 2071 4390; baseline 0 -14"><span class='ocrx_word' id='word_1_507' title='bbox 591 4321 670 4376; x_wconf 88' lang='lat'><strong>10.</strong></span> <span class='ocrx_word' id='word_1_508' title='bbox 717 4321 874 4376; x_wconf 78' lang='lat' dir='ltr'><strong>Anno</strong></span> <span class='ocrx_word' id='word_1_509' title='bbox 902 4321 1053 4376; x_wconf 87' lang='lat'><strong>1078.</strong></span> <span class='ocrx_word' id='word_1_510' title='bbox 1095 4319 1358 4375; x_wconf 84' lang='lat' dir='ltr'><strong>Henricus</strong></span> <span class='ocrx_word' id='word_1_511' title='bbox 1379 4322 1572 4374; x_wconf 88' lang='lat' dir='ltr'><strong>iterum</strong></span> <span class='ocrx_word' id='word_1_512' title='bbox 1601 4323 1923 4390; x_wconf 65' lang='lat' dir='ltr'><strong>Apostolica:</strong></span> <span class='ocrx_word' id='word_1_513' title='bbox 1949 4322 2071 4376; x_wconf 88' lang='lat' dir='ltr'><strong>Sedi</strong></span> 
     </span>
    </p>
   </div>
   <div class='ocr_carea' id='block_1_75' title="bbox 513 4412 2068 4482">
    <p class='ocr_par' dir='ltr' id='par_1_75' title="bbox 513 4412 2068 4482">
     <span class='ocr_line' id='line_1_75' title="bbox 513 4412 2068 4482; baseline 0 -16"><span class='ocrx_word' id='word_1_514' title='bbox 513 4414 580 4466; x_wconf 85' lang='lat' dir='ltr'><strong>de</strong></span> <span class='ocrx_word' id='word_1_515' title='bbox 638 4427 757 4476; x_wconf 88' lang='lat' dir='ltr'><strong>sua,</strong></span> <span class='ocrx_word' id='word_1_516' title='bbox 801 4413 956 4482; x_wconf 86' lang='lat' dir='ltr'><strong>quasi</strong></span> <span class='ocrx_word' id='word_1_517' title='bbox 1006 4413 1238 4482; x_wconf 87' lang='lat' dir='ltr'><strong>iujusta,</strong></span> <span class='ocrx_word' id='word_1_518' title='bbox 1295 4412 1638 4466; x_wconf 88' lang='lat' dir='ltr'><strong>damnatione</strong></span> <span class='ocrx_word' id='word_1_519' title='bbox 1682 4413 2068 4480; x_wconf 88' lang='lat' dir='ltr'><strong>conqueritur:</strong></span> 
     </span>
    </p>
   </div>
   <div class='ocr_carea' id='block_1_76' title="bbox 2177 3238 3758 3310">
    <p class='ocr_par' dir='ltr' id='par_1_76' title="bbox 2177 3238 3758 3310">
     <span class='ocr_line' id='line_1_76' title="bbox 2177 3238 3758 3310; baseline 0.003 -17"><span class='ocrx_word' id='word_1_520' title='bbox 2177 3255 2300 3293; x_wconf 87' lang='lat' dir='ltr'><strong>cum</strong></span> <span class='ocrx_word' id='word_1_521' title='bbox 2328 3241 2816 3309; x_wconf 87' lang='lat' dir='ltr'><strong>proclamaverunt,</strong></span> <span class='ocrx_word' id='word_1_522' title='bbox 2859 3255 2926 3292; x_wconf 91' lang='lat' dir='ltr'><strong>eo</strong></span> <span class='ocrx_word' id='word_1_523' title='bbox 2967 3240 3110 3309; x_wconf 92' lang='lat' dir='ltr'><strong>quod</strong></span> <span class='ocrx_word' id='word_1_524' title='bbox 3139 3248 3311 3294; x_wconf 91' lang='lat' dir='ltr'><strong>totum</strong></span> <span class='ocrx_word' id='word_1_525' title='bbox 3340 3238 3583 3310; x_wconf 83' lang='lat' dir='ltr'><strong>Regnum</strong></span> <span class='ocrx_word' id='word_1_526' title='bbox 3610 3257 3758 3298; x_wconf 60' lang='lat' dir='ltr'><strong>cer.—</strong></span> 
     </span>
    </p>
   </div>
   <div class='ocr_carea' id='block_1_77' title="bbox 2177 3317 3758 3395">
    <p class='ocr_par' dir='ltr' id='par_1_77' title="bbox 2177 3317 3758 3395">
     <span class='ocr_line' id='line_1_77' title="bbox 2177 3317 3758 3395; baseline 0.004 -13"><span class='ocrx_word' id='word_1_527' title='bbox 2177 3329 2420 3395; x_wconf 90' lang='lat' dir='ltr'><strong>funderc,</strong></span> <span class='ocrx_word' id='word_1_528' title='bbox 2457 3339 2512 3384; x_wconf 88' lang='lat' dir='ltr'><strong>et</strong></span> <span class='ocrx_word' id='word_1_529' title='bbox 2543 3340 2784 3384; x_wconf 89' lang='lat' dir='ltr'><strong>sanctam</strong></span> <span class='ocrx_word' id='word_1_530' title='bbox 2811 3317 3103 3385; x_wconf 78' lang='lat' dir='ltr'><strong>Ecclesium</strong></span> <span class='ocrx_word' id='word_1_531' title='bbox 3131 3330 3450 3385; x_wconf 87' lang='lat' dir='ltr'><strong>conculcare</strong></span> <span class='ocrx_word' id='word_1_532' title='bbox 3490 3344 3597 3385; x_wconf 90' lang='lat' dir='ltr'><strong>non</strong></span> <span class='ocrx_word' id='word_1_533' title='bbox 3625 3346 3758 3388; x_wconf 83' lang='lat' dir='ltr'><strong>ces-</strong></span> 
     </span>
    </p>
   </div>
   <div class='ocr_carea' id='block_1_78' title="bbox 2175 3419 3755 3491">
    <p class='ocr_par' dir='ltr' id='par_1_78' title="bbox 2175 3419 3755 3491">
     <span class='ocr_line' id='line_1_78' title="bbox 2175 3419 3755 3491; baseline 0.003 -17"><span class='ocrx_word' id='word_1_534' title='bbox 2175 3430 2336 3474; x_wconf 88' lang='lat' dir='ltr'><strong>saret.</strong></span> <span class='ocrx_word' id='word_1_535' title='bbox 2377 3419 2574 3474; x_wconf 86' lang='lat' dir='ltr'><strong>lterum</strong></span> <span class='ocrx_word' id='word_1_536' title='bbox 2617 3435 2748 3488; x_wconf 86' lang='lat' dir='ltr'><strong>ergo</strong></span> <span class='ocrx_word' id='word_1_537' title='bbox 2782 3419 2926 3489; x_wconf 87' lang='lat' dir='ltr'><strong>Papa</strong></span> <span class='ocrx_word' id='word_1_538' title='bbox 2979 3419 3208 3491; x_wconf 83' lang='lat' dir='ltr'><strong>Legatos</strong></span> <span class='ocrx_word' id='word_1_539' title='bbox 3251 3436 3402 3484; x_wconf 91' lang='lat' dir='ltr'><strong>suos,</strong></span> <span class='ocrx_word' id='word_1_540' title='bbox 3434 3436 3532 3490; x_wconf 90' lang='lat' dir='ltr'><strong>pro</strong></span> <span class='ocrx_word' id='word_1_541' title='bbox 3575 3436 3755 3478; x_wconf 85' lang='lat' dir='ltr'><strong>causa</strong></span> 
     </span>
    </p>
   </div>
   <div class='ocr_carea' id='block_1_79' title="bbox 2178 3509 3756 3580">
    <p class='ocr_par' dir='ltr' id='par_1_79' title="bbox 2178 3509 3756 3580">
     <span class='ocr_line' id='line_1_79' title="bbox 2178 3509 3756 3580; baseline 0.003 -17"><span class='ocrx_word' id='word_1_542' title='bbox 2178 3509 2344 3580; x_wconf 86' lang='lat' dir='ltr'><strong>Regni</strong></span> <span class='ocrx_word' id='word_1_543' title='bbox 2371 3511 2796 3575; x_wconf 73' lang='lat' dir='ltr'><strong>deter-minando,</strong></span> <span class='ocrx_word' id='word_1_544' title='bbox 2837 3511 2903 3565; x_wconf 91' lang='lat' dir='ltr'><strong>ad</strong></span> <span class='ocrx_word' id='word_1_545' title='bbox 2946 3509 3271 3565; x_wconf 87' lang='lat' dir='ltr'><strong>Teutonicas</strong></span> <span class='ocrx_word' id='word_1_546' title='bbox 3300 3520 3477 3580; x_wconf 83' lang='lat' dir='ltr'><strong>partes</strong></span> <span class='ocrx_word' id='word_1_547' title='bbox 3499 3511 3756 3568; x_wconf 82' lang='lat' dir='ltr'><strong>destina-</strong></span> 
     </span>
    </p>
   </div>
   <div class='ocr_carea' id='block_1_80' title="bbox 2179 3599 3758 3672">
    <p class='ocr_par' dir='ltr' id='par_1_80' title="bbox 2179 3599 3758 3672">
     <span class='ocr_line' id='line_1_80' title="bbox 2179 3599 3758 3672; baseline 0.002 -19"><span class='ocrx_word' id='word_1_548' title='bbox 2179 3601 2275 3664; x_wconf 87' lang='lat' dir='ltr'><strong>vit,</strong></span> <span class='ocrx_word' id='word_1_549' title='bbox 2309 3601 2554 3656; x_wconf 87' lang='lat' dir='ltr'><strong>videlicet</strong></span> <span class='ocrx_word' id='word_1_550' title='bbox 2572 3601 2930 3655; x_wconf 86' lang='lat' dir='ltr'><strong>venerabilem</strong></span> <span class='ocrx_word' id='word_1_551' title='bbox 2961 3599 3177 3654; x_wconf 89' lang='lat' dir='ltr'><strong>Petrum</strong></span> <span class='ocrx_word' id='word_1_552' title='bbox 3214 3601 3572 3655; x_wconf 86' lang='lat' dir='ltr'><strong>Albanensem</strong></span> <span class='ocrx_word' id='word_1_553' title='bbox 3613 3601 3758 3672; x_wconf 73' lang='lat' dir='ltr'><strong>Epio-</strong></span> 
     </span>
    </p>
   </div>
   <div class='ocr_carea' id='block_1_81' title="bbox 2175 3689 3751 3760">
    <p class='ocr_par' dir='ltr' id='par_1_81' title="bbox 2175 3689 3751 3760">
     <span class='ocr_line' id='line_1_81' title="bbox 2175 3689 3751 3760; baseline 0.001 -14"><span class='ocrx_word' id='word_1_554' title='bbox 2175 3706 2400 3760; x_wconf 87' lang='lat' dir='ltr'><strong>scopum</strong></span> <span class='ocrx_word' id='word_1_555' title='bbox 2427 3733 2440 3745; x_wconf 96' lang='lat'><strong>.</strong></span> <span class='ocrx_word' id='word_1_556' title='bbox 2470 3732 2482 3745; x_wconf 94' lang='lat'><strong>.</strong></span> <span class='ocrx_word' id='word_1_557' title='bbox 2514 3732 2526 3745; x_wconf 92' lang='lat'><strong>.</strong></span> <span class='ocrx_word' id='word_1_558' title='bbox 2555 3733 2567 3744; x_wconf 95' lang='lat'><strong>.</strong></span> <span class='ocrx_word' id='word_1_559' title='bbox 2595 3707 2719 3746; x_wconf 91' lang='lat' dir='ltr'><strong>cum</strong></span> <span class='ocrx_word' id='word_1_560' title='bbox 2746 3706 2856 3759; x_wconf 89' lang='lat' dir='ltr'><strong>quo</strong></span> <span class='ocrx_word' id='word_1_561' title='bbox 2887 3689 3174 3746; x_wconf 89' lang='lat' dir='ltr'><strong>Udalricus</strong></span> <span class='ocrx_word' id='word_1_562' title='bbox 3200 3690 3488 3744; x_wconf 87' lang='lat' dir='ltr'><strong>Padanus</strong></span> <span class='ocrx_word' id='word_1_563' title='bbox 3512 3689 3751 3760; x_wconf 77' lang='lat' dir='ltr'><strong>Episco-</strong></span> 
     </span>
    </p>
   </div>
   <div class='ocr_carea' id='block_1_82' title="bbox 2174 3779 3750 3852">
    <p class='ocr_par' dir='ltr' id='par_1_82' title="bbox 2174 3779 3750 3852">
     <span class='ocr_line' id='line_1_82' title="bbox 2174 3779 3750 3852; baseline 0.001 -16"><span class='ocrx_word' id='word_1_564' title='bbox 2174 3797 2276 3852; x_wconf 91' lang='lat' dir='ltr'><strong>pus</strong></span> <span class='ocrx_word' id='word_1_565' title='bbox 2302 3783 2356 3837; x_wconf 89' lang='lat' dir='ltr'><strong>in</strong></span> <span class='ocrx_word' id='word_1_566' title='bbox 2379 3783 2703 3852; x_wconf 85' lang='lat' dir='ltr'><strong>legationem</strong></span> <span class='ocrx_word' id='word_1_567' title='bbox 2732 3781 3051 3836; x_wconf 83' lang='lat' dir='ltr'><strong>destinatur.</strong></span> <span class='ocrx_word' id='word_1_568' title='bbox 3100 3779 3330 3851; x_wconf 81' lang='lat' dir='ltr'><strong>Legatus</strong></span> <span class='ocrx_word' id='word_1_569' title='bbox 3363 3791 3541 3835; x_wconf 87' lang='lat' dir='ltr'><strong>autem</strong></span> <span class='ocrx_word' id='word_1_570' title='bbox 3594 3781 3750 3838; x_wconf 83' lang='lat' dir='ltr'><strong>Hen-</strong></span> 
     </span>
    </p>
   </div>
   <div class='ocr_carea' id='block_1_83' title="bbox 2174 3867 3750 3942">
    <p class='ocr_par' dir='ltr' id='par_1_83' title="bbox 2174 3867 3750 3942">
     <span class='ocr_line' id='line_1_83' title="bbox 2174 3867 3750 3942; baseline 0.002 -16"><span class='ocrx_word' id='word_1_571' title='bbox 2174 3873 2272 3926; x_wconf 86' lang='lat' dir='ltr'><strong>rici</strong></span> <span class='ocrx_word' id='word_1_572' title='bbox 2323 3871 2554 3942; x_wconf 81' lang='lat' dir='ltr'><strong>Legatos</strong></span> <span class='ocrx_word' id='word_1_573' title='bbox 2589 3871 2764 3942; x_wconf 61' lang='lat' dir='ltr'><strong>Papae,</strong></span> <span class='ocrx_word' id='word_1_574' title='bbox 2798 3872 3112 3940; x_wconf 87' lang='lat' dir='ltr'><strong>priusquam</strong></span> <span class='ocrx_word' id='word_1_575' title='bbox 3163 3867 3392 3935; x_wconf 84' lang='lat' dir='ltr'><strong>abirent,</strong></span> <span class='ocrx_word' id='word_1_576' title='bbox 3448 3871 3502 3924; x_wconf 90' lang='lat' dir='ltr'><strong>in</strong></span> <span class='ocrx_word' id='word_1_577' title='bbox 3549 3873 3750 3929; x_wconf 82' lang='lat' dir='ltr'><strong>eadem</strong></span> 
     </span>
    </p>
   </div>
   <div class='ocr_carea' id='block_1_84' title="bbox 2176 3957 3785 4035">
    <p class='ocr_par' dir='ltr' id='par_1_84' title="bbox 2176 3957 3785 4035">
     <span class='ocr_line' id='line_1_84' title="bbox 2176 3957 3785 4035; baseline 0.001 -17"><span class='ocrx_word' id='word_1_578' title='bbox 2176 3960 2396 4035; x_wconf 87' lang='lat' dir='ltr'><strong>Synodo</strong></span> <span class='ocrx_word' id='word_1_579' title='bbox 2451 3962 2810 4033; x_wconf 85' lang='lat' dir='ltr'><strong>jurejurando</strong></span> <span class='ocrx_word' id='word_1_580' title='bbox 2871 3977 3092 4016; x_wconf 85' lang='lat' dir='ltr'><strong>securos</strong></span> <span class='ocrx_word' id='word_1_581' title='bbox 3147 3960 3275 4015; x_wconf 86' lang='lat' dir='ltr'><strong>fecit</strong></span> <span class='ocrx_word' id='word_1_582' title='bbox 3338 3962 3406 4016; x_wconf 88' lang='lat' dir='ltr'><strong>de</strong></span> <span class='ocrx_word' id='word_1_583' title='bbox 3465 3957 3785 4019; x_wconf 23' lang='lat' dir='ltr'><strong>conducto.</strong></span> 
     </span>
    </p>
   </div>
   <div class='ocr_carea' id='block_1_85' title="bbox 2172 4049 3747 4124">
    <p class='ocr_par' dir='ltr' id='par_1_85' title="bbox 2172 4049 3747 4124">
     <span class='ocr_line' id='line_1_85' title="bbox 2172 4049 3747 4124; baseline 0.001 -16"><span class='ocrx_word' id='word_1_584' title='bbox 2172 4065 2228 4108; x_wconf 84' lang='lat' dir='ltr'><strong>et</strong></span> <span class='ocrx_word' id='word_1_585' title='bbox 2259 4053 2561 4108; x_wconf 89' lang='lat' dir='ltr'><strong>obedientia</strong></span> <span class='ocrx_word' id='word_1_586' title='bbox 2613 4050 2826 4107; x_wconf 90' lang='lat' dir='ltr'><strong>Domini</strong></span> <span class='ocrx_word' id='word_1_587' title='bbox 2864 4051 2968 4105; x_wconf 91' lang='lat' dir='ltr'><strong>sui.</strong></span> <span class='ocrx_word' id='word_1_588' title='bbox 3017 4049 3144 4104; x_wconf 82' lang='lat' dir='ltr'><strong>Item</strong></span> <span class='ocrx_word' id='word_1_589' title='bbox 3191 4049 3422 4121; x_wconf 82' lang='lat' dir='ltr'><strong>Legatus</strong></span> <span class='ocrx_word' id='word_1_590' title='bbox 3469 4049 3747 4124; x_wconf 71' lang='lat' dir='ltr'><strong>Rudolpbi</strong></span> 
     </span>
    </p>
   </div>
   <div class='ocr_carea' id='block_1_86' title="bbox 2173 4140 3747 4214">
    <p class='ocr_par' dir='ltr' id='par_1_86' title="bbox 2173 4140 3747 4214">
     <span class='ocr_line' id='line_1_86' title="bbox 2173 4140 3747 4214; baseline 0.002 -17"><span class='ocrx_word' id='word_1_591' title='bbox 2173 4143 2238 4197; x_wconf 92' lang='lat' dir='ltr'><strong>de</strong></span> <span class='ocrx_word' id='word_1_592' title='bbox 2268 4144 2572 4197; x_wconf 87' lang='lat' dir='ltr'><strong>obedientia</strong></span> <span class='ocrx_word' id='word_1_593' title='bbox 2627 4141 2838 4194; x_wconf 88' lang='lat' dir='ltr'><strong>Domini</strong></span> <span class='ocrx_word' id='word_1_594' title='bbox 2882 4141 2966 4194; x_wconf 87' lang='lat' dir='ltr'><strong>sui</strong></span> <span class='ocrx_word' id='word_1_595' title='bbox 3002 4141 3206 4210; x_wconf 74' lang='lat' dir='ltr'><strong>juravit</strong></span> <span class='ocrx_word' id='word_1_596' title='bbox 3245 4143 3298 4195; x_wconf 91' lang='lat' dir='ltr'><strong>in</strong></span> <span class='ocrx_word' id='word_1_597' title='bbox 3345 4140 3580 4214; x_wconf 79' lang='lat' dir='ltr'><strong>Synodo.</strong></span> <span class='ocrx_word' id='word_1_598' title='bbox 3631 4145 3747 4201; x_wconf 74' lang='lat' dir='ltr'><strong>Le-</strong></span> 
     </span>
    </p>
   </div>
   <div class='ocr_carea' id='block_1_87' title="bbox 2173 4230 3754 4302">
    <p class='ocr_par' dir='ltr' id='par_1_87' title="bbox 2173 4230 3754 4302">
     <span class='ocr_line' id='line_1_87' title="bbox 2173 4230 3754 4302; baseline 0.005 -16"><span class='ocrx_word' id='word_1_599' title='bbox 2173 4230 2281 4302; x_wconf 87' lang='lat' dir='ltr'><strong>gati</strong></span> <span class='ocrx_word' id='word_1_600' title='bbox 2326 4245 2456 4302; x_wconf 86' lang='lat' dir='ltr'><strong>ergo</strong></span> <span class='ocrx_word' id='word_1_601' title='bbox 2487 4230 2640 4286; x_wconf 84' lang='lat' dir='ltr'><strong>Sedis</strong></span> <span class='ocrx_word' id='word_1_602' title='bbox 2683 4230 3006 4300; x_wconf 76' lang='lat' dir='ltr'><strong>Apostolica:</strong></span> <span class='ocrx_word' id='word_1_603' title='bbox 3052 4231 3106 4286; x_wconf 92' lang='lat' dir='ltr'><strong>in</strong></span> <span class='ocrx_word' id='word_1_604' title='bbox 3139 4230 3486 4288; x_wconf 87' lang='lat' dir='ltr'><strong>Teutonicam</strong></span> <span class='ocrx_word' id='word_1_605' title='bbox 3536 4243 3754 4295; x_wconf 78' lang='lat' dir='ltr'><strong>terram.</strong></span> 
     </span>
    </p>
   </div>
   <div class='ocr_carea' id='block_1_88' title="bbox 2172 4320 3745 4398">
    <p class='ocr_par' dir='ltr' id='par_1_88' title="bbox 2172 4320 3745 4398">
     <span class='ocr_line' id='line_1_88' title="bbox 2172 4320 3745 4398; baseline 0.004 -23"><span class='ocrx_word' id='word_1_606' title='bbox 2172 4323 2586 4391; x_wconf 82' lang='lat' dir='ltr'><strong>pervenientes,</strong></span> <span class='ocrx_word' id='word_1_607' title='bbox 2656 4321 3017 4377; x_wconf 85' lang='lat' dir='ltr'><strong>obedientiam</strong></span> <span class='ocrx_word' id='word_1_608' title='bbox 3086 4320 3353 4398; x_wconf 85' lang='lat' dir='ltr'><strong>Rudolpbi</strong></span> <span class='ocrx_word' id='word_1_609' title='bbox 3421 4331 3476 4378; x_wconf 90' lang='lat' dir='ltr'><strong>et</strong></span> <span class='ocrx_word' id='word_1_610' title='bbox 3546 4325 3745 4382; x_wconf 70' lang='lat' dir='ltr'><strong>inobo-</strong></span> 
     </span>
    </p>
   </div>
   <div class='ocr_carea' id='block_1_89' title="bbox 2173 4410 3743 4485">
    <p class='ocr_par' dir='ltr' id='par_1_89' title="bbox 2173 4410 3743 4485">
     <span class='ocr_line' id='line_1_89' title="bbox 2173 4410 3743 4485; baseline 0.006 -22"><span class='ocrx_word' id='word_1_611' title='bbox 2173 4411 2427 4465; x_wconf 85' lang='lat' dir='ltr'><strong>dicntiam</strong></span> <span class='ocrx_word' id='word_1_612' title='bbox 2473 4410 2688 4466; x_wconf 83' lang='lat' dir='ltr'><strong>Henrici</strong></span> <span class='ocrx_word' id='word_1_613' title='bbox 2734 4411 3098 4466; x_wconf 87' lang='lat' dir='ltr'><strong>indubitanter</strong></span> <span class='ocrx_word' id='word_1_614' title='bbox 3146 4413 3550 4481; x_wconf 80' lang='lat' dir='ltr'><strong>probaverunt:</strong></span> <span class='ocrx_word' id='word_1_615' title='bbox 3589 4422 3743 4485; x_wconf 81' lang='lat' dir='ltr'><strong>quod</strong></span> 
     </span>
    </p>
   </div>
   <div class='ocr_carea' id='block_1_90' title="bbox 518 4495 3743 4574">
    <p class='ocr_par' dir='ltr' id='par_1_90' title="bbox 518 4495 3743 4574">
     <span class='ocr_line' id='line_1_90' title="bbox 518 4495 3743 4574; baseline 0.002 -19"><span class='ocrx_word' id='word_1_616' title='bbox 518 4503 657 4557; x_wconf 88' lang='lat' dir='ltr'><strong>unde</strong></span> <span class='ocrx_word' id='word_1_617' title='bbox 691 4500 980 4574; x_wconf 82' lang='lat' dir='ltr'><strong>Gregorius</strong></span> <span class='ocrx_word' id='word_1_618' title='bbox 1005 4502 1168 4571; x_wconf 88' lang='lat' dir='ltr'><strong>Papa,</strong></span> <span class='ocrx_word' id='word_1_619' title='bbox 1205 4501 1346 4556; x_wconf 88' lang='lat' dir='ltr'><strong>facto</strong></span> <span class='ocrx_word' id='word_1_620' title='bbox 1385 4500 1629 4556; x_wconf 83' lang='lat' dir='ltr'><strong>Concilio</strong></span> <span class='ocrx_word' id='word_1_621' title='bbox 1660 4515 1843 4556; x_wconf 84' lang='lat' dir='ltr'><strong>mense</strong></span> <span class='ocrx_word' id='word_1_622' title='bbox 1883 4500 2075 4556; x_wconf 82' lang='lat' dir='ltr'><strong>Martio</strong></span> <span class='ocrx_word' id='word_1_623' title='bbox 2107 4495 2150 4548; x_wconf 83' lang='grc' dir='ltr'><strong>ι)</strong></span> <span class='ocrx_word' id='word_1_624' title='bbox 2172 4508 2226 4554; x_wconf 90' lang='lat' dir='ltr'><strong>et</strong></span> <span class='ocrx_word' id='word_1_625' title='bbox 2255 4508 2461 4569; x_wconf 86' lang='lat' dir='ltr'><strong>postea,</strong></span> <span class='ocrx_word' id='word_1_626' title='bbox 2492 4517 2616 4556; x_wconf 90' lang='lat' dir='ltr'><strong>cum</strong></span> <span class='ocrx_word' id='word_1_627' title='bbox 2653 4500 2907 4566; x_wconf 87' lang='lat' dir='ltr'><strong>redirent,</strong></span> <span class='ocrx_word' id='word_1_628' title='bbox 2948 4499 3106 4572; x_wconf 66' lang='lat' dir='ltr'><strong>Papae</strong></span> <span class='ocrx_word' id='word_1_629' title='bbox 3139 4503 3258 4556; x_wconf 88' lang='lat' dir='ltr'><strong>viva</strong></span> <span class='ocrx_word' id='word_1_630' title='bbox 3291 4502 3432 4558; x_wconf 83' lang='lat' dir='ltr'><strong>voce</strong></span> <span class='ocrx_word' id='word_1_631' title='bbox 3450 4512 3743 4574; x_wconf 65' lang='lat' dir='ltr'><strong>pro‘testati</strong></span> 
     </span>
    </p>
   </div>
   <div class='ocr_carea' id='block_1_91' title="bbox 517 4592 2070 4663">
    <p class='ocr_par' dir='ltr' id='par_1_91' title="bbox 517 4592 2070 4663">
     <span class='ocr_line' id='line_1_91' title="bbox 517 4592 2070 4663; baseline -0.001 -14"><span class='ocrx_word' id='word_1_632' title='bbox 517 4595 596 4661; x_wconf 87' lang='lat' dir='ltr'><strong>(in</strong></span> <span class='ocrx_word' id='word_1_633' title='bbox 621 4609 728 4663; x_wconf 93' lang='lat' dir='ltr'><strong>quo</strong></span> <span class='ocrx_word' id='word_1_634' title='bbox 761 4593 1004 4648; x_wconf 89' lang='lat' dir='ltr'><strong>Concilio</strong></span> <span class='ocrx_word' id='word_1_635' title='bbox 1024 4592 1164 4647; x_wconf 89' lang='lat' dir='ltr'><strong>facta</strong></span> <span class='ocrx_word' id='word_1_636' title='bbox 1188 4601 1271 4647; x_wconf 88' lang='lat' dir='ltr'><strong>est</strong></span> <span class='ocrx_word' id='word_1_637' title='bbox 1289 4594 1531 4661; x_wconf 79' lang='lat' dir='ltr'><strong>exceptio</strong></span> <span class='ocrx_word' id='word_1_638' title='bbox 1560 4592 1920 4661; x_wconf 87' lang='lat' dir='ltr'><strong>quarumdam</strong></span> <span class='ocrx_word' id='word_1_639' title='bbox 1945 4608 2070 4662; x_wconf 85' lang='lat' dir='ltr'><strong>per-</strong></span> 
     </span>
    </p>
   </div>
   <div class='ocr_carea' id='block_1_92' title="bbox 518 4682 2074 4747">
    <p class='ocr_par' dir='ltr' id='par_1_92' title="bbox 518 4682 2074 4747">
     <span class='ocr_line' id='line_1_92' title="bbox 518 4682 2074 4747; baseline 0.002 -10"><span class='ocrx_word' id='word_1_640' title='bbox 518 4699 776 4737; x_wconf 87' lang='lat' dir='ltr'><strong>sonarum</strong></span> <span class='ocrx_word' id='word_1_641' title='bbox 811 4685 876 4737; x_wconf 88' lang='lat' dir='ltr'><strong>de</strong></span> <span class='ocrx_word' id='word_1_642' title='bbox 923 4683 1241 4737; x_wconf 85' lang='lat' dir='ltr'><strong>llenriciana</strong></span> <span class='ocrx_word' id='word_1_643' title='bbox 1283 4682 1859 4747; x_wconf 80' lang='lat' dir='ltr'><strong>excommunicatione,</strong></span> <span class='ocrx_word' id='word_1_644' title='bbox 1886 4690 1942 4736; x_wconf 91' lang='lat' dir='ltr'><strong>et</strong></span> <span class='ocrx_word' id='word_1_645' title='bbox 1971 4683 2074 4740; x_wconf 85' lang='lat' dir='ltr'><strong>hoc</strong></span> 
     </span>
    </p>
   </div>
   <div class='ocr_carea' id='block_1_93' title="bbox 517 4772 2073 4844">
    <p class='ocr_par' dir='ltr' id='par_1_93' title="bbox 517 4772 2073 4844">
     <span class='ocr_line' id='line_1_93' title="bbox 517 4772 2073 4844; baseline -0.001 -16"><span class='ocrx_word' id='word_1_646' title='bbox 517 4775 702 4844; x_wconf 83' lang='lat' dir='ltr'><strong>utique</strong></span> <span class='ocrx_word' id='word_1_647' title='bbox 733 4774 798 4828; x_wconf 89' lang='lat' dir='ltr'><strong>ad</strong></span> <span class='ocrx_word' id='word_1_648' title='bbox 831 4782 1067 4843; x_wconf 85' lang='lat' dir='ltr'><strong>tempus;</strong></span> <span class='ocrx_word' id='word_1_649' title='bbox 1100 4773 1152 4826; x_wconf 90' lang='lat' dir='ltr'><strong>id</strong></span> <span class='ocrx_word' id='word_1_650' title='bbox 1182 4782 1284 4837; x_wconf 87' lang='lat' dir='ltr'><strong>est,</strong></span> <span class='ocrx_word' id='word_1_651' title='bbox 1309 4787 1562 4836; x_wconf 83' lang='lat' dir='ltr'><strong>uxorum,</strong></span> <span class='ocrx_word' id='word_1_652' title='bbox 1601 4772 1854 4836; x_wconf 84' lang='lat' dir='ltr'><strong>filiorum,</strong></span> <span class='ocrx_word' id='word_1_653' title='bbox 1886 4785 2073 4827; x_wconf 81' lang='lat' dir='ltr'><strong>servo-</strong></span> 
     </span>
    </p>
   </div>
   <div class='ocr_carea' id='block_1_94' title="bbox 521 4860 2072 4935">
    <p class='ocr_par' dir='ltr' id='par_1_94' title="bbox 521 4860 2072 4935">
     <span class='ocr_line' id='line_1_94' title="bbox 521 4860 2072 4935; baseline 0 -17"><span class='ocrx_word' id='word_1_654' title='bbox 521 4882 658 4929; x_wconf 88' lang='lat' dir='ltr'><strong>rum,</strong></span> <span class='ocrx_word' id='word_1_655' title='bbox 692 4875 746 4920; x_wconf 88' lang='lat' dir='ltr'><strong>et</strong></span> <span class='ocrx_word' id='word_1_656' title='bbox 779 4865 1129 4935; x_wconf 88' lang='lat' dir='ltr'><strong>reliquorum,</strong></span> <span class='ocrx_word' id='word_1_657' title='bbox 1156 4863 1249 4932; x_wconf 92' lang='lat' dir='ltr'><strong>qui</strong></span> <span class='ocrx_word' id='word_1_658' title='bbox 1273 4877 1380 4915; x_wconf 90' lang='lat' dir='ltr'><strong>non</strong></span> <span class='ocrx_word' id='word_1_659' title='bbox 1421 4863 1670 4926; x_wconf 88' lang='lat' dir='ltr'><strong>scienter,</strong></span> <span class='ocrx_word' id='word_1_660' title='bbox 1724 4860 1914 4916; x_wconf 84' lang='lat' dir='ltr'><strong>saltem</strong></span> <span class='ocrx_word' id='word_1_661' title='bbox 1964 4878 2072 4918; x_wconf 91' lang='lat' dir='ltr'><strong>non</strong></span> 
     </span>
    </p>
   </div>
   <div class='ocr_carea' id='block_1_95' title="bbox 523 4950 2076 5023">
    <p class='ocr_par' dir='ltr' id='par_1_95' title="bbox 523 4950 2076 5023">
     <span class='ocr_line' id='line_1_95' title="bbox 523 4950 2076 5023; baseline 0.004 -19"><span class='ocrx_word' id='word_1_662' title='bbox 523 4955 745 5008; x_wconf 84' lang='lat' dir='ltr'><strong>libenter</strong></span> <span class='ocrx_word' id='word_1_663' title='bbox 762 4954 1241 5010; x_wconf 74' lang='lat' dir='ltr'><strong>excommunicatis</strong></span> <span class='ocrx_word' id='word_1_664' title='bbox 1262 4951 1579 5020; x_wconf 88' lang='lat' dir='ltr'><strong>sociantur),</strong></span> <span class='ocrx_word' id='word_1_665' title='bbox 1606 4952 1828 5007; x_wconf 86' lang='lat' dir='ltr'><strong>idoneos</strong></span> <span class='ocrx_word' id='word_1_666' title='bbox 1845 4950 2076 5023; x_wconf 84' lang='lat' dir='ltr'><strong>Legatos</strong></span> 
     </span>
    </p>
   </div>
   <div class='ocr_carea' id='block_1_96' title="bbox 521 5039 2075 5112">
    <p class='ocr_par' dir='ltr' id='par_1_96' title="bbox 521 5039 2075 5112">
     <span class='ocr_line' id='line_1_96' title="bbox 521 5039 2075 5112; baseline -0.001 -14"><span class='ocrx_word' id='word_1_667' title='bbox 521 5046 714 5098; x_wconf 86' lang='lat' dir='ltr'><strong>iterum</strong></span> <span class='ocrx_word' id='word_1_668' title='bbox 739 5045 1164 5112; x_wconf 88' lang='lat' dir='ltr'><strong>destinavit,qui,</strong></span> <span class='ocrx_word' id='word_1_669' title='bbox 1193 5043 1334 5097; x_wconf 91' lang='lat' dir='ltr'><strong>facto</strong></span> <span class='ocrx_word' id='word_1_670' title='bbox 1360 5042 1595 5112; x_wconf 83' lang='lat' dir='ltr'><strong>generali</strong></span> <span class='ocrx_word' id='word_1_671' title='bbox 1617 5039 1922 5110; x_wconf 86' lang='lat' dir='ltr'><strong>Colloquio,</strong></span> <span class='ocrx_word' id='word_1_672' title='bbox 1945 5059 2075 5097; x_wconf 88' lang='lat' dir='ltr'><strong>eau-</strong></span> 
     </span>
    </p>
   </div>
   <div class='ocr_carea' id='block_1_97' title="bbox 519 5133 2073 5204">
    <p class='ocr_par' dir='ltr' id='par_1_97' title="bbox 519 5133 2073 5204">
     <span class='ocr_line' id='line_1_97' title="bbox 519 5133 2073 5204; baseline 0.001 -17"><span class='ocrx_word' id='word_1_673' title='bbox 519 5152 633 5188; x_wconf 77' lang='lat' dir='ltr'><strong>sum</strong></span> <span class='ocrx_word' id='word_1_674' title='bbox 667 5134 832 5204; x_wconf 82' lang='lat' dir='ltr'><strong>Regni</strong></span> <span class='ocrx_word' id='word_1_675' title='bbox 857 5135 1002 5203; x_wconf 87' lang='lat' dir='ltr'><strong>juste</strong></span> <span class='ocrx_word' id='word_1_676' title='bbox 1031 5133 1487 5187; x_wconf 87' lang='lat' dir='ltr'><strong>determinarent:</strong></span> <span class='ocrx_word' id='word_1_677' title='bbox 1525 5141 1577 5186; x_wconf 84' lang='lat' dir='ltr'><strong>et</strong></span> <span class='ocrx_word' id='word_1_678' title='bbox 1609 5147 1797 5187; x_wconf 87' lang='lat' dir='ltr'><strong>omnes</strong></span> <span class='ocrx_word' id='word_1_679' title='bbox 1831 5134 2073 5203; x_wconf 82' lang='lat' dir='ltr'><strong>synodali</strong></span> 
     </span>
    </p>
   </div>
   <div class='ocr_carea' id='block_1_98' title="bbox 522 5221 2077 5292">
    <p class='ocr_par' dir='ltr' id='par_1_98' title="bbox 522 5221 2077 5292">
     <span class='ocr_line' id='line_1_98' title="bbox 522 5221 2077 5292; baseline 0.001 -15"><span class='ocrx_word' id='word_1_680' title='bbox 522 5227 783 5277; x_wconf 78' lang='lat' dir='ltr'><strong>sententia</strong></span> <span class='ocrx_word' id='word_1_681' title='bbox 851 5223 1162 5286; x_wconf 82' lang='lat' dir='ltr'><strong>damnavit,</strong></span> <span class='ocrx_word' id='word_1_682' title='bbox 1233 5224 1560 5292; x_wconf 84' lang='lat' dir='ltr'><strong>quicumque</strong></span> <span class='ocrx_word' id='word_1_683' title='bbox 1620 5221 1938 5291; x_wconf 84' lang='lat' dir='ltr'><strong>impedirent</strong></span> <span class='ocrx_word' id='word_1_684' title='bbox 2009 5239 2077 5279; x_wconf 89' lang='lat' dir='ltr'><strong>ne</strong></span> 
     </span>
    </p>
   </div>
   <div class='ocr_carea' id='block_1_99' title="bbox 521 5311 2074 5381">
    <p class='ocr_par' dir='ltr' id='par_1_99' title="bbox 521 5311 2074 5381">
     <span class='ocr_line' id='line_1_99' title="bbox 521 5311 2074 5381; baseline 0.001 -15"><span class='ocrx_word' id='word_1_685' title='bbox 521 5311 860 5380; x_wconf 80' lang='lat' dir='ltr'><strong>Colloquium</strong></span> <span class='ocrx_word' id='word_1_686' title='bbox 922 5314 1089 5366; x_wconf 81' lang='lat' dir='ltr'><strong>ﬁeret.</strong></span> <span class='ocrx_word' id='word_1_687' title='bbox 1147 5312 1302 5379; x_wconf 84' lang='lat' dir='ltr'><strong>Quod</strong></span> <span class='ocrx_word' id='word_1_688' title='bbox 1358 5311 1673 5381; x_wconf 86' lang='lat' dir='ltr'><strong>Rudolpbus</strong></span> <span class='ocrx_word' id='word_1_689' title='bbox 1722 5312 2074 5368; x_wconf 87' lang='lat' dir='ltr'><strong>libentissime</strong></span> 
     </span>
    </p>
   </div>
   <div class='ocr_carea' id='block_1_100' title="bbox 522 5477 2072 5605">
    <p class='ocr_par' dir='ltr' id='par_1_100' title="bbox 522 5477 2072 5605">
     <span class='ocr_line' id='line_1_100' title="bbox 522 5477 2072 5605; baseline 0.004 -75"><span class='ocrx_word' id='word_1_690' title='bbox 522 5479 760 5605; x_wconf 33' lang='lat' dir='ltr'><strong>coit???)</strong></span> <span class='ocrx_word' id='word_1_691' title='bbox 803 5477 968 5531; x_wconf 88' lang='lat' dir='ltr'><strong>Paulo</strong></span> <span class='ocrx_word' id='word_1_692' title='bbox 995 5496 1205 5534; x_wconf 88' lang='lat' dir='ltr'><strong>numer.</strong></span> <span class='ocrx_word' id='word_1_693' title='bbox 1236 5481 1304 5534; x_wconf 69' lang='grc'><strong>40</strong></span> <span class='ocrx_word' id='word_1_694' title='bbox 1336 5480 1582 5544; x_wconf 76' lang='lat' dir='ltr'><strong>Cincius;</strong></span> <span class='ocrx_word' id='word_1_695' title='bbox 1609 5477 1768 5533; x_wconf 81' lang='lat' dir='ltr'><strong>Petro</strong></span> <span class='ocrx_word' id='word_1_696' title='bbox 1803 5477 2072 5549; x_wconf 89' lang='lat' dir='ltr'><strong>Damiani,</strong></span> 
     </span>
     <span class='ocr_line' id='line_1_101' title="bbox 568 5557 782 5602; baseline -0.014 0"><span class='ocrx_word' id='word_1_697' title='bbox 568 5557 642 5602; x_wconf 76' lang='lat' dir='ltr'><strong>in!</strong></span> <span class='ocrx_word' id='word_1_698' title='bbox 681 5563 782 5599; x_wconf 73' lang='lat' dir='ltr'><strong>ius.</strong></span> 
     </span>
    </p>
   </div>
   <div class='ocr_carea' id='block_1_101' title="bbox 568 5549 782 5602">
    <p class='ocr_par' dir='ltr' id='par_1_101' title="bbox 568 5549 782 5602">
     <span class='ocr_line' id='line_1_102' title="bbox 568 5549 782 5602; baseline -0.014 0"><span class='ocrx_word' id='word_1_699' title='bbox 568 5549 782 5602; x_wconf 72' lang='lat' dir='ltr'><strong>inmitis.</strong></span> 
     </span>
    </p>
   </div>
   <div class='ocr_carea' id='block_1_102' title="bbox 594 5615 2072 5676">
    <p class='ocr_par' dir='ltr' id='par_1_102' title="bbox 594 5615 2072 5676">
     <span class='ocr_line' id='line_1_103' title="bbox 594 5615 2072 5676; baseline 0.005 -8"><span class='ocrx_word' id='word_1_700' title='bbox 594 5617 740 5676; x_wconf 67' lang='lat'><strong>{19.3)</strong></span> <span class='ocrx_word' id='word_1_701' title='bbox 808 5615 1032 5670; x_wconf 75' lang='lat' dir='ltr'><strong>Imbriro</strong></span> <span class='ocrx_word' id='word_1_702' title='bbox 1095 5619 1347 5671; x_wconf 61' lang='lat' dir='ltr'><strong>Auguste</strong></span> <span class='ocrx_word' id='word_1_703' title='bbox 1405 5617 1800 5672; x_wconf 67' lang='lat' dir='ltr'><strong>\‘indelieorum</strong></span> <span class='ocrx_word' id='word_1_704' title='bbox 1859 5628 2072 5675; x_wconf 81' lang='lat' dir='ltr'><strong>creatus</strong></span> 
     </span>
    </p>
   </div>
   <div class='ocr_carea' id='block_1_103' title="bbox 522 5686 2071 5753">
    <p class='ocr_par' dir='ltr' id='par_1_103' title="bbox 522 5686 2071 5753">
     <span class='ocr_line' id='line_1_104' title="bbox 522 5686 2071 5753; baseline 0.003 -13"><span class='ocrx_word' id='word_1_705' title='bbox 522 5687 821 5753; x_wconf 52' lang='lat' dir='ltr'><strong>Epist-opm</strong></span> <span class='ocrx_word' id='word_1_706' title='bbox 867 5689 933 5737; x_wconf 69' lang='lat' dir='ltr'><strong>ab</strong></span> <span class='ocrx_word' id='word_1_707' title='bbox 974 5688 1201 5741; x_wconf 72' lang='lat' dir='ltr'><strong>Henrico</strong></span> <span class='ocrx_word' id='word_1_708' title='bbox 1234 5686 1319 5749; x_wconf 65' lang='grc' dir='ltr'><strong>ιν,</strong></span> <span class='ocrx_word' id='word_1_709' title='bbox 1359 5703 1500 5740; x_wconf 79' lang='lat' dir='ltr'><strong>anno</strong></span> <span class='ocrx_word' id='word_1_710' title='bbox 1540 5688 1691 5749; x_wconf 63' lang='lat'><strong>1065,</strong></span> <span class='ocrx_word' id='word_1_711' title='bbox 1735 5696 1982 5742; x_wconf 83' lang='lat' dir='ltr'><strong>mortuus</strong></span> <span class='ocrx_word' id='word_1_712' title='bbox 2037 5691 2071 5744; x_wconf 82' lang='lat'>5</span> 
     </span>
    </p>
   </div>
   <div class='ocr_carea' id='block_1_104' title="bbox 521 5756 1926 5822">
    <p class='ocr_par' dir='ltr' id='par_1_104' title="bbox 521 5756 1926 5822">
     <span class='ocr_line' id='line_1_105' title="bbox 521 5756 1926 5822; baseline 0.001 -14"><span class='ocrx_word' id='word_1_713' title='bbox 521 5756 748 5822; x_wconf 60' lang='lat' dir='ltr'><strong>Attgolsli</strong></span> <span class='ocrx_word' id='word_1_714' title='bbox 770 5770 916 5808; x_wconf 86' lang='lat' dir='ltr'><strong>anno</strong></span> <span class='ocrx_word' id='word_1_715' title='bbox 962 5759 1158 5820; x_wconf 70' lang='lat' dir='ltr'><strong>1077a</strong></span> <span class='ocrx_word' id='word_1_716' title='bbox 1195 5756 1456 5810; x_wconf 83' lang='lat' dir='ltr'><strong>Bruscbio</strong></span> <span class='ocrx_word' id='word_1_717' title='bbox 1491 5757 1623 5811; x_wconf 86' lang='lat' dir='ltr'><strong>satis</strong></span> <span class='ocrx_word' id='word_1_718' title='bbox 1659 5756 1926 5811; x_wconf 82' lang='lat' dir='ltr'><strong>laudatus.</strong></span> 
     </span>
    </p>
   </div>
   <div class='ocr_carea' id='block_1_105' title="bbox 2175 4600 2319 4645">
    <p class='ocr_par' dir='ltr' id='par_1_105' title="bbox 2175 4600 2319 4645">
     <span class='ocr_line' id='line_1_106' title="bbox 2175 4600 2319 4645; baseline 0.007 -1"><span class='ocrx_word' id='word_1_719' title='bbox 2175 4600 2319 4645; x_wconf 86' lang='lat' dir='ltr'><strong>sunt.</strong></span> 
     </span>
    </p>
   </div>
   <div class='ocr_carea' id='block_1_106' title="bbox 2246 4681 3746 4756">
    <p class='ocr_par' dir='ltr' id='par_1_106' title="bbox 2246 4681 3746 4756">
     <span class='ocr_line' id='line_1_107' title="bbox 2246 4681 3746 4756; baseline 0.005 -19"><span class='ocrx_word' id='word_1_720' title='bbox 2246 4683 2332 4737; x_wconf 75' lang='lat'><strong>12.</strong></span> <span class='ocrx_word' id='word_1_721' title='bbox 2373 4682 2531 4738; x_wconf 78' lang='lat' dir='ltr'><strong>Anno</strong></span> <span class='ocrx_word' id='word_1_722' title='bbox 2554 4681 2709 4748; x_wconf 90' lang='lat'><strong>1080,</strong></span> <span class='ocrx_word' id='word_1_723' title='bbox 2750 4681 3042 4753; x_wconf 85' lang='lat' dir='ltr'><strong>Gregorius</strong></span> <span class='ocrx_word' id='word_1_724' title='bbox 3066 4683 3211 4754; x_wconf 88' lang='lat' dir='ltr'><strong>Papa</strong></span> <span class='ocrx_word' id='word_1_725' title='bbox 3235 4683 3510 4756; x_wconf 78' lang='lat' dir='ltr'><strong>Synodum</strong></span> <span class='ocrx_word' id='word_1_726' title='bbox 3550 4685 3746 4745; x_wconf 73' lang='lat' dir='ltr'><strong>Roma:</strong></span> 
     </span>
    </p>
   </div>
   <div class='ocr_carea' id='block_1_107' title="bbox 2174 4772 3744 4844">
    <p class='ocr_par' dir='ltr' id='par_1_107' title="bbox 2174 4772 3744 4844">
     <span class='ocr_line' id='line_1_108' title="bbox 2174 4772 3744 4844; baseline 0.005 -16"><span class='ocrx_word' id='word_1_727' title='bbox 2174 4789 2360 4828; x_wconf 86' lang='lat' dir='ltr'><strong>mense</strong></span> <span class='ocrx_word' id='word_1_728' title='bbox 2378 4772 2570 4827; x_wconf 79' lang='lat' dir='ltr'><strong>Martio</strong></span> <span class='ocrx_word' id='word_1_729' title='bbox 2593 4772 2827 4841; x_wconf 88' lang='lat' dir='ltr'><strong>collegit,</strong></span> <span class='ocrx_word' id='word_1_730' title='bbox 2863 4773 2932 4826; x_wconf 85' lang='lat' dir='ltr'><strong>ad</strong></span> <span class='ocrx_word' id='word_1_731' title='bbox 2963 4789 3128 4841; x_wconf 87' lang='lat' dir='ltr'><strong>quam</strong></span> <span class='ocrx_word' id='word_1_732' title='bbox 3156 4773 3468 4838; x_wconf 79' lang='lat' dir='ltr'><strong>Teutonicis</strong></span> <span class='ocrx_word' id='word_1_733' title='bbox 3489 4777 3744 4844; x_wconf 83' lang='lat' dir='ltr'><strong>partibus</strong></span> 
     </span>
    </p>
   </div>
   <div class='ocr_carea' id='block_1_108' title="bbox 2173 4860 3746 4935">
    <p class='ocr_par' dir='ltr' id='par_1_108' title="bbox 2173 4860 3746 4935">
     <span class='ocr_line' id='line_1_109' title="bbox 2173 4860 3746 4935; baseline 0.003 -18"><span class='ocrx_word' id='word_1_734' title='bbox 2173 4864 2439 4935; x_wconf 62' lang='lat' dir='ltr'><strong>praedicta:</strong></span> <span class='ocrx_word' id='word_1_735' title='bbox 2496 4861 2650 4917; x_wconf 87' lang='lat' dir='ltr'><strong>Sedis</strong></span> <span class='ocrx_word' id='word_1_736' title='bbox 2715 4860 3036 4931; x_wconf 65' lang='lat' dir='ltr'><strong>Apostolicre</strong></span> <span class='ocrx_word' id='word_1_737' title='bbox 3080 4861 3263 4934; x_wconf 80' lang='lat' dir='ltr'><strong>Legati</strong></span> <span class='ocrx_word' id='word_1_738' title='bbox 3317 4863 3618 4931; x_wconf 79' lang='lat' dir='ltr'><strong>redierunt,</strong></span> <span class='ocrx_word' id='word_1_739' title='bbox 3687 4879 3746 4922; x_wconf 87' lang='lat' dir='ltr'><strong>et</strong></span> 
     </span>
    </p>
   </div>
   <div class='ocr_carea' id='block_1_109' title="bbox 2174 4950 3741 5021">
    <p class='ocr_par' dir='ltr' id='par_1_109' title="bbox 2174 4950 3741 5021">
     <span class='ocr_line' id='line_1_110' title="bbox 2174 4950 3741 5021; baseline 0.002 -13"><span class='ocrx_word' id='word_1_740' title='bbox 2174 4953 2541 5008; x_wconf 85' lang='lat' dir='ltr'><strong>omnimodam</strong></span> <span class='ocrx_word' id='word_1_741' title='bbox 2590 4950 2857 5021; x_wconf 87' lang='lat' dir='ltr'><strong>Rudolpbi</strong></span> <span class='ocrx_word' id='word_1_742' title='bbox 2890 4953 3245 5006; x_wconf 87' lang='lat' dir='ltr'><strong>obedientiam</strong></span> <span class='ocrx_word' id='word_1_743' title='bbox 3288 4963 3343 5008; x_wconf 87' lang='lat' dir='ltr'><strong>et</strong></span> <span class='ocrx_word' id='word_1_744' title='bbox 3380 4951 3596 5010; x_wconf 87' lang='lat' dir='ltr'><strong>Henrici</strong></span> <span class='ocrx_word' id='word_1_745' title='bbox 3649 4955 3741 5011; x_wconf 74' lang='lat' dir='ltr'><strong>in-</strong></span> 
     </span>
    </p>
   </div>
   <div class='ocr_carea' id='block_1_110' title="bbox 2175 5042 3739 5110">
    <p class='ocr_par' dir='ltr' id='par_1_110' title="bbox 2175 5042 3739 5110">
     <span class='ocr_line' id='line_1_111' title="bbox 2175 5042 3739 5110; baseline 0.004 -12"><span class='ocrx_word' id='word_1_746' title='bbox 2175 5043 2534 5098; x_wconf 84' lang='lat' dir='ltr'><strong>obedientiam</strong></span> <span class='ocrx_word' id='word_1_747' title='bbox 2595 5042 2823 5098; x_wconf 85' lang='lat' dir='ltr'><strong>Domino</strong></span> <span class='ocrx_word' id='word_1_748' title='bbox 2882 5042 3192 5110; x_wconf 85' lang='lat' dir='ltr'><strong>Apostolico</strong></span> <span class='ocrx_word' id='word_1_749' title='bbox 3256 5045 3739 5104; x_wconf 86' lang='lat' dir='ltr'><strong>renuntiaverunt:</strong></span> 
     </span>
    </p>
   </div>
   <div class='ocr_carea' id='block_1_111' title="bbox 2175 5129 3741 5204">
    <p class='ocr_par' dir='ltr' id='par_1_111' title="bbox 2175 5129 3741 5204">
     <span class='ocr_line' id='line_1_112' title="bbox 2175 5129 3741 5204; baseline 0.004 -18"><span class='ocrx_word' id='word_1_750' title='bbox 2175 5133 2317 5188; x_wconf 89' lang='lat' dir='ltr'><strong>unde</strong></span> <span class='ocrx_word' id='word_1_751' title='bbox 2334 5133 2447 5202; x_wconf 87' lang='lat' dir='ltr'><strong>ipse</strong></span> <span class='ocrx_word' id='word_1_752' title='bbox 2464 5134 2526 5187; x_wconf 77' lang='lat' dir='ltr'><strong>in</strong></span> <span class='ocrx_word' id='word_1_753' title='bbox 2552 5135 2658 5188; x_wconf 82' lang='lat' dir='ltr'><strong>line</strong></span> <span class='ocrx_word' id='word_1_754' title='bbox 2685 5131 2887 5201; x_wconf 79' lang='lat' dir='ltr'><strong>Synodi</strong></span> <span class='ocrx_word' id='word_1_755' title='bbox 2909 5129 3200 5188; x_wconf 86' lang='lat' dir='ltr'><strong>Henricum</strong></span> <span class='ocrx_word' id='word_1_756' title='bbox 3225 5131 3496 5201; x_wconf 87' lang='lat' dir='ltr'><strong>deposuit,</strong></span> <span class='ocrx_word' id='word_1_757' title='bbox 3526 5133 3741 5204; x_wconf 80' lang='lat' dir='ltr'><strong>ipsum-</strong></span> 
     </span>
    </p>
   </div>
   <div class='ocr_carea' id='block_1_112' title="bbox 2174 5221 3739 5293">
    <p class='ocr_par' dir='ltr' id='par_1_112' title="bbox 2174 5221 3739 5293">
     <span class='ocr_line' id='line_1_113' title="bbox 2174 5221 3739 5293; baseline 0.003 -17"><span class='ocrx_word' id='word_1_758' title='bbox 2174 5238 2280 5291; x_wconf 88' lang='lat' dir='ltr'><strong>que</strong></span> <span class='ocrx_word' id='word_1_759' title='bbox 2300 5237 2424 5276; x_wconf 92' lang='lat' dir='ltr'><strong>cum</strong></span> <span class='ocrx_word' id='word_1_760' title='bbox 2458 5223 2712 5276; x_wconf 90' lang='lat' dir='ltr'><strong>omnibus</strong></span> <span class='ocrx_word' id='word_1_761' title='bbox 2753 5221 2868 5276; x_wconf 90' lang='lat' dir='ltr'><strong>suis</strong></span> <span class='ocrx_word' id='word_1_762' title='bbox 2897 5221 3200 5277; x_wconf 82' lang='lat' dir='ltr'><strong>fautoribus</strong></span> <span class='ocrx_word' id='word_1_763' title='bbox 3240 5222 3739 5293; x_wconf 76' lang='lat' dir='ltr'><strong>anathematitavit,</strong></span> 
     </span>
    </p>
   </div>
   <div class='ocr_carea' id='block_1_113' title="bbox 2175 5309 3738 5386">
    <p class='ocr_par' dir='ltr' id='par_1_113' title="bbox 2175 5309 3738 5386">
     <span class='ocr_line' id='line_1_114' title="bbox 2175 5309 3738 5386; baseline 0.004 -21"><span class='ocrx_word' id='word_1_764' title='bbox 2175 5320 2230 5365; x_wconf 90' lang='lat' dir='ltr'><strong>et</strong></span> <span class='ocrx_word' id='word_1_765' title='bbox 2294 5309 2634 5378; x_wconf 80' lang='lat' dir='ltr'><strong>Rudolplium</strong></span> <span class='ocrx_word' id='word_1_766' title='bbox 2707 5309 3017 5381; x_wconf 83' lang='lat' dir='ltr'><strong>Apostolica</strong></span> <span class='ocrx_word' id='word_1_767' title='bbox 3085 5311 3408 5367; x_wconf 85' lang='lat' dir='ltr'><strong>auctoritate</strong></span> <span class='ocrx_word' id='word_1_768' title='bbox 3462 5313 3518 5367; x_wconf 90' lang='lat' dir='ltr'><strong>in</strong></span> <span class='ocrx_word' id='word_1_769' title='bbox 3584 5317 3738 5386; x_wconf 83' lang='lat' dir='ltr'><strong>regia</strong></span> 
     </span>
    </p>
   </div>
   <div class='ocr_carea' id='block_1_114' title="bbox 2244 5482 3739 5562">
    <p class='ocr_par' dir='ltr' id='par_1_114' title="bbox 2244 5482 3739 5562">
     <span class='ocr_line' id='line_1_115' title="bbox 2244 5482 3739 5562; baseline 0.009 -26"><span class='ocrx_word' id='word_1_770' title='bbox 2244 5484 2413 5562; x_wconf 47' lang='lat'><strong>(1215&#39;)</strong></span> <span class='ocrx_word' id='word_1_771' title='bbox 2437 5482 3027 5562; x_wconf 43' lang='lat' dir='ltr'><strong>Sigheardus,-l{gliello</strong></span> <span class='ocrx_word' id='word_1_772' title='bbox 3052 5487 3330 5562; x_wconf 22' lang='lat' dir='ltr'><strong>Sigia‘rdn‘s</strong></span> <span class='ocrx_word' id='word_1_773' title='bbox 3357 5487 3739 5562; x_wconf 50' lang='lat' dir='ltr'><strong>seuﬁingifren</strong></span> 
     </span>
    </p>
   </div>
   <div class='ocr_carea' id='block_1_115' title="bbox 2173 5507 3615 5622">
    <p class='ocr_par' dir='ltr' id='par_1_115' title="bbox 2173 5507 3615 5622">
     <span class='ocr_line' id='line_1_116' title="bbox 2244 5507 3562 5554; baseline 0.004 -17"><span class='ocrx_word' id='word_1_774' title='bbox 2244 5507 2370 5552; x_wconf 58' lang='grc' dir='ltr'><strong>(ΙΖῘ)</strong></span> <span class='ocrx_word' id='word_1_775' title='bbox 2398 5507 2413 5551; x_wconf 70' lang='grc' dir='ltr'><em>Ι</em></span> <span class='ocrx_word' id='word_1_776' title='bbox 2437 5507 2775 5554; x_wconf 63' lang='grc' dir='ltr'><strong>οιςιηεαταιιδ,</strong></span> <span class='ocrx_word' id='word_1_777' title='bbox 2808 5507 3027 5551; x_wconf 70' lang='lat' dir='ltr'><strong>Dgnle</strong></span> <span class='ocrx_word' id='word_1_778' title='bbox 3052 5507 3330 5553; x_wconf 58' lang='lat' dir='ltr'><strong>O’q’araus</strong></span> <span class='ocrx_word' id='word_1_779' title='bbox 3357 5507 3450 5542; x_wconf 77' lang='lat' dir='ltr'><strong>seu</strong></span> <span class='ocrx_word' id='word_1_780' title='bbox 3469 5507 3562 5543; x_wconf 59' lang='grc' dir='ltr'><strong>ὗῗη</strong></span> 
     </span>
     <span class='ocr_line' id='line_1_117' title="bbox 2173 5507 3615 5622; baseline 0.006 -17"><span class='ocrx_word' id='word_1_781' title='bbox 2173 5554 2293 5614; x_wconf 77' lang='lat' dir='ltr'><strong>dus,</strong></span> <span class='ocrx_word' id='word_1_782' title='bbox 2321 5552 2630 5617; x_wconf 72' lang='lat' dir='ltr'><strong>Germanus,</strong></span> <span class='ocrx_word' id='word_1_783' title='bbox 2669 5554 2880 5622; x_wconf 63' lang='lat' dir='ltr'><strong>praefuit</strong></span> <span class='ocrx_word' id='word_1_784' title='bbox 2909 5559 2976 5610; x_wconf 86' lang='lat' dir='ltr'><strong>ab</strong></span> <span class='ocrx_word' id='word_1_785' title='bbox 3009 5549 3154 5611; x_wconf 79' lang='lat' dir='ltr'><strong>anno</strong></span> <span class='ocrx_word' id='word_1_786' title='bbox 3190 5558 3324 5610; x_wconf 77' lang='lat'><strong>1068</strong></span> <span class='ocrx_word' id='word_1_787' title='bbox 3349 5558 3415 5612; x_wconf 87' lang='lat' dir='ltr'><strong>ad</strong></span> <span class='ocrx_word' id='word_1_788' title='bbox 3453 5507 3615 5615; x_wconf 46' lang='lat'><strong>107?.1</strong></span> 
     </span>
    </p>
   </div>
   <div class='ocr_carea' id='block_1_116' title="bbox 2245 5623 3735 5703">
    <p class='ocr_par' dir='ltr' id='par_1_116' title="bbox 2245 5623 3735 5703">
     <span class='ocr_line' id='line_1_118' title="bbox 2245 5623 3735 5703; baseline 0.007 -27"><span class='ocrx_word' id='word_1_789' title='bbox 2245 5624 2390 5703; x_wconf 72' lang='lat'><strong>(19.1)</strong></span> <span class='ocrx_word' id='word_1_790' title='bbox 2433 5623 2640 5703; x_wconf 51' lang='lat' dir='ltr'><strong>Weccl,</strong></span> <span class='ocrx_word' id='word_1_791' title='bbox 2681 5624 2732 5676; x_wconf 93' lang='lat' dir='ltr'><strong>in</strong></span> <span class='ocrx_word' id='word_1_792' title='bbox 2777 5627 2955 5694; x_wconf 84' lang='lat' dir='ltr'><strong>priore</strong></span> <span class='ocrx_word' id='word_1_793' title='bbox 3005 5626 3124 5680; x_wconf 77' lang='lat' dir='ltr'><strong>Vita</strong></span> <span class='ocrx_word' id='word_1_794' title='bbox 3167 5625 3531 5684; x_wconf 61' lang='lat' dir='ltr'><strong>Werinltarius</strong></span> <span class='ocrx_word' id='word_1_795' title='bbox 3562 5633 3735 5703; x_wconf 73' lang='lat' dir='ltr'><strong>capit.</strong></span> 
     </span>
    </p>
   </div>
   <div class='ocr_carea' id='block_1_117' title="bbox 2178 5693 3480 5832">
    <p class='ocr_par' dir='ltr' id='par_1_117' title="bbox 2178 5693 3480 5832">
     <span class='ocr_line' id='line_1_119' title="bbox 2178 5693 2944 5754; baseline 0 -8"><span class='ocrx_word' id='word_1_796' title='bbox 2178 5693 2261 5754; x_wconf 69' lang='lat'><strong>12,</strong></span> <span class='ocrx_word' id='word_1_797' title='bbox 2302 5702 2412 5746; x_wconf 86' lang='lat' dir='ltr'><strong>not.</strong></span> <span class='ocrx_word' id='word_1_798' title='bbox 2455 5694 2514 5746; x_wconf 86' lang='lat'><strong>9|</strong></span> <span class='ocrx_word' id='word_1_799' title='bbox 2938 5740 2944 5746; x_wconf 92' lang='lat'><strong>.</strong></span> 
     </span>
     <span class='ocr_line' id='line_1_120' title="bbox 2249 5760 3480 5832; baseline 0.006 -19"><span class='ocrx_word' id='word_1_800' title='bbox 2249 5762 2416 5830; x_wconf 57' lang='grc' dir='ltr'><strong>(ΕΓ)</strong></span> <span class='ocrx_word' id='word_1_801' title='bbox 2458 5760 2782 5826; x_wconf 68' lang='lat' dir='ltr'><strong>Adelbertns,</strong></span> <span class='ocrx_word' id='word_1_802' title='bbox 2810 5763 2875 5815; x_wconf 89' lang='lat' dir='ltr'><strong>de</strong></span> <span class='ocrx_word' id='word_1_803' title='bbox 2907 5779 3015 5832; x_wconf 87' lang='lat' dir='ltr'><strong>quo</strong></span> <span class='ocrx_word' id='word_1_804' title='bbox 3049 5763 3243 5818; x_wconf 69' lang='lat' dir='ltr'><strong>ibidem</strong></span> <span class='ocrx_word' id='word_1_805' title='bbox 3278 5774 3480 5820; x_wconf 81' lang='lat' dir='ltr'><strong>actum.</strong></span> 
     </span>
    </p>
   </div>
   <div class='ocr_carea' id='block_1_118' title="bbox 3699 5676 3864 6376">
    <p class='ocr_par' dir='ltr' id='par_1_118' title="bbox 3699 5676 3856 6376">
     <span class='ocr_line' id='line_1_121' title="bbox 3699 5676 3856 6376; baseline 0 0"><span class='ocrx_word' id='word_1_806' title='bbox 3699 5676 3856 6376; x_wconf 71' lang='lat' dir='ltr'><strong>l</strong></span> 
     </span>
    </p>
   </div>
  </div>
