3902 6378
544 434 654 508 ιιι

1758 419 1813 472 S.
1840 413 2238 473 (LREGORICS
2261 410 2346 462 \‘ll
2374 408 2561 462 PAPA.

3729 30 3902 340 Ἶ

3670 413 3769 467 ll!

545 550 804 604 noramus
833 557 1010 606 tamen
1037 517 1179 614 Papa
1204 540 1481 612 Synodum
1504 539 1678 593 tribus
1697 536 1887 590 diebus
1917 535 2097 588 solen-
2131 536 2174 587 Α
2201 527 2340 580 bello
2370 531 2707 593 appeteret...
2730 521 2832 576 Sed
2873 521 3435 614 Henricusrat'ceptam
3457 525 3770 594 pecuniam,

545 644 683 704 nite:
711 639 1032 702 celebravit;
1061 646 1140 699 et,
1177 651 1242 689 nc
1267 633 1558 688 llenricum
1577 632 1770 684 iterum
1801 626 2104 696 specialiter

545 710 1048 794 anathematizaret,
1079 729 1165 780 vix
1189 743 1218 780 a
1249 725 1468 796 Synodo
1486 728 1843 778 cstexoratns
1869 738 1880 770 :
1912 731 2104 770 omnes

547 835 723 876 tamen
751 819 1260 881 cxcommunieavit,
1289 817 1615 886 quicumque
1645 813 1878 880 aliquem
1927 807 1993 862 ad
2045 805 2100 858 S.

547 913 760 968 Petrum
773 923 824 966 et
838 911 1034 980 Papam
1052 910 1345 963 venientem
1370 906 1912 980 impedirentqnoquo
1925 897 2102 952 modo.

620 1005 704 1058 l6.
747 976 853 1057 Sed
889 975 999 1072 jam
1031 1002 1244 1056 advenit
1270 975 1534 1054 terminus
1562 997 1626 1050 ad
1656 975 2104 1064 que’tfRomani,

547 1096 820 1150 nescit-nte
859 1093 1029 1162 Papa,
1071 1094 1174 1146 hoc
1210 1090 1442 1144 llenrico
1478 1104 1536 1142 se
1569 1087 1858 1141 ell‘..-cturos
1882 1084 2104 1152 jurave-

516 1186 524 1214 λ
553 1197 690 1250 rant,
718 1195 774 1239 ut
799 1201 920 1238 eum
949 1183 1242 1254 Gregorius
1266 1181 1406 1251 Papa
1436 1181 1786 1254 incoronaret
1806 1218 1819 1239 ,
1847 1182 1940 1228 aut
1971 1173 2109 1226 alius

549 1295 708 1347 quem
732 1278 830 1346 ipsi
861 1277 951 1328 illo
971 1277 1195 1344 expulso
1216 1275 1491 1343 eligerent.
1523 1269 1678 1336 Quod
1701 1269 2108 1337 juramentutn,

551 1368 674 1422 licet
698 1369 750 1422 in
773 1367 1040 1437 praeterita
1062 1374 1244 1420 (estate
1273 1364 1473 1417 factum
1505 1361 1687 1424 fuerit,
1713 1373 1902 1412 omnes
1933 1367 2110 1410 tamen

552 1459 773 1512 intimos
809 1472 958 1526 papa:
985 1472 1156 1525 usque
1183 1455 1247 1508 ad
1269 1455 1557 1506 terminum
1582 1466 1714 1531 pene
1733 1450 1907 1502 latuit.
1939 1447 2115 1500 Adve-

555 1551 732 1603 niente
774 1564 902 1618 ergo
943 1548 1204 1612 termino,
1259 1544 1486 1599 Romani
1527 1542 1685 1611 Papae
1717 1543 2113 1609 dejuramento

555 1638 1067 1710 manifestavernnt,
1096 1639 1335 1692 dicentes
1377 1653 1434 1690 sc
1475 1637 1577 1688 hoc
1619 1635 1870 1704 jztrasse,
1895 1649 2012 1701 non
2058 1639 2116 1684 ut

554 1729 697 1800 Papa
719 1731 1011 1785 solenniter
1033 1729 1196 1799 regali
1219 1727 1471 1780 unctione
1495 1728 1857 1790 incoronarcl,
1879 1712 1975 1780 sed
1999 1735 2117 1778 tan-

555 1831 668 1877 tum
698 1823 1016 1892 simpliciter
1056 1830 1114 1874 ut
1149 1822 1196 1876 ci
1239 1820 1512 1876 Coronam
1542 1820 1713 1873 daret.
1746 1819 1949 1870 Annuit
1987 1833 2117 1887 ergo

555 1912 696 1982 l‘apa
729 1930 918 1968 eorum
958 1913 1097 1967 votis
1119 1956 1133 1977 ,
1162 1923 1217 1966 ut.
1249 1929 1344 1965 eos
1370 1929 1398 1965 a
1424 1914 1730 1981 iuramento
1772 1911 2080 1965 absolveret
2099 1952 2113 1976 ,

555 2005 606 2058 vi
628 2005 800 2059 lelieet
822 2003 1084 2066 llenrieo,
1129 2006 1173 2058 si
1203 2005 1359 2057 vellet
1394 2020 1516 2058 cum
1538 2003 1779 2071 justitia,
1804 2003 1888 2057 sin
1935 2005 2144 2072 auteniv

557 2113 680 2150 cum
719 2097 1127 2158 maledictione,
1171 2097 1443 2149 Coronam
1484 2093 1847 2157 daret.,Unde
1889 2094 2117 2149 Romam

562 2187 952 2251 mandaverunt
994 2197 1051 2239 nt
1095 2188 1301 2240 veniret
1333 2188 1398 2239 ad
1439 2186 1809 2255 accipiendam
1846 2185 2118 2240 Coronam

557 2293 680 2332 cum
701 2278 910 2346 justitia
947 2277 991 2332 si
1022 2277 1211 2340 vellet;
1242 2277 1324 2331 sin
1350 2287 1552 2342 autem,
1577 2278 1643 2330 de
1664 2278 1886 2331 castello
1916 2277 1971 2331 S.
2003 2279 2117 2333 An-

559 2369 660 2438 gcli
689 2385 784 2438 per
799 2369 1005 2440 virgam
1035 2369 1136 2422 sibi
1167 2369 1461 2423 demissam
1492 2386 1521 2422 a
1546 2368 1688 2438 Papa
1718 2370 1996 2438 reciperet.
2017 2370 2120 2424 Sed

559 2459 793 2515 Henrico
842 2470 1131 2530 utrumque
1177 2469 1495 2523 recusante,
1545 2461 1712 2513 alium
1760 2459 2017 2530 Legatum
2045 2462 2120 2515 illi

560 2552 820 2615 direxere.
857 2553 998 2622 qqu
1015 2551 1334 2620 juraverint,
1360 2567 1456 2605 nec
1484 2566 1541 2604 se
1566 2565 1632 2603 eo
1645 2551 1957 2618 juramento
1982 2553 2120 2607 deti-

563 2644 676 2696 neri
708 2643 976 2698 obnosios
1005 2661 1015 2694 :
1050 2643 1213 2711 igitur
1243 2641 1472 2695 Domino
1500 2641 1659 2711 Papa:
1683 2643 1853 2695 multo
1879 2643 2088 2703 ﬁrmius
2107 2687 2120 2707 ,

562 2749 724 2802 quam
759 2733 996 2802 pridem,
1037 2733 1266 2787 consilio
1303 2743 1354 2786 et
1395 2733 1598 2787 auxilio
1643 2733 1938 2787 adhaesere.
1971 2719 2121 2789 'llen-

564 2825 712 2880 ricns
740 2835 916 2880 autem
948 2826 1117 2879 multo
1141 2827 1454 2891 instantius,
1479 2841 1578 2894 pro
1601 2826 1680 2882 eis
1710 2842 1822 2881 suze
1856 2828 1993 2895 parti
2024 2843 2122 2897 ap-

564 2918 852 2986 plicandis,
875 2933 1018 2970 nunc
1045 2917 1323 2982 minando,
1345 2933 1489 2972 nunc
1516 2919 1876 2988 promittendo
1905 2919 2123 2975 labora-

565 3009 672 3069 vit;
717 3011 1055 3077 multumque
1101 3017 1314 3077 tempus
1366 3009 1510 3062 circa
1568 3009 1794 3064 Romam
1845 3021 2123 3079 moratus,

567 3098 692 3153 huic
725 3099 941 3169 negotio
977 3099 1291 3169 invigilat-it.
1339 3098 1442 3154 Sed
1486 3101 1600 3170 jam
1640 3103 1918 3170 septennio
1955 3112 2124 3158 totum

2151 1865 2192 1919 B

568 3188 871 3245 Romanum
910 3192 1194 3262 imperium
1225 3191 1367 3246 civili
1400 3191 1572 3258 bello,
1613 3193 1781 3246 nimio
1815 3194 2126 3251 schismatis
2155 3194 2196 3250 C

567 3281 1110 3344 «lissidiolaboravit,
1136 3283 1257 3336 aliis
1287 3283 1504 3350 quidem
1530 3282 1760 3337 Domino
1794 3287 2126 3353 Apostolico,

569 3372 688 3425 aliis
713 3383 892 3427 autem
917 3371 1148 3427 llenrico
1177 3371 1482 3428 faventibus
1503 3416 1518 3438 ,
1548 3384 1602 3429 et
1627 3375 1698 3428 ob
1721 3375 1828 3430 hoc
1859 3377 2132 3447 utrimque

572 3472 742 3515 totum
767 3461 1008 3533 Regnum
1032 3465 1229 3532 praeda,
1245 3465 1386 3518 l'crro
1409 3473 1462 3518 et
1490 3464 1612 3534 igne
1627 3466 2013 3520 miserabiliter
2034 3468 2131 3523 de-

569 3554 929 3607 vastantibus.
962 3553 1279 3610 Paucissimi
1319 3553 1584 3609 Catholici
1605 3555 1857 3626 Episcopi
1886 3573 1951 3611 ex
1979 3568 2133 3627 parte

570 3642 864 3713 Apostolici
919 3654 1334 3700 remanserunt:
1384 3647 1477 3716 qui
1525 3655 1578 3701 et
1619 3648 1855 3717 propriis
1904 3645 2135 3705 Sedibus

571 3751 634 3789 cx
643 3735 803 3804 pulsi,
821 3737 936 3790 suis
966 3738 1218 3808 gregibus
1237 3739 1516 3805 providere
1540 3756 1646 3794 non
1667 3742 2133 3809 permittebantur.

572 3825 912 3896 Quapropter
939 3843 1129 3883 omnes
1172 3821 1307 3897 pene
1344 3828 1603 3898 religiosi,
1635 3831 1750 3886 sive
1785 3830 1982 3888 Clerici
2021 3835 2136 3889 sive

579 3918 734 3980 laici,
777 3919 828 3970 in
867 3919 1047 3986 aliqua
1084 3910 1541 3974 monasteriorum
1566 3899 1790 3976 latibula
1822 3922 2165 3992 hujusmodi‘

576 4009 718 4061 mala
773 4008 1178 4064 declinaverunt
1225 4029 1235 4062 :
1290 4025 1357 4064 ne
1410 4011 1661 4066 videlicet
1711 4014 2138 4070 devastationem

579 4109 778 4155 sanrtu:
823 4099 1077 4157 Ecclesiae
1111 4111 1425 4167 cernerent,
1451 4103 1538 4156 cui
1578 4104 1631 4158 in
1663 4103 1813 4159 nullo
1835 4104 2141 4160 adminicu-

580 4191 678 4242 lari
704 4201 958 4259 possent:
999 4193 1171 4246 satius
1195 4194 1339 4245 enim
1374 4195 1479 4250 illis
1502 4196 1818 4262 videbatur,
1850 4204 1908 4249 ut
1949 4196 2143 4252 saltem

582 4281 791 4350 seipsos
831 4282 1195 4338 delitescendo
1233 4285 1505 4338 salvarent
1552 4302 1716 4355 quam
1772 4304 1870 4357 pro
1910 4289 2031 4344 aliis
2061 4290 2144 4344 iu—

581 4387 798 4426 cassum
827 4375 1144 4440 laborando,
1169 4391 1293 4429 cum
1315 4375 1519 4429 eisdem
1548 4377 1815 4445 perirent.

2207 633 2311 671 non
2343 617 2396 669 in
2428 616 2765 683 procinctum
2795 622 2984 667 contra
3009 611 3400 678 Ruodbertum,
3437 614 3582 684 quod
3609 616 3769 685 jura-

2208 716 2388 760 mento
2419 706 2709 774 promisit,
2751 704 2842 759 sed
2881 704 2948 758 ad
2983 705 3381 759 conciliandum
3423 706 3526 760 sibi
3577 707 3773 778 vulgus

2209 797 2514 851 Romanum
2545 795 2796 864 expendit
2831 813 2842 846 :
2887 795 3047 864 cujus
3087 795 3358 863 adjutorio
3405 795 3772 851 Lateranense

2209 888 2467 956 palatium
2500 886 2632 940 feria
2674 886 2862 954 quinta
2907 894 3031 938 ante
3079 884 3333 950 Palmas,
3374 901 3498 940 cum
3539 901 3642 941 Suo
3665 884 3775 940 Ra—

2209 985 2438 1032 vennate
2452 976 2709 1031 Guiberto
2731 1017 2747 1042 ,
2771 975 3009 1029 intravit.
3047 973 3266 1030 Nobiles
3298 984 3478 1031 autem
3502 976 3773 1042 Romani,

2211 1077 2403 1138 praeter
2423 1068 2713 1122 admodum
2739 1057 2960 1135 paucos,
2993 1081 3117 1120 cum
3141 1065 3374 1121 Domino
3394 1066 3537 1137 Papa
3563 1065 3774 1136 Grego-
3813 1097 3845 1117 _..

2212 1160 2291 1212 rio
2313 1168 2630 1222 tenuerunt,
2673 1157 2765 1227 qui
2805 1165 2859 1211 et
2897 1156 3258 1226 quadraginta
3293 1157 3510 1213 obsides
3532 1158 3581 1213 ei
3607 1143 3775 1212 dede-

2212 1259 2356 1312 runt,
2388 1246 2532 1318 Papa
2559 1257 2739 1300 autem
2765 1248 2819 1300 in
2853 1247 3135 1300 castellum
3159 1245 3214 1301 S.
3243 1248 3426 1317 Angeli
3455 1247 3741 1318 serecepit
3761 1288 3776 1308 ,

2212 1354 2508 1408 omnesque
2529 1324 2812 1392 Tibcridos
2833 1346 3025 1406 pontes
3046 1347 3098 1390 et
3117 1326 3382 1392 firmiores
3406 1337 3776 1392 Romanorum

2213 1430 2546 1483 munitiones
2582 1413 2640 1482 in.
2674 1444 2772 1482 sua
2808 1427 3044 1481 obtinuit
3067 1437 3350 1496 potestate.
3383 1427 3440 1482 In
3463 1428 3548 1482 die
3568 1427 3777 1483 Resur-

2215 1519 2473 1575 rec-tionis
2507 1519 2801 1574 Dominicze
2837 1518 3131 1584 llenricus,
3172 1520 3240 1572 ab
3278 1520 3632 1575 hmresiarcha
3676 1536 3781 1574 suo

2217 1610 2526 1664 Ravennate
2549 1653 2563 1675 ,
2610 1609 2881 1664 Coronam
2927 1624 3034 1662 non
3065 1609 3268 1678 glorim,
3292 1611 3386 1663 sed
3438 1610 3780 1666 confusionis

2217 1704 2487 1770 accepit...
2521 1701 2649 1754 Erat
2675 1701 2817 1754 enim
2846 1701 2956 1768 ipso
2995 1699 3281 1753 Ravennas
3303 1699 3778 1770 ArchiepiscOpus.

2217 1802 2268 1846 et
2297 1792 2664 1845 omnimodatn
2709 1790 3071 1856 obedientiam
3109 1789 3354 1844 Romano
3386 1789 3637 1860 Pontilici
3685 1793 3779 1860 ju—

2219 1884 2628 1952 ravit,quamet
2649 1883 2796 1934 nullo
2822 1889 3060 1949 tempore
3095 1879 3325 1934 ﬁdeliter
3366 1890 3627 1937 executus
3667 1892 3779 1946 est;

2221 1975 2312 2030 scd
2329 1989 2434 2029 non
2461 1975 2631 2027 multo
2648 1981 2790 2042 post,
2812 1981 2995 2041 spreto
3011 1971 3341 2040 juramento,
3367 1972 3626 2043 singulari
3648 1988 3782 2026 con-

2221 2065 2666 2124 tumeliacontra
2703 2063 3069 2132 Apostolicam
3117 2060 3307 2115 Sedeat
3330 2063 3556 2132 erigitur
3587 2081 3604 2116 :
3644 2064 3785 2117 unde

2221 2156 2289 2210 ab
2317 2155 2624 2224 Apostoliea
2660 2153 2797 2223 Sede
2830 2163 2884 2207 et
2921 2153 2990 2207 ab
3020 2151 3507 2232 EpiSCOpiS‘IOIiUS
3529 2153 3788 2209 Ecclesiae

2221 2247 2277 2299 in
2314 2245 2556 2323 Romana
2590 2245 2836 2316 Synodo,
2870 2239 3002 2312 post
3029 2243 3322 2297 canonicas
3346 2243 3622 2308 inducias,
3652 2245 3787 2298 irre-

2222 2335 2600 2404 cuperabiliter
2625 2335 2913 2403 deponitur
2932 2341 2986 2385 et
3005 2333 3495 2387 anathematizatur
3519 2352 3532 2388 :
3563 2349 3663 2388 nec
3685 2335 3788 2388 hoc

2223 2427 2410 2489 semel,
2443 2441 2540 2479 nec
2573 2427 2626 2479 in
2659 2441 2765 2479 una
2789 2423 3027 2494 Synodo,
3058 2423 3151 2477 sed
3180 2423 3232 2475 in
3257 2418 3510 2477 Omnibus
3535 2423 3786 2494 Synodis,

2224 2525 2492 2586 quotquot
2529 2517 2581 2570 in
2607 2514 2867 2571 sexennio
2895 2513 3081 2567 Romae
3109 2512 3390 2567 celebrata:
3414 2523 3607 2584 sunt...
3640 2511 3788 2581 Qua-

2226 2618 2443 2677 propter
2467 2617 2520 2661 et
2547 2607 2808 2661 Henricus
2830 2605 2900 2660 ab
2919 2605 3108 2658 eodem
3163 2605 3516 2659 incoronatus
3555 2606 3785 2660 damna-

2227 2699 2429 2750 tionem
2463 2699 2583 2766 ejus
2618 2697 2951 2750 hereditasse
2994 2709 3103 2747 non
3131 2694 3428 2758 dubitatur,
3455 2695 3706 2749 similiter
3739 2706 3790 2750 et

2227 2804 2416 2841 omnes
2441 2831 2455 2852 ,
2482 2793 2813 2863 quicumque
2841 2785 3043 2855 aliquid
3068 2825 3083 2849 ,
3128 2785 3270 2857 quod
3305 2800 3346 2857 ag
3380 2783 3612 2839 Domino
3647 2784 3789 2856 Papa

2228 2879 2632 2948 suscipiendum
2673 2886 2844 2940 esset,
2886 2892 2918 2930 a
2942 2875 3199 2944 prmdicto
3225 2875 3588 2931 haeresiarcha
3633 2878 3789 2946 quasi

2229 2978 2541 3039 susceptum
2580 2975 2999 3038 usurpaverant.
3045 2964 3360 3020 Morabatur
3384 2974 3568 3020 autem
3604 2965 3792 3020 Henri-

2229 3075 2327 3114 cus
2354 3060 2407 3112 in
2437 3057 2790 3114 Lateranensi
2816 3057 3019 3131 palatio
3053 3071 3176 3110 cum
3211 3055 3522 3110 Ravennate
3547 3072 3667 3120 suo,
3696 3072 3792 3110 nec

2229 3167 2262 3206 a
2287 3150 2532 3205 lldelibus
2565 3149 2723 3220 Papa:
2755 3163 2850 3218 per
2873 3148 3143 3202 civitatem
3174 3146 3241 3200 ad
3267 3145 3321 3199 S.
3351 3145 3567 3201 Petrum
3619 3157 3792 3201 trans.

2234 3243 2313 3295 ire
2357 3242 2770 3310 permittebatur
2801 3259 2814 3294 :
2840 3240 2934 3295 sed
2965 3239 3170 3316 inﬁpsa
3197 3237 3440 3292 Paschali
3465 3238 3792 3292 hebdomada

2233 3332 2416 3385 ﬁdeles
2443 3332 2774 3401 aggreditur,
2805 3331 2861 3384 in
2896 3345 3003 3399 qua
3028 3329 3413 3397 congressione
3438 3327 3795 3399 quadraginta

2234 3437 2370 3492 pene
2401 3422 2542 3476 inter
2574 3431 2820 3476 mortuos
2845 3430 2899 3475 et
2927 3420 3241 3474 vulneratos
3265 3417 3497 3488 perdidit
3521 3419 3677 3488 (nam
3711 3433 3794 3475 re-

2234 3513 2365 3581 liqui
2390 3511 2686 3582 fugerunt),
2726 3527 2792 3566 ex
2828 3520 2979 3580 parte
3021 3519 3200 3563 autem
3255 3508 3472 3562 Domini
3518 3507 3676 3578 Papae
3703 3523 3796 3562 nec

2236 3602 2379 3655 unus
2402 3602 2612 3656 cecidit.

2310 3693 2393 3746 18.
2439 3692 2706 3747 Robertus
2732 3691 3072 3756 Wiscardus,
3105 3689 3221 3743 Dux
3249 3687 3722 3754 Normannorum,
3747 3690 3794 3742 in

2239 3784 2516 3837 servitium
2558 3783 2617 3836 S.
2647 3783 2755 3836 Pet
2775 3783 2792 3834 i
2812 3824 2825 3846 ,
2852 3790 2975 3852 post
3004 3780 3272 3835 Kalendas
3294 3780 3419 3834 Maii
3453 3779 3680 3834 Romam
3711 3796 3797 3834 ar-

2240 3883 2385 3926 mata
2421 3889 2584 3927 manu
2639 3874 2864 3938 invasit,
2899 3872 3194 3944 fugatoque
3239 3869 3472 3925 Henrico
3511 3879 3678 3925 totam
3701 3869 3797 3925 Ur—

2244 3965 2384 4029 bem,
2409 3965 2668 4034 Gregorio
2689 3964 2847 4033 Papae
2870 3964 3141 4028 rebellem,
3159 3963 3373 4031 penitus
3397 3964 3734 4033 exspoliavit,
3751 3972 3798 4016 et

2244 4057 2505 4123 majorem
2552 4055 2670 4122 ejus
2720 4062 2929 4122 partem
2977 4053 3085 4124 igni
3129 4054 3472 4128 consumpsit
3529 4052 3695 4124 (130),
3738 4069 3797 4107 eo

2242 4143 2388 4213 quod
2412 4143 2641 4198 Romani
2661 4144 2950 4214 quemdam
2972 4144 3090 4214 ejus
3119 4144 3345 4198 militem
3367 4145 3796 4198 vulneraverunt.

2247 4232 2449 4289 Deinde
2487 4235 2722 4304 acceptis
2751 4235 3032 4290 obsidibus
3059 4250 3088 4288 a
3121 4233 3412 4300 Romanis,
3435 4243 3490 4289 et
3510 4234 3565 4288 in
3587 4235 3819 4291 castello

2250 4326 2305 4379 S.
2331 4327 2537 4396 Angeli,
2574 4327 2717 4396 quod
2747 4327 2968 4380 domum
2991 4325 3310 4380 Theoderici
3334 4326 3540 4392 dicunt,
3563 4343 3797 4383 reserva—

2247 4417 2348 4481 tis,
2374 4417 2486 4486 ipse
2508 4417 2573 4470 ad
2598 4415 3021 4486 recuperandam
3053 4424 3253 4470 terram
3292 4416 3349 4470 S.
3382 4415 3528 4471 Petri
3560 4432 3798 4471 reversu-

658 4482 739 4535 17.
783 4483 1412 4594 dnuo-IOSll‘Heuricus
1447 4478 1502 4594 in
1531 4487 1902 4544 Romanorum
1946 4492 2148 4594 ﬁnibus
2181 4541 2225 4594 ι)
2249 4478 2462 4572 τυέίίη
2503 4507 2651 4561 brevi
2686 4478 2918 4575 plurima
2962 4507 3183 4560 castella
3211 4516 3266 4560 et
3301 4506 3552 4562 civitates
3581 4506 3798 4562 Domino

586 4573 860 4640 hiemavit,
892 4576 1073 4646 ibique
1104 4576 1421 4632 Guibertum
1453 4578 1820 4635 Ravennatem
1849 4598 2008 4637 suum
2042 4582 2148 4638 Ro—
2185 4573 2224 4594 ”
2251 4597 2408 4666 Pap-g
2437 4573 2794 4667 τεουρειιένίι,
2829 4595 3094 4652 Henricus
3129 4605 3308 4651 autem
3341 4595 3654 4654 Βυοάδει-ιο
3672 4600 3798 4653 mi-

588 4678 734 4716 mam
780 4676 1062 4758 venturum
1097 4671 1431 4739 expectavit,
1466 4679 1534 4724 ut
1572 4671 1642 4724 ab
1669 4687 1734 4725 eo
1760 4675 1903 4742 apud
1951 4674 2006 4729 S.
2048 4674 2151 4731 Pe-
2177 4677 2190 4693 '
2253 4697 2394 4744 stcre
2416 4705 2523 4744 non
2562 4689 2775 4752 valens,
2803 4688 2868 4742 ad
2892 4697 3073 4758 partes
3107 4688 3530 4743 Teutonicorum
3570 4691 3701 4745 satis
3727 4687 3798 4742 fe-

589 4762 736 4809 trum
781 4755 1228 4824 incoronarctur,.
1265 4776 1330 4816 eo
1380 4763 1525 4832 quod
1573 4763 1892 4835 Gregorium
1953 4764 2154 4837 Papam

573 4847 656 4934 Αιιά
704 4848 804 4902 hoc
837 4849 1050 4904 ﬂectere
1103 4838 1209 4904 non
1259 4862 1460 4919 posset,
1495 4865 1547 4908 et
1580 4872 1702 4910 eum
1723 4899 1738 4924 ,
1777 4859 1884 4913 nisi
1918 4859 2154 4930 legitime

593 4939 998 4994 reconciliatum
1025 4983 1039 5006 ,
1089 4942 1413 5001 incoronare
1465 4945 1782 5007 vellet._'ﬂis
1818 4952 2153 5019 temporibus

592 5024 1228 5098 ConstantinOpolitatms
1277 5035 1570 5090 maximam
1609 5038 1896 5108 pecuniam
1925 5039 2155 5098 Henrico

593 5119 869 5187 quondam
931 5119 1064 5190 Regi
1128 5127 1475 5196 transmisit,
1525 5139 1584 5183 ut
1642 5129 2014 5188 Ruodbertum
2040 5131 2156 5188 Wi-

595 5211 1004 5281 scardmn(129)
1021 5213 1218 5268 Ducem
1232 5215 1558 5290 Calabrimfet
1569 5219 1797 5288 Apulie,
1809 5225 2155 5292 conjuratum

597 5317 630 5354 ιι
656 5301 822 5354 ilitem
863 5301 1073 5356 Domini
1102 5305 1288 5376 νίψω,
1313 5307 1365 5360 in
1398 5308 1657 5363 ultionem
1693 5311 1937 5367 eius’dcm
1964 5313 2153 5385 Regis,

602 5455 1121 5590 mélggi’gobcrtus
1146 5457 1476 5517 Guiscardus
1511 5479 1660 5536 anno
1690 5456 1834 5518 1080"
1849 5470 2163 5524 reconcilia-

671 5592 817 5656 H30)
858 5593 962 5670 Ι.ςο
989 5596 1256 5670 Ostiensis
1287 5597 1376 5670 lib.
1407 5616 1464 5652 ιιι
1488 5610 1605 5670 cap.
1639 5605 1707 5658 53
1741 5605 1881 5659 hanc
1930 5604 2162 5664 incendii

601 5678 821 5750 causam
849 5666 999 5750 alii-rt
1025 5685 1043 5746 ε
1077 5666 1156 5720 ha:
1182 5668 1420 5750 consilio,
1457 5666 1673 5750 inqitit,‘
1693 5672 1870 5750 Cenrii
1896 5674 2161 5729 Romam-

605 5747 722 5793 rum
744 5731 984 5814 (ςψιειιζὶδ
1018 5736 1183 5804 ignem
1219 5755 1272 5816 tu
1317 5735 1505 5791 Urbem
1527 5731 1766 5796 immisit.
1797 5743 2020 5797 Romani
2060 5748 2164 5816 igi-

603 5811 688 5849 ιμι·
723 5806 1065 5871 ›·ε.ἱη‹›ρὶηπε(ι
1083 5808 1326 5873 prrt‘n‘lsi,
1347 5825 1408 5862 ar
1423 5811 1475 5862 in
1499 5812 1614 5880 igne
1641 5812 2012 5882 exstinguenda
2041 5806 2163 5868 dum

2254 4779 2879 4832 stinanterrevertitur...
2899 4778 3160 4834 Dominus
3188 4789 3367 4832 autem
3393 4778 3562 4849 Papa,
3587 4782 3799 4837 collecta

2256 4869 2473 4939 Synodo
2494 4911 2508 4933 ,
2541 4871 2735 4923 iterum
2771 4871 3094 4924 sententiam
3117 4869 3478 4926 auathematis
3509 4873 3562 4926 in
3586 4870 3798 4926 Guiber-

2256 4970 2370 5014 tum
2418 4959 2834 5014 haeresiarcbam
2875 4969 2930 5014 et
2976 4959 3268 5014 Henricum
3311 4971 3364 5015 et
3402 4978 3595 5018 omnes
3627 4978 3802 5017 eorum

2257 5049 2496 5104 fautores
2540 5051 2902 5119 promulgavit
2931 5069 2943 5102 :
2985 5051 3130 5120 quod
3165 5061 3220 5105 et
3246 5052 3300 5105 in
3331 5050 3471 5105 festo
3510 5051 3568 5107 S.
3593 5051 3801 5109 Joannis

2257 5139 2512 5209 Baptista:
2562 5141 2835 5210 prieterito
2871 5140 2984 5208 jam
3037 5143 3242 5196 dttdum
3277 5141 3471 5197 Roma:
3503 5142 3662 5212 fecit,
3691 5159 3800 5199 cum

2260 5227 2521 5284 Hearicus
2550 5223 2728 5284 adhuc
2748 5231 2821 5283 ibi
2846 5241 3165 5286 moraretur.
3193 5230 3346 5287 Hanc
3373 5237 3692 5291 sententiam
3713 5233 3802 5287 Le-

2260 5320 2368 5388 gati
2410 5319 2565 5373 Sedis
2605 5321 2961 5389 Apostolieaa,
2987 5322 3236 5376 videlicet
3271 5323 3467 5380 Petrus
3499 5322 3802 5395 Albanensis

2257 5480 2426 5527 essent
2451 5478 2656 5539 mlcnli,
2688 5475 2811 5528 Dux
2846 5476 3117 5543 confestim
3139 5495 3258 5532 cum
3285 5480 3515 5532 exercitu
3549 5479 3619 5533 nd
3650 5494 3802 5543 arcem

2264 5543 2320 5616 ξ.
2360 5545 2877 5616 .-lnge.’iproperans,
2913 5546 3320 5616 Pontiﬁcemque
3362 5549 3482 5611 inde
3519 5550 3804 5604 abstraham

2261 5613 2482 5690 Romam
2519 5615 2631 5666 sine
2657 5630 2817 5690 _mora
2856 5613 3109 5690 egressus,
3165 5613 3366 5690 Papam
3409 5617 3708 5690 Gregorium
3743 5616 3803 5669 ad

2263 5683 2358 5734 hoc
2385 5683 2757 5759 monasterium
2789 5683 2948 5759 usque
2982 5683 3252 5759 dedua'ith
3276 5703 3427 5756 quem
3467 5683 3803 5759 Apostqlicutu

2265 5768 2424 5825 usque
2450 5752 2519 5825 ad
2549 5753 2712 5821 ipsius
2741 5752 2937 5825 exitum
2960 5769 3076 5805 cum
3108 5752 3381 5825 Episcopis
3427 5769 3476 5812 et
3514 5752 3802 5812 Cardine“.

2268 5820 2380 5881 (ms,
2408 5822 2495 5888 qui
2517 5820 2633 5874 cum
2657 5823 2818 5874 secuti
2851 5823 3082 5891 fuerunt,
3109 5820 3461 5897 s;istc:tiat-it._

3695 5857 3902 6360 \:J

3553 6344 3600 6358 -ἦ
