3902 6352
195 449 251 506 ιθ.

261 453 288 505 Ἰ
1241 469 1840 525 ρηυιιυοῃιλΑ.η

1942 471 2055 525 LTA
2088 473 2142 523 5.
2177 469 2518 526 lillEUUllll.
3402 477 3491 527 ll::

213 577 648 632 Varia-antibus
688 579 764 634 de
793 595 944 638 novo
971 581 1834 652 Ρυδιιιὶειῐιι(144)Νςὶιεικεκιοι·-
1864 587 1907 638 Α
1935 597 2029 636 nes
2057 582 2156 636 sibi
2185 598 2289 636 non
2329 585 2500 650 potuit
2537 584 2838 651 subjugare,
2871 581 2977 634 Rex
3016 593 3287 652 tamquam
3327 596 3483 638 νικια·

235 665 433 735 qeebat
484 665 613 733 llic,
652 670 780 726 Deo
827 682 883 726 et
926 674 1234 727 hominibus
1271 673 1512 734 odiosus,
1552 673 1604 727 in
1651 687 1832 726 sacra-

248 759 457 812 tissima
491 771 660 814 nocte
686 760 1006 826 ﬁativitatis
1041 761 1271 828 Domini,
1305 763 1480 831 ipsum
1505 762 1706 820 Christi
1742 761 1831 815 Vi-

259 850 469 903 carium
520 848 828 906 Dominum
896 852 1210 921 Gregorium
1285 851 1503 920 Papam,
1552 851 1834 905 .llissarum

266 940 509 994 solennia
536 941 930 1005 celebrantem,
964 943 1032 995 ab
1062 943 1216 995 altari
1258 952 1454 996 sancta:
1484 941 1574 996 Dei
1603 942 1836 996 Genitri-

263 1030 370 1090 eis,
399 1030 543 1099 quod
565 1032 770 1086 dicitur
797 1032 864 1086 ad
892 1031 1153 1101 Praesepe,
1185 1049 1318 1085 ausu
1343 1033 1604 1101 sacrilego
1629 1034 1830 1101 rapuit!

269 1131 320 1170 ct
354 1136 480 1174 eum
512 1123 625 1176 suis
656 1123 1013 1192 complicibus
1057 1123 1122 1176 ad
1150 1123 1454 1190 pr:e.lictam
1499 1123 1686 1175 turrim
1725 1123 1836 1174 vio-

275 1213 449 1264 lenter
472 1221 757 1280 asportare
783 1214 1140 1281 pr'rsumpsit.
1177 1211 1324 1266 L'nde
1368 1213 1689 1266 universitas
1728 1211 1834 1265 Ro-

274 1313 567 1352 manorum
593 1300 647 1353 in
677 1303 758 1354 ira
793 1317 889 1370 pro
933 1303 1204 1356 iuvasione
1251 1303 1331 1356 sui
1376 1302 1647 1358 Pontiticis
1676 1303 1836 1356 velte-

273 1397 489 1440 menter
523 1391 747 1454 exarsit,
771 1399 824 1444 et
846 1390 901 1444 in
931 1394 1114 1446 eadem
1141 1401 1294 1446 nocte
1342 1393 1516 1461 ipsum
1561 1393 1613 1445 in
1652 1394 1835 1448 eadem

272 1478 416 1529 turri
440 1477 696 1534 'districte
719 1482 947 1536 obsedit.
975 1482 1126 1536 Mane.
1151 1492 1327 1536 autem
1349 1483 1490 1554 facto
1518 1484 1764 1544 Romani,
1789 1492 1842 1536 et

271 1567 474 1621 turrim
533 1568 775 1626 funditus
815 1572 1212 1639 destruxerunt,
1239 1583 1292 1628 et
1312 1575 1487 1643 ipsum
1524 1576 1839 1642 sacrilegum

270 1658 540 1711 atrociter
562 1661 942 1726 trueidassent,
975 1664 1077 1717 nisi
1109 1679 1232 1717 cum
1262 1663 1390 1717 boni
1413 1663 1651 1733 .llagistii
1687 1667 1842 1718 disci.

269 1747 442 1813 palus
471 1747 669 1804 Beatus
698 1750 938 1806 Pontifex
961 1769 1025 1806 ex
1056 1755 1247 1808 mortis
1269 1755 1508 1823 periculo
1542 1756 1837 1808 liberasset.

272 1834 403 1901 Quo
433 1837 599 1902 facto,
633 1841 1000 1898 celebraturus
1021 1859 1144 1898 cum
1180 1843 1480 1910 Fratribus,
1517 1856 1570 1900 et
1594 1847 1714 1901 aliis
1744 1846 1842 1900 l-lc-

270 1927 459 1982 cltsize
483 1927 730 1984 fidelibus
761 1932 827 1986 de
860 1947 1010 1988 more
1032 1935 1356 2000 coavivium,
1390 1937 1455 1989 ad
1483 1935 1841 1991 Lateranense

271 2017 543 2084 palatium
566 2022 842 2075 remeavit.
882 2022 936 2076 In
961 2024 1195 2078 secunda
1236 2039 1364 2078 vero
1387 2025 1472 2079 die
1493 2036 1614 2093 post
1636 2026 1840 2082 Pascba

271 2108 516 2176 pepulus
558 2108 837 2166 Romanus
869 2114 1115 2168 eumdem
1147 2112 1395 2167 Gentium
1437 2132 1558 2170 eum
1592 2118 1841 2172 omnibus

274 2198 398 2252 suis
425 2199 779 2268 complicibus
816 2203 868 2255 in
890 2203 1050 2257 rebus
1097 2205 1328 2273 propriis
1358 2203 1753 2272 condemnavit,
1791 2218 1843 2262 et

275 2288 334 2340 in
370 2297 685 2357 perpetuum
705 2292 776 2345 ab
803 2293 945 2348 urbe'
964 2292 1204 2348 Romana
1228 2296 1476 2350 exclusit.

350 2378 405 2431 4.
444 2377 576 2434 Post
602 2381 714 2435 haec
739 2391 919 2436 autem
961 2386 1306 2454 supradictus
1355 2387 1645 2443 Guihertus
1679 2390 1844 2444 licen-

276 2468 416 2522 tiam
445 2472 745 2525 revertendi
791 2469 1098 2528 Ravennam
1145 2492 1174 2529 a
1207 2475 1434 2528 Domino
1469 2476 1727 2546 Gregorio
1747 2481 1844 2534 do-

276 2556 398 2612 lose
439 2561 647 2628 petivit,
727 2574 994 2631 quatenus
1063 2581 1186 2620 eum
1250 2567 1442 2620 laedere
1489 2571 1843 2636 opportunius

277 2656 483 2715 posset,
517 2666 680 2719 quem
736 2651 1102 2709 fraudulenter
1144 2671 1201 2710 se
1236 2657 1456 2726 diligere
1507 2660 1839 2714 ostendebat.

277 2733 417 2790 Nam
445 2739 534 2792 ubi
577 2740 890 2796 Ravennam
921 2745 1150 2810 devenit,
1189 2749 1488 2816 postposito
1534 2749 1844 2817 juramcnto

275 2827 428 2896 quod
464 2829 516 2882 in
545 2835 954 2889 consecratione
978 2852 1072 2890 sua
1099 2838 1401 2892 Alexandro
1432 2838 1588 2907 Papa:
1621 2841 1845 2910 ejusque

282 2922 693 2976 successoribus
720 2921 938 2988 fecerat,
967 2941 1088 2980 cum
1114 2927 1421 2980 Tlieobaldo
1443 2927 1841 2994 .lleiliolanensi,

279 3019 334 3061 et
365 3011 484 3065 aliis
510 3014 805 3068 cervicosis
832 3013 1104 3084 Episcopis
1141 3015 1473 3072 Lombardiae
1494 3020 1842 3088 conspiravit,

279 3108 442 3169 atque
467 3102 734 3158 adversus
759 3105 1034 3166 Pastorem
1077 3123 1232 3162 suum
1278 3110 1486 3162 occulte
1529 3111 1842 3165 seditionem

1937 673 2112 725 riosus
2141 674 2192 725 in
2230 671 2508 725 Franciam
2535 674 2680 741 (ιαῦ)
2709 674 2980 725 remeavit.
3015 674 3202 728 Statim
3232 677 3490 730 immensa

1938 758 2323 831 Episcoporum
2363 763 2701 816 multitudine
2737 773 3049 826 convocata,
3086 781 3192 817 non
3230 767 3336 835 egit
3379 783 3493 836 διειο

1938 852 2039 904 tias
2071 850 2180 904 Deo
2203 868 2299 920 pro
2331 854 2518 922 adepta
2557 855 2801 915 viclotia,
2837 855 2925 907 sed
2968 855 3232 908 elevatum
3274 865 3353 910 est
3401 873 3493 911 ccr

1937 943 2072 1009 ejus,
2097 953 2147 996 ct
2175 958 2230 996 se
2261 959 2421 1010 super
2445 958 2503 996 se
2527 945 2687 997 nimis
2714 945 2992 1006 extollens,
3027 945 3078 996 in
3105 954 3304 1000 tantam
3339 950 3498 1000 aia‘a-

1937 1033 2074 1083 ciam
2112 1032 2492 1100 vesaniamque
2525 1027 2789 1101 prorupit:
2835 1042 2891 1086 ut
2925 1032 3135 1087 Patrem
3176 1051 3332 1090 suum
3366 1037 3496 1090 Gre-

1939 1121 2145 1189 gorium
2184 1119 2380 1189 Papam
2404 1163 2416 1186 ,
2463 1123 2554 1190 qui
2589 1122 2768 1175 sedem
2802 1123 3164 1192 Apostolicam
3203 1141 3294 1192 per
3329 1127 3492 1179 trien-

1940 1211 2085 1262 nium
2121 1211 2173 1263 in
2197 1227 2325 1279 pace
2374 1221 2636 1275 tenuerat,
2671 1213 2956 1281 impiormn
2989 1215 3216 1268 consiiio
3251 1217 3501 1270 abdicare

1939 1301 2302 1368 priesumpsit,
2333 1309 2385 1354 et
2427 1301 2493 1352 ab
2536 1300 2777 1355 Ecclesia
2808 1312 3072 1370 quantum
3117 1305 3166 1356 in
3193 1321 3256 1358 eo
3284 1306 3382 1358 fuit
3403 1322 3497 1360 ex-

1942 1390 2134 1456 pellere
2168 1407 2388 1458 operam
2415 1399 2468 1444 et
2502 1392 2739 1445 studium
2773 1407 2868 1460 pro
2896 1394 3101 1448 viribus
3143 1395 3189 1462 (l
3211 1396 3290 1463 ἐϋ)
3334 1397 3496 1451 dedit.

1943 1477 2186 1533 Decrevit
2249 1481 2411 1534 etiam
2469 1482 2801 1550 lirmiterque
2866 1485 3166 1547 constituit,
3212 1494 3270 1538 ut
3323 1487 3504 1543 nullus

1940 1570 2191 1638 deinceps
2223 1569 2540 1640 Episcopus,
2587 1572 2668 1625 vel
2698 1573 2897 1636 Abbas,
2945 1589 3038 1626 seu
3086 1574 3222 1637 Dux,
3275 1585 3366 1630 aut
3399 1579 3502 1632 alia

1945 1661 2252 1728 principalis
2281 1677 2531 1730 persona,
2563 1663 2737 1715 eidem
2763 1662 3021 1733 Gregorio
3047 1675 3319 1734 tamquam
3348 1665 3504 1736 Papa

1943 1752 2281 1818 aliquatenus
2306 1752 2524 1805 obedire
2549 1752 2784 1806 deberet.

2013 1843 2061 1895 5.
2100 1840 2166 1894 L't
2193 1851 2368 1894 autem
2406 1843 2544 1896 banc
2568 1847 2922 1910 perniciosam
2949 1832 3355 1914 dispositionem
3381 1865 3500 1916 pos-

1942 1942 2022 1987 set
2055 1935 2339 1988 ellicaciter
2375 1933 2686 2002 adimplere,
2721 1935 3008 2002 quemdam
3044 1935 3344 1990 llolandum
3369 1937 3501 1991 Par-
3577 1974 3586 1986 .

1943 2039 2201 2087 mensem,
2224 2025 2588 2078 detestabilem
2620 2023 2908 2086 Clericum,
2943 2036 2993 2079 et
3017 2027 3153 2080 alios
3176 2029 3504 2084 execrabiles

1941 2114 2108 2174 viros.
2143 2129 2266 2167 cum
2304 2115 2496 2168 litteris
2531 2093 2912 2168 suis‘Romam
2945 2118 3265 2180 transmisit,
3313 2128 3494 2186 quate-

1944 2220 2045 2258 nus
2081 2221 2302 2259 causam
2337 2207 2508 2273 ipsam
2535 2205 2791 2258 vivaciter
2827 2215 2878 2259 et
2915 2206 3175 2274 intrepide
3211 2223 3500 2278 proseque-

1944 2305 2148 2349 rentur.
2177 2294 2299 2360 Qui,
2327 2294 2530 2349 nefaria
2554 2295 2816 2364 legatione
2837 2306 3106 2364 suscepta,
3132 2307 3506 2365 processerunt

1945 2401 2115 2454 usque
2151 2387 2214 2438 ad
2255 2384 2450 2440 Urbem
2479 2405 2492 2438 :
2529 2394 2582 2439 et
2627 2388 2899 2440 venientes
2931 2387 2995 2440 ad
3029 2386 3340 2442 Pontilicem
3378 2400 3493 2444 tum

1945 2479 1997 2529 in
2031 2476 2248 2545 Synodo
2283 2477 2624 2537 residentem,
2655 2477 2706 2528 in
2737 2477 2925 2544 primis
2963 2476 3121 2543 Regis
3154 2479 3358 2532 litteras
3383 2497 3494 2547 pra:

1943 2574 2248 2629 sentarunt,
2288 2575 2342 2620 et
2382 2576 2777 2634 consequenter
2826 2583 2918 2634 per
2959 2584 3020 2619 os
3060 2568 3227 2635 ipsius
3261 2568 3485 2623 llolan:.'i

1943 2672 2067 2710 cum
2094 2658 2261 2709 nimio
2285 2655 2423 2708 fastu
2454 2665 2506 2708 et
2531 2658 2890 2718 contumacia,
2932 2659 3093 2709 locuti
3132 2667 3255 2711 sunt
3281 2661 3331 2711 in
3367 2661 3494 2713 bum

1947 2747 2164 2800 modum
2188 2766 2198 2800 :
2226 2747 2370 2800 Misit
2419 2761 2519 2799 nos
2557 2745 2818 2800 Dominus
2864 2758 3043 2800 noster
3079 2747 3338 2803 IIem-iens
3377 2751 3508 2815 Rex,

1944 2838 2010 2889 de
2039 2838 2268 2890 consilio
2293 2836 2679 2905 Episcoporum
2718 2852 2940 2890 suorum
2989 2848 3035 2891 ct
3082 2839 3410 2908 Principum,
3453 2853 3511 2894 ut

1944 2940 2004 2978 ea
2030 2941 2150 2993 qua)
2188 2927 2400 2978 noviter
2430 2925 2495 2978 (lc
2525 2935 2667 2978 statu
2699 2925 2948 2980 Ecclesia:
2973 2930 3185 2980 censuit
3225 2940 3272 2981 et
3301 2932 3508 2985 irrevo-

1945 3016 2188 3073 cabiiiter
2235 3015 2423 3068 statuit
2485 3015 2638 3068 vobis
2675 3016 2884 3084 publice
2939 3017 3394 3085 demonstremus,
3452 3032 3505 3075 et

1945 3105 2229 3159 ellieaciter
2251 3120 2661 3174 prosequamur.
2697 3105 2820 3158 Inde
2859 3117 2939 3160 est
2969 3109 3109 3175 quod
3129 3112 3500 3179 pra-cipimus,

279 3193 544 3246 exercuit.
579 3191 730 3250 Unde
771 3195 970 3250 factum
1005 3207 1088 3252 est
1149 3201 1292 3268 qqu
1335 3183 1625 3269 expeditio,
1683 3218 1844 3271 quant
1873 3216 1912 3268 (;
1945 3205 1998 3248 et
2028 3214 2093 3250 ex
2125 3198 2442 3250 auctoritate
2470 3195 2631 3266 Regis
2674 3197 3031 3264 praecipiendo
3069 3200 3389 3254 mandamus
3412 3204 3508 3256 tibi

281 3277 528 3337 Pontifex
595 3301 691 3354 per
742 3285 938 3341 Ducem
985 3288 1317 3342 Gotil‘redum
1363 3292 1840 3359 ejusque‘uxorem

281 3368 548 3425 illustrem
575 3374 922 3430 Comitissam
953 3377 1220 3432 Matildam
1243 3389 1404 3446 atque
1435 3381 1571 3433 alios
1604 3380 1840 3444 Nobiles,

282 3468 472 3514 contra
509 3459 859 3518 Normannos
892 3475 945 3518 et
983 3469 1206 3536 ceteros
1241 3468 1495 3524 Ecclesia:
1527 3471 1727 3534 hostes,
1778 3472 1842 3524 de

283 3547 612 3606 Lombardia
654 3555 1002 3622 excitaverat,
1058 3557 1144 3612 in”
1156 3560 1536 3614 detrimentum
1593 3560 1843 3616 Ecclesia:

220 3641 228 3648 ’
281 3641 589 3698 disturbata
610 3653 695 3700 est
721 3655 883 3716 atque
914 3648 1145 3717 dirupta.
1190 3649 1292 3704 Per
1325 3650 1601 3721 llugonem
1629 3669 1844 3722 quoque

255 4635 560 4690 hominem
579 4647 702 4704 post
720 4639 946 4706 primam
973 4649 1027 4694 et
1055 4641 1342 4694 secundam
1368 4644 1839 4697 commonitionem
1863 4670 1868 4675 -

282 3731 611 3802 Candidum,
647 3735 840 3807 Regem
868 3737 1152 3794 llenrieum
1181 3749 1236 3794 et
1266 3741 1556 3796 Robertum
1593 3743 1844 3798 Guiscar—

280 3821 410 3879 dum
445 3836 640 3881 contra
673 3830 922 3883 eumdem
943 3828 1255 3884 Pontifieem
1294 3833 1609 3887 omnimodo
1641 3835 1846 3889 studuit

281 3915 565 3987 instigare,
603 3920 743 3974 sicut
772 3921 855 3974 vir
885 3923 1213 3990 apoStaticus
1236 3923 1382 3977 omni
1406 3923 1532 3976 dolo
1567 3933 1621 3977 et
1647 3926 1843 3978 malitia

283 4006 499 4075 plenus,
527 4010 623 4076 qui
652 4010 763 4078 jam
808 4013 1046 4066 secundo
1089 4013 1154 4067 ad
1181 4015 1509 4082 apostasiam
1539 4014 1712 4070 redire
1748 4032 1841 4068 ne-

282 4109 559 4164 quaquam
581 4099 817 4152 erubuit.
844 4099 1041 4154 Eodem
1063 4111 1304 4171 tempore
1350 4103 1611 4158 Dominus
1644 4106 1846 4174 Grego-

285 4185 399 4239 rius
428 4185 577 4239 circa
602 4187 830 4242 mediam
855 4188 1330 4259 Quadrag'esimam
1380 4192 1678 4248 Concilium
1704 4198 1841 4248 cele-

281 4275 480 4340 bravit,
514 4275 568 4328 in
603 4291 711 4345 quo
733 4278 1076 4346 saepedictum
1105 4279 1440 4345 Guibertum,
1475 4283 1600 4350 quia
1625 4292 1844 4338 vocatus

281 4366 468 4420 venire
511 4369 857 4437 contempsit,
898 4369 966 4422 ab
1012 4368 1314 4438 Episcopali
1359 4371 1532 4424 officio
1570 4365 1842 4442 tamquam

283 4458 564 4528 periurum
580 4460 878 4528 suspendit,
901 4467 955 4513 et
968 4461 1216 4514 eumdem
1235 4459 1507 4530 llugonem
1522 4461 1839 4528 Candidum,

283 4548 584 4602 secundum
605 4549 847 4618 Apostoli
868 4550 1072 4604 dictum
1105 4549 1234 4620 (Tit.
1264 4567 1343 4615 ιιι,
1381 4552 1490 4619 l0),
1522 4551 1838 4608 Haereticum

281 4725 482 4790 devita,
520 4734 777 4794 perpetuo
807 4729 876 4780 ab
900 4729 1138 4784 Ecclesia
1173 4733 1551 4800 sequestravit.
1590 4731 1692 4787 Sed
1717 4752 1839 4788 cum

283 4816 385 4874 ista
409 4816 462 4869 in
485 4814 635 4869 Italia
661 4815 867 4881 tierent,
883 4815 1125 4874 Saxones
1143 4830 1329 4874 contra
1344 4821 1536 4891 Regem
1552 4821 1840 4878 llenricum

281 4905 496 4962 fortiter
519 4906 866 4969 rebellarunt,
890 4922 969 4968 ea
994 4908 1238 4966 videlicet
1267 4912 1568 4978 occasione,
1605 4915 1730 4982 quia
1762 4915 1840 4968 eis

281 5015 426 5055 onus
456 4997 798 5068 importabile
837 4997 1108 5066 satagebat
1140 4999 1446 5066 imponere:
1488 5002 1628 5055 unde
1649 5004 1842 5057 accidit

283 5088 428 5156 quod
465 5088 599 5153 Rex,
626 5089 680 5142 in
707 5103 871 5141 manu
893 5087 1064 5142 valida
1093 5096 1146 5140 et
1176 5089 1515 5144 multitudine
1538 5091 1707 5158 gravi,
1743 5091 1842 5146 Sa-

283 5178 501 5233 xoniam
552 5195 619 5235 ex
668 5177 964 5248 improviso
1006 5177 1261 5230 intravit:
1299 5177 1391 5231 sed
1435 5180 1691 5246 quoniam
1747 5197 1841 5238 eos

284 5263 582 5335 imparatos
628 5268 850 5333 invasit,
905 5267 1182 5322 victoriam
1221 5267 1469 5336 quamvis
1521 5270 1838 5324 cruentissi-

285 5369 426 5410 mam
459 5356 672 5411 habuit.
691 5357 922 5426 Quippe,
950 5358 1088 5411 sicut
1109 5374 1140 5411 a
1166 5357 1518 5427 prudentibus
1539 5356 1839 5423 dicebatur,

281 5444 518 5515 quinque
558 5446 733 5500 millia
779 5447 1014 5502 virorum
1071 5464 1137 5502 ex
1192 5457 1342 5518 parte
1383 5446 1543 5516 Regis
1576 5447 1627 5498 in
1652 5446 1834 5499 eodem

279 5535 418 5591 bello
441 5537 811 5592 ceciderunt:
847 5547 1209 5594 verumtamen
1251 5538 1377 5608 quia
1421 5536 1639 5590 eosdem
1667 5533 1838 5588 Saxo-

343 5648 492 5718 (tu)
517 5645 752 5700 Nicolao
793 5644 1078 5718 Pcdagium
1115 5666 1132 5702 :

271 5719 793 5858 muria
818 5781 903 5834 hic
946 5760 1224 5840 identidem
1268 5788 1462 5842 dicitur
1485 5801 1581 5854 pro
1609 5783 1838 5836 Franco-

1179 5650 1244 5704 de
1285 5659 1509 5718 utraque
1551 5661 1680 5702 voce
1723 5648 1840 5700 vide

1943 3286 2224 3354 Gregorio,
2251 3295 2313 3340 ut
2352 3288 2417 3339 de
2451 3287 2756 3354 Apostolica
2783 3286 2918 3340 Sede
2942 3289 3057 3341 sine
3100 3306 3247 3344 mora
3283 3291 3507 3346 desecu-

1940 3376 2058 3439 das,
2090 3385 2144 3428 et
2172 3377 2368 3428 amodo
2398 3377 2463 3429 de
2487 3374 2711 3443 Papatu,
2741 3377 2882 3430 sicut
2915 3380 3078 3431 vitam
3127 3389 3272 3433 tuam
3307 3381 3504 3450 diligis,

1941 3472 1992 3517 te
2027 3466 2334 3520 nullatenus
2357 3466 2699 3518 intromittas.
2739 3464 2902 3518 Vobis
2936 3475 3114 3519 autem
3142 3467 3424 3539 l-lpiscopis
3455 3484 3504 3526 et

1941 3553 2320 3610 Cardinalibus
2349 3571 2535 3610 eouem
2563 3556 2721 3608 mo.lo
2749 3557 3100 3623 it‘ijungimus,
3147 3568 3202 3610 ut
3240 3577 3340 3613 ι·ρ‹·‹
3363 3564 3506 3629 pturi

1940 3643 2252 3700 Pontificem
2283 3647 2346 3699 ad
2371 3647 2610 3714 ejusdetn
2663 3646 2819 3716 Regis
2857 3650 3194 3715 praesentiam
3221 3651 3506 3704 festini-tis.

1942 3735 2149 3800 Quibus
2175 3737 2522 3805 blaspliemiis
2544 3738 2762 3801 auditis,
2787 3749 2972 3791 contra
3001 3742 3250 3794 cttttttiem
3285 3742 3507 3796 Pontili-

1942 3827 2020 3879 eis
2041 3827 2459 3880 eonviciatorem
2485 3836 2594 3879 tota
2617 3827 2865 3896 Synodns
2890 3829 2960 3882 ita
2989 3832 3332 3884 v'eliennmtcr
3353 3847 3510 3885 exar-

1944 3917 2042 3981 sit,
2065 3917 2209 3985 quod
2243 3917 2348 3969 nisi
2386 3917 2470 3984 pia
2509 3921 2865 3970 mansuetudo
2896 3919 3034 3971 beati
3074 3920 3226 3990 Papa!
3265 3923 3509 3987 Gregorii

1944 4022 2002 4059 se
2035 4008 2340 4075 objecisset,
2369 4007 2542 4074 ipsum
2580 4005 2760 4059 fideles
2789 4007 3042 4062 Ecclesiae
3077 4027 3199 4063 cum
3243 4013 3509 4080 lapidibus

1945 4097 2322 4153 trueidassent.
2359 4095 2450 4150 Die
2504 4112 2630 4149 vero
2675 4099 2840 4150 altera
2879 4099 3070 4152 littera:
3123 4102 3191 4152 ab
3225 4101 3506 4167 Episcopis

1946 4187 2368 4240 Ultramuntanis
2390 4185 2632 4238 Pontitici
2665 4194 2789 4237 sunt
2811 4187 3018 4250 delataa,
3049 4188 3101 4239 in
3142 4189 3340 4254 quibus
3372 4205 3505 4242 con-

1945 4278 2227 4330 fitebantur
2261 4290 2570 4338 seerrasse,
2605 4282 2659 4327 et
2701 4276 2926 4329 nimium
2971 4278 3294 4346 deliquisse:
3321 4291 3507 4348 postu-

1943 4368 2124 4420 labant
2157 4382 2370 4435 quoque
2404 4366 2638 4430 veniam,
2669 4375 2722 4418 et
2763 4381 2979 4421 omnem
3039 4369 3104 4421 de
3159 4378 3356 4423 (uetera
3398 4372 3501 4424 sibi

1944 4459 2300 4512 obedientiam
2346 4457 2633 4510 observare
2677 4457 2901 4530 firmiter
2947 4458 3368 4525 spoponderunt.
3405 4457 3502 4512 νὴ

1874 4542 1916 4593 ἶ)
1943 4551 2121 4618 itaque
2144 4549 2328 4603 sedato
2354 4548 2605 4610 tumultu,
2659 4546 2940 4616 Synodalis
2978 4549 3236 4599 tractatus
3272 4548 3323 4599 in
3351 4557 3502 4602 tran-

1939 4641 2202 4708 quillitate
2243 4638 2533 4707 processit:
2569 4636 2661 4689 sed
2695 4651 2817 4688 cum
2865 4645 3078 4704 tempus
3117 4637 3229 4705 jam
3277 4637 3505 4694 instaret

1939 4727 2248 4783 absolvendi
2276 4726 2568 4797 Synodum,
2608 4724 2875 4795 Pontifex,
2911 4727 3092 4780 habito
3125 4743 3246 4782 eam
3285 4738 3500 4783 centum

1938 4828 1991 4871 ct
2043 4817 2228 4872 decem
2261 4815 2536 4884 Episcopis
2595 4817 2797 4870 utiliori
2845 4819 3094 4881 consilio,
3155 4819 3208 4870 in
3252 4814 3503 4871 eumdem

1941 4909 2156 4977 Regem,
2203 4907 2295 4975 qui
2331 4906 2580 4960 Ecclesiae
2618 4907 2872 4960 unitatem
2909 4908 3150 4960 scindere
3194 4907 3498 4970 attentavit,

1939 4996 2514 5052 cxcommunieationis
2536 4995 2853 5047 sententiam
2887 4995 3128 5062 protulit,
3165 5004 3216 5048 et
3239 5013 3409 5065 usque
3435 5000 3498 5051 ad

1939 5089 2259 5156 condignam
2295 5082 2711 5137 satisfactionem
2755 5085 3074 5138 sententiam
3116 5087 3284 5154 ipsam
3327 5090 3496 5140 lirmi-

1940 5188 2020 5230 ter
2055 5173 2332 5229 observari
2357 5173 2625 5238 praecepit.
2665 5171 2816 5236 Quod
2852 5191 3026 5242 IlPﬂUt!
3058 5177 3496 5244 rt-prcliensibile,

1940 5279 2037 5320 nec
2073 5279 2270 5316 novum
2316 5261 2384 5313 ab
2431 5263 2615 5332 aliquo
2649 5264 2906 5316 mstimari
2932 5266 3087 5317 del-et
3123 5282 3283 5318 zeum
3307 5283 3336 5317 a
3373 5282 3497 5318 san-

1936 5363 2146 5411 ctorum
2172 5353 2389 5409 Patrum
2419 5354 2788 5409 sanctionibus
2822 5354 3041 5405 minime
3073 5355 3418 5420 discreparet,
3445 5363 3496 5405 ct

1938 5458 1964 5495 a
1995 5443 2241 5514 pluribus
2283 5443 2542 5497 Romanis
2584 5442 2934 5494 Pontiticibus
2974 5443 3074 5492 hoc
3109 5441 3284 5507 ipsmn
3332 5441 3491 5492 etiam

1939 5549 2038 5602 pro
2061 5534 2360 5588 minoribus
2392 5533 2573 5586 causis
2595 5530 2893 5595 reperiatur
2919 5529 3137 5581 factum.

1939 5647 2048 5707 nia,
2072 5644 2234 5697 latius
2260 5655 2454 5692 nomen
2491 5639 2590 5690 hoc
2619 5636 2910 5698 sumendo,
2971 5637 3110 5688 sicut
3142 5638 3304 5705 etiam
3362 5639 3486 5691 vici-

1942 5715 2099 5784 niam
2116 5710 2516 5784 complectatur.
2535 5774 2542 5781 ἱ
2767 5777 2779 5784 Δ
3020 5773 3029 5782 ο
3073 5782 3079 5784 ἐ
3154 5773 3163 5784 .

2021 5781 2164 5847 (liti)
2198 5774 2446 5828 Nieolaus
2476 5774 2652 5823 minus
2676 5777 2834 5832 recte,
2859 5784 2957 5834 pro
2983 5774 3279 5825 victoribus,
3373 5828 3376 5830 γ
