3902 6366
172 444 246 497 lli
1101 434 1624 489 l‘RULlLGOlll‘AA.
1661 463 1687 468 ~-

1747 430 1924 484 ALLTA
1961 427 2390 483 δᾳιιιιειιοιιιι.

3248 422 3364 492 pi

171 552 434 622 Tyrannum
461 557 516 603 et
551 547 921 601 Theodosimn
951 545 1328 613 Imperatorem
1353 547 1419 597 ab
1452 542 1687 597 Ecclesia
1719 546 1758 600 Ἀ
1793 543 1987 595 :ilicem
2021 556 2190 608 usque
2217 540 2279 590 ad
2313 539 2584 591 civitatem
2620 537 2916 605 Augustam
2948 551 3134 587 secure
3161 534 3365 586 condu—

169 641 298 710 pulso
314 638 817 693 excommunicavit.
851 645 907 689 ut
951 651 1056 689 non
1089 635 1399 703 ambiguum
1437 644 1537 686 est.
1562 634 1694 698 Quis

168 746 291 799 ergo,
313 729 406 783 nisi
433 736 611 781 mente
641 735 854 795 captus,
884 726 1094 795 ignorat
1129 724 1345 793 Regiam
1378 731 1694 800 potestatem

169 819 475 889 pontiﬁcibus
507 833 631 872 esse
659 817 993 884 subjectam?
1020 824 1072 868 et
1107 815 1230 883 quis
1259 815 1440 867 credat
1463 829 1490 895 ει
1516 813 1695 881 subje-

170 913 317 962 ctionc
345 908 567 962 Romani
603 905 885 960 Pontificis
916 921 974 958 se
1017 905 1250 958 alienum
1293 919 1434 966 esse,
1466 904 1568 956 nisi
1603 902 1697 970 qui

169 1000 468 1070 exigentibus
493 999 730 1067 peccatis
759 997 873 1050 suis
899 997 1038 1058 inter
1064 1010 1192 1048 ores
1213 994 1415 1047 Christi
1446 1009 1552 1045 non
1587 1008 1698 1045 me.-

172 1092 261 1141 ruit
278 1089 569 1143 numerari?
599 1086 706 1140 Sed
733 1087 845 1154 jam
876 1088 951 1140 rei
979 1085 1251 1146 ordinem,
1280 1100 1438 1152 quem
1491 1083 1694 1150 incepi—

172 1194 289 1242 nius,
309 1193 712 1246 prosequamur.

745 1283 972 1337 CAPIT
1024 1282 1064 1335 ll

173 1375 358 1429 L’mrici
401 1377 712 1443 perrimrin,
760 1374 1021 1442 leolplii
1053 1373 1257 1428 electio.
1304 1372 1442 1423 irriti
1479 1380 1696 1423 (anulus

650 1444 691 1497 ϐ
701 1445 888 1511 regorii
927 1459 1021 1509 pro
1054 1459 1198 1510 pace.

229 1533 272 1585 7.
294 1533 485 1588 Interea
511 1535 600 1588 ubi
624 1534 688 1587 de
710 1532 871 1601 Regis
895 1533 1072 1585 banno
1084 1532 1148 1585 ad
1172 1546 1329 1583 aures
1351 1529 1491 1597 vulgi
1513 1543 1697 1596 perso-

170 1624 282 1687 nuit,
304 1633 334 1678 ιι
358 1636 440 1679 tus
463 1625 611 1678 orbis
638 1623 914 1677 Romanus
937 1623 1104 1675 nimio
1148 1622 1340 1673 timore
1383 1619 1700 1687 perterritus

171 1729 260 1766 non
286 1717 615 1769 mediocriter
651 1713 958 1766 vacillavit:
992 1711 1157 1778 Italici
1203 1726 1434 1777 namque
1478 1709 1700 1762 Antisti-

167 1816 234 1858 ιρις
255 1804 567 1874 etEpiscopi
591 1803 876 1857 Teutonici
908 1803 1072 1871 Regni
1105 1818 1266 1870 super
1308 1810 1452 1853 tanta
1493 1800 1699 1852 dissen-

168 1894 302 1946 sione
333 1894 384 1947 in
427 1902 612 1962 partes
654 1910 712 1948 se
753 1893 1070 1956 diviserunt,
1111 1900 1162 1944 et
1199 1900 1417 1944 auctore
1447 1890 1700 1942 (iniberto

167 1984 288 2050 apud
315 1984 528 2053 Papiam
556 1993 907 2038 contumaces
941 1982 1189 2050 Episcopi
1217 1981 1552 2033 Lombardize
1582 1988 1702 2046 post

167 2074 348 2127 l‘ascha
382 2081 768 2128 convenerunt.
798 2074 850 2125 in
901 2088 1065 2125 uirum
1123 2091 1132 2123 :
1183 2071 1381 2138 ibique,
1434 2069 1702 2122 imitantes

168 2160 392 2217 l’botiuin
412 2163 828 2224 etDioseorum,
875 2163 1162 2216 Dominum
1218 2160 1417 2230 Papam
1469 2159 1702 2211 senioris

168 2252 330 2306 Romae
355 2268 448 2307 ore
483 2254 746 2322 sacrilego
771 2253 1240 2320 excommunicare
1283 2251 1536 2304 instinctu
1583 2251 1700 2303 dia-

168 2344 322 2399 rolico
366 2353 847 2414 praesumpserant.
897 2343 1050 2408 Quod
1105 2327 1304 2397 factum
1370 2343 1702 2395 attendentes

168 2430 418 2503 Principes
440 2434 627 2504 Regni,
646 2451 754 2488 non
779 2435 1119 2490 mediocriter
1138 2435 1384 2488 dubitare
1401 2442 1700 2502 coeperunt,

168 2539 226 2575 an
266 2526 866 2578 etcommunicationem
898 2526 1069 2592 ipsam
1099 2534 1464 2586 contemnere,
1489 2541 1556 2575 an
1583 2537 1701 2576 eam

171 2623 447 2666 rimeriter
488 2615 776 2667 obServare
825 2613 1123 2683 (deberent)
1161 2634 1172 2666 :
1208 2614 1440 2667 maxime
1491 2629 1613 2666 cum
1649 2613 1699 2665 in

169 2717 336 2754 eorum
377 2704 490 2772 lege
533 2705 895 2764 contineatur,
925 2713 982 2754 ut
1021 2704 1062 2755 si
1093 2705 1216 2772 quis
1265 2703 1401 2757 infra
1428 2719 1627 2756 annum
1652 2715 1703 2757 et

169 2794 291 2845 diem
319 2795 384 2846 ab
410 2789 990 2847 excomnuinieatiouis
1024 2795 1237 2847 vinculo
1266 2810 1373 2847 non
1402 2794 1562 2846 fuerit
1605 2794 1700 2847 ab—

170 2884 381 2947 solutus,
427 2887 573 2938 omni
621 2894 802 2939 careat
843 2885 1119 2952 dignitatis
1168 2886 1386 2938 honore.
1443 2882 1591 2935 l'nJe
1637 2886 1701 2936 ad

167 2991 334 3027 eorum
356 2977 780 3029 consolationem
804 2976 1094 3042 prudentes
1123 2973 1369 3042 l-Zpiscopi
1392 2973 1701 3040 bujusmodi

168 3065 407 3118 delerunt
459 3080 801 3134 responsum,
849 3047 1025 3132 quod,
1061 3065 1357 3118 secundum
1399 3073 1601 3116 statuta
1650 3074 1703 3117 ct

167 3159 389 3219 exempla
429 3165 740 3210 sanctorum
771 3153 1016 3216 Patrum,
1062 3152 1340 3208 Romanus
1382 3154 1624 3208 Pontifex
1673 3171 1701 3208 a

170 3247 359 3299 nemine
375 3248 602 3315 judicari
626 3262 722 3299 seu
742 3246 1200 3299 excomnmnicari
1225 3246 1489 3298 ullatenus
1511 3254 1698 3312 potest.

170 3332 275 3387 Ideo
299 3333 568 3406 Principes
603 3337 705 3404 ipsi
758 3336 1038 3403 (quoniam
1091 3335 1385 3388 secundum
1445 3334 1702 3386 malitiam

167 3424 396 3478 instantis
421 3427 677 3494 temporis
703 3425 896 3478 melius
927 3417 1055 3486 uib‘il
1084 3426 1421 3486 nivem-ruat)
1452 3441 1572 3499 eum
1595 3423 1697 3476 Ru-

102 3572 104 3576 τ
165 3514 367 3583 «ἔοιρὴο,
409 3515 688 3578 Guelfenc,
734 3531 799 3569 ac.
835 3504 1168 3572 Theo’d'uieo
1213 3513 1471 3577 Ducibus,
1498 3524 1551 3570 ιι
1586 3515 1705 3569 aliis

166 3607 444 3674 majoribus
493 3606 656 3676 l‘t'gni
699 3606 1010 3674 jurameuto
1068 3609 1370 3670 firmarunt,
1413 3617 1470 3660 ut
1505 3607 1549 3660 si
1596 3607 1705 3660 Rex

163 3699 372 3752 consilio
422 3715 610 3751 eorum
667 3699 1008 3766 acquiescere
1061 3699 1242 3762 vellct,
1290 3715 1508 3766 operam
1553 3714 1705 3752 suam

161 3787 429 3841 ellicaciter
454 3787 789 3848 adhiberent,
816 3797 874 3839 ut
901 3788 1194 3856 Gregorius
1221 3789 1359 3856 Papa
1390 3790 1526 3842 ultra
1556 3805 1706 3843 mon-

163 3889 235 3931 tes
263 3879 483 3940 veniret,
514 3888 567 3931 et
616 3894 642 3928 Ί
700 3865 916 3930 vinculo
954 3880 1528 3952 excommunicationis
1581 3896 1703 3933 cum

161 3970 464 4024 absolveret.
490 3969 608 4034 Quo
638 3967 782 4022 facto
810 3967 918 4021 Rex
951 3984 1043 4022 ore
1081 3969 1298 4037 proprio
1339 3969 1704 4037 juramentum

160 4061 410 4124 prastitit,
441 4062 584 4128 quod
615 4061 670 4112 in
694 4060 926 4112 adventu
971 4060 1140 4127 ipsius
1180 4058 1456 4114 Pontilicis
1504 4062 1707 4130 absque

160 4148 290 4202 malo
313 4149 530 4218 ingenio
549 4151 669 4217 ejus
698 4159 869 4202 staret
894 4151 1149 4203 mandato
1179 4169 1188 4201 :
1226 4160 1278 4204 et
1315 4163 1707 4220 consequenter

161 4237 420 4308 Principes
471 4240 666 4294 iterum
689 4239 1013 4306 juraverunt
1039 4239 1091 4290 in
1118 4239 1262 4293 hunc
1295 4242 1535 4304 modum,
1571 4250 1629 4293 ut
1660 4244 1704 4296 si

158 4343 242 4382 rex
270 4331 411 4398 quod
437 4330 713 4398 juraverat
741 4329 1072 4391 observaret,
1108 4327 1207 4397 ipsi
1230 4343 1352 4381 cum
1375 4346 1439 4383 eo
1463 4331 1514 4383 in
1544 4347 1704 4383 manu

158 4418 316 4473 valida
337 4419 810 4488 proﬁciscerentur
831 4419 897 4471 ad
928 4417 1112 4470 urbem
1137 4415 1391 4484 Romam;
1417 4430 1468 4474 et
1497 4434 1704 4489 recepta

155 4504 438 4575 imperialis
459 4508 686 4561 Corona:
704 4509 964 4577 dignitate
979 4523 1009 4560 a
1028 4506 1255 4561 Domino
1269 4510 1523 4578 Gregorio
1545 4511 1704 4580 Papa,

153 4595 529 4651 descenderent
548 4613 672 4652 cum
695 4598 934 4651 exercitu
972 4598 1026 4650 in
1050 4599 1297 4666 Apuliam
1321 4610 1373 4652 et
1403 4601 1704 4654 Calabriam

152 4692 330 4738 contra
353 4683 722 4748 Normannos,
748 4687 841 4755 qui
871 4696 998 4742 tunc
1023 4689 1450 4742 adversabantur
1478 4692 1705 4758 Aposto-

155 4775 261 4830 lica!
284 4775 440 4841 Sedi;
484 4785 536 4830 et
584 4786 781 4829 terrain
826 4777 1020 4846 ipsam,
1068 4779 1306 4846 expulsis
1361 4778 1702 4844 Normanuis,

156 4863 309 4921 Beato
329 4863 571 4919 Petro’et
608 4865 863 4921 Ecclesia:
882 4867 1137 4922 Romanae
1165 4870 1525 4923 restituerent.
1553 4874 1703 4938 Quod

154 4954 198 5005 si
233 4949 343 5008 Rex
369 4955 476 5008 hoc
507 4954 684 5009 facere
715 4958 1026 5026 denegaret,
1049 4971 1112 5009 ex
1147 4967 1272 5012 tunc
1301 4961 1402 5027 ipsi
1432 4961 1705 5030 Principes

153 5059 268 5098 eum
293 5058 469 5113 neque
496 5059 593 5112 pro
619 5043 764 5112 Rege
790 5062 964 5115 neque
991 5062 1086 5114 pro
1115 5045 1342 5102 Domino
1385 5052 1580 5104 habere
1614 5053 1704 5105 de-

157 5132 351 5188 baut.
377 5135 425 5201 ρ
449 5134 554 5187 tibt'
582 5169 586 5178 ι
615 5133 717 5186 rite
757 5136 1039 5202 completis
1065 5145 1119 5189 et
1161 5137 1471 5205 juramento
1521 5144 1703 5194 firma-

157 5219 240 5286 tis,
258 5219 571 5293 Ατὼὶεμὶδι
612 5237 741 5291 pum
765 5221 1146 5281 Trevercnsem
1170 5229 1428 5281 miserunt
1457 5230 1704 5296 Romam,

154 5317 412 5375 quatenus
431 5327 499 5366 ea
527 5327 646 5382 qua:
667 5311 736 5364 de
762 5311 993 5366 sedanda
1021 5317 1293 5379 discordia
1338 5319 1478 5371 inter
1521 5320 1704 5374 Eccle-

155 5395 284 5452 siam
312 5408 368 5454 et
389 5399 534 5470 impr
551 5418 680 5454 tum
703 5400 1113 5468 constituerant,
1135 5407 1410 5475 Episcopis
1440 5419 1492 5461 et
1514 5411 1701 5464 Cardi-

154 5487 354 5543 nalibus
381 5490 494 5543 inm
535 5498 771 5549 eiceret.
793 5497 846 5558 ct
863 5505 1076 5561 propter
1096 5497 1198 5550 hoc
1230 5496 1532 5552 Romanum
1564 5501 1702 5553 Pon-

216 5615 366 5704 us).
394 5617 531 5704 υάοε
577 5621 906 5704 «mensem
937 5625 1455 5704 .ee...__T-evir«:nsas
1516 5630 1701 5704 mm-

168 5687 870 5777 ?!2§§2P“.§_3939:-'997;
889 5692 952 5745 δά
993 5687 1150 5777 .¹⁰Ξ.⁸·
1177 5698 1414 5777 τηεηιίιεη
1444 5700 1696 5777 West";

153 5754 368 5812 rationis
403 5755 700 5811 Browerus
746 5757 798 5810 in
843 5759 1025 5814 Annal.
1067 5763 1269 5818 Trevir.
1312 5767 1373 5817 :rl
1434 5754 1531 5817 an.-
1570 5767 1692 5815 lim

1736 1871 1774 1924 li

1797 639 1958 684 ceret.
1995 629 2097 682 Sed
2120 630 2266 697 quod
2313 628 2681 680 fraudulenter
2735 618 3186 693 Archicpiscopus
3217 623 3363 688 (152-)

1799 721 1931 786 ipse,
1956 736 2049 787 per
2073 720 2298 773 velatam
2330 717 2488 785 Regis
2509 718 2792 778 astutiam;
2823 725 3010 783 captus
3042 714 3203 780 fuerit
3223 714 3362 781 apud

1799 810 2122 863 l'lacentiam
2149 850 2164 873 ,
2205 817 2256 860 et
2292 809 2636 876 postmodum
2682 808 2767 859 vix
2821 807 3103 870 liberatus,
3149 813 3366 872 propter

1799 901 2041 954 historia:
2065 899 2450 965 longittnlinem
2479 897 2940 965 pra-termittimus
2966 896 3220 949 scribere.

1869 992 1919 1042 8.
1953 988 2287 1042 Venerabilis
2316 989 2495 1055 itaque
2524 987 2664 1054 Papa
2690 988 3002 1055 GI'e;f.0t'itts,
3022 986 3198 1038 audita
3224 986 3365 1051 lcga-

1801 1081 1946 1133 tione
1980 1089 2251 1131 tantorum
2286 1077 2627 1146 Principum,
2673 1079 2795 1130 licet
2835 1077 3152 1145 gravissima
3196 1076 3366 1129 hiems

1799 1169 2056 1230 instaret,
2087 1185 2151 1220 ne
2185 1176 2392 1221 tantum
2426 1169 2648 1230 bonum,
2677 1169 2818 1236 quod
2846 1168 2909 1221 de
2942 1182 3068 1236 pace
3108 1167 3366 1235 speraba-

1804 1269 1912 1318 tur,
1951 1273 2041 1326 per
2070 1259 2240 1326 ipsius
2269 1259 2645 1327 negligentiam
2683 1267 3004 1320 remaneret,
3033 1274 3156 1310 cum
3179 1258 3365 1310 eodem

1798 1349 2220 1416 Archiepiscopo
2245 1349 2414 1414 ipsius
2438 1349 2959 1402 itinerisditlicultat:
2979 1366 3027 1401 ιιι
3052 1350 3365 1415 assumpsit,

1798 1448 1852 1494 ct
1903 1455 2075 1508 usque
2117 1421 2190 1491 ad
2247 1437 2511 1491 Vercellas
2568 1440 2849 1506 processit.
2905 1438 2980 1490 lio
3018 1447 3197 1491 autem
3235 1439 3366 1490 nihil

1798 1531 2017 1586 sinistre
2047 1530 2354 1598 suspicantc
2384 1531 2448 1582 dc
2502 1528 2658 1596 Regis
2713 1530 3092 1596 promissione,
3147 1538 3363 1596 repente

1797 1621 2059 1683 insonuit,
2081 1635 2188 1689 quo
2206 1620 2221 1671 .l
2248 1619 2358 1688 ipse.
2385 1636 2473 1672 rex
2499 1611 2838 1673 velocissimo
2860 1635 3022 1672 cursu
3050 1620 3161 1686 jam
3186 1629 3364 1672 trans-
3400 1690 3402 1692 _

1799 1715 1935 1767 lerat
1977 1713 2165 1780 Alpes,
2199 1720 2252 1764 et
2298 1712 2348 1762 in
2376 1726 2606 1765 occursu
2637 1710 2908 1763 l'ontiticis
2934 1711 3194 1763 hostiliter
3222 1709 3369 1762 fe'sti—
3404 1705 3410 1711 ’

1800 1804 1984 1857 nabat.
2023 1802 2176 1866 Quod
2217 1801 2426 1854 facinus
2466 1800 2800 1868 iuopinatutn
2837 1810 3119 1868 postquam
3146 1798 3365 1867 Episco-

1803 1909 1904 1963 pus
1947 1890 2300 1945 \‘ct-ei-llensis
2325 1891 2598 1959 cognovit,
2627 1891 2752 1942 licet
2796 1889 2955 1958 Regis
3002 1890 3368 1944 Cancellarius

1805 1984 2113 2045 haberetur,
2152 1981 2397 2034 l’ontiliri
2451 1992 2629 2033 tamen
2681 1985 2755 2032 rei
2817 1982 3091 2033 veritatem
3144 1982 3368 2034 fideliter

1806 2075 2089 2126 inlimavit.
2114 2074 2232 2137 Quo
2269 2071 2451 2126 audito
2483 2081 2532 2125 ct
2565 2072 2616 2125 in
2653 2060 2872 2127 veritate
2898 2089 3103 2143 contpet
3121 2080 3194 2138 to,
3223 2072 3366 2127 1’01:-

1805 2163 1932 2217 tifex
1965 2164 2144 2218 statim
2178 2164 2370 2217 avertit
2406 2163 2662 2226 habenas,
2693 2172 2745 2216 et
2793 2165 2858 2217 acl
2911 2165 3236 2222 tutissimum
3279 2182 3367 2217 ea-

1805 2266 1978 2309 strum
2005 2257 2309 2309 (Iomitissze
2338 2253 2586 2315 )iatildis,
2632 2253 2774 2306 litanti
2825 2253 2965 2307 l’ctri
3010 2256 3369 2308 devotissimm

1807 2346 1948 2406 filim,
1973 2347 2115 2414 quod
2137 2345 2335 2397 dicitur
2354 2344 2795 2408 (Ianusitzmmon
2823 2337 3053 2413 segniter
3077 2344 3367 2405 festinavit,

1805 2445 1857 2488 ct
1888 2452 1944 2487 se,
1983 2438 2032 2504 in
2073 2444 2187 2487 tuto
2218 2449 2340 2486 cum
2373 2431 2651 2488 Fratribus
2679 2425 2793 2486 suis
2830 2433 3044 2502 recepit.
3076 2431 3186 2486 Rex
3221 2451 3368 2497 vero,

1805 2527 2092 2594 perpetrati
2130 2524 2350 2594 perjurii
2379 2525 2654 2587 conscius,
2681 2525 2770 2576 ubi
2816 2532 3023 2577 reatum
3072 2540 3233 2578 suum
3289 2527 3370 2578 in-

1804 2616 2114 2670 dubitanter
2138 2615 2465 2683 pablicatum
2503 2614 2775 2682 regnovit,
2802 2614 3042 2682 deposita
3074 2615 3368 2677 ferocitate,

1807 2716 2080 2774 tamquam
2115 2706 2299 2772 vulpes
2335 2705 2546 2767 eallila,
2581 2705 2976 2774 simplicitatem
3004 2707 3366 2760 columbinum

1807 2797 2006 2858 induit,
2048 2805 2099 2848 et
2125 2795 2381 2863 usquead
2429 2794 2602 2862 ipsum
2663 2805 2921 2859 castrum,
2969 2807 3024 2849 ut
3071 2809 3369 2857 mereretur

1805 2885 2033 2948 absolvi,
2061 2883 2370 2935 Ponlilit‘t‘ttt
2401 2884 2552 2948 sequi
2583 2899 2686 2935 non
2710 2884 2912 2937 destitit
2944 2903 2954 2937 :
2996 2886 3049 2938 in
3088 2897 3221 2954 quo.
3250 2887 3370 2941 loco

1804 2990 1967 3041 super
2002 2973 2176 3025 nivem
2216 2981 2269 3023 et
2313 2971 2534 3036 glaciem
2570 2973 2731 3023 nudis
2756 2973 2981 3039 pedibus
3013 2990 3106 3042 per
3126 2975 3240 3028 dies
3265 2977 3366 3028 ali-

1804 3073 1936 3132 quot
1994 3064 2158 3125 stctit,
2199 3070 2252 3113 et
2299 3061 2656 3114 absolutionis
2704 3063 2930 3130 gratiam
2980 3065 3368 3121 instantissime

1761 3153 2112 3221 .postnlavit.
2172 3137 2300 3203 l’ost
2355 3152 2552 3204 multas
2607 3153 2786 3220 itaque
2839 3154 3255 3223 disceptationes
3315 3168 3368 3210 ιι

1807 3244 1951 3295 varia
1995 3243 2388 3309 consilia,po.~;t
2439 3240 2959 3294 satisfactionem-et
3011 3245 3367 3297 absolutioni.

1804 3334 2055 3399 gratiam,
2102 3335 2238 3386 idem
2289 3331 2531 3384 l’otitifcx
2597 3333 2734 3384 inter
2767 3331 3059 3386 ilissarum
3125 3336 3363 3388 solennia

1809 3423 1958 3493 Regi,
2005 3421 2243 3485 Hostiam
2293 3423 2492 3474 tlhristi
2549 3424 2849 3490 porrigens,
2901 3425 3366 3477 tFixit:Si('01'e!u:

1807 3516 1946 3570 bono
1970 3516 2200 3580 accedis,
2232 3524 2282 3566 et
2307 3515 2447 3584 quod
2473 3531 2564 3568 ore
2591 3514 2856 3583 profiteris
2899 3511 3028 3569 mihi
3077 3515 3368 3571 observare

1805 3608 2068 3676 disponis,
2093 3609 2190 3661 hoc
2215 3623 2425 3659 sacrum
2451 3605 2657 3675 Corpus
2683 3624 2751 3660 stt
2772 3609 2888 3670 tibi,
2907 3609 3042 3663 sicut
3075 3611 3364 3678 Apostoli-,

1779 3700 1870 3752 ‘ad
1901 3701 2157 3762 salutem;
2191 3699 2430 3766 alioquin
2481 3700 2695 3765 indigne
2741 3701 3009 3768 percipies
3051 3700 3178 3752 illud
3230 3701 3367 3754 sicut

1804 3786 1991 3852 Judas,
2018 3799 2071 3841 et
2097 3789 2360 3856 judicium
2409 3791 2500 3841 tibi
2547 3791 2748 3858 absque
2793 3791 2956 3843 dubio
2996 3792 3362 3844 marulucabis.

1807 3875 1869 3928 Et
1891 3878 2072 3930 statim
2105 3879 2168 3930 ad
2201 3880 2446 3930 osculum
2480 3895 2603 3932 eum
2642 3881 2869 3948 recepit,
2896 3889 2948 3933 ct
2982 3889 3100 3948 pOst
3151 3879 3365 3934 Missam

1806 3983 1928 4019 cum
1965 3968 2080 4036 ipso
2111 3979 2329 4035 paterna
2381 3969 2641 4022 charitate
2680 3972 2950 4024 comedit:
2990 3981 3243 4039 praetcrea
3271 3989 3369 4026 ex»

1807 4060 2231 4112 communicatos
2262 4060 2352 4128 qui
2399 4077 2521 4113 cum
2549 4059 2690 4128 Rege
2712 4071 2966 4115 venerant
2996 4061 3120 4114 fecit
3140 4063 3364 4127 absolvi,

1806 4159 1859 4201 et
1894 4150 1944 4202 in
1975 4166 2100 4216 pace
2123 4164 2312 4200 omnes
2337 4150 2559 4202 dimisit.

1877 4240 1927 4288 9.
1969 4237 2205 4289 Deeurso
2237 4238 2416 4306 itaque
2450 4240 2700 4292 instantis
2747 4241 2872 4292 anni
2922 4242 3144 4305 circulo,
3177 4259 3368 4312 quam-

1808 4344 1969 4394 quam
1990 4328 2042 4378 in
2078 4328 2209 4380 facie
2232 4327 2478 4380 l’ontiliei
2519 4329 2626 4382 Rex
2654 4332 2880 4383 devotus
2922 4342 2972 4384 ct
3005 4334 3258 4386 oliediens
3285 4335 3363 4385 vi—

1807 4419 2040 4479 deretur,
2065 4419 2224 4471 corde
2244 4430 2294 4470 et
2323 4436 2502 4487 opere,
2530 4422 2666 4474 sicut
2692 4423 2763 4474 rei
2783 4422 3001 4475 cll'cctus
3023 4422 3360 4489 postmodum

1743 4506 1780 4557 ll
1810 4508 2079 4572 indicavit,
2104 4509 2408 4560 tontrarius
2438 4510 2558 4571 sibi,
2599 4519 2650 4560 et
2676 4525 2885 4577 semper
2926 4511 2976 4562 in
3021 4511 3228 4564 insidiis
3253 4516 3364 4565 clli-

1805 4599 2003 4650 caeiter
2063 4599 2254 4651 extitit.
2309 4597 2596 4652 Nocturnis
2641 4600 2782 4650 enim
2837 4602 3188 4668 temporibus,
3239 4619 3360 4655 cntn

1805 4690 2060 4740 tiuila-rto
2094 4697 2144 4741 et
2168 4688 2356 4738 (lentio
2383 4685 2624 4739 Romano
2654 4688 2770 4740 viro
2797 4691 3228 4759 nequissimo,dc
3254 4707 3364 4762 quo

1805 4779 2127 4829 mentionem
2159 4775 2381 4827 fecimus
2406 4778 2673 4843 superius,
2704 4789 2754 4832 et
2793 4781 2914 4834 aliis
2953 4779 3204 4835 Ecclesia:
3255 4782 3360 4834 itii-

1805 4867 1957 4917 micis
2005 4865 2342 4917 familiariter
2405 4867 2740 4933 loquebatur,
2791 4879 2844 4922 ct
2899 4870 3118 4924 nefariis
3173 4887 3360 4925 corum

1803 4957 2042 5009 consiliis
2070 4956 2302 5008 favorem
2336 4957 2638 5024 praestabat.
2669 4957 2770 5010 Sed
2794 4975 2916 5011 cum
2942 4959 3142 5014 videret
3166 4961 3360 5030 Papam

1805 5047 2120 5113 Gregorium
2159 5064 2185 5099 a
2213 5047 2405 5099 (lustro
2435 5045 2655 5097 Canusii
2689 5047 2836 5101 nullo
2873 5052 3032 5103 modo
3080 5067 3239 5118 posse
3277 5053 3360 5103 ιιι-
3391 5063 3394 5066 ‘

1805 5139 1946 5200 velli,
1972 5137 2187 5204 Papiam
2218 5144 2526 5188 moraturus
2554 5139 2806 5204 perrexit,
2836 5140 2922 5192 ubi
2946 5141 3192 5194 eumdem
3220 5140 3360 5195 Cet:-

1806 5228 1937 5279 tium
1986 5226 2214 5291 pessima
2261 5236 2430 5278 morte
2461 5227 2772 5280 defunctum
2819 5229 3050 5293 invenit;
3081 5230 3237 5297 cujus
3266 5248 3358 5282 cx-

1804 5315 2059 5367 secrabile
2086 5313 2244 5368 {tinus
2268 5317 2404 5368 idem
2433 5318 2724 5371 Guibertus
2754 5333 2876 5368 cum
2909 5319 3118 5373 caeteris
3141 5335 3326 5374 cxcom
3347 5351 3359 5358 -

1804 5405 2091 5458 manicatis
2138 5407 2437 5473 pompatico
2479 5415 2532 5457 et
2580 5406 2993 5459 lamentabilitcr
3050 5410 3355 5460 Ct'lcbt'avil.

1804 5493 2001 5548 Eodem
2035 5505 2292 5562 tempore,
2319 5510 2438 5545 eum
2466 5493 2571 5546 Rex
2601 5492 2861 5547 Henricus
2894 5498 2943 5548 in
2975 5498 3215 5563 partibus
3253 5495 3356 5550 πιλί-

1806 5639 1950 5674 num.
1976 5622 2059 5682 57;
2091 5623 2177 5674 St‘tl
2213 5624 2470 5684 tf'naravit
2503 5624 2750 5687 iniuriam
2785 5623 2951 5672 l'tloni
2983 5642 3042 5674 ea
3073 5627 3360 5679 occasione.

1807 5693 2016 5742 ructant.
