3902 6422
607 556 704 611 123

1792 552 1845 606 s.
1874 544 2265 607 cessemus
2299 546 2381 600 vu
2415 516 2630 601 mea.

3694 551 3776 604 Hi

603 667 687 720 liae
721 673 1040 731 moraretur,
1064 635 1338 736 Principes
1378 665 1546 736 Regni
1598 665 1740 733 apud
1784 662 1973 718 Villam
2018 661 2150 716 For-
2176 654 2312 728 And
2340 657 2538 729 Regem
2575 660 2630 712 in
2658 657 2958 724 Bovarium,
2980 666 3034 713 et
3068 657 3117 712 ei
3147 658 3430 714 consilium
3470 667 3525 714 et
3546 661 3778 718 volunta-

602 757 756 808 chem
785 755 838 809 in
876 771 1041 809 unutn
1066 755 1266 824 pariter
1299 763 1692 816 convenerunt,
1719 761 1771 808 et
1807 752 2147 821 Rodulphum

605 846 876 915 egregium
907 844 1107 899 Ducem
1142 845 1244 900 sibi
1291 846 1347 898 in
1382 844 1578 916 Regem
1617 843 1943 898 unanimiter
1975 842 2166 911 elege-.

605 943 750 1000 rant,
778 929 953 988 virum
995 935 1259 1004 siquidem
1296 935 1474 1005 magni
1509 935 1753 998 consilii,
1795 941 1849 987 et
1895 933 1945 986 in
1988 931 2151 986 armis

608 1025 914 1092 frequenter
944 1033 1246 1093 expertum,
1271 1040 1334 1078 ac
1359 1025 1520 1078 nimis
1556 1017 1837 1078 illustrem.
1866 1022 2031 1087 Quod
2062 1021 2152 1074 ubi
2194 1024 2197 1027 ’

610 1112 719 1167 Rex
765 1111 1028 1168 Henricus
1066 1113 1288 1179 audivit,
1317 1129 1424 1168 non
1475 1113 1812 1168 mediocriter
1853 1120 2153 1168 commotus

605 1211 708 1268 est,
735 1211 788 1256 et
830 1204 886 1256 in
929 1203 1261 1258 iracundiam
1301 1203 1642 1258 vehementer
1678 1204 1894 1257 exarsit.
1928 1201 2152 1256 Verum-

609 1300 809 1358 tamen,
837 1293 981 1347 sicut
997 1292 1079 1346 vir
1105 1292 1331 1347 callidus
1360 1301 1415 1348 et
1442 1308 1627 1363 sagax,
1651 1292 1934 1347 Dominum
1956 1291 2153 1361 Papam

607 1381 921 1451 Gregorium
946 1397 1041 1450 per
1061 1382 1280 1435 nuntios
1301 1397 1432 1436 suos
1455 1383 1644 1438 blande
1680 1392 1733 1436 et
1773 1381 2044 1436 humiliter
2061 1396 2154 1435 ex-

608 1471 784 1525 oravit
804 1481 1066 1546 quatenus
1080 1472 1323 1525 eumdem
1341 1470 1679 1541 Rodulphum
1703 1487 1826 1525 mox
1847 1486 2156 1526 excommu-

611 1560 864 1614 nicationi
888 1553 1189 1628 subiiceret.
1217 1559 1461 1615 Pontifex
1485 1569 1685 1624 autem,
1709 1561 1933 1615 consilio
1953 1560 2153 1627 habito,

611 1649 883 1718 respondit
915 1665 972 1704 se
1007 1650 1109 1704 hoc
1143 1649 1370 1704 libenter
1411 1649 1700 1714 facturum,
1723 1650 1768 1704 si
1794 1649 2104 1718 Rodulpbus
2126 1665 2154 1704 a

611 1755 669 1792 se
699 1747 920 1793 vocatus
946 1740 1206 1793 rationem
1232 1739 1316 1793 sui
1347 1738 1474 1793 facti
1508 1741 1727 1794 reddere
1772 1740 1936 1794 nollet

612 1827 756 1881 enim
791 1829 998 1896 justum
1032 1837 1124 1882 aut
1159 1829 1474 1883 rationabile
1529 1830 1826 1896 videbatur,
1871 1838 1931 1884 ut
1983 1831 2158 1899 prius-

611 1931 774 1984 quam
801 1919 1172 1972 conveniretur
1194 1921 1767 1976 excommunicationis
1788 1921 1963 1991 gladio
1984 1919 2157 1990 puniri

1989 1759 2002 1793 :
2049 1755 2155 1795 non

2249 756 2354 802 tem
2394 747 2570 827 Patris
2613 749 2698 802 sui
2745 745 3021 803 Pontiﬁcis
3073 747 3423 802 ostenderunt
3464 767 3476 802 :
3511 749 3602 803 sed
3651 751 3780 818 apud

2250 837 2425 905 ipsum
2447 835 2654 891 etiicere
2678 837 2984 891 nullatenus
3007 840 3318 906 potuerunt,
3349 836 3495 906 quod
3519 838 3574 891 in
3609 837 3782 907 Regna

2251 940 2351 980 suo
2389 935 2661 994 pateretur
2704 926 2979 996 Synodum
3021 927 3300 992 celebrari,
3325 927 3430 981 nisi
3454 926 3783 995 Rodulphum

2251 1013 2448 1085 Regem
2472 1017 2677 1084 absque
2717 1017 2989 1081 citatione,
3023 1031 3132 1070 non
3185 1015 3496 1070 confessum
3536 1015 3622 1069 vel
3667 1029 3785 1070 con-

2253 1105 2472 1171 victum,
2534 1106 3108 1161 excommunicationis
3178 1105 3394 1159 vinculo
3457 1104 3782 1158 innodarent.

2252 1192 2402 1260 Quod
2429 1195 2554 1264 quia
2593 1194 2776 1265 Legati
2819 1195 2995 1251 facere
3037 1211 3142 1250 non
3176 1201 3652 1265 przcsumpseruut,
3700 1193 3787 1247 do-

2251 1284 2425 1338 lentes
2448 1285 2591 1353 quod
2627 1287 2829 1354 absque
2850 1285 3025 1340 fructu
3047 1301 3235 1341 eorum
3274 1285 3516 1354 fatigatio
3551 1297 3786 1337 remane-

2253 1372 2364 1438 bat,
2389 1372 2586 1428 infecto
2623 1376 2835 1445 negotio
2871 1384 3181 1430 remearunt
3219 1376 3286 1429 ad
3332 1375 3519 1428 urbem
3547 1371 3784 1426 Romam.

2253 1461 2449 1517 lterum
2471 1472 2649 1517 autem
2681 1464 2820 1518 inter
2848 1465 3066 1519 eosdem
3081 1463 3250 1534 Reges
3275 1464 3473 1518 acriter
3494 1472 3576 1517 cst
3596 1477 3790 1532 pugna-

2254 1560 2390 1619 tum,
2431 1561 2485 1606 et
2525 1554 2693 1608 multa
2741 1554 2920 1608 millia.
2943 1554 3244 1619 hominum,
3277 1544 3508 1608 maxime.
3537 1553 3789 1607 Bobcmo-

2255 1657 2397 1709 rum,
2420 1657 2557 1697 caesa
2599 1652 2743 1698 sunt.
2784 1641 2990 1698 interea
3027 1643 3347 1698 venerabilis
3397 1642 3666 1709 Pontifex,
3711 1656 3788 1693 re-

2256 1734 2425 1802 ceptis
2463 1731 2676 1788 Nuntiis
2711 1732 2930 1788 Roberti
2975 1732 3275 1800 Guiscardi,
3303 1732 3501 1804 egregii
3533 1731 3792 1788 Norman-

2259 1838 2448 1878 norum
2483 1823 2662 1887 Ducis,
2688 1839 2877 1878 versus
2912 1823 3161 1892 Apuliam
3194 1833 3319 1893 post
3357 1830 3576 1877 octavas
3607 1821 3791 1876 Pente-

2257 1921 2436 1968 costes
2485 1913 2586 1966 iter
2623 1913 2870 1983 arripuit,
2901 1921 2956 1967 et
2999 1928 3122 1968 cum
3168 1913 3285 1981 ipso
3340 1912 3482 1982 apud
3530 1910 3792 1980 Aquinum

612 2006 844 2060 deberet.
882 2005 1053 2077 Hujus
1095 2009 1276 2078 itaque
1322 2011 1695 2078 responsionis
1736 1986 2021 2064 occasione
2065 1994 2158 2066 ad-
2182 1986 2232 2092 ’Β
2255 2001 2585 2072 colloquium
2630 2002 2834 2056 habuit.
2866 2000 3120 2072 Congrua
3157 2002 3340 2072 itaque
3384 2002 3454 2056 ab
3491 2015 3556 2055 eo
3583 1999 3792 2056 satisfa-

611 2109 802 2150 vcrsus
843 2094 1156 2151 Pontiﬁcem
1184 2099 1473 2152 maximam
1505 2099 1923 2170 indignationem
1957 2115 2157 2154 conce-

614 2184 717 2253 pit;
749 2185 842 2240 sed
867 2187 1004 2256 quia
1024 2187 1338 2256 gravissima
1372 2189 1473 2250 sibi
1510 2190 1719 2259 negotia
1764 2189 2157 2254 incumbebant,

613 2273 717 2329 hoc
736 2276 1142 2344 praetermissos,
1170 2278 1222 2330 in
1260 2277 1541 2332 Franciam
1573 2288 1627 2332 et
1663 2279 1941 2332 Bavariam
1973 2287 2158 2333 contra

616 2359 953 2432 Rodulphum
977 2365 1030 2418 in
1055 2380 1218 2419 manu
1240 2367 1414 2420 valida
1455 2366 1727 2421 festinavit
1752 2364 2010 2421 z-eco’ntra
2048 2367 2158 2421 Ro-

613 2451 865 2524 dulphus,
894 2454 960 2507 de
975 2454 1185 2523 justitia
1204 2471 1301 2528 sua
1326 2456 1619 2523 conlidens,
1635 2458 1701 2512 ad
1721 2457 2024 2512 conﬂictum
2047 2472 2162 2512 cer-

614 2542 830 2597 taminis
851 2543 1191 2598 animositate
1213 2547 1444 2600 maxima
1473 2547 1793 2616 properavit.
1814 2546 1953 2612 Quid
1976 2548 2162 2617 plura?

617 2628 868 2686 llorribili
899 2633 1040 2687 bello
1085 2635 1283 2688 acriter
1336 2637 1609 2706 utrimque
1656 2638 1980 2704 commisso,
2024 2653 2160 2693 caesa

614 2729 742 2799 sunt
771 2723 936 2776 multa
971 2723 1138 2778 millia
1179 2724 1461 2780 hominum
1509 2727 1637 2781 hinc
1675 2726 1798 2781 inde
1843 2745 1860 2781 :
1906 2727 1998 2782 sed
2041 2728 2164 2796 quis

613 2819 801 2864 eorum
829 2813 1168 2880 praevaluerit
1196 2829 1302 2867 non
1327 2816 1554 2870 habetur
1582 2824 1807 2870 certum.

683 2899 767 2954 10.
801 2899 928 2956 Post
957 2902 1058 2957 hoc
1082 2911 1261 2956 autem
1285 2903 1546 2960 Dominus
1568 2905 1858 2975 Gregorius
1883 2917 2163 2975 regressus
2191 2955 2195 2958 ,

613 2998 696 3045 est
717 3006 838 3045 cum
860 2993 1064 3048 honore
1089 2993 1154 3048 ad
1201 2994 1386 3049 urbem
1420 2994 1643 3050 Romam
1671 3015 1684 3050 :
1713 2987 1856 3060 illico
1888 2994 2161 3066 Synodum

613 3083 956 3146 convocavit,
1011 3083 1063 3136 in
1117 3099 1222 3153 qua
1264 3084 1619 3139 interfuerunt
1647 3085 1832 3140 Nuntii
1880 3087 2161 3140 amborum

620 3185 833 3240 regum,
860 3174 1056 3241 quibus
1093 3174 1338 3228 Pontifex
1366 3176 1605 3230 districto
1653 3178 1921 3245 praecepit,
1962 3193 2029 3230 ne
2060 3176 2164 3244 ipsi

622 3259 792 3328 Reges
818 3269 941 3314 ante
973 3263 1259 3317 adventum
1295 3264 1616 3334 Legatorum
1659 3281 1881 3320 suorum
1925 3279 2162 3335 pugnare

619 3361 1030 3419 praesumerent,
1084 3354 1178 3407 sed
1247 3369 1516 3424 congruus
1561 3355 1712 3410 locus
1774 3356 1843 3411 ab
1899 3355 2161 3426 episcopis

619 3440 897 3510 utriusque
936 3444 1104 3511 partis
1145 3445 1495 3510 inveniretur,
1523 3445 1577 3499 in
1608 3461 1716 3515 quo
1737 3454 1860 3500 ante
1888 3446 2032 3516 ipsos
2057 3445 2160 3501 Le-

617 3538 768 3599 gatos
807 3533 1044 3588 rationes
1075 3550 1203 3590 suas
1241 3551 1466 3604 quaeque
1503 3552 1628 3605 pars
1652 3552 1840 3591 secure
1868 3538 2042 3591 valeat
2070 3537 2174 3600 des

622 3630 941 3676 monstrare.
978 3623 1134 3688 Quod
1156 3626 1378 3680 verbum
1409 3627 1534 3680 licet
1551 3625 1765 3679 Nuntiis
1787 3627 1918 3694 ipsis
1945 3628 2162 3699 placue-

622 3708 712 3773 rit,
752 3709 1071 3778 impediente
1127 3721 1303 3768 tamen
1369 3715 1593 3769 humani
1665 3716 1873 3784 generis
1928 3717 2162 3781 inimico,

622 3797 980 3854 disturbatum
1012 3801 1138 3867 fuit;
1161 3811 1213 3857 et
1248 3805 1438 3857 iterum
1465 3805 1697 3872 peccatis
1722 3805 2058 3875 exigentibus
2079 3806 2164 3859 iu-

625 3896 706 3940 ter
751 3891 966 3944 eosdem
1007 3891 1175 3961 Reges
1227 3893 1555 3947 horribiliter
1610 3902 1693 3950 est
1728 3903 2040 3964 pugnatum,
2077 3896 2165 3948 ubi

626 3972 858 4035 maxima
906 3983 1141 4036 virorum
1196 3982 1414 4038 fortium
1465 3985 1750 4040 multitudo
1797 3986 2004 4039 cecidit.
2039 3983 2168 4050 Qute

624 4085 788 4125 causa
815 4071 941 4127 dum
983 4075 1196 4128 devenit
1234 4075 1300 4127 ad
1331 4090 1488 4129 aures
1513 4076 1708 4130 summi
1742 4075 2037 4141 Pontiﬁcis,
2069 4075 2174 4143 pro'

625 4172 772 4221 tanta
817 4150 1085 4220 occisione
1130 4160 1473 4220 vehementer
1524 4165 1814 4235 ingemuit:
1842 4167 1941 4231 sed
1993 4181 2024 4219 a
2078 4166 2168 4234 pio

626 4254 769 4322 quod
803 4265 949 4310 tanta
979 4265 1216 4325 cmperat
1261 4271 1422 4324 opere
1455 4255 1644 4310 nolens
1677 4254 1952 4322 desistere,
1991 4256 2166 4326 Syno-

628 4343 755 4395 dum
793 4343 846 4394 in
884 4346 1124 4410 proxima
1144 4344 1566 4416 Quadragesima
1590 4347 1781 4401 iterum
1810 4347 2123 4402 convocavit
2150 4367 2162 4400 :

631 4434 686 4486 in
715 4447 820 4500 qua
846 4433 1122 4501 utriusque
1155 4437 1323 4500 partis
1342 4434 1523 4488 Nuntii
1540 4438 1832 4501 venientes,
1853 4438 2167 4506 iuraverunt

629 4536 724 4576 ore
754 4521 969 4590 proprio
1013 4521 1154 4590 quod
1186 4530 1442 4576 statutum
1469 4524 1537 4575 ab
1560 4524 1866 4591 Apostolica
1900 4526 2167 4591 Sede,col-

2257 2092 2434 2148 ctione
2455 2100 2725 2160 suscepta,
2745 2093 2898 2161 prius
2924 2108 2954 2146 a
2989 2091 3202 2147 vinculo
3231 2090 3797 2146 excommunicationis
3896 2073 3902 2098 ¹

2255 2197 2377 2235 cum
2399 2182 2647 2248 absolvit,
2681 2191 2735 2236 et
2753 2190 3146 2252 consequenter
3173 2181 3481 2236 ﬁdelitatem
3514 2188 3570 2234 et
3610 2180 3794 2234 homa-

2257 2273 2400 2341 gium
2423 2273 2542 2341 ejus
2574 2273 2789 2341 recepit.
2812 2273 3158 2327 Postmodum
3191 2287 3321 2327 vero
3333 2273 3447 2342 jam
3468 2281 3796 2344 assumptum

2257 2363 2310 2415 in
2343 2362 2625 2430 specialem
2669 2356 2818 2416 Beati
2861 2361 3006 2416 Petri
3037 2361 3278 2427 Militem,
3303 2363 3370 2418 de
3403 2364 3570 2418 totius
3601 2363 3800 2433 Apulia

2256 2461 2309 2505 et
2327 2450 2590 2506 Calabriae
2609 2451 2836 2518 Ducatu,
2862 2467 2957 2520 per
2986 2453 3241 2506 vexillum
3269 2451 3423 2530 Sedis
3456 2453 3794 2521 Apostolicaz,

2260 2543 2545 2596 investivit.

2856 2651 3080 2708 CAPUT
3111 2651 3196 2706 Ill.

2261 2740 2495 2796 Guiberti
2515 2744 2788 2812 Antipapa:
2810 2745 3065 2813 prontotio
3092 2759 3110 2796 :
3140 2743 3357 2798 Πετιήεὶ
3383 2743 3507 2813 fuga
3530 2750 3596 2796 ab
3631 2708 3797 2798 Urbe:

2810 2827 2950 2866 mors
2977 2813 3231 2867 Greaon'i.

2895 2829 2950 2864 rs
2977 2829 3231 2883 ιιι-εσθαι.

2332 2901 2353 2953 -l
2369 2901 2388 2953 l
2402 2941 2414 2953 .
2430 2899 2628 2956 Eodem
2641 2905 2854 2972 qucque
2870 2911 3107 2972 tempore
3117 2901 3231 2957 Rex
3247 2901 3600 2968 Benricus,in
3614 2915 3801 2969 magna

2259 2992 2506 3060 superbia
2532 2992 2804 3060 elevatus,
2841 2993 3169 3048 antedictum
3204 2992 3512 3048 Leimarum
3545 2991 3801 3046 Bremen-

2260 3097 2372 3136 sem
2384 3093 2437 3137 et
2455 3081 2820 3139 llermannum
2837 3082 3280 3154 Bambergensem
3292 3083 3625 3149 Antistitem,
3637 3083 3802 3137 cervi-

2235 3190 2418 3231 .cosos
2435 3176 2600 3239 viros,
2614 3175 2901 3228 destinavit
2925 3176 2993 3229 ad
3013 3177 3197 3231 urbem
3227 3174 3524 3230 Romanam
3553 3189 3655 3244 per
3675 3188 3805 3242 quos

2261 3265 2422 3329 nimis
2442 3273 2684 3335 proterve
2705 3265 2978 3319 mandavit
2993 3264 3151 3334 Papae
3168 3255 3444 3334 GregOrio,
3462 3280 3527 3319 ac
3551 3265 3599 3319 si
3621 3273 3799 3335 potes-
3900 3335 3902 3350 Ι

2262 3364 2424 3410 tatem
2453 3371 2613 3425 super
2634 3371 2755 3410 eum
2778 3356 3018 3432 haberet,
3040 3363 3307 3425 quatenus
3333 3355 3680 3423 Rodulphum
3706 3356 3803 3411 sibi

2261 3449 2629 3516 adversantem
2661 3448 3126 3502 cxcommunicare
3151 3447 3458 3517 nullatenus
3479 3447 3802 3516 protelaret:

2261 3539 2404 3607 quod
2433 3539 2476 3592 si
2514 3553 2620 3591 non
2645 3537 2862 3605 faceret,
2892 3536 3005 3607 ipse
3028 3537 3229 3606 Papam
3256 3536 3400 3607 (157)
3431 3537 3532 3592 sibi
3559 3538 3806 3607 'acquire-
3900 3529 3902 3536 ’

2263 3637 2364 3693 ret,
2391 3629 2484 3696 qui
2509 3628 2872 3695 ecclesiastica
2893 3642 3123 3682 censura
3149 3627 3233 3680 sui
3266 3627 3440 3681 hostis
3462 3627 3805 3681 insolentiam
3900 3657 3902 3668 ι

2262 3724 2551 3771 eoerceret.
2596 3715 2927 3770 Venerabilis
2970 3731 3127 3784 papa,
3169 3717 3262 3783 qui
3292 3731 3390 3784 pro
3432 3716 3648 3783 iustitia
3690 3728 3808 3769 san-

2265 3807 2477 3876 guinem
2501 3806 2773 3875 proprium
2803 3803 3025 3860 fundere
3046 3811 3267 3873 paratus
3289 3812 3423 3870 erat,
3456 3819 3564 3858 non
3586 3803 3657 3858 ad
3685 3817 3808 3874 pro-

2264 3897 2546 3950 cacitatem
2584 3895 2727 3966 (158)
2761 3896 3049 3950 verborum
3096 3895 3348 3963 superbi/
3370 3893 3551 3964 Regis,
3605 3895 3700 3951 sed
3747 3893 3807 3948 ad

2265 3987 2517 4040 mandata
2539 3985 2743 4040 Judicis
2763 3986 2949 4040 aeterni
2978 3985 3294 4055 respiciens,
3334 3999 3473 4053 saepe
3504 3983 3685 4041 fatum
3707 3985 3808 4041 Ro-
3900 4017 3902 4056 ί

2266 4077 2542 4145 dulphum,
2571 4077 2832 4131 rationem
2870 4075 3075 4146 justam
3115 4075 3551 4146 pmicndente-m,
3593 4079 3811 4132 anathe-

2265 4154 2542 4233 inatisare,
2594 4166 2734 4222 sicut
2774 4182 2882 4221 non
2927 4167 3129 4232 debuit,
3179 4167 3400 4220 minime
3475 4167 3668 4234 volvit,
3723 4169 3809 4223 sed
3900 4197 3902 4202 -

2265 4258 2511 4312 eumdem
2539 4257 2732 4327 Regem
2761 4257 3070 4328 frequenter
3102 4257 3512 4323 commonitum,
3551 4265 3609 4312 et
3641 4273 3674 4312 a
3703 4257 3811 4313 suis

2264 4348 2692 4430 excessibusnon
2717 4348 3138 4417 resipiscentem,
3160 4347 3415 4416 quoniam
3439 4346 3642 4415 legatos
3663 4345 3812 4400 Sedis

2263 4437 2596 4506 Apostolieae‘
2637 4437 2938 4492 Concilium
2977 4438 3032 4491 in
3070 4444 3226 4492 terra
3272 4434 3664 4489 dominationis
3706 4448 3812 4487 sua
3900 4455 3902 4462 ι

2263 4542 2608 4598 nequaquam
2633 4529 2909 4596 celebrare
2951 4523 3225 4594 permisit,
3277 4532 3557 4592 tamquam
3624 4523 3810 4577 inobe-

632 4611 872 4679 loquium
904 4626 998 4678 per
1022 4611 1230 4679 culpam
1265 4612 1500 4679 ipsorum
1523 4610 1738 4680 Regum
1765 4615 2068 4672 nullatenus
2090 4628 2173 4674 est
2203 4628 2246 4681 Ι)
2267 4617 2502 4672 dientem
2541 4626 2595 4672 et
2616 4618 2864 4673 rebellem
2892 4617 3081 4670 iterato
3113 4612 3663 4669 excommunicationi
3692 4613 3814 4668 sub-

629 4701 1008 4754 disturbatum.
1054 4700 1302 4770 lleoquc,
1326 4701 1616 4755 deliberato
1635 4700 1893 4767 Consilio,
1929 4703 2172 4762 Pontifex

631 4791 698 4846 ad
751 4799 931 4860 partes
981 4792 1101 4846 illas
1144 4793 1474 4846 venerabiles
1541 4793 1685 4847 viros
1741 4792 1955 4847 Petrum
2010 4795 2174 4849 Alba-

635 4897 762 4936 num
787 4883 955 4953 (£54),
995 4892 1154 4952 atque
1179 4881 1486 4936 Odalricum
1511 4883 1657 4952 (155)
1702 4882 2015 4938 Paduanum
2065 4885 2179 4954 epi«

635 4984 846 5040 scopos,
872 4981 925 5027 et
946 4971 1713 5043 AquilcgicumPatriarcham
1739 4972 1925 5043 ’(156),
1955 4987 2054 5042 pro
2087 4961 2183 5027 se;

637 5060 814 5116 dando
843 5067 1000 5116 tantae
1024 5064 1304 5118 discordiae
1330 5063 1492 5129 malo,
1526 5065 1890 5119 transmittere
1910 5063 2132 5142 ’studuit
2160 5081 2173 5115 :

635 5151 836 5220 quibus
854 5151 910 5203 in
931 5153 1193 5206 mandatis
1215 5153 1376 5219 dedit,
1418 5163 1477 5208 ut
1504 5155 1719 5210 eosdem
1759 5155 1932 5225 Reges
1953 5171 1982 5209 a
2007 5153 2175 5210 bello-

640 5255 756 5294 rum
782 5239 1160 5307 congressibus
1186 5242 1544 5309 prohiberent,
1567 5254 1620 5299 et
1645 5256 1938 5301 convocata
1962 5244 2178 5316 Synodo

639 5328 1303 5401 Episcoposetreligiosos
1347 5331 1492 5386 viros
1533 5335 1598 5386 ad
1640 5351 1796 5390 suam
1836 5336 2175 5404 praesentiam

631 5422 884 5488 juberent
902 5420 1170 5476 accedere.
1195 5418 1298 5485 Qui
1329 5424 1829 5488 accepto-mandato
1851 5426 2179 5479 transierunt

709 5528 854 5599 (154)
892 5527 987 5582 Hic
1010 5536 1093 5583 est
1203 5526 1390 5599 Petrus
1418 5526 1626 5596 Igneus,
1653 5545 1717 5582 ex
1751 5519 1947 5599 Ordine
1969 5529 2174 5599 rVallis-

642 5597 927 5680 ιξιῃὶποείιξ2
974 5613 1062 5651 an.
1099 5597 1233 5651 1074
1278 5600 1490 5651 creatus
1530 5599 1833 5653 Cardinalis
1886 5597 2178 5666 Episcopus

644 5666 1196 5805 ῗιῗῗὲξῖῗῗίαήσωη
1226 5735 1453 5805 appellat
1481 5734 1754 5804 Ughellus,
1787 5734 1878 5805 qui
1899 5733 2176 5805 ecclesiam

648 5799 955 5874 Patavinam
1006 5806 1143 5859 rexit
1184 5799 1352 5874 usque
1386 5806 1449 5858 ad
1475 5799 1561 5858 an“.
1595 5799 1750 5870 1090,
1777 5799 1912 5858 haud
1941 5804 2028 5856 ditt
2055 5811 2178 5856 ante

651 5870 786 5924 hanc
821 5871 1156 5937 Legationcm
1181 5870 1390 5944 creatus
1420 5873 1726 5942 Episcopus.

2237 4709 2240 4712 ’
2265 4707 2413 4776 iecit,
2434 4707 2733 4778 quibus'ita
2767 4706 3017 4776 peractis,
3071 4702 3255 4774 Legati
3283 4717 3406 4756 cum
3454 4701 3815 4771 indignatione

2256 4797 2340 4851 ad
2368 4797 2527 4869 Regis
2567 4797 2905 4866 praesentiam
2931 4796 3226 4859 redierunt,
3265 4793 3434 4862 ipsius
3467 4792 3714 4848 animum
3753 4793 3814 4848 ad

2272 4883 2556 4949 deteriora,
2576 4887 2718 4941 sicut
2731 4886 2835 4940 viri
2854 4885 2962 4939 Deo
2983 4884 3227 4946 odibiles.
3263 4882 3550 4936 instantius
3578 4897 3816 4936 commo-

2273 4982 2477 5027 ventes.
2517 4973 2628 5027 Rex
2669 4990 2796 5029 vero
2831 4974 2924 5028 ubi
2965 4987 3024 5027 se
3061 4972 3314 5041 cognovit
3355 4985 3450 5038 per
3496 4971 3816 5023 sententiam

2275 5060 2503 5116 Romani
2525 5061 2802 5116 Pontiﬁcis
2831 5077 2863 5114 a
2884 5059 3160 5115 consortio
3186 5057 3423 5110 ﬁdelium
3457 5065 3813 5125 segregatum,
3900 5073 3902 5082 '

2273 5150 2444 5206 tristis
2467 5149 2689 5205 eﬂ‘ectus
2721 5157 2804 5204 est
2831 5167 2844 5202 :
2869 5147 2962 5216 sed
3001 5161 3125 5200 cum
3156 5162 3185 5198 a
3209 5145 3436 5199 diversis
3467 5145 3686 5213 diversa
3728 5145 3816 5201 da-

2273 5248 2461 5296 rentur
2503 5239 2605 5294 sibi
2654 5237 2898 5302 consilia,
2939 5237 2994 5289 iu
3037 5235 3323 5289 anxietatis
3374 5233 3539 5287 dubio
3588 5236 3814 5302 posius,
3900 5243 3902 5316 ς

2271 5331 2402 5400 quid
2431 5329 2610 5399 potius
2654 5316 2871 5399 eligeret
2912 5324 3211 5395 ignorabat.
3254 5321 3491 5376 Tandem
3532 5338 3814 5390 perverso-

2271 5437 2394 5476 rum
2437 5419 2750 5474 Antistitum
2782 5425 2836 5471 et
2872 5415 3158 5484 impiorum
3199 5410 3507 5479 Principum
3554 5421 3815 5470 sententia

2310 5528 2462 5601 (l5§)_
2484 5516 2772 5601 ﬂemina,
2803 5533 3021 5601 mortuo
3059 5519 3816 5601 miset~abiliter_mhismiﬁm

2276 5587 2537 5666 Sigefrido
2559 5587 2966 5666 suﬂectus,_t_ioc
3000 5589 3127 5666 ipso
3141 5602 3300 5666 anno
3315 5587 3485 5666 1077,
3523 5588 3615 5666 a_l_ii

2274 5654 2494 5717 ha‘rdum
2527 5664 2792 5733 appellant
2815 5654 2829 5713 ἐ
2849 5654 3106 5728 Ughellus
3133 5655 3448 5726 Sigefridum
3470 5671 3503 5711 a
3529 5654 3812 5728 Sigeltardo

2275 5746 2383 5785 non
2403 5732 2700 5801 distinguit.

2369 5801 2493 5928 157g
2526 5795 2772 5856 Céneius,
2812 5795 3088 5861 Papatum.

2370 5869 2466 5920 ιεςε
2529 5867 2687 5928 Idem,
2731 5865 3069 5915 Promt‘ilaiis

2370 5863 2486 5930 158)
2529 5867 2687 5930 Idem,
2731 5865 3069 5915 Promwilruis
3107 5863 3269 5917 verba.

2471 5929 2477 5936 α
