3902 6348
148 460 226 512 ηπ
1097 461 1599 518 FROLBGOMENA
1612 504 1623 516 .
1655 494 1666 501 -

1769 463 1926 518 \CT.\
1963 464 2017 518 S.
2045 465 2382 520 GREGOHH.

3236 477 3331 531 l26

142 573 449 640 prevalente,
484 573 628 641 apud
663 571 897 626 Brixiam
929 574 1231 641 generalem
1247 572 1465 627 Curiam
1488 575 1670 642 dispo-
1705 580 1743 632 Α
1773 575 1889 642 ejus
1947 592 2068 628 cum
2146 578 2381 631 exercitu
2455 578 2679 633 illustris
2732 581 3033 636 Comitissae
3103 582 3332 641 Matildis

143 665 231 715 suit
273 662 557 716 celebrare.
602 663 992 717 Convenerunt
1052 666 1233 732 itaque
1291 665 1515 717 in.loco
1559 666 1677 734 ipso

141 753 329 820 plurimi
350 752 596 808 seditiosi
623 762 679 806 et
713 755 943 806 intames
975 751 1245 822 Episcopi,
1285 770 1406 807 cum
1436 755 1677 807 multitu-

139 842 244 894 dine
265 841 596 895 Clericorum
634 850 691 896 et
729 842 1058 911 Principum,
1095 852 1364 910 quatenus
1408 845 1462 896 in
1507 845 1678 912 jactu-

140 948 238 985 ram
282 932 489 986 Domini
530 931 785 1001 Gregorii
831 931 987 1001 Papa:
1039 943 1262 1000 possent
1295 934 1495 1002 aliquid
1549 935 1676 986 mali

138 1021 362 1075 ordinare
383 1023 466 1075 vel
504 1032 767 1086 statuere,
797 1031 853 1075 ut
886 1023 1024 1076 inter
1045 1021 1343 1076 Romanam
1382 1023 1673 1078 Ecclesiam

137 1123 181 1163 et
203 1110 470 1180 Imperium
496 1113 771 1166 discordia
802 1113 997 1165 futuris
1021 1113 1351 1180 temporibus
1377 1113 1669 1169 fulciretnr.

137 1202 521 1256 (Iammunicato
562 1203 749 1271 itaque
786 1203 1071 1257 execrabili
1105 1213 1159 1255 et
1201 1202 1512 1258 detestando
1540 1221 1672 1258 cou-

138 1291 257 1354 silio,
291 1291 352 1343 de
373 1306 650 1346 consensu
683 1293 854 1360 ipsius
881 1291 1059 1362 Regis,
1086 1293 1364 1361 elegerunt
1390 1294 1442 1346 in
1474 1293 1673 1348 Roma-

139 1398 246 1434 num
283 1382 619 1447 Pontiticem,
648 1383 814 1436 immo
857 1382 1200 1452 Antipapam,
1230 1381 1545 1439 Guihertum
1569 1385 1673 1439 Ra-

137 1484 512 1535 tcmlatensem,
583 1473 762 1525 virum
821 1473 1104 1526 manifeste
1169 1473 1466 1542 perjurum,
1514 1483 1674 1544 atque

137 1563 261 1615 omni
288 1564 482 1616 malitia
504 1571 560 1616 et
599 1563 886 1617 dolositate
911 1563 1145 1631 plenum.
1183 1560 1242 1613 Et
1265 1564 1521 1631 quoniam
1563 1566 1674 1634 plc-

136 1667 336 1721 rumque
365 1653 614 1722 contigit,
656 1661 716 1704 ut
740 1661 1014 1721 peccatum
1048 1652 1116 1705 sit
1155 1667 1315 1721 poma
1357 1655 1578 1724 peccati,
1608 1656 1673 1708 de

133 1744 371 1811 superbia:
398 1745 586 1800 radice
612 1744 876 1813 processit
915 1743 981 1796 ad
1009 1743 1328 1812 perjurium,
1349 1743 1416 1798 de
1439 1745 1672 1812 periurio

131 1834 188 1886 ad
211 1835 644 1900 inobedientiam,
662 1836 726 1890 de
757 1833 1119 1888 inobedientia
1142 1833 1208 1888 ad
1237 1835 1673 1889 excommunica—

1778 666 2036 732 pugnavit
2064 684 2074 718 :
2103 675 2156 718 et
2180 668 2328 736 quia,
2355 668 2495 721 sicut
2520 669 2632 723 ﬁeri
2666 670 2819 736 solet,
2849 672 3030 726 varius
3059 683 3141 727 est
3169 691 3332 728 even-

1777 764 1864 808 tus
1899 756 2040 818 belli,
2075 758 2354 811 victoriam
2395 759 2597 812 habuit.
2637 758 2729 813 His
2792 761 2950 829 igitur
2994 766 3332 820 successibus

1776 854 2098 911 provocatus
2160 847 2446 916 derepente
2510 849 2729 904 intravit
2794 849 3040 918 Italiam,
3101 863 3155 906 et
3212 865 3334 923 post

1776 932 1980 987 Pascha
2012 951 2134 988 cum
2183 937 2326 991 idolo
2373 940 2516 1006 quod
2549 950 2793 994 erexerat
2832 939 3056 996 Romam
3088 945 3330 1006 veniens,

1775 1026 1917 1076 circa
1950 1024 2301 1079 l’entecosten
2336 1037 2754 1098 castrametatus
2803 1039 2887 1084 est
2932 1031 2987 1084 in
3041 1041 3195 1102 prato
3228 1032 3332 1086 Ne-

1775 1115 1942 1166 ronis.
1979 1113 2082 1166 Sed
2115 1117 2235 1184 quis
2271 1125 2542 1172 tantorum
2575 1121 2913 1187 prudentium
2961 1122 3196 1176 virorum
3232 1124 3329 1176 ad-

1775 1203 1958 1256 mirari
1996 1219 2102 1258 non
2139 1215 2348 1273 poterat
2395 1207 2550 1277 Regis
2572 1219 2623 1263 et
2671 1209 2910 1264 Guiberti
2958 1212 3330 1267 hmresiarclzae

1774 1303 2011 1359 apertam
2091 1296 2377 1359 insaniam,
2459 1308 2510 1351 et
2594 1300 2954 1368 impudentem
3017 1303 3330 1357 stultitiam?

1773 1384 2029 1446 Quamvis
2058 1387 2201 1438 enim
2229 1390 2425 1441 mentis
2454 1391 2639 1442 oculos
2671 1388 3015 1458 perdiderint,
3041 1393 3215 1446 visum
3244 1402 3328 1446 ta-

1775 1488 1895 1527 men
1925 1476 2167 1542 corporis
2205 1493 2310 1530 non
2353 1479 2665 1533 amiserant.
2712 1478 2794 1531 An
2840 1494 2945 1534 non
2983 1481 3231 1535 videbant
3267 1484 3329 1535 il-

1774 1562 1877 1616 lam
1913 1564 2158 1631 bestiam,
2185 1584 2304 1635 quze
2336 1570 2403 1623 ab
2445 1570 2525 1624 eis
2567 1570 2881 1634 ducebatur,
2912 1585 3071 1638 qt'am
3107 1573 3329 1625 honori-

1775 1655 1873 1706 lice.
1929 1670 1956 1707 a
2009 1654 2262 1709 Romanis
2333 1660 2726 1727 suscipiebatur
2799 1669 2849 1714 et
2935 1663 3328 1716 venerabatur?

1771 1745 1977 1812 Quippe
2007 1761 2104 1813 pro
2129 1748 2374 1802 laudibus
2407 1749 2730 1802 exhibebant
2755 1751 3030 1815 convicia;
3062 1768 3158 1820 pro
3189 1768 3322 1806 can-

1772 1833 1893 1888 ticis
1951 1835 2222 1899 ululatus,
2272 1854 2368 1906 pro
2405 1839 2577 1893 cereis
2633 1839 2888 1904 lanceas,
2943 1856 3040 1909 pro
3098 1844 3326 1897 cmtibus

132 1925 307 1978 tionem
332 1927 542 1990 cecidit,
572 1935 626 1981 et
657 1927 722 1980 dc
761 1925 1319 1980 excommunicatione
1341 1927 1582 1993 pervenit
1603 1927 1668 1980 ad
1704 1911 1743 1963 Β
1769 1922 2098 1980 Clericorum
2142 1937 2398 1982 armatos.
2450 1927 2520 1982 Ut
2557 1936 2744 1982 autem
2783 1929 2834 1982 in
2868 1931 3055 1998 paucis
3093 1933 3325 2001 plurima

133 2013 493 2072 idololatrian).
525 2013 682 2070 Hunc
705 2017 887 2080 talem,
915 2017 1054 2069 sicut
1075 2014 1330 2078 diximus,
1357 2015 1673 2069 chllenri-

130 2125 214 2162 ens
232 2110 466 2164 adoravit
490 2125 699 2178 pronus
728 2110 782 2161 in
807 2118 1037 2170 terram;
1064 2107 1156 2175 qui
1196 2106 1380 2170 etiam,
1412 2108 1673 2162 suadente

136 2197 371 2268 Dionysio
437 2199 760 2254 Placentino
805 2198 1098 2268 Episcopo,
1143 2197 1360 2266 iurasse
1413 2198 1674 2252 asseritur

131 2299 179 2342 ut
221 2291 285 2344 ab
314 2307 377 2345 eo
426 2289 939 2359 lmperii‘coronam
986 2287 1447 2366 accipei'et.:Qttid
1488 2288 1674 2357 plura?

131 2379 195 2434 lta
230 2382 456 2450 peccatis
483 2381 848 2451 exigentibus,
883 2395 1071 2432 omnes
1253 2363 1545 2448 praesentes
1578 2381 1672 2434 ad-

131 2481 271 2526 erant
299 2462 774 2527 mente‘excaecati
798 2479 944 2536 sunt,
981 2487 1088 2524 non
1112 2465 1174 2526 ut
1217 2471 1541 2540 respicerent
1563 2487 1671 2526 cae-

131 2563 244 2624 lum,
280 2564 366 2617 sed
411 2564 478 2618 ad
521 2565 644 2632 ejus
697 2561 921 2632 vestigia
985 2561 1302 2623 osculanda,
1350 2560 1486 2613 heu!
1535 2562 1668 2628 proh

128 2653 290 2706 dolor!
319 2670 375 2709 se
403 2654 613 2722 pariter
654 2654 1024 2706 incurvarunt.
1071 2647 1134 2702 Et.
1166 2650 1250 2703 his
1294 2651 1366 2703 ita
1415 2652 1666 2719 peractis,

129 2741 228 2796 Rex
256 2744 307 2797 in
331 2755 575 2812 apertam
601 2745 848 2798 haeresim
870 2742 1072 2811 lapsus,
1097 2741 1162 2794 ad
1195 2742 1409 2811 propria
1439 2742 1490 2794 in
1507 2739 1668 2795 Octa-

130 2835 198 2887 vis
222 2834 596 2904 Apostolorum
631 2849 908 2905 regressus
937 2842 1048 2896 est;
1081 2832 1370 2887 Guibcrtus
1408 2848 1535 2885 vero
1563 2833 1671 2885 hae-

131 2925 402 2988 resiarcha,
427 2927 722 2995 insignitus
743 2924 1028 2994 Papalil-us
1057 2923 1327 2990 insigniis,
1361 2937 1482 2976 cum
1521 2938 1669 2974 com-

129 3012 334 3081 plicibus
358 3017 475 3070 suis
497 3031 760 3085 pompose
782 3015 997 3069 intravit
1020 3013 1248 3067 Italiam.

192 3105 266 3158 l2.
295 3105 491 3160 Eodem
517 3116 759 3175 tempore
781 3105 918 3159 idem
944 3103 1076 3169 Rex,
1101 3105 1154 3156 in
1175 3104 1408 3157 maxima
1430 3103 1665 3172 potent'a

128 3204 173 3247 et
195 3210 348 3250 manu
380 3196 630 3260 robusta,
665 3195 1056 3251 commissurus
1099 3195 1339 3265 prmlium
1375 3210 1496 3249 cum
1527 3194 1668 3265 Rege
1699 3261 1732 3273 Π

130 3284 408 3357 Rodulpho,
440 3288 838 3342 contumaciter
869 3279 1098 3339 intravit
1137 3284 1456 3350 Saxoniam;
1485 3285 1572 3339 cui
1598 3301 1663 3338 ex

126 3377 331 3434 adverso
381 3380 703 3448 Rodulphus
737 3385 982 3446 potenter
1033 3375 1298 3439 occurrit;
1345 3383 1400 3427 et
1439 3376 1664 3429 atrocis-

127 3469 252 3523 simo
277 3471 398 3524 hinc
433 3470 562 3524 inde
613 3467 759 3522 facto
814 3482 1138 3538 congressu,
1182 3463 1445 3520 Henricus
1482 3473 1666 3519 contu-

127 3559 330 3614 meliose
355 3570 505 3631 terga
535 3560 727 3625 vertit;
751 3567 913 3628 atque
952 3558 1004 3611 in
1039 3558 1258 3626 longum
1288 3555 1577 3610 accerrime
1598 3555 1666 3610 ab

128 3650 350 3707 hostibus
375 3661 716 3722 persecutus,
756 3650 869 3719 jam
896 3650 962 3704 de
998 3649 1106 3703 vita
1150 3647 1413 3712 dillidens,
1448 3648 1500 3700 in
1537 3663 1669 3718 quo-

124 3740 233 3792 dam
257 3755 311 3793 se
338 3749 522 3795 castro
567 3740 787 3808 recepit,
826 3739 916 3792 ubi
953 3727 1047 3806 per
1081 3746 1282 3805 septem
1310 3737 1518 3791 dierum
1543 3752 1666 3805 spa-

126 3831 242 3882 tium
272 3831 517 3884 latitavit.
551 3829 869 3898 Rodulphus
899 3836 1099 3890 autem,
1137 3827 1278 3881 sicut
1316 3826 1400 3878 vir
1429 3825 1664 3879 fortissi-

128 3935 234 3975 mus
260 3931 312 3975 et
355 3922 626 3984 fainnsus,
662 3919 792 3975 etin
823 3932 1097 3971 armorum
1129 3916 1511 3970 exercitatione
1536 3929 1662 3984 pro-

128 4012 283 4076 batus,
315 4027 664 4082 nequaquam
712 4009 866 4081 fugit,
895 4009 990 4064 sed
1018 4008 1190 4063 victor
1223 4015 1277 4062 et
1309 4005 1665 4076 triumphator

124 4103 373 4167 occubuit,
405 4104 538 4173 quia
573 4118 700 4156 eum
753 4102 838 4157 sui
873 4115 982 4155 non
1031 4107 1417 4170 cognoscentes
1471 4098 1664 4153 exitia-

126 4191 230 4245 Iiter
250 4194 664 4247 vulneraveram
689 4191 855 4261 (159).
884 4190 1020 4245 Cum
1043 4200 1222 4244 autem
1247 4190 1449 4246 diutius
1483 4191 1663 4257 requi-

125 4291 313 4336 reretur
340 4300 368 4338 a
401 4284 570 4338 sociis
605 4282 740 4346 suis,
782 4281 997 4335 tandem
1050 4295 1213 4349 super
1238 4289 1469 4349 stragem
1492 4287 1544 4331 et
1569 4294 1663 4331 ca-

124 4374 297 4428 davera
340 4376 712 4437 inimicorum,
745 4387 853 4426 non
882 4373 998 4427 sine
1023 4372 1237 4441 planctu
1286 4369 1540 4435 maximo,
1575 4385 1662 4422 re-

124 4472 288 4531 pertus
309 4475 409 4532 est,
436 4467 598 4534 cujus
636 4480 782 4518 ωορδ
815 4473 1099 4533 postquam
1136 4460 1387 4525 Henrico,
1433 4461 1661 4514 latitanti

117 4565 164 4607 (τι
192 4554 253 4609 de
301 4555 425 4627 fuga
456 4555 720 4625 cogitanti
764 4554 1008 4608 nuntiata
1049 4553 1176 4618 l‘uit,
1233 4568 1358 4606 mox
1392 4552 1446 4604 in
1496 4551 1659 4603 altum

117 4659 269 4699 eorm:
317 4664 475 4702 suum
506 4646 702 4710 erexit,
747 4651 801 4697 et
832 4643 1088 4697 adversus
1136 4642 1423 4696 Dominum
1455 4640 1659 4710 Grego—

77 4714 90 4723 ’
120 4734 243 4790 tium
289 4735 489 4807 Papam
545 4735 902 4790 contumelias
969 4744 1024 4801 et
1067 4743 1300 4790 terrores
1364 4733 1661 4801 procaciter

119 4826 248 4895 loqui
285 4829 465 4898 cmpit,
497 4827 730 4882 credens
769 4824 1103 4881 detestabilia
1131 4826 1272 4879 facta
1299 4841 1395 4878 sua
1425 4825 1477 4878 in
1511 4840 1659 4878 mor-

119 4926 214 4972 tem
241 4915 507 4990 Rndolpbi
541 4917 772 4971 Domino
801 4905 1081 4987 piacuisse.
1110 4915 1238 4969 Post
1271 4915 1359 4968 ubi
1389 4931 1514 4969 vero
1548 4916 1659 4970 haec

118 5017 252 5072 gesta
297 4993 442 5076 sunt,
473 5008 711 5065 evolutis
739 5009 923 5076 paucis
957 5007 1166 5071 diebus,
1218 5005 1482 5062 Henricus
1518 5007 1658 5060 illius

185 5202 321 5273 “59)
359 5202 556 5273 Longe
575 5201 731 5254 aliter
755 5201 845 5273 alii
873 5201 937 5273 de
961 5208 1132 5273 morte
1161 5198 1421 5273 Rodulp/ii
1450 5219 1460 5252 :
1496 5214 1654 5269 quem

123 5267 506 5336 ab’Aquilifero'
518 5271 770 5326 Caesareo
788 5268 1153 5336 (Godel'ridum
1179 5267 1659 5323 Bullioninmcrc—

123 5287 184 5322 an
205 5287 247 5322 Α
285 5287 497 5327 mutero
518 5287 770 5326 uesareo
788 5287 1153 5336 (uouetrmum
1179 5287 1506 5323 Dlltltonlum
1542 5287 1658 5323 crc—

123 5287 432 5397 dunt‘iuisse
458 5338 729 5406 nonnulli)
761 5340 1093 5403 transfixum,
1138 5347 1191 5392 et
1229 5338 1298 5408 ab
1321 5339 1426 5391 alio
1472 5353 1658 5408 super-

125 5409 352 5464 veniente
374 5411 603 5470 dextera
637 5405 939 5463 mutilatum
981 5409 1182 5462 volunt.
1233 5405 1292 5460 Et
1334 5409 1400 5461 de
1440 5405 1656 5462 dextera

122 5476 322 5550 {illide
345 5494 606 5550 expresse
622 5478 808 5550 ,Abbas
833 5475 1260 5550 Uspergensiset
1291 5475 1492 5550 Auctor
1525 5477 1658 5530 Vita:

127 5543 320 5603 Numici
354 5543 432 5602 sic
465 5549 850 5611 meminerunt,
896 5543 954 5605 ut
993 5543 1130 5602 lianc
1172 5547 1354 5600 dicant
1397 5545 1653 5601 ultionem

126 5614 276 5670 hisee
293 5619 410 5672 ﬁdei
443 5617 682 5673 Henrico
704 5631 810 5670 non
833 5629 1051 5672 servatae
1076 5635 1087 5670 :
1121 5616 1246 5686 quin
1275 5617 1434 5670 etiam
1461 5615 1656 5682 vsper-

125 5687 287 5749 censis
320 5687 412 5748 ait,
451 5688 748 5756 ipsummet
777 5686 826 5739 in
879 5698 1048 5742 morte
1091 5701 1184 5739 sua
1231 5687 1278 5739 id
1330 5686 1650 5756 agnovisse:

126 5771 234 5826 qua:
250 5771 314 5810 an
345 5754 500 5811 ﬁdem
531 5766 842 5810 mercantur
877 5760 1070 5826 scripta
1108 5758 1174 5809 ab
1214 5754 1424 5811 "euri—ci
1454 5754 1654 5822 partim

127 5823 232 5894 liis.
256 5827 438 5881 merito
463 5828 722 5879 dubites:
760 5827 831 5880 uti
871 5837 921 5879 et
971 5823 1052 5881 ea.
1085 5845 1202 5896 quze
1245 5839 1426 5881 contra
1477 5828 1649 5893 ipsum

229 5981 258 5996 "Is

1774 2017 2218 2086 perstringamus,
2257 2027 2376 2088 post
2398 2035 2648 2089 agrorum
2675 2022 3026 2090 vastationem
3055 2031 3109 2076 et
3130 2024 3325 2078 multas

1772 2105 1943 2175 ezedcs
1974 2122 2196 2161 suorum
2225 2111 2444 2174 civium,
2475 2118 2598 2179 post
2632 2112 2810 2166 varias
2836 2112 3012 2166 clades
3037 2122 3194 2181 atque
3221 2113 3324 2166 mi-

1772 2196 1960 2260 serias,
1995 2213 2132 2266 quas
2162 2200 2401 2268 perpessi
2453 2208 2579 2254 sunt
2622 2200 2868 2268 Romani,
2905 2204 3030 2271 quia
3086 2203 3322 2260 Pseudo-

1772 2301 1965 2354 papam
2002 2288 2236 2357 recipere
2271 2299 2736 2360 contempserunt;
2775 2291 2915 2358 Rex,
2953 2305 3209 2365 concepta
3231 2312 3326 2366 spe

1772 2392 1834 2430 ac
1856 2378 2118 2432 desiderio
2153 2396 2252 2433 suo
2280 2381 2577 2447 fraudatus,
2628 2390 2681 2436 et
2711 2383 2765 2436 in
2813 2369 2909 2438 sua
2955 2387 3325 2442 erubescentia

1771 2468 2051 2534 confusus,
2090 2469 2143 2522 in
2178 2470 2554 2525 Lombardiam
2583 2488 2705 2526 cum
2739 2489 2839 2528 suo
2873 2475 3017 2528 idolo
3047 2480 3325 2542 remeavit,

1769 2567 1822 2610 et
1847 2556 2108 2614 Dominus
2144 2559 2434 2631 Gregorius
2463 2561 2604 2631 Papa
2642 2562 2694 2615 in
2731 2563 3038 2631 Apostolica
3072 2564 3206 2622 Sede
3236 2583 3324 2621 te-

1771 2650 1968 2703 mansit
1989 2650 2306 2720 intrepidus.

1840 2740 1922 2794 l3.
1961 2739 2117 2796 Anno
2149 2758 2364 2813 quoque
2396 2745 2631 2799 secundo
2661 2762 2752 2814 per
2778 2745 3121 2816 Spoletanur.
3149 2747 3324 2804 Duca-

1771 2838 1881 2883 tum
1911 2833 1977 2885 ad
2010 2831 2206 2887 Urbem
2233 2835 2428 2889 iterum
2465 2838 2620 2898 redit,
2655 2847 2707 2890 et
2743 2853 2836 2906 per
2878 2846 3046 2892 totum
3079 2839 3325 2904 Quadra-

1769 2921 2022 2987 gesimale
2052 2929 2262 2993 tempus
2284 2926 2456 2993 ipsam
2491 2925 2714 2979 Romam
2752 2943 2871 2980 cum
2911 2929 3076 2981 multa
3112 2920 3336 2984 hostili--

1770 3018 1876 3064 tate
1907 3011 2132 3067 obsedit.
2168 3014 2496 3068 Adveniente
2544 3031 2669 3069 vero
2696 3024 2935 3086 tempore
2967 3016 3235 3083 Pascltali,
3263 3029 3323 3073 ut

1767 3102 2012 3156 aestivum
2036 3119 2227 3159 cauma
2254 3106 2466 3171 vitaret,
2495 3106 2748 3176 dispersit
2773 3123 2866 3176 per
2908 3107 3323 3178 circumpositas

1767 3194 2014 3249 civitates
2039 3198 2357 3264 exercitum,
2405 3207 2458 3253 et
2513 3199 2624 3268 ipse
2677 3199 2730 3253 in
2786 3198 3323 3254 Lombardiamcum

1767 3287 1953 3353 paucis
1973 3289 2168 3342 reverti
2198 3291 2429 3354 studuit;
2465 3289 2777 3344 Guibertum
2812 3305 2939 3344 vero
2962 3291 3102 3360 apud
3132 3289 3316 3344 Tibur-

1767 3384 1878 3429 tum
1909 3376 2141 3444 dimisit,
2166 3387 2221 3433 et
2254 3381 2514 3434 exercitui
2573 3395 2672 3434 suo
2729 3380 2982 3448 prml‘ecit,
3030 3382 3141 3448 qui,
3169 3391 3321 3451 post-

1765 3467 1941 3534 posito
1974 3467 2307 3535 Sacerdotio,
2345 3485 2439 3540 per
2476 3470 2870 3523 iucun‘tbcntem
2899 3459 3136 3526 testatcm
3162 3485 3322 3541 agros

1764 3567 1816 3612 et
1845 3569 2054 3630 segetes
2091 3560 2460 3616 Romanorum
2488 3561 2738 3626 vastavit,
2786 3568 2838 3613 et
2870 3560 2976 3614 alia
3004 3561 3143 3615 mala
3186 3552 3321 3614 tam-

1765 3665 1928 3717 quam
1953 3651 2038 3704 vir
2071 3651 2394 3724 sanguinum
2420 3652 2621 3706 eisdem
2652 3649 2912 3704 Romanis
2944 3651 3209 3706 hostiliter
3235 3652 3321 3706 in-

1765 3741 1905 3794 tulit.
1936 3741 2024 3796 Sic
2056 3743 2214 3796 tertio
2244 3758 2459 3812 quoque
2483 3757 2627 3797 anno
2663 3743 2802 3797 idem
2827 3740 2937 3795 Rex
2963 3743 3028 3796 ad
3065 3742 3320 3798 obsiden-

1763 3829 1888 3882 dam
1953 3830 2180 3884 Romam
2253 3849 2499 3887 reversus
2561 3843 2644 3887 est
2700 3853 2712 3884 ε
2768 3831 2860 3885 sed
2911 3832 3036 3900 quia
3089 3834 3321 3902 seipsum

1762 3921 2288 3976 excommunicatum
2321 3939 2350 3975 a
2387 3922 2727 3976 Cluniacensi
2761 3921 2963 3974 Abbatc
2999 3922 3141 3991 (160)
3165 3931 3320 3991 atque

1763 4011 1884 4066 aliis
1927 4012 2194 4082 religiosis
2227 4012 2396 4067 Deum
2445 4013 2758 4066 timentibus
2803 4025 2901 4080 pro
2951 4020 3096 4065 certo
3137 4011 3318 4066 haberi

1746 4103 2034 4171 cognovit,
2057 4111 2116 4156 ut
2145 4118 2334 4157 eorum
2360 4104 2756 4173 simplicitatem
2802 4101 2994 4154 melius
3021 4101 3304 4153 circumvco

1764 4193 1880 4245 nire
1907 4202 2107 4261 posset,
2137 4195 2202 4246 ad
2229 4194 2422 4246 callida
2451 4209 2506 4245 se
2538 4198 2851 4260 argumenta
2883 4191 3161 4243 convertit.
3191 4188 3323 4246 Post

1761 4283 2063 4350 captionem
2089 4283 2270 4351 itaque
2291 4281 2555 4337 Ostiensis
2579 4280 2830 4351 Episcopi
2852 4287 2904 4333 et
2924 4280 3149 4334 aliorum
3183 4281 3323 4334 mul-

1762 4382 1959 4437 torum,
1997 4387 2133 4442 quos
2177 4374 2428 4443 praecepit
2473 4373 2749 4448 absolutos
2780 4371 3007 4437 dimitti,
3055 4372 3321 4427 universis

1763 4463 1988 4517 Romam
2009 4464 2226 4520 visitare
2269 4466 2572 4520 volentibus
2614 4465 2822 4518 ﬁrmam
2848 4463 3187 4517 securitatem
3222 4462 3319 4514 de-

1761 4555 1857 4616 dit,
1909 4570 2068 4622 quam
2119 4555 2425 4623 iuramento
2468 4556 2677 4624 publice
2730 4551 3094 4616 confirmavit;
3152 4561 3207 4605 et
3258 4561 3320 4605 ut

1763 4647 2072 4716 popularem
2125 4646 2360 4700 favorem
2392 4645 2611 4697 omnino
2654 4640 3074 4710 consequeretur
3106 4650 3160 4696 et
3193 4657 3317 4712 gra-

1763 4739 1911 4802 tiam,
1945 4739 1999 4791 in
2050 4736 2262 4806 publico
2286 4735 2420 4788 dixit
2491 4733 2631 4803 quod
2699 4749 2728 4787 a
2785 4731 3012 4787 Domino
3063 4730 3320 4800 Gregorio

1761 4827 1900 4896 Papa
1935 4826 2224 4895 imperialis
2258 4839 2473 4879 coronae
2507 4825 2823 4896 dignitatem
2857 4823 3014 4876 vellet
3055 4821 3314 4888 accipere.

1759 4917 1910 4983 Quod
1957 4926 2240 4987 postquam
2272 4917 2501 4986 populus
2537 4915 2813 4970 Romanus
2866 4926 2988 4966 cum
3043 4910 3316 4980 religiosis

1757 5008 1890 5063 viris
1921 5008 2146 5076 audivit,
2178 5023 2285 5063 non
2338 5007 2677 5062 mediocriter
2723 5002 2886 5056 laetati
2928 5009 3056 5056 sunt
3099 5015 3316 5067 omnes;

1758 5201 1957 5269 scripta
1982 5207 2107 5253 sunt
2138 5213 2167 5252 a
2220 5196 2384 5269 partis
2437 5194 2674 5250 melioris
2721 5191 3112 5256 defensoribus,
3175 5190 3317 5244 haud

1759 5267 2105 5340 quaquamhin
2139 5267 2390 5340 omnibus
2418 5275 2558 5340 certa
2593 5273 2749 5340 song
2823 5330 2844 5340 _
2881 5331 2912 5340 ,ν
3074 5331 3084 5340 _
3247 5301 3252 5306 ι

1831 5330 1974 5405 (liiO)
2015 5336 2070 5390 S.
2121 5340 2270 5406 iugo
2309 5335 2666 5406 Cluniaccnsis
2699 5331 2786 5385 hic
2820 5330 2940 5406 fuit,
2989 5331 3154 5406 cujus
3194 5342 3316 5406 gra-

1760 5398 2097 5486 tiam_qizan3_
2137 5398 2464 5486 supplicibus
2495 5402 2696 5484 litteris
2744 5398 3313 5486 ambiverintnsimulate

1758 5463 2024 5545 pmnitcns
2053 5463 2338 5545 Henricus,
2364 5473 2596 5545 maxime
2627 5486 2751 5545 cum
2795 5469 2964 5545 capit
2989 5465 3171 5545 ﬁliuni
3209 5463 3314 5516 sibi

1757 5530 2059 5614 oppositum
2085 5530 2336 5614 experiri,
2359 5541 2693 5614 ostendimus
2720 5539 2844 5614 §___2,
2878 5530 3000 5614 ante
3128 5530 3314 5614 Ιξιξςρη

1760 5599 1992 5668 "Tum
2013 5615 2080 5683 29
2126 5599 2341 5681 A'prilis'.
2379 5599 3005 5683 Eratautemville'tune
3055 5602 3110 5654 in
3157 5599 3312 5683 italia

1759 5686 1984 5752 vidique
2013 5668 2334 5752 Cassinense
2362 5680 2768 5752 monasterium,
2819 5673 2893 5724 uti
2935 5669 3001 5725 ad
3027 5685 3117 5724 an.
3153 5668 3309 5734 1085,

1759 5749 1912 5805 tam":
1949 5751 2027 5815 l6,
2058 5749 2316 5805 Raronius
2343 5749 2514 5800 (locet.
