3902 6412
541 480 642 534 127
1118 542 1123 547 ,
1405 445 1411 449 ’
1719 492 1774 546 s.
1801 493 2075 550 caseos

2178 487 2305 552 sin
2342 497 2533 556 PAP‘.
3640 510 3732 564 les

528 586 585 645 et
609 591 679 648 ad
725 594 947 665 vestigia
977 574 1255 653 Pontificis
1293 599 1712 671 lacrymabiliter
1750 593 2085 673 accedentes,
2117 610 2162 664 A
2186 614 2331 681 cepit
2376 632 2388 666 :
2446 623 2609 684 atque
2658 615 3028 697 bentissimum
3089 616 3322 673 Patrem'
3351 626 3404 673 et
3451 618 3729 675 Dominum

529 680 709 749 ipsum
731 698 854 739 cum
888 701 1082 757 magna
1125 687 1383 744 instantia
1412 701 1794 759 exoraverunt.
1817 702 1878 749 ut
1898 692 2119 765 patriae
2188 680 2436 757 nostrum
2502 680 2733 777 Papam,
2784 696 3203 780 suffragantibus
3251 711 3353 765 sibi
3423 719 3729 766 sanctorum

527 770 640 839 jam
668 770 780 829 fere
800 775 1021 844 perdita
1068 777 1440 846 miseraretur,
1469 789 1524 835 et
1550 790 1773 850 paterna
1802 784 2085 840 clementia

528 861 861 925 condoleret.
884 863 1135 922 Pontifex
1173 877 1384 936 autem,
1410 871 1503 940 qui
1537 887 1637 941 pro
1665 871 1875 942 iustitia
1917 882 1971 930 et
1993 890 2085 932 ec-

528 950 832 1008 clesiastica
864 954 1112 1012 libertate
1157 959 1377 1027 tuenda,
1428 961 1475 1016 si
1536 961 1875 1020 rationabilis
1920 981 2084 1022 causa

525 1041 780 1112 exigeret,
836 1054 1065 1102 mortem
1120 1048 1303 1103 subire
1361 1051 1744 1120 paratissimus
1797 1051 2082 1124 existebat,

523 1140 832 1188 constanter
859 1135 914 1191 in
937 1136 1081 1193 hunc
1100 1140 1317 1193 modum
1346 1142 1653 1211 respondit:
1679 1143 1791 1215 Ego
1815 1148 2085 1204 versutias

523 1230 578 1276 et
596 1223 916 1282 calliditates
951 1225 1112 1298 Regis
1142 1227 1455 1299 frequenter
1481 1242 1734 1303 expertus
1778 1250 1900 1290 sum
1928 1256 1940 1290 :
1965 1238 2080 1304 sed,

525 1312 573 1366 si
598 1314 714 1369 vult
754 1314 811 1369 in
850 1316 922 1377 iis
953 1317 1009 1372 in
1042 1318 1241 1388 quibus
1274 1320 1557 1378 manifeste
1591 1327 1831 1393 peccavit
1873 1325 1983 1381 Deo
2029 1336 2085 1383 et

526 1399 780 1459 Ecclesia:
829 1405 1164 1475 satisfacere,
1215 1410 1391 1479 ipsum
1425 1411 1654 1468 libenter
1686 1416 1987 1484 absolvam,
2029 1427 2085 1473 et

525 1488 863 1564 lmperialem
909 1484 1011 1551 sibi
1043 1512 1298 1556 coronam
1336 1516 1461 1557 cum
1503 1503 1876 1563 benedictione
1908 1509 2083 1580 impo-

524 1596 680 1651 nam;
707 1584 949 1656 alioquin
981 1604 1080 1643 nec
1114 1589 1304 1658 debeo,
1348 1606 1449 1647 nec
1489 1608 1711 1662 possum
1739 1613 1837 1654 vos
1872 1600 1927 1653 in
1980 1600 2082 1656 hac

525 1682 679 1741 parte
706 1676 973 1735 ullatenus
1010 1681 1285 1737 exaudire.

589 1765 846 1835 H.0uod
869 1770 1089 1826 verbum
1113 1786 1234 1827 cum
1259 1772 1370 1829 Rex
1397 1776 1734 1849 remordente
1751 1780 2079 1836 conscientia

522 1853 814 1929 denegaret
859 1854 1058 1929 facere,
1108 1871 1163 1921 et
1203 1865 1435 1935 populus
1463 1865 1710 1924 Pontifici
1762 1885 1873 1941 per
1899 1872 2080 1940 plures

522 1946 639 2003 dies
663 1947 1011 2008 vehementer
1056 1952 1312 2031 instaret,
1349 1965 1409 2010 ut
1451 1957 1656 2027 absque
1710 1960 2081 2017 satisfactione

524 2034 723 2109 Regem
769 2041 1088 2111 susciperet,
1138 2052 1193 2099 et
1243 2044 1490 2101 Pontifex
1514 2040 1515 2043 “
1541 2048 1608 2103 ad
1667 2064 1857 2105 eorum
1911 2067 2082 2109 etecas

523 2142 708 2197 preces
742 2130 965 2186 omnino
1010 2144 1347 2202 permaneret
1387 2136 1709 2208 immobilis,
1736 2138 1850 2196 Rex
1890 2143 2081 2213 paula-

523 2217 621 2272 tim
670 2220 834 2290 cmpit
862 2223 1178 2293 popularem
1207 2225 1448 2283 favorem
1493 2231 1721 2299 pecunia
1773 2238 1828 2288 et
1878 2242 2083 2292 terrore

522 2308 636 2364 sibi-
658 2312 958 2381 acquirere.
983 2312 1145 2380 Quod
1166 2324 1228 2370 ut
1254 2316 1502 2374 Pontifex
1552 2319 1835 2378 manifeste
1880 2338 2083 2395 cogno-

520 2397 619 2464 vit,
647 2398 713 2454 de
740 2404 1040 2458 constantia
1063 2406 1246 2475 populi
1268 2422 1491 2476 prorsus
1514 2409 1774 2479 difﬁdens,
1805 2413 1859 2468 in
1886 2414 2080 2471 Castro

521 2485 817 2544 Crescentii
843 2506 903 2548 se
946 2509 1070 2548 cum
1118 2493 1400 2554 Fratribus
1434 2499 1549 2556 suis
1579 2504 1798 2573 recepit.
1836 2503 1949 2560 Rex
1974 2507 2078 2562 ita-

522 2593 647 2647 que,
672 2581 935 2650 quoniam
990 2585 1250 2653 populum
1277 2573 1609 2645 Romanum
1645 2592 1712 2646 ad
1746 2594 2078 2651 voluntatem

523 2683 681 2726 suam
724 2671 1091 2728 indubitanter
1143 2684 1458 2745 attraxerat,
1493 2678 1809 2749 Guibertum
1853 2686 1907 2740 in
1944 2686 2079 2743 Sede

525 2760 839 2829 Apostolica
873 2764 1136 2819 violenter
1169 2768 1407 2823 intrusit.
1448 2767 1553 2824 Sed
1582 2786 1707 2826 cum
1738 2773 1804 2828 de
1834 2773 2079 2833 Romana

529 2852 768 2921 Ecclesia
811 2854 1017 2910 nullum
1042 2844 1381 2928 Episcopum
1415 2861 1496 2915 vel
1524 2859 1863 2929 Cardinalem
1897 2878 2091 2937 posset,

527 2941 746 3009 habere,
798 2960 829 2999 a
870 2944 1220 3016 Bononiensi,
1254 2958 1310 3004 et
1370 2949 1678 3019 Mutinensi,
1730 2963 1892 3026 atque
1943 2957 2076 3013 Cer-

521 3032 694 3090 viensi
720 3034 1369 3109 (ltil)Pseudoepiscopis
1409 3038 1537 3096 fecit
1583 3058 1729 3109 eum,
1782 3049 2075 3104 secundum

522 3126 971 3183 consuetudinem
1003 3126 1375 3185 Romanorum
1423 3129 1765 3202 Pontificum,
1799 3140 2077 3195 execrabi-

520 3213 644 3269 liter
674 3214 917 3272 benedici
943 3237 956 3271 :
989 3226 1046 3272 et
1066 3218 1123 3272 in
1154 3218 1293 3275 leSto
1322 3219 1602 3279 Paschalis
1635 3225 1704 3280 ab
1734 3228 1922 3283 eodem
1957 3228 2072 3285 Hu-

522 3303 676 3361 berto
707 3304 922 3378 Imperii
944 3322 1201 3377 coenam
1231 3310 1570 3382 impudenter
1589 3318 1883 3387 assumpsit
1909 3338 1921 3374 :
1950 3333 2073 3391 post

521 3396 795 3453 modicum
821 3414 947 3454 vero
969 3400 1037 3455 ad
1058 3400 1393 3457 obsidionem
1417 3403 1591 3460 Castri
1616 3406 1759 3476 (162)
1781 3408 2075 3466 Crcscentii

521 3486 805 3551 universos
827 3488 1101 3548 Romanos
1134 3494 1409 3549 conduxit.
1439 3490 1687 3551 Pontifex
1710 3507 1908 3565 autem,
1937 3503 2078 3557 sicut

521 3578 603 3632 vir
615 3588 808 3636 cautus
830 3590 884 3638 et
903 3584 1179 3661 providus,
1200 3584 1315 3655 jam
1336 3586 1429 3642 diu
1449 3585 1742 3643 Robertum
1770 3588 2073 3661 Guiscardi,

520 3670 796 3740 egregium
824 3672 1256 3738 Nomannorum
1280 3677 1500 3744 Ducem,
1536 3679 1826 3736 sollicitare
1856 3683 2078 3740 studue-

522 3769 629 3827 rat,
667 3770 727 3815 ut
770 3763 824 3818 in
854 3777 1040 3819 'manu
1080 3766 1255 3844 valida
1284 3777 1472 3824 contra
1501 3769 1702 3825 illatam
1734 3771 1839 3839 sibi
1872 3774 2078 3829 violen-

519 3852 741 3919 tiam,et
769 3863 1016 3925 potenter
1046 3867 1415 3924 succurreret;
1452 3874 1613 3928 quem
1645 3861 1712 3915 ad
1749 3862 1921 3931 ipsius
1944 3864 2078 3921 lihe-

519 3944 786 3999 rationem
807 3962 930 4002 cum
956 3949 1193 4004 maximo
1214 3950 1453 4004 exercitu
1478 3951 1758 4007 cclcbritcr
1779 3955 2074 4012 venient.m

520 4033 741 4089 audivit.
767 4035 921 4103 Quod
966 4038 1057 4092 ubi
1092 4038 1207 4093 Rex
1237 4038 1503 4106 Henricus
1533 4042 1588 4095 in
1616 4044 1842 4099 veritate
1874 4061 2074 4117 cogno-

518 4124 616 4190 vit,
647 4124 993 4183 vehementer
1024 4129 1259 4208 expavit,
1310 4138 1365 4184 et
1406 4129 1549 4185 illico
1578 4132 1649 4185 ad
1670 4183 1673 4187 .
1698 4134 1980 4213 ecclesiam
2015 4136 2071 4191 S.

492 4211 661 4278 ‘Petri
685 4216 914 4284 rediens,
938 4220 1101 4274 domo
1130 4218 1432 4289 Capitolina
1475 4230 1526 4275 et
1577 4219 1814 4277 Leonina
1860 4211 2085 4291 civitate,

518 4301 962 4395 destructatva'le
990 4309 1196 4367 faciens
1240 4309 1521 4394 Romanis,
1559 4327 1686 4368 cum
1719 4315 1909 4370 eodem
1940 4294 2083 4372 Cui-7

519 4394 692 4463 berto,
718 4411 826 4450 non
852 4394 969 4454 sine
1004 4402 1174 4456 multo
1200 4403 1418 4470 rubore,
1465 4404 1693 4476 aufugit.
1727 4405 1784 4461 ln
1828 4411 2073 4479 sequenti

422 4548 423 4551 η
517 4484 622 4552 die,
645 4494 934 4558 antequam
959 4488 1154 4545 Senam
1203 4491 1314 4547 Rex
1348 4494 1704 4562 pervenisset,
1743 4508 2073 4555 memoratus

2184 791 2567 862 Apostolorum
2602 796 2746 853 Petri
2792 809 2846 854 et
2885 798 3037 855 Pauli
3078 801 3304 865 meritis,
3340 800 3409 856 ab
3455 801 3733 868 obsidione

2184 898 2291 951 qua
2355 888 2637 942 tenebatur
2690 890 3063 959 potentissime
3101 891 3367 947 liberavit.
3412 891 3501 948 Sic
3551 893 3731 963 itaque

2185 974 2355 1044 ipsam
2406 979 2763 1039 venerabilem
2825 982 3094 1037 civitatem
3146 984 3403 1038 velociter
3456 998 3728 1053 expugna-

2186 1075 2315 1132 tam,
2339 1069 2479 1124 sicut
2510 1071 2780 1141 gloriosus
2801 1072 3179 1143 triumphator,
3206 1088 3302 1143 per
3324 1073 3586 1143 plurimos
3610 1074 3728 1131 dies

2183 1160 2440 1227 possedit.
2488 1162 2727 1218 vendens
2762 1164 3022 1234 plurimos
3066 1180 3133 1219 ex
3162 1165 3293 1235 ipsis
3336 1165 3550 1234 perfidis
3590 1167 3729 1222 civi.

2182 1248 2284 1305 bus
2308 1290 2324 1316 ,
2374 1251 2467 1322 qui
2506 1250 2793 1310 Dominum
2848 1264 2903 1310 et
2956 1254 3231 1311 Pastorem
3280 1267 3441 1312 suum
3489 1257 3732 1326 perdide-

2182 1350 2305 1395 rant
2356 1360 2368 1395 :
2414 1344 2678 1412 quosdam
2728 1361 2857 1401 vero
2910 1345 3197 1411 mutilavit,
3238 1353 3292 1400 et
3335 1346 3595 1415 quosdam
3648 1362 3732 1402 se-

2181 1447 2305 1485 cum
2348 1447 2520 1503 usque
2556 1435 2624 1490 ad
2680 1433 2985 1492 Calabriam
3023 1436 3264 1507 captivos
3303 1436 3489 1491 duxit?
3532 1437 3627 1493 sed
3676 1438 3728 1491 in

2181 1507 2426 1593 ingressu
2494 1525 2664 1594 ipsius
2745 1525 2990 1582 Civitatis
3061 1522 3336 1598 regionem
3404 1525 3731 1583 Lateranen-

2180 1627 2293 1667 sem
2319 1614 2387 1669 ad
2407 1613 2731 1672 Colosseum-
2751 1617 2895 1689 (165)
2930 1606 3147 1673 ferroet
3175 1618 3390 1673 flamma
3414 1620 3729 1674 combussit.

2180 1700 2274 1759 His
2299 1704 2461 1774 igitur
2488 1705 2564 1761 ita
2589 1707 2821 1777 peractis
2854 1706 2971 1762 Dux
2993 1707 3062 1783 ad
3093 1709 3311 1779 p*opria
3340 1708 3515 1774 rediit,
3549 1718 3604 1763 et
3626 1708 3730 1764 Ρα-

2179 1801 2315 1848 trem
2358 1811 2518 1850 suum
2559 1795 2875 1869 Gregorium
2920 1796 3263 1865 Pontificem,
3290 1799 3345 1853 in
3379 1796 3730 1854 Lateranensi

2112 1928 2153 1982 Β
2178 1885 2377 1982 palatio
2404 1886 2675 1943 sedentem
2714 1904 2838 1948 cum
2888 1888 3168 1982 Fratribus
3199 1890 3313 1944 suis
3345 1887 3627 1982 Episcopis
3652 1899 3732 1982 -ει

2179 1970 2576 2044 Cardinalibus,
2606 1979 2659 2032 in
2680 1993 2814 2048 pace
2833 1980 3056 2045 dimisit,
3087 1987 3502 2049 pertractantem
3543 1979 3731 2036 Eccleé

2180 2064 2273 2119 sine
2296 2065 2507 2135 negatia
2529 2082 2627 2136 pro
2647 2069 2734 2122 sui
2764 2068 2922 2125 ofﬁcii
2955 2069 3156 2142 debito,
3180 2069 3247 2124 de
3275 2070 3502 2126 diversis
3543 2073 3733 2128 mundi

2178 2155 2422 2224 partibus
2442 2160 2789 2230 emergentia.
3051 2161 3057 2169 '

2250 2246 2317 2301 l5
2350 2244 2447 2303 Hic
2480 2248 2727 2305 liberavit
2755 2251 2826 2307 ab
2849 2251 3034 2313 illicita
3066 2250 3420 2322 occupatione
3454 2252 3731 2324 sexaginta

2178 2334 2665 2395 Mansionariorum
2715 2339 2775 2394 Β.
2822 2333 2968 2396 Petri
3019 2342 3321 2408 ecclesiam,
3353 2343 3447 2411 qui
3478 2342 3732 2397 universa

2177 2426 2423 2505 oratoria
2455 2446 2548 2485 seu
2577 2431 2873 2487 ministeria
2906 2433 3076 2502 ipsius
3109 2432 3367 2498 ecclesiae,
3397 2442 3589 2501 praeter
3617 2449 3735 2488 ma-

2172 2516 2263 2586 jus
2310 2519 2507 2585 altare,
2560 2521 2794 2590 quadam
2839 2523 3090 2578 violentia
3143 2522 3486 2589 detinebant,
3535 2532 3733 2580 cuncta

2177 2615 2453 2665 oraiorum
2479 2611 2881 2674 advenientium
2904 2613 3205 2668 oblationes
3238 2613 3292 2667 in
3320 2628 3450 2667 usus
3480 2616 3733 2685 proprios

2176 2699 2507 2771 redigebant.
2566 2700 2734 2757 Erant
2787 2711 2968 2758 autem
3018 2703 3175 2760 Cives
3230 2703 3480 2768 Romani,
3515 2710 3732 2761 uxorati

2177 2803 2272 2843 seu
2293 2792 2684 2858 concubinarii,
2720 2794 2887 2849 barba
2917 2785 3043 2850 rasi"
3070 2804 3125 2850 et
3156 2794 3379 2861 mitrati,
3406 2796 3731 2854 mentientes

2176 2882 2484 2938 oratoribus
2514 2891 2568 2937 et
2588 2883 2853 2954 precipue
2877 2885 3207 2941 multitudini
3253 2886 3539 2941 rusticana:
3563 2885 3732 2942 Lom-

2176 2970 2490 3039 bardorum,
2540 2983 2846 3031 asserentes
2900 2992 2958 3032 se
3006 2975 3320 3032 Cardinales
3367 2976 3734 3048 Przesbyteros

2174 3075 2320 3127 esse;
2348 3078 2580 3132 quorum
2625 3065 2811 3135 utique
2852 3066 3216 3147 oblationibus
3269 3067 3516 3137 receptis,
3552 3068 3734 3125 indul-

2173 3153 2404 3221 gentiam
2425 3155 2506 3209 eis
2526 3163 2581 3210 et
2593 3156 2966 3211 remissionem
2994 3166 3339 3227 peccatorum
3360 3173 3497 3213 ausu
3518 3159 3734 3217 nefario

2097 3250 2139 3306 C
2172 3245 2509 3313 impudenter
2544 3248 2892 3316 priestabant.
2917 3246 3310 3315 Hi,‘occasione
3360 3251 3733 3309 custodienda:

2175 3335 2441 3402 ecclesiae,
2475 3346 2863 3408 consurgentes
2897 3337 3230 3408 intempestae
3278 3340 3456 3395 noctis
3489 3340 3729 3411 silentio,

2175 3424 2377 3480 infraet
2397 3426 2542 3482 circa
2563 3428 3285 3497 eamdem-ecclesiammulta
3309 3430 3525 3503 impune
3547 3431 3730 3490 homi-

2175 3515 2336 3581 cidia,
2375 3519 2614 3586 rapinas,
2647 3519 2798 3574 varia
2831 3528 3038 3589 stupra,
3087 3530 3141 3575 et
3170 3522 3397 3576 .diversa
3446 3523 3730 3583 latrocinia

2173 3607 2538 3662 exercebant:
2577 3624 2735 3679 quos,
2767 3610 2909 3665 sicut
2951 3610 3207 3672 diximus,
3244 3610 3438 3668 Beatus
3481 3612 3729 3674 Pontifex
3795 3600 3801 3608 Δ

2174 3695 2243 3752 ab
2275 3697 2463 3755 eadem
2492 3700 2718 3774 ecclesia
2753 3715 2862 3755 non
2884 3700 2999 3756 sine
3021 3702 3188 3757 multa
3220 3702 3523 3759 difﬁcultate
3545 3722 3720 3762 remo-

2175 3786 2270 3852 vit,
2302 3796 2358 3841 et
2376 3790 2636 3845 custodia:
2670 3805 2856 3845 curam
2889 3789 3130 3845 honestis
3153 3791 3378 3847 Clericis
3425 3802 3477 3847 et
3529 3792 3729 3851 Sacer-

2175 3875 2391 3933 dotibus
2448 3881 2723 3937 commisit
2756 3889 2817 3946 ,et
2862 3881 3102 3936 tradidit.
3149 3878 3247 3952 Hic
3293 3890 3377 3938 ter
3428 3880 3730 3958 quaterque

2173 3982 2299 4023 vere
2334 3970 2535 4030 beatus.
2565 3970 2831 4039 Pontifex,
2872 3979 2995 4042 post
3024 3973 3285 4033 diutinam
3338 3974 3392 4028 in
3428 3973 3569 4030 Urbe
3604 3980 3728 4032 mo~

2173 4073 2313 4124 ram,
2335 4060 2611 4135 descendit
2633 4063 2686 4117 in
2717 4063 2997 4132 Apuliam;
3032 4072 3104 4128 ct,
3141 4077 3453 4119 occurrente
3484 4067 3585 4120 sibi
3611 4069 3727 4137 jam

2148 4147 2318 4203 -dicto
2349 4148 2493 4205 Duce
2540 4150 2779 4208 Roberto
2827 4151 3132 4219 Guiscardi,
3190 4153 3399 4210 Salerni
3453 4155 3725 4213 famosam

2174 4238 2443 4294 civitatem
2475 4241 2706 4311 gloriose
2730 4243 2969 4298 intravit.
2998 4243 3199 4313 ibique,
3223 4246 3351 4299 dum
3386 4247 3576 4302 salutis
3603 4264 3723 4303 mo-

2174 4330 2287 4384 nita
2326 4334 2669 4390 concurrenti
2714 4332 2912 4404 populo
2955 4335 3128 4400 daret,
3176 4344 3390 4405 repente
3428 4338 3481 4390 in
3523 4339 3724 4393 lectum

2173 4421 2505 4490 aegritudinis
2554 4408 2844 4491 decidens,
2883 4425 2936 4479 in
2996 4426 3150 4505 beata
3203 4425 3561 4492 confessione,
3602 4422 3727 4498 post

2177 4511 2468 4577 modicum,
2494 4513 2635 4569 diem
2666 4514 2889 4570 feliciter
2912 4516 3111 4570 clausit
3150 4526 3468 4570 extremum.
3507 4517 3587 4572 Ad
3624 4534 3724 4573 cu—

522 4573 785 4685 liobertus
835 4579 972 4647 Dux,
1013 4591 1286 4652 tamquam
1342 4584 1427 4640 leo
1475 4584 1803 4643 fortissimus
1843 4587 2068 4645 Romam
2104 4588 2256 4667 Djus
2279 4566 2468 4671 utique
2906 4566 3400 4661 wbasilica
3427 4608 3726 4685 honorifice

518 4664 777 4723 violenter
809 4670 1045 4741 intravit,
1077 4690 1244 4744 quam
1293 4691 1403 4730 non
1452 4692 1548 4746 per
1590 4677 1882 4744 triennium
1929 4680 2073 4736 sicut
2170 4691 2516 4757 tumulatum,
2544 4682 2805 4750 mirabilis
2854 4693 2996 4752 Deus
3031 4695 3196 4750 multa
3224 4697 3480 4753 miracula
3506 4680 3724 4768 operari

516 4754 630 4817 Rex
656 4757 940 4830 Henricus,
973 4765 1067 4821 sed
1095 4781 1205 4821 una
1226 4775 1284 4823 et
1305 4766 1493 4823 eadem
1515 4767 1601 4822 die
1621 4766 1675 4821 in
1701 4784 1865 4824 manu
1894 4773 2070 4829 valida
2167 4782 2425 4853 dignatus
2445 4754 2548 4838 est.

588 4998 1351 5072 (l§1)_ErantliigSigefridus
1396 5001 1772 5072 Bononiensis,
1812 5006 2070 5062 Heriber-

520 5078 603 5144 tu:
624 5067 979 5144 Muti_ne_nsis:
1016 5067 1302 5144 Ceri'iensis
1351 5086 1546 5144 nomen
1599 5067 1896 5144 ignoratur,
1940 5078 2072 5132 deii-

521 5138 696 5213 ciente
738 5136 1123 5213 Episcoporum
1164 5141 1302 5213 serie
1331 5141 1409 5213 ab
1457 5156 1601 5213 anno
1620 5136 1811 5213 1069,
1855 5136 2073 5213 quando

520 5206 997 5284 sciturﬂtlsmdam
1016 5207 1222 5284 Bon“?!
1238 5212 1435 5284 vixisse
1479 5211 1595 5284 (qui
1616 5212 1754 5268 forte
1775 5206 1945 5284 lisq'ue
1960 5213 2073 5284 huc

521 5273 804 5365 superfuit)
828 5273 1588 5365 adannum-Liin.Q‘Blondus
1615 5293 1793 5365 autem
1817 5273 1915 5365 pio
1945 5281 2074 5365 Cer-

521 5343 699 5418 viensi
716 5343 1066 5418 “reiciuntur
1081 5346 1378 5418 substituit,
1413 5352 1505 5418 qui
1542 5361 1725 5418 posset
1765 5343 1934 5407 fuisse
1963 5353 2069 5405 Ac-

376 5408 381 5414 ’
439 5460 445 5465 .
520 5413 743 5480 σειὶηω,
762 5429 909 5479 anno
938 5415 1074 5487 1082
1113 5408 1475 5479 Ecclesiae'is'ti
1500 5408 1829 5487 praesidens:
1890 5423 1958 5475 ab
1990 5422 2072 5477 bis

519 5489 698 5551 autem
731 5484 1121 5556 execrationem
1146 5501 1300 5549 suam
1331 5484 1684 5556 potius'Quam
1710 5491 2074 5545 consecratio-

521 5503 698 5543 autem
731 5503 1121 5541 execrationem
1146 5503 1300 5549 suam
1404 5503 1684 5556 nusquam
1710 5503 2070 5545 consecratio-

521 5544 643 5622 nem
657 5552 878 5622 accepit
897 5550 1202 5620 Cuibertus,
1229 5556 1283 5610 in
1320 5503 1597 5622 ﬁminica
1632 5556 1942 5612 Palmarum
1972 5575 2070 5613 an-

522 5618 595 5675 no
612 5621 769 5691 1084,
792 5618 1032 5691 adeoque
1058 5622 1129 5676 24
1174 5618 1350 5681 Martii
1376 5645 1387 5680 :
1412 5618 1547 5681 nam
1571 5625 1778 5681 Pascha
1835 5627 2101 5683 celebra--

522 5695 634 5761 tum
654 5686 763 5761 fuit
783 5692 844 5761 5i
876 5686 1139 5761 ejusdem.
1694 5718 1699 5721 -

583 5752 731 5836 xiiii)
772 5752 1183 5836 Hole}_.4_4riaiti
1217 5764 1530 5836 antiquitus,
1552 5764 1743 5821 deinde
1793 5763 1848 5819 S.
1889 5764 2073 5836 Ληρειὶ

438 5892 441 5893 ν
516 5827 620 5884 sub
643 5827 899 5904 Gregorio
934 5828 955 5881 Ι
980 5829 1083 5883 dici
1108 5839 1301 5899 coepta,
1326 5827 1673 5904 adiectisque
1693 5846 1876 5904 postea
1898 5827 2073 5890 muni-

2171 5020 2408 5094 tionibus
2439 5020 2710 5094 castrum;
2740 5030 2793 5078 et
2824 5037 2968 5079 anno
2999 5013 3121 5088 985,
3167 5023 3235 5077 ab
3279 5037 3350 5094 co
3397 5024 3489 5094 qui
3530 5033 3723 5094 postea

2170 5091 2347 5160 ipsum
2381 5092 2537 5145 novis
2561 5094 2812 5160 operibus
2845 5094 3215 5157 communivit,
3259 5091 3549 5148 Crescentio
3596 5095 3721 5149 Nn-

2174 5169 2433 5225 mentano,
2461 5176 2661 5232 nomen
2688 5163 2779 5216 diu
2812 5164 3002 5223 tenuit,
3034 5170 3088 5215 et
3107 5172 3166 5216 ut
3186 5174 3406 5232 apparet
3430 5165 3594 5232 etiam
3619 5165 3722 5221 hac

2170 5239 2327 5300 aetate
2358 5231 2590 5284 tenebat.
2631 5230 2989 5300 Ospergensis
3009 5230 3559 5287 uominatCasteﬂum
3588 5232 3721 5288 Cre-

2172 5299 2378 5370 scentii,
2399 5300 2535 5370 quod
2565 5299 2722 5370 vulgo
2749 5299 2931 5370 domus
2959 5299 3259 5354 Theoderici
3292 5302 3505 5354 dicitur.

2244 5367 2387 5435 (165)
2414 5367 2640 5453 Νἱεομίιο
2654 5367 2953 5453 'Coliseum,
2969 5371 3150 5453 "quod
3168 5438 3185 5453 Δ
3202 5384 3402 5453 nomen
3452 5370 3722 5453 hodieque

2171 5436 2227 5490 in
2264 5451 2363 5490 usu
2385 5445 2486 5504 est,
2514 5447 2568 5491 et
2595 5446 2854 5492 eratcum
2878 5436 3133 5492 scriberet
3155 5438 3473 5493 Anastasius
3515 5436 3722 5495 Biblio-'

2171 5505 2441 5577 thecarius
2465 5526 2477 5561 :
2515 5509 2589 5562 ita
2609 5507 3017 5577 autemidictum
3037 5507 3221 5561 volunt
3248 5504 3718 5577 Amphitheatrum

2173 5574 2302 5629 illud
2336 5577 2648 5642 maximum,
2673 5576 2866 5644 quoda
2908 5574 3247 5646 Vespasiano
3281 5574 3495 5631 et'Tito
3532 5587 3718 5632 extru-

2171 5654 2317 5724 ctum
2347 5660 2467 5724 esse
2484 5646 2637 5714 juxta
2667 5645 2811 5701 viam
2838 5644 3080 5724 sacram,
3118 5660 3195 5724 eo_
3235 5644 3363 5724 loci,
3385 5647 3504 5724 qui_
3522 5646 3637 5724 jam
3686 5664 3719 5702 a

2170 5713 2664 5788 Neronistempore
2686 5729 2878 5788 nomen
2902 5714 3215 5788 habebatab
3238 5713 3456 5770 immani
3490 5715 3585 5769 1‘20
3624 5732 3719 5788 pe-

2172 5784 2298 5839 dum
2333 5783 2577 5852 Colosso,
2606 5800 2764 5853 quem
2786 5784 2872 5838 ille
2894 5785 2991 5839 sibi
3024 5794 3278 5838 erexerat.
