3902 6414
592 474 679 526 131

1775 464 1827 517 S.
1858 460 2248 519 GREGORll'S
2287 464 2370 516 Vll
2396 464 2583 518 PAPA.

3693 457 3795 518 i7")

588 589 773 635 sancta
798 578 1039 633 Romana
1064 564 1303 632 Ecclesia
1318 577 1538 646 speciali
1569 575 1735 646 Matre
1758 591 1854 629 sua
1874 576 2136 639 scindere,
2173 569 2211 635 Α
2240 578 2375 641 nuit,
2398 586 2450 629 et
2475 584 2688 644 quantae
2728 576 2896 628 ruina:
2945 586 3261 644 quankeque
3310 577 3631 633 calamitatis
3659 581 3784 645 ipso

582 671 784 740 judicio
806 667 977 723 sancti
1009 666 1239 736 Spiritus
1271 674 1325 720 et
1349 644 1664 719 auctoritate
1689 664 1973 717 Beatorum
1998 665 2139 732 Apo-

588 760 849 813 stolorum
880 757 1027 811 Petri
1056 764 1111 810 et
1145 755 1299 809 Pauli
1323 755 1392 809 ab
1436 755 1582 808 onmi
1622 753 1921 823 Episcopali
1965 754 2138 807 olIicio

588 847 885 917 suspendit,
916 854 970 900 et
990 861 1020 899 a
1044 844 1423 919 communione
1443 842 1698 912 Corporis
1750 850 1803 896 et
1850 842 2139 912 Sanguinis

590 936 801 990 Domini
836 934 1122 1003 separavit,
1180 934 1283 988 nisi
1327 932 1463 986 forte
1515 932 1704 995 mortis
1753 933 2048 1000 periculum
2090 933 2139 985 ei

590 1025 976 1095 superveniret,
1013 1025 1085 1078 ita
1113 1033 1294 1078 tamen
1320 1030 1381 1075 ut
1418 1021 1727 1090 paenitentia
1769 1022 1962 1075 ductus
2006 1023 2140 1075 resi-

591 1114 856 1182 pisceret:
890 1122 1110 1167 caeteros
1140 1127 1267 1166 vero
1315 1112 1406 1180 qui
1441 1111 1558 1179 ejus
1597 1110 1872 1164 schismati
1914 1126 2141 1164 consen-

592 1204 773 1257 tiendo
823 1203 1236 1268 subscriberent,
1290 1201 1358 1253 ab
1408 1200 1557 1253 omni
1609 1199 1914 1268 Episcopali
1968 1199 2139 1253 ofﬁcio

593 1292 886 1361 suspendit.
926 1291 1067 1361 (170)
1105 1290 1228 1344 lllos
1262 1304 1390 1343 vero
1424 1289 1515 1357 qui
1538 1304 1646 1341 non
1675 1305 1771 1343 sua
1801 1297 1990 1358 sponte
2011 1305 2139 1344 con-

594 1391 876 1435 senserunt
906 1397 1077 1449 usque
1101 1380 1168 1434 ad
1201 1378 1542 1433 festivitatem
1601 1377 1656 1431 S.
1686 1377 1827 1432 Petri
1875 1380 2135 1446 toleravit,

593 1484 658 1522 eo
679 1470 892 1539 quidem
917 1478 1179 1538 respectu,
1206 1477 1263 1522 ut
1284 1469 1329 1523 si
1356 1467 1496 1523 infra
1521 1468 1682 1523 istum
1707 1470 1993 1523 terminum
2021 1471 2137 1524 ido-

596 1574 771 1625 neam,
800 1568 893 1613 aut
913 1574 1007 1627 per
1034 1575 1092 1614 se
1115 1568 1208 1612 aut
1240 1574 1333 1628 per
1362 1559 1582 1611 nuntios
1626 1573 1773 1623 suos,
1817 1558 2140 1614 satisfactio-

594 1664 716 1703 nem
733 1649 1025 1718 przesentiae
1055 1665 1165 1703 suae
1194 1664 1301 1702 non
1329 1648 1635 1715 obtulerint,
1662 1646 1964 1717 Episcopali
1989 1650 2139 1703 dein-

594 1752 719 1807 ceps
751 1738 924 1791 oﬂicio
949 1738 1241 1806 priventur.
1270 1736 1560 1806 Episcopos
1582 1730 1987 1807 Longobardiaa,
2022 1740 2134 1808 qui,

596 1836 769 1894 spreta
800 1828 1069 1881 Canonica
1094 1836 1146 1881 et
1169 1828 1475 1895 Apostolica
1501 1828 1819 1882 auctoritate
1860 1838 2044 1883 contra
2074 1829 2132 1882 Β.

596 1893 809 1970 Petrum
849 1893 1233 1985 Apostolorum
1268 1916 1567 1985 Principem
1595 1918 1773 1986 (eique
1820 1918 2138 1987 praestitum)
2170 1893 2214 1946 Β

596 2015 991 2059 sacramentum
1029 2007 1493 2074 conspiraverunt,
1540 2008 1859 2061 auctoritate
1902 2008 2141 2075 ejusdem

597 2092 655 2147 Β.
687 2094 831 2148 Petri
865 2096 934 2147 ab
962 2095 1109 2149 omni
1138 2094 1440 2163 EpiscOpali
1476 2094 1648 2148 cilicio
1692 2097 1989 2165 suspendit,
2026 2106 2079 2150 et
2112 2115 2143 2151 a

594 2185 971 2239 communione
1002 2182 1210 2238 Sanctae
1243 2184 1494 2239 Ecclesia:
1541 2186 1825 2254 separavit.
1874 2187 2145 2255 Agathe"-

596 2288 710 2328 sem
731 2273 1051 2343 Episcopum
1082 2273 1483 2342 Berengarium,
1507 2276 1633 2342 quia
1663 2273 1997 2330 Narbonensi
2019 2275 2161 2358 Epi-O

597 2377 734 2432 copo
760 2363 1245 2429 excommunicato,
1274 2363 1709 2430 communicavit,
1741 2370 1795 2418 et
1837 2365 1979 2419 vices
2016 2364 2145 2433 Epi-

597 2454 838 2521 scopales
866 2469 963 2522 pro
997 2453 1086 2507 illo
1107 2450 1761 2520 fecit,‘c.xcommunicavit.
1787 2453 2143 2509 Viennensem

598 2541 917 2612 Episcopum
944 2541 1346 2610 llerimannum,
1365 2544 1511 2613 juste
1528 2543 1829 2612 depositum
1850 2560 1946 2613 pro
1971 2542 2146 2597 Simo-

599 2633 708 2697 nia,
731 2633 1000 2701 perjuriis,
1037 2633 1348 2703 sacrilegiis,
1391 2635 1680 2702 apostasia,
1704 2634 1829 2702 quia
1879 2632 2146 2688 Viennen-

600 2736 712 2775 sem
741 2721 1053 2777 Ecclesium
1076 2722 1331 2776 infestare
1352 2737 1459 2774 non
1481 2722 1792 2786 desistebat,
1837 2738 2147 2775 excommu-

601 2810 835 2865 nicavit:
862 2818 914 2864 et
944 2810 1195 2865 Ecclesiis
1219 2809 1546 2865 Romanensi
1570 2819 1625 2863 et
1649 2809 1704 2863 S.
1733 2809 2148 2879 lsidoriLugdu-

601 2900 774 2963 nensi,
802 2916 1081 2969 quousque
1102 2916 1194 2954 cas
1216 2900 1574 2967 occupaverit,
1609 2900 1849 2954 divinum
1874 2899 2149 2954 interdixit

600 2988 861 3044 Ollicium.
886 2989 1216 3044 Desiderium
1249 2999 1301 3043 et
1329 2987 1684 3044 Romanensis
1716 2989 1963 3044 Ecclesia:
1987 2988 2150 3044 Cleri-

602 3094 716 3143 cos,
750 3079 842 3149 qui
868 3078 1157 3149 Regulares
1176 3080 1245 3132 ab
1267 3094 1330 3132 ea
1353 3079 1677 3146 expulerunt
1700 3088 1754 3133 et
1779 3080 2149 3133 excommuni-

603 3170 750 3222 catis.
780 3169 1345 3231 communicaverunt,
1394 3168 1515 3221 inde
1560 3169 1733 3222 donec
1779 3167 2151 3222 satisfacerent

603 3256 1103 3314 cxcommunicavit.
1137 3256 1395 3310 Abbatem
1443 3255 1499 3309 S.
1548 3255 1747 3326 Egidii
1807 3257 2054 3311 similiter
2100 3266 2154 3310 et

603 3350 865 3404 Comitem
895 3345 1189 3418 $.1Egi3ﬁ,
1221 3355 1437 3418 propter
1460 3347 1948 3416 consanguineam;
1971 3355 2024 3401 et
2048 3346 2153 3400 Co—

606 3440 788 3493 mitem
813 3434 1124 3498 Forensem.
1154 3447 1208 3492 et
1232 3436 1545 3491 Umbertum
1570 3438 1638 3513 de
1671 3435 1816 3491 Bello
1840 3436 1990 3502 loco,
2028 3453 2152 3506 pro-

606 3537 725 3598 pter
769 3526 1138 3583 infestationes
1178 3527 1552 3597 Lugdunensis
1585 3520 1869 3591 Ecclesiae;
1921 3526 2153 3581 Podiea—

607 3632 720 3671 scm
751 3610 1115 3669 Simoniacum
1146 3616 1290 3685 (171)
1328 3615 1422 3684 (et)
1446 3615 1775 3667 homicidam
1802 3613 2153 3683 Stephanum,

608 3706 811 3761 scilicet
838 3720 867 3758 a
901 3703 1112 3774 Legatis
1141 3704 1254 3757 suis
1280 3702 1891 3767 excommunicatum,et
1904 3701 2157 3756 Pontium

510 3841 515 3846 .
609 3792 1161 3862 Gratianopolitanum
1183 3805 1464 3861 quousque
1486 3791 1827 3859 resipisceret
1848 3808 2159 3861 excommu-

609 3882 826 3948 nicavit,
850 3890 903 3936 et
928 3896 989 3935 ea
1021 3896 1140 3950 qua:
1179 3879 1391 3934 Diensis
1433 3879 1716 3948 episcopus
1756 3880 1809 3933 in
1840 3880 2160 3951 Episcopatu

612 3971 793 4039 Diensi
822 3972 887 4026 de
918 3972 1167 4036 decimis;
1198 3978 1251 4023 et
1273 3969 1544 4039 primitiis,
1583 3976 1637 4022 et
1665 3970 1905 4024 ecclesiis
1929 3969 2075 4035 fecit,
2110 3978 2164 4023 et

610 4070 800 4118 caetera
825 4076 945 4132 qua:
968 4058 1793 4131 inLegatione(172)Apostolica
1816 4062 2020 4128 statuit,
2033 4052 2168 4130 con:

613 4154 860 4207 ﬁrmavit.
1828 4214 1829 4219 η

677 4244 729 4297 ι.
767 4241 895 4297 Item
930 4242 1237 4308 Renricum,
1266 4242 1432 4297 lilium
1459 4240 1674 4297 Henrici
1710 4242 2074 4313 Imperatoris,
2109 4243 2161 4295 in

614 4332 799 4386 eadem
836 4330 1051 4399 Synodo
1093 4334 1147 4387 in
1198 4334 1341 4385 hunc
1389 4324 1604 4386 modum
1634 4320 2160 4389 excommunicavit:

2239 677 2478 727 auctore.
2507 666 2657 720 hoste
2683 666 2905 735 antiquo
2946 666 3293 735 praecedente,
3327 669 3529 739 (janua)
3571 679 3745 740 patuit
3772 691 3782 724 :

2238 758 2325 808 cui
2353 771 2451 809 nos
2480 764 2700 823 paterna
2734 756 3038 821 dilectione,
3062 764 3115 810 et
3139 772 3321 812 amore
3355 759 3523 827 patris
3569 774 3634 814 ac
3673 776 3789 814 πια-

2241 846 2339 899 tris
2363 845 2479 913 ejus
2513 845 2679 911 ducti,
2706 846 2883 900 adhuc
2915 846 2969 899 in
2997 845 3290 900 Diaconatu
3315 848 3493 915 positi,
3541 848 3788 903 admoni-

2239 935 2403 989 tionis
2426 937 2584 988 verba
2617 935 2936 990 suavissima
2966 936 3387 1002 transmisimus,
3433 947 3595 1007 atque
3639 954 3789 993 sum-

2239 1038 2455 1093 mopere
2475 1032 2527 1078 et
2550 1023 2853 1093 frequenter
2878 1040 2999 1079 eum
3031 1041 3125 1094 per
3154 1027 3299 1079 viros
3323 1041 3574 1081 revocare
3596 1043 3791 1096 procu-

2238 1116 2496 1168 ravimus.
2528 1114 2634 1168 Illis
2662 1123 2842 1167 autem
2879 1116 2971 1184 qui
2994 1116 3241 1169 dicebant
3272 1114 3467 1185 Regem
3500 1132 3607 1170 non
3630 1132 3791 1186 posse

2238 1203 2715 1268 excommunicari,
2755 1204 2832 1258 sic
2858 1205 3213 1273 respondebat
3239 1225 3250 1259 :
3276 1204 3502 1271 Quando
3526 1205 3669 1260 Deus
3694 1206 3793 1261 Eo-

2238 1296 2459 1349 clesiam
2510 1309 2661 1349 suam
2716 1304 2798 1347 ter
2837 1294 2999 1348 Beato
3049 1294 3209 1348 Petro
3250 1296 3538 1361 commisit,
3582 1296 3789 1359 dicens,

2252 1387 2419 1440 Pasce
2445 1402 2532 1438 ore
2567 1401 2725 1449 meas,
2768 1384 2937 1454 Reges
2974 1385 3212 1453 excepit?
3280 1382 3380 1437 Ubi
3419 1383 3561 1440 Deus
3586 1387 3790 1456 princi-

2238 1477 2428 1546 paliter
2460 1475 2518 1528 Β.
2543 1475 2700 1528 Petro
2730 1475 2876 1527 dedit
2907 1470 3222 1543 potestatum
3249 1474 3446 1543 ligandi
3468 1482 3522 1528 et
3548 1476 3790 1531 solvendi

2237 1567 2294 1620 in
2307 1566 2444 1621 caelo
2466 1572 2517 1618 et
2538 1564 2590 1617 in
2626 1572 2787 1629 terra,
2813 1564 3017 1617 nullum
3039 1563 3274 1632 excepit,
3300 1564 3432 1617 nihil
3458 1566 3527 1619 ab
3549 1567 3671 1633 ejus
3698 1581 3791 1635 po-

2238 1664 2429 1709 testate
2461 1654 2729 1708 subtraxit
2754 1669 2911 1706 :nam
2930 1653 3021 1721 qui
3048 1667 3106 1705 se
3119 1659 3278 1720 negat
3302 1652 3553 1708 Ecclesiae
3575 1656 3793 1709 vinculo

2237 1761 2346 1799 non
2370 1759 2527 1813 posse
2560 1743 2788 1811 alligari,
2822 1750 2988 1809 restat
3023 1747 3082 1795 ut
3103 1749 3258 1811 neget
3288 1756 3345 1795 se
3397 1757 3506 1796 non
3536 1758 3699 1811 posse
3726 1747 3792 1797 ah

2236 1836 2354 1904 ejus
2377 1841 2640 1903 potestate
2668 1832 2872 1886 absolvi
2900 1851 2912 1883 :
2945 1840 2998 1886 et
3011 1831 3103 1901 qui
3126 1832 3228 1885 hoc
3251 1831 3590 1900 impudenter
3612 1844 3788 1907 negat.

2240 1940 2299 1980 se
2325 1922 2545 1977 omnino
2575 1938 2606 1976 a
2638 1921 2855 1975 Christo
2880 1928 3197 1990 sequestrat.
3246 1919 3397 1975 Nunc
3441 1921 3675 1990 qualiter
3714 1933 3795 1977 est

2242 2028 2489 2068 reversus
2530 2010 2816 2081 praedictus
2870 2011 2980 2063 Rex
3022 2018 3144 2080 post
3184 2011 3793 2066 excommunicationem

2241 2103 2305 2156 ad
2340 2100 2399 2156 D.
2438 2100 2597 2170 Papa:
2626 2101 3007 2164 obedientiam,
3040 2108 3093 2155 et
3124 2099 3252 2168 quid
3283 2097 3489 2165 fecerit,
3525 2100 3790 2156 dicamus.

2310 2193 2362 2245 5.
2402 2190 2483 2244 Ad
2513 2191 2768 2259 oppidum
2808 2188 3029 2259 Canusii
3052 2189 3193 2257 apud
3238 2187 3696 2258 Longohardiam,
3743 2192 3794 2243 in

2241 2295 2350 2350 quo
2382 2279 2443 2332 D.
2470 2277 2616 2348 Papa
2640 2286 2757 2332 erat
2785 2292 2909 2332 cum
2937 2277 3143 2346 paucis,
3177 2276 3289 2331 Rex
3327 2278 3541 2332 advenit
3568 2297 3580 2332 :
3616 2280 3795 2350 ibique

2243 2384 2339 2439 per
2362 2370 2602 2425 triduum
2635 2376 2759 2422 ante
2786 2375 2998 2436 portam
3023 2366 3255 2420 castri...
3282 2369 3647 2436 persistens...
3681 2384 3797 2423 om-

2243 2474 2341 2514 nes
2363 2459 2431 2513 ad
2444 2457 2836 2527 compassionis
2852 2454 3275 2510 misericordiam
3299 2455 3531 2509 movit...
3560 2454 3798 2527 Denique

2244 2549 2502 2604 instantia
2522 2546 2953 2616 compunctionis
2984 2546 3103 2615 ejus
3135 2552 3188 2598 et
3223 2552 3368 2598 tanta
3420 2546 3665 2600 omnium
3709 2553 3798 2617 qui

2244 2638 2320 2693 ibi
2343 2638 2565 2692 aderant
2589 2635 2979 2704 supplicatione
2999 2635 3240 2688 devictus
3265 2632 3325 2686 D.
3377 2633 3541 2703 Papa,
3587 2639 3797 2691 tandem

2244 2742 2391 2791 eum,
2424 2726 2661 2780 relaxato
2684 2715 3043 2777 anathematis
3067 2722 3304 2786 vinculo,
3356 2725 3411 2776 in
3466 2726 3799 2778 communir-

2248 2816 2334 2869 nis
2355 2815 2582 2884 gratiam
2606 2820 2660 2867 et
2684 2813 2861 2890 sinum
2886 2810 3069 2866 Matris
3114 2810 3369 2867 Ecclesia:
3395 2814 3618 2882 recepit,
3649 2830 3799 2869 acce-

2247 2905 2354 2973 ptis
2374 2905 2442 2959 ab
2469 2918 2535 2957 eo
2563 2901 2940 2957 securitatibus
2968 2916 3090 2969 quae
3120 2898 3345 2955 inferius
3370 2904 3584 2971 scripta:
3606 2912 3795 2958 sunt...

2248 2996 2362 3050 Hoc
2395 3001 2479 3049 est
2509 2992 2889 3061 jusjurandum
2917 2988 3133 3045 Henrici
3170 2989 3330 3061 Regis
3353 2990 3799 3047 Teutonieorum:

2234 3086 2362 3155 Ego
2386 3082 2649 3137 Henricus
2678 3080 2812 3143 Rex,
2839 3090 2942 3135 etc.
2978 3089 3034 3133 ut
3077 3097 3236 3148 supra
3275 3083 3341 3133 in.
3368 3078 3488 3132 Vita
3531 3096 3675 3134 nam.
3714 3080 3799 3134 75.

2252 3172 2445 3226 Actum
2469 3170 2688 3226 Canusii
2706 3185 2739 3223 v
2766 3168 2881 3223 Kal.
2907 3169 3204 3234 Februarii,
3227 3167 3523 3223 indictione
3546 3169 3612 3223 15
3634 3169 3800 3239 (174).

2253 3260 2388 3313 Dum
2414 3274 2543 3321 vero
2564 3261 2618 3320 in
2643 3259 3202 3314 excommunicatione
3224 3257 3801 3323 manebat,divortiuru
3900 3290 3902 3293 -

2252 3349 2520 3420 quoddam
2553 3350 2690 3403 inter
2734 3347 3024 3403 Henricum
3072 3346 3270 3418 Regem
3315 3355 3368 3402 et
3414 3347 3707 3405 Rodulfutn
3743 3351 3807 3405 de

2251 3440 2509 3509 dignitate
2534 3446 2711 3491 ortum
2742 3446 2859 3492 est:
2887 3438 3030 3506 quod
3055 3437 3303 3491 videlicet
3334 3438 3624 3493 divortium
3652 3438 3805 3494 multi

2256 3545 2287 3582 a
2312 3528 2373 3580 D.
2412 3526 2555 3596 Papa
2576 3526 2778 3581 factum
2802 3542 2921 3580 esse
2943 3527 3288 3582 clamabant:
3328 3529 3421 3583 sed
3462 3529 3613 3582 nullo
3645 3539 3807 3583 modo

2256 3634 2315 3671 se
2346 3616 2465 3671 illos
2484 3592 2770 3670 oﬂ'endisse
2792 3614 2938 3684 (175)
2964 3615 3249 3684 praedictus
3300 3615 3545 3670 Pontifex
3592 3616 3809 3685 proﬁte'

2258 3706 2436 3769 batur,
2460 3706 2570 3758 imo
2589 3704 2803 3772 utrique
2824 3703 2971 3757 misit
2997 3711 3055 3756 ut
3086 3704 3230 3757 viam
3276 3704 3379 3758 sibi
3423 3714 3805 3773 praepararent,
3900 3716 3902 3743 ε

2258 3804 2526 3864 quatenus
2548 3807 2644 3861 pro
2668 3791 2974 3846 diﬁiniendo
3004 3800 3154 3846 tanto
3178 3794 3395 3862 negotio
3416 3808 3607 3847 secure
3628 3804 3807 3865 posset

2259 3884 2587 3953 procedere:
2615 3881 2741 3951 quia
2777 3881 2959 3934 mallet
3014 3871 3228 3947 millies,
3275 3881 3324 3934 si
3391 3891 3595 3949 posset,
3650 3884 3803 3945 mori,

2262 3988 2424 4043 quam
2448 3987 2545 4039 sua
2567 3971 2851 4024 occasione
2884 3978 2961 4023 tot
2994 3970 3159 4024 millia
3195 3970 3473 4024 hominum
3500 3972 3665 4025 morti
3708 3981 3809 4025 tra-

2262 4064 2533 4120 dereutur.

2332 4154 2382 4208 6.
2425 4151 2627 4221 Quinto
2655 4165 2800 4206 anno
2827 4150 2970 4221 (i76)
3015 4150 3099 4206 sui
3149 4150 3498 4205 Pontiﬁcatus
3528 4152 3811 4207 celebravit

2266 4244 2450 4299 Romae
2518 4242 2813 4315 Synodum,
2870 4242 2970 4317 ubi,
3009 4240 3367 4297 interfuerunt
3415 4241 3808 4309 Archiepiscopi

2264 4345 2318 4391 et
2338 4330 2937 4404 Episcopi'diversarum
2966 4332 3179 4393 urbium
3200 4330 3313 4385 fere
3331 4342 3558 4384 numero
3579 4335 3809 4387 centum,

616 4418 1343 4487 BeatePetre,Apostolorum
1368 4420 1641 4488 Princeps,
1671 4432 1775 4477 etc.
1802 4423 2014 4492 (175)...
2038 4422 2168 4476 Post
2267 4439 2369 4479 nec
2391 4438 2499 4477 non
2532 4430 2586 4501 et
2610 4422 2877 4475 Ahbatum
2899 4436 2962 4473 ac
2981 4420 3314 4473 diversorum
3349 4415 3609 4471 Ordinum
3652 4414 3812 4470 Cleri-

582 4564 583 4567 η
614 4509 1219 4577 excommunicationcm
1243 4522 1370 4561 vero
1395 4509 1622 4561 multum
1652 4522 1870 4579 rogatus
1895 4514 2163 4582 aquibus-
2198 4530 2241 4583 ι)
2265 4527 2455 4569 eorum
2476 4519 2531 4566 et
2552 4511 2813 4567 laicorum
2836 4506 3242 4562 innumerabilis
3265 4505 3550 4562 multitudo
3575 4523 3588 4559 :
3620 4505 3675 4561 in
3710 4521 3811 4577 qua

615 4600 740 4654 dam
769 4597 870 4653 fuit
896 4607 955 4651 ut
981 4614 1167 4667 pacem
1200 4613 1323 4651 cum
1348 4612 1421 4650 eo
1450 4596 1665 4651 faceret.
1700 4598 1999 4668 Responsio
2046 4606 2165 4674 (au—
2265 4601 2570 4673 Apostolica
2597 4597 2917 4653 auctoritate
2947 4596 3136 4665 (multa
3170 4608 3292 4664 quae
3323 4594 3635 4664 corrigenda
3666 4605 3814 4650 erant

588 4688 747 4763 .tem)
768 4687 910 4743 illius
931 4688 1054 4741 talis
1074 4696 1225 4743 erat:
1248 4687 1385 4741 Cum
1406 4702 1473 4740 eo
1500 4702 1601 4742 nos
1650 4703 1839 4757 pacem
1884 4693 2020 4746 velle
2070 4693 2167 4745 ha-

615 4780 761 4843 bere,
796 4778 841 4833 si
868 4778 985 4847 ipse
1024 4793 1146 4832 cum
1180 4776 1290 4831 Deo
1327 4788 1514 4845 pacem
1563 4778 1805 4847 (habere)
1862 4780 2165 4835 studuerit:

618 4885 741 4922 nam
770 4878 947 4923 vestra
972 4867 1282 4922 fraternitas
1304 4866 1526 4921 minime
1544 4867 1777 4937 ignorat,
1804 4879 2007 4939 quanto
2036 4878 2171 4924 tem-

620 4971 750 5025 pore
781 4967 963 5011 sancta
995 4956 1231 5012 Ecclesia
1257 4956 1527 5010 inauditas
1555 4956 1847 5026 pravitates
1862 4967 1916 5013 et
1933 4958 2172 5013 diversas

621 5048 930 5116 iniquitates
950 5049 1111 5118 Regis
1134 5050 1208 5118 (et
1235 5048 1441 5102 utinam
1470 5047 1767 5133 Christiaagi
1800 5049 1910 5101 veri
1946 5047 1984 5117 !)
2011 5050 2173 5101 susti-

621 5180 705 5250 t'io
738 5179 1066 5250 synodorum
1100 5180 1607 5250 anni_uniformiter
1652 5181 2004 5250 incipiantur;
2053 5181 2175 5234 licet

624 5247 908 5317 Baronius,
940 5247 1136 5317 abhinc
1160 5248 1355 5315 stylum
1388 5257 1623 5317 mutans,
1654 5247 1829 5304 annos
1858 5257 2005 5303 notet
2032 5250 2176 5303 velut

624 5333 658 5372 a
685 5316 803 5372 Kal.
824 5314 1078 5370 Januarii
1113 5314 1337 5383 caeptos.
1357 5373 1369 5383 ι
1584 5374 1585 5377 η

722 5386 843 5445 170)
881 5383 959 5439 Ex
974 5385 1162 5445 eodem
1187 5383 1333 5441 fonte
1352 5400 1540 5441 rursus
1567 5386 1706 5441 addo
1732 5385 2031 5445 sequentia.
2142 5416 2145 5419 -

725 5452 842 5525 171)
877 5454 1069 5525 Deerat
1100 5452 1433 5525 coniunctio,
1453 5469 1625 5525 quam
1666 5452 2006 5525 supplemus;
2056 5453 2173 5525 agi:

628 5520 717 5575 tur
756 5520 901 5577 enim
936 5522 1032 5645 ἑυι
1071 5520 1310 5591 apparet)
1355 5521 1421 5574 de
1453 5520 1700 5578 Podiensi
1734 5520 1998 5591 episcopo
2022 5562 2036 5587 ,
2079 5520 2175 5589 qui

632 5598 757 5644 tunc
788 5600 906 5645 erat
975 5593 1261 5645 tenhanus.
1290 5589 1530 5645 adeouue
1556 5593 1621 5645 de
1654 5593 1867 5645 eodem.

632 5598 906 5661 tuncmerat
936 5589 1530 5661 Stephanus_,_adeoque
1556 5593 1621 5645 de
1654 5589 1867 5661 eodem.

699 5659 840 5735 (172)
874 5658 1199 5739 Legationis,
1225 5658 1432 5739 Hagen}
1455 5658 1631 5739 Diensi
1657 5675 1752 5739 per
1769 5660 2003 5739 Calliam
2026 5673 2175 5739 com:

632 5725 830 5790 missae,
853 5725 1020 5783 multa
1059 5737 1141 5783 est
1174 5725 1374 5781 mentio
1408 5726 1463 5778 in
1499 5725 1738 5793 epistolis
1765 5725 2029 5792 Gregorii,
2078 5727 2171 5781 sed

635 5807 786 5849 mnes
812 5796 914 5850 hoc
946 5796 1087 5851 anno
1126 5797 1453 5866 posteriores
1498 5802 1643 5858 sunt,
1681 5804 1739 5846 ut
1762 5795 2015 5849 videatur
2051 5810 2170 5852 non

2266 4693 2502 4748 correxit
2528 4698 2583 4745 et
2601 4704 2722 4761 qua:
2742 4685 3141 4743 cor-roboranda
3170 4684 3420 4738 firmavit.
3448 4683 3593 4738 Inter
3628 4692 3811 4739 cetera

2267 4791 2446 4836 autem
2496 4781 2550 4835 in
2606 4779 2713 4833 ﬁne
2768 4775 3053 4849 Synodalis
3098 4774 3454 4830 absolutionis
3504 4772 3806 4831 Tedaldum.

2268 4871 2471 4923 dictum
2500 4868 2977 4936 Archiepiscopum
3004 4863 3473 4929 Mediolanensem,
3494 4862 3571 4932 et)
3592 4861 3812 4916 Guibero

2272 4965 2384 5011 tum
2420 4957 2804 5022 Ravennatem,
2838 4955 3079 5011 inaudita
3112 4953 3362 5023 superbia
3396 4961 3451 5007 et
3499 4948 3687 5007 haesi
3723 4949 3811 5003 ad-

2271 5062 2459 5101 versus
2483 5050 2721 5103 sanctam
2753 5046 3044 5102 ECclesiam
3056 5043 3387 5100 Catholicam
3411 5057 3470 5097 se
3489 5039 3809 5113 extollentes.

2272 5175 2719 5250 diu_a_nte_emp_ta
2750 5177 2937 5250 fuisse.
2984 5244 3004 5250 _
3157 5244 3172 5250 _
3290 5242 3303 5250 _
3424 5239 3443 5250 _
3512 5237 3526 5250 ,
3695 5236 3752 5250 ,,,

2346 5244 2393 5312 (1
2404 5236 2764 5315 πήβδπίᾶθιη
2789 5247 2957 5315 ipsam
2980 5244 3266 5315 formulam
3283 5242 3395 5310 jam
3424 5237 3600 5309 legisti
3621 5238 3672 5293 in
3695 5236 3807 5292 Vita

2273 5328 2432 5388 nutri;
2448 5313 2555 5388 113,Δ
2569 5330 2735 5388 quare
2762 5313 2850 5369 hic
2874 5313 3208 5388 omittitur.“
3254 5384 3263 5388 Α
3483 5374 3496 5388 ,

2343 5380 2489 5451 (174)
2530 5374 2779 5451 Adeoque
2805 5398 2949 5436 anno
2970 5380 3124 5451 1077.
3169 5377 3359 5430 Datam
3377 5374 3646 5451 omiserat
3672 5374 3803 5431 Pau-

2274 5442 2388 5515 lus,
2413 5442 2574 5525 quem
2598 5442 2817 5525 apparet
2853 5451 2979 5503 hinc
3017 5442 3804 5525 verbolenusdescripsisseto-

2275 5513 2391 5570 tum
2418 5513 2576 5572 istum
2604 5513 2810 5583 locum;
2834 5531 3003 5585 quare
3020 5515 3205 5585 eadem
3237 5513 3327 5585 hic
3347 5513 3538 5585 iterare
3559 5514 3808 5585 nolentes,

2276 5586 2489 5655 punctis
2514 5588 2740 5655 signatis
2774 5580 3028 5655 lectorem
3051 5583 3178 5655 illuc
3198 5580 3543 5655 remittimus;
3597 5583 3602 5586 ’

2345 5654 2491 5723 (175)
2532 5646 2854 5723 07fendisse,
2896 5652 2947 5705 id
2976 5659 3059 5706 est
3091 5650 3146 5703 in
3188 5658 3429 5704 mutuam
3470 5646 3807 5706 oﬂcnsionexn

2308 5722 2595 5775 oncitasse.

2276 5738 2595 5776 concitasse.

2347 5790 2491 5863 (17G)
2530 5790 2733 5867 Annum
2780 5789 2913 5841 1078
2942 5796 3128 5841 notant
3152 5788 3281 5841 Acta
3306 5787 3527 5859 Synodi,
3550 5780 3686 5850 apud
3705 5782 3807 5839 33-"

3554 5906 3902 6414 Α
