3902 6362
166 476 244 527 fit
1144 465 1667 522 PROLECOMENA.
1712 498 1715 503 -

1819 468 1989 521 .ttL'l'A
2030 469 2083 520 ὃ.
2126 469 2468 524 ιιιικιλυιιιι.

3280 474 3377 525 lii

163 583 329 653 annali
350 590 587 644 auctore,
630 580 801 651 paulo
838 590 961 650 post
1000 580 1165 655 ipsius
1196 579 1440 648 Gregorii
1484 588 1710 631 mortem
1744 582 1787 637 Α
1813 578 1974 631 domo
2011 579 2403 635 BrunswiccnSi
2437 580 2810 644 oriundorum,
2854 582 2944 635 ubi
2984 583 3033 635 in
3083 582 3190 655 \‘ita
3237 583 3379 635 llen-

166 675 332 729 litteris
366 674 679 729 mandatam
706 687 786 737 ex
828 672 1084 727 Grctsero
1120 680 1172 725 ct
1196 669 1454 725 Bollando
1485 670 1712 723 mutuati

167 781 349 820 sumus.
367 764 535 820 Porro
549 762 783 827 Paulus,
804 762 939 817 Vita:
958 762 1120 829 hujus
1142 770 1350 825 auctor,
1366 758 1465 813 fuit
1482 760 1712 829 primum

169 854 546 924 Batisponensis
590 853 855 908 Ecclesia:
901 852 1216 915 canonicos,
1249 851 1343 919 qui
1385 865 1507 903 cum
1550 864 1612 901 cx
1652 862 1713 900 ca

167 945 279 1000 urbe
298 946 364 999 ab
386 943 625 1000 Henrico
659 942 751 1009 IV,
786 945 934 1013 quod
956 943 1075 1012 ejus
1096 941 1341 1012 partibus
1367 955 1472 1003 non
1493 937 1711 997 faveret,

168 1036 333 1091 fuisset
359 1036 586 1105 eiectus,
619 1034 677 1087 in
718 1033 1028 1088 cmnobium
1073 1031 1350 1094 llcruricd,
1380 1040 1567 1084 recens
1586 1044 1715 1082 con-

168 1136 421 1191 structum,
444 1140 564 1181 sese
596 1126 837 1195 recepit,
872 1125 962 1179 ubi
984 1166 998 1187 ,
1038 1132 1289 1192 suscepto
1328 1120 1711 1176 cauouicormn

169 1218 463 1288 rcgularinm
491 1215 781 1281 instituto,
823 1216 1031 1285 aliquot
1067 1215 1222 1267 annis
1256 1212 1417 1281 degit.
1457 1210 1583 1264 lude
1611 1210 1715 1262 llo-

170 1324 289 1363 mam
324 1306 595 1380 profectus
631 1307 983 1378 pontificibus
1029 1303 1314 1358 familiaris
1352 1302 1471 1355 fuit.
1513 1301 1716 1355 Przetcr

168 1398 572 1469 GregoriiVitam
600 1398 707 1452 alia
740 1398 867 1452 item
892 1396 1154 1466 opuscula
1177 1393 1518 1462 conscripsit,
1538 1410 1566 1446 c
1589 1394 1712 1461 qui-

170 1489 255 1544 bus
271 1492 485 1560 ipsemet
511 1490 687 1544 beatae
712 1487 957 1543 llcrluae
980 1485 1152 1540 Vitam
1173 1484 1309 1539 infra
1333 1485 1532 1549 laudat,
1549 1500 1711 1552 quant

170 1580 227 1633 ab
252 1581 424 1636 eodem
458 1578 720 1635 Gretsero
739 1579 935 1633 editam
969 1576 1303 1633 Bollamliani
1342 1577 1428 1630 die
1456 1576 1519 1629 18
1558 1575 1713 1644 Apri-

172 1672 226 1725 lis
244 1672 530 1726 edidcrunt.
906 1670 909 1673 ’

225 1762 272 1815 ‘2.
306 1762 651 1817 Recentiores
684 1763 929 1815 nonnulli
967 1762 1286 1832 Gregoriqu
1327 1777 1388 1813 cx
1435 1758 1709 1826 pneuohili

158 1852 671 1910 Aldobrandinorum
713 1853 911 1907 familia
938 1864 1117 1907 ortum
1156 1853 1324 1907 fuisse
1354 1849 1616 1910 scribunt,
1644 1851 1707 1902 ad

170 1943 297 2011 quod
323 1944 662 2017 probandum
704 1943 790 1997 vix
834 1945 977 1997 aliud
1016 1945 1309 2015 quidquam
1342 1939 1582 2011 proferre
1617 1955 1711 1991 va-

170 2032 282 2094 lent.
308 2043 496 2104 praeter
522 2034 809 2089 nominum
852 2034 1280 2090 similitudinem.
1324 2030 1713 2086 llildchratnlus

170 2123 343 2193 quippe
375 2125 675 2179 vocabatur
705 2125 1022 2193 priusquam
1079 2127 1398 2180 eveheretur
1439 2122 1504 2176 ad
1534 2122 1711 2190 ponti—

170 2216 380 2279 ficatum,
404 2224 461 2268 ut
485 2215 745 2269 omnibus
775 2225 960 2268 nolunt
988 2225 1088 2270 est.
1120 2216 1222 2271 Sed
1249 2230 1410 2286 quam
1429 2213 1496 2268 sit
1524 2211 1712 2266 frivola

170 2303 409 2372 ejusmodi
438 2305 600 2371 ratio,
631 2320 789 2359 nemo
822 2319 928 2359 non
965 2306 1126 2361 videt.
1148 2306 1411 2361 Ilarouius
1439 2318 1470 2358 c
1496 2313 1711 2358 contra—

171 2395 241 2448 rio
258 2394 563 2466 Gregorium
593 2396 783 2450 humili
809 2396 948 2463 loco,
969 2406 1118 2467 patre
1133 2399 1341 2453 scilicet
1367 2394 1521 2450 fabro
1552 2395 1716 2464 ligna-

174 2484 259 2549 rio,
288 2496 464 2541 natum
508 2486 682 2542 fuisse
722 2487 818 2552 ait,
859 2488 1004 2556 quod
1041 2487 1304 2558 Gregorio
1346 2486 1544 2555 probro
1581 2495 1713 2538 verti

173 2589 265 2629 non
316 2589 501 2644 posse,
551 2577 682 2631 Jesu
732 2576 935 2631 Christi
992 2576 1204 2632 Domini
1244 2576 1414 2631 nostri
1445 2576 1711 2644 exemplo,

172 2664 363 2731 evincit.
390 2665 492 2732 Qui
525 2682 653 2722 cum
676 2664 913 2722 Verbum
944 2666 1118 2722 Patris
1139 2677 1191 2722 ct
1220 2683 1381 2722 verus
1420 2665 1509 2719 Dei
1549 2664 1714 2721 Filius

171 2764 313 2819 esset,
338 2773 402 2812 ex
436 2774 673 2827 paupere
704 2756 923 2829 Virgine
956 2760 1125 2824 nasci,
1162 2770 1215 2814 et
1240 2759 1450 2814 fabrum
1486 2766 1712 2825 patrem,

174 2857 225 2900 ut
248 2848 539 2916 putabatur,
579 2849 776 2903 habere
811 2864 919 2903 non
941 2858 1026 2906 cst
1065 2851 1405 2921 dedignatus.
1440 2848 1716 2917 Papebro—

173 2938 307 2994 chius
341 2954 465 2994 vero
511 2939 639 2999 licet
672 2940 900 3009 primam
940 2940 1248 3009 opinionem
1291 2939 1521 3009 rejiciat,
1562 2939 1715 2992 alteri

178 3038 331 3083 tamen
362 3045 467 3084 non
506 3032 802 3085 asscntitur
826 3031 878 3084 in
900 3031 1197 3100 praemissis
1213 3032 1279 3085 ad
1307 3030 1477 3084 \‘itam
1509 3028 1713 3100 Grego-

178 3120 232 3174 rii
259 3118 367 3185 vn,
401 3122 488 3176 ιιῑο
535 3122 607 3176 2:;
643 3120 765 3175 .\lait
808 3102 1163 3187 Bollandiani,
1207 3123 1295 3177 ubi
1333 3120 1650 3191 Gregorium
1687 3141 1717 3175 υ

176 3210 321 3264 nobili
355 3210 551 3267 familia
579 3212 847 3282 prodiissc
870 3215 1085 3282 probari
1104 3231 1263 3284 posse
1291 3212 1484 3268 exinde
1510 3223 1713 3277 censet,
1744 3242 1783 3297 ρ

174 3302 300 3372 quod
334 3304 383 3357 in
418 3303 568 3360 Actis
604 3302 918 3372 pontificum
955 3305 1369 3374 manuscriptis,
1399 3318 1520 3371 qua:
1550 3317 1712 3371 penes

176 3407 227 3445 sc
256 3393 509 3447 asservari
551 3394 706 3455 dicit,
747 3386 956 3462 legatur
991 3392 1234 3464 Gregorii
1276 3401 1507 3462 nepotem
1547 3391 1714 3446 fuisse

178 3481 422 3536 fluuii-unt
448 3484 754 3553 prtem-tum
784 3454 1192 3553 Septem-loliis,
1212 3501 1305 3540 seu
1332 3484 1511 3537 domui
1548 3499 1711 3554 quam

136 3641 140 3644 ⁴
177 3574 327 3627 instar
361 3574 497 3629 arcis
552 3573 817 3628 munitam
852 3558 1054 3631 frttstf'a
1093 3575 1359 3631 machinis
1389 3574 1593 3629 bellicis
1621 3592 1715 3628 cx-

177 3679 393 3735 pugnarc
442 3675 671 3720 conatus
722 3664 824 3719 fuit
871 3665 1136 3722 llenricus
1190 3669 1499 3737 imperator.
1560 3667 1713 3732 Quod

176 3756 371 3827 quidem
389 3758 643 3820 oflicium,
670 3755 845 3826 inquit
867 3757 975 3822 ille,
999 3758 1208 3827 plebeio
1229 3757 1433 3811 homini
1456 3759 1712 3831 couunise

178 3861 282 3901 sum
308 3848 521 3904 minime
546 3843 755 3903 fuisset.
786 3847 1041 3903 Eamdcm
1065 3848 1382 3903 sententiam
1409 3864 1561 3902 suam
1586 3863 1717 3903 con-

180 3935 341 3995 firmat
358 3939 508 3995 Pauli
532 3939 704 4010 ipsius
737 3938 1079 4004 auctoritate,
1101 3939 1193 4008 qui
1222 3938 1278 4010 in
1306 3938 1548 4009 Gregorii
1574 3937 1711 4003 Vita,

181 4027 406 4090 observat
443 4032 694 4086 eumdem
744 4030 1051 4101 pontificem
1104 4031 1357 4085 habuisse
1389 4032 1714 4085 avunculum

181 4116 402 4173 abbatem
424 4121 739 4177 monasterii
769 4130 972 4176 sanctae
997 4119 1176 4175 Marize
1208 4120 1261 4174 in
1298 4123 1578 4176 Aventino.
1609 4121 1713 4176 Vc—

181 4219 289 4260 rutn
316 4223 432 4263 cum
465 4209 517 4262 io
552 4208 792 4277 antiquis
815 4211 1181 4277 monumentis
1215 4210 1349 4264 nihil
1382 4213 1512 4266 certi
1542 4214 1609 4267 ad
1634 4214 1715 4267 di-

183 4298 429 4355 rimendas
473 4299 741 4369 ejusmodi
782 4298 1211 4375 controversias,
1260 4301 1571 4355 auctoribus
1622 4303 1717 4353 mi-

182 4389 311 4445 nime
353 4390 450 4446 sibi
494 4389 990 4455 consentientibus,
1039 4387 1361 4453 inveniatur,
1404 4387 1602 4444 frustra
1648 4391 1714 4445 iis

185 4476 341 4537 fusius
370 4480 628 4552 agitandis
663 4496 855 4536 vacare
892 4495 997 4535 non
1032 4480 1173 4535 licet.
1203 4477 1462 4535 Eumdcm
1493 4479 1545 4532 iu
1578 4479 1715 4536 Tus-

1817 670 1915 725 rici
1941 668 2001 721 Ill
2031 670 2390 739 imperatoris,
2415 683 2773 741 cognomento
2801 671 2969 741 Nigri,
2990 652 3193 731 uarraL.
3214 672 3385 727 llilde-

1816 761 2103 822 brandnm,
2134 761 2225 829 qui
2248 770 2375 815 tunc
2403 761 2616 816 llenrici
2645 764 2737 816 lilii
2766 764 2885 832 ejus
2904 764 3381 834 pa‘dagoguscrat,

1816 851 1989 905 visum
2028 850 2193 906 fuisse
2230 852 2280 906 in
2306 853 2513 907 somnis
2540 854 2637 923 ipsi
2665 854 2974 922 imperatori
2997 867 3124 908 cum
3160 871 3261 908 suo
3304 857 3382 924 ip-

1816 943 1931 997 sius
1959 943 2066 996 lilio
2101 944 2166 996 ad
2205 959 2445 998 mensam
2478 945 2736 1009 assidere,
2764 961 2965 998 cornua
3000 945 3285 1000 habt-nterii
3315 947 3381 1000 ad

1814 1033 2009 1109 caelum
2049 1050 2222 1102 usque
2248 1035 2519 1098 sublimia,
2558 1035 2757 1104 quibus
2794 1036 3040 1090 cunulcm
3085 1034 3381 1092 licuricum

1817 1124 1981 1177 filium
2016 1124 2067 1177 in
2096 1124 2263 1178 lutum
2289 1125 2589 1193 dejicichat,
2616 1143 2778 1193 quam
2810 1128 3071 1181 visionem
3102 1145 3229 1181 cum
3268 1130 3348 1181 Λιι

1815 1224 1969 1283 gusta
1992 1215 2057 1269 d'c.
2093 1214 2324 1270 IIem-ico
2350 1215 2458 1269 filio
2482 1231 2575 1285 per
2600 1216 3013 1271 Ilildchramlnm
3033 1234 3094 1271 ex
3117 1220 3381 1288 itttperiuli

1816 1306 1940 1359 sede
2008 1307 2345 1360 mlurhando
2406 1307 2753 1376 interpretata
2824 1308 3027 1361 fuisset.
3085 1308 3382 1378 imperator

1813 1397 2058 1450 eumdem
2099 1396 2609 1453 llildebrandum-in
2658 1399 2868 1453 vincula
2899 1402 3197 1469 conjecisse
3242 1402 3381 1454 fame.

1813 1488 2145 1542 euocandum
2192 1498 2461 1553 narratur,
2490 1504 2649 1557 quem
2702 1500 2884 1558 postea
2940 1500 3150 1554 tamen,
3195 1494 3382 1546 uxoris

1817 1578 2222 1643 intercessione,
2268 1581 2493 1633 liberum
2541 1580 2689 1634 abire
2736 1582 3006 1655 permisit.
3068 1598 3136 1634 ne.
3180 1593 3381 1635 temere

1814 1671 2039 1725 somniis
2070 1673 2225 1725 fidem
2253 1672 2590 1735 adhibendo,
2618 1672 2908 1725 innocuum
2949 1673 3122 1741 perire.
3142 1674 3379 1739 jnherct,

1815 1762 1905 1813 sed
1932 1763 2042 1815 hare
2073 1762 2273 1815 incerta
2297 1772 2444 1824 sunt,
2474 1763 2615 1817 sicut
2639 1770 2691 1815 ct
2726 1764 2829 1816 alia
2855 1766 3020 1816 nmlta
3059 1779 3089 1816 a
3118 1764 3379 1818 recentio-

1818 1852 1965 1906 ribus
2001 1852 2250 1911 conlicta,
2280 1868 2401 1920 qum
2425 1852 2646 1919 proinde
2675 1853 2924 1906 omittere
2965 1854 3139 1907 visum
3163 1863 3263 1907 est.

1881 1944 1931 1995 4.
1974 1944 2192 1997 (Zertum
2229 1954 2312 1997 est
2343 1944 2567 1995 omnino
2599 1943 2915 2013 Gregorium
2951 1945 3018 1996 ab
3050 1945 3163 2013 ipsa
3202 1945 3379 2013 pueri-

1812 2033 1885 2085 tia
1917 2034 2227 2088 monastic-tn
2255 2034 2577 2102 professioni
2602 2048 2797 2088 nomen
2837 2035 3072 2098 dedisse,
3100 2052 3262 2103 quam
3291 2053 3346 2090 re
3367 2065 3380 2075 ~

1814 2122 1960 2192 liquo
1999 2124 2121 2179 vita:
2165 2134 2404 2193 tempore
2452 2135 2506 2178 ct
2557 2124 2762 2188 dilexit,
2803 2134 2858 2179 et
2913 2126 3030 2194 ejus
3086 2127 3427 2187 exercitiis.

1812 2222 2075 2282 quantum
2116 2214 2419 2283 patiebatur
2445 2230 2625 2268 rerum
2660 2217 3015 2284 gerendarum
3064 2216 3377 2280 necessitas,

1816 2305 2077 2359 incubuit.
2105 2305 2238 2360 Eum
2261 2322 2290 2359 a
2317 2321 2475 2373 puero
2497 2306 2805 2358 monac/mm
2829 2305 2994 2360 fuisse
3017 2306 3234 2361 disertis
3257 2323 3377 2360 vcr-

1816 2396 1899 2449 bis
1937 2396 2099 2450 tradit
2128 2395 2421 2451 Ordericus
2451 2395 2661 2461 Vitalis,
2689 2405 2880 2451 auctor
2913 2396 3127 2451 illorum
3172 2407 3379 2469 tenipo—

1815 2501 1933 2539 rum
1957 2487 2421 2551 accuratissimus,
2448 2487 2587 2540 libro
2619 2503 2670 2539 tv
2705 2484 2955 2541 Historiae
2980 2488 3376 2543 ecclesiastica‘.

1804 2577 1955 2633 .ldcm
1986 2581 2177 2648 repetit
2206 2578 2342 2632 libro
2370 2593 2463 2642 vu,
2502 2578 2593 2631 ubi
2624 2576 2744 2632 fuse
2772 2577 2893 2645 ejus
2932 2577 3216 2632 historiam
3255 2595 3381 2648 pro-

1815 2670 2074 2739 sequitur.
2126 2669 2385 2723 Eumdcm
2421 2668 2741 2738 professione
2783 2665 3095 2720 mon‘achum
3151 2671 3386 2738 appellat

1814 2760 2273 2832 (thronographus
2296 2770 2478 2815 noster
2504 2758 2805 2814 Saxonicus
2821 2775 2922 2814 ms.
2943 2758 3380 2825 Adolescenti/rm,

1817 2852 1993 2919 inquit
2017 2850 2171 2923 llugo
2197 2851 2619 2907 Flaviuiaccnsis
2645 2851 2699 2904 in
2736 2849 3010 2905 Chronico
3038 2849 3381 2916 Virdunensi,

1816 2952 2085 3007 assumpto
2137 2945 2438 2996 sanctitatis
2486 2942 2789 3009 proposito,
2837 2943 2972 2993 inter
3025 2940 3205 2993 mundi
3260 2957 3384 2993 con-

1818 3042 2112 3100 temptores,
2139 3049 2240 3085 non
2262 3033 2373 3087 sine
2394 3048 2595 3100 nmgms
2616 3015 2946 3099 pci'feclionis
2973 3030 3183 3083 indiciis
3205 3033 3383 3100 perdo-

1818 3123 1970 3175 muit.
2008 3121 2103 3178 llis
2140 3125 2346 3179 accedit
2388 3121 2647 3177 Domuizo
2698 3121 2751 3174 in
2790 3120 2906 3173 Vita
2948 3120 3249 3186 Mathildis,
3293 3124 3382 3176 ιιΙεί

1817 3215 2057 3281 ηυδε-μοι·ιί
2102 3226 2329 3271 mortem
2368 3214 2663 3269 monachos
2702 3228 2813 3282 pra:
2840 3214 3071 3277 caeteris,
3092 3215 3234 3282 quod
3272 3214 3385 3283 ipse

1823 3308 2121 3361 tnonachns
2160 3306 2381 3380 fuisset,
2424 3306 2703 3361 deﬂevisse
2747 3305 3016 3359 observat.
3066 3303 3131 3357 Et
3165 3304 3382 3373 quidem

1820 3393 2011 3449 Petrus
2039 3395 2279 3450 Damiani
2318 3396 2370 3449 in
2402 3394 2666 3463 opusculo
2695 3394 2784 3459 52,
2812 3392 2955 3463 quoii
2993 3395 3168 3450 athuc
3192 3410 3385 3450 mona-

1819 3486 1954 3539 chus
1989 3486 2088 3554 ipsi
2116 3484 2480 3539 llihlcbrando
2505 3483 2858 3553 nuncupavit,
2880 3498 3003 3536 eum
3029 3499 3243 3554 semper
3267 3487 3381 3553 [ro-

1821 3586 1949 3629 trcm
1977 3592 2133 3631 suum
2172 3576 2423 3646 appellat,
2447 3584 2560 3629 tum
2597 3576 2650 3629 in
2686 3574 3019 3645 prtefationc,
3057 3585 3169 3629 tum
3208 3578 3259 3630 in
3296 3587 3380 3630 lo-

1822 3669 1927 3723 tius
1951 3686 1981 3723 ιι
1992 3669 2132 3736 peris
2158 3668 2409 3723 decursu.
2434 3666 2747 3722 Omittimus
2771 3666 3166 3721 Theodoricum
3194 3682 3379 3737 supra,

1822 3775 1970 3813 num.
2016 3761 2069 3822 5,
2108 3759 2415 3821 laudatmn,
2449 3756 2806 3814 Trithcmium
2846 3765 2899 3811 et
2942 3757 3079 3810 alios
3113 3758 3381 3825 ejusmodi

1819 3858 2085 3903 auctores.
2128 3847 2332 3901 Locum
2368 3860 2497 3899 vero
2534 3847 2589 3899 in
2625 3861 2734 3914 quo
2773 3845 3129 3900 monasticam
3174 3847 3384 3916 profes-

1819 3940 2025 3993 sionem
2046 3939 2207 4001 vovit,
2234 3938 2501 3992 iudicasse
2522 3938 2731 3993 videtur
2754 3936 2865 4005 ipse
2895 3935 3115 4000 Paulus,
3141 3954 3286 3993 num
3325 3944 3380 4003 ι),

1821 4032 1911 4084 ubi
1948 4031 2135 4085 scrihit
2176 4028 2593 4083 llildebrandnm
2634 4045 2661 4082 a
2696 4028 2921 4096 pueritia
2965 4030 3233 4082 avunculo
3280 4045 3384 4083 suo

1820 4124 1997 4177 abbati
2034 4131 2235 4176 sancta:
2271 4119 2453 4174 Maria:
2489 4120 2541 4172 iu
2583 4127 2765 4171 monte
2805 4117 3069 4169 Aventino
3104 4130 3397 4172 commcn-‘

1819 4214 2003 4266 datum
2046 4212 2232 4275 fuisse,
2260 4210 2325 4263 ad
2360 4209 2567 4261 litteras
2604 4207 2764 4261 simul
2801 4195 2853 4258 et
2891 4219 3101 4258 morum
3139 4204 3381 4275 discipli-

1822 4318 1943 4355 nam
1985 4300 2357 4364 addisccndas,
2393 4298 2537 4367 quod
2578 4298 2723 4351 brevi
2768 4298 2937 4349 abeo
2980 4294 3176 4349 factum
3214 4295 3382 4352 fuisse

1820 4406 1938 4448 (Ὂιιι
1945 4400 2227 4445 memorat.
2802 4376 2807 4379 Ι

1982 4480 2239 4537 Eumdem
2272 4482 2325 4535 in
2366 4481 2661 4551 percelebri
2689 4481 3016 4537 monasterio
3037 4478 3379 4535 Cluniacensi

183 4572 258 4625 cia
309 4582 485 4627 natum
528 4573 729 4629 diserte
757 4574 954 4629 asserit
985 4571 1202 4637 Paulus,
1238 4573 1381 4641 quod
1418 4572 1508 4626 alii
1545 4572 1719 4641 Senis,
1756 4589 1797 4641 ι)
1824 4574 2178 4629 monasticam
2210 4574 2373 4627 vitam
2409 4573 2589 4643 egisse
2623 4572 2864 4628 sentiunt
2890 4562 3131 4640 plerique
3151 4571 3382 4641 scripto-

185 4659 263 4715 alii
285 4662 419 4733 apud
445 4660 680 4720 Soanam
706 4665 1000 4736 contigisse
1035 4664 1242 4719 volunt.
1276 4661 1370 4718 liis
1403 4664 1735 4721 adversatur

187 4750 326 4824 llugo
363 4751 782 4831 Flaviniaccnsis
824 4756 876 4810 in
921 4754 1201 4809 Chronico
1237 4751 1590 4820 Virdunensi,
1628 4758 1717 4812 ubi

186 4842 475 4919 Gregorium
514 4831 695 4901 Roma}
731 4856 915 4900 natum
949 4861 1013 4900 ea:
1048 4844 1351 4914 parentibus
1387 4845 1584 4900 civibus
1613 4846 1717 4901 lio-

188 4940 360 5003 Inanis,
380 4936 591 4996 disertis
625 4938 805 4998 verbis
823 4936 1124 4993 afﬁrmavit.
1166 4943 1173 4949 '

248 5028 295 5081 5.
331 5029 538 5100 Aliquot
572 5029 755 5091 futura
788 5030 906 5100 ejus
947 5026 1251 5085 sanctitatis
1291 5028 1553 5101 pnesagia
1595 5047 1719 5100 pro—

191 5115 282 5172 fert
311 5117 496 5175 Paulus
522 5140 537 5173 :
569 5129 627 5175 at
653 5121 775 5175 silet
802 5121 945 5189 quod
966 5122 1015 5175 ei
1038 5120 1218 5174 adhuc
1245 5119 1510 5174 infantulo
1546 5123 1720 5175 conti—

190 5207 315 5275 gisse
348 5211 492 5267 aiunt
517 5211 570 5266 in
607 5209 766 5273 fabri,
795 5224 955 5279 quem
992 5210 1213 5278 quidam
1247 5210 1460 5273 volunt,
1501 5220 1560 5263 ut
1592 5226 1717 5263 mox

191 5284 489 5367 dicebamus,
535 5301 709 5371 ipsius
750 5307 954 5367 patrem
1000 5298 1481 5375 fuisse,_oflicina;
1526 5300 1617 5352 ubi
1652 5315 1717 5353 ex

194 5392 453 5455 εειιιιωιὶε
483 5392 803 5463 rejectancis
837 5403 959 5442 cum
996 5388 1170 5442 adhuc
1216 5376 1715 5457 nesciretf'litteras,

196 5479 607 5541 “minitando
636 5498 730 5538 eas
766 5482 836 5535 ita
876 5479 1243 5550 composuisse
1280 5488 1633 5543 memoratur,
1661 5466 1719 5534 ut

196 5559 475 5626 “uilicum
497 5574 629 5629 illud
647 5573 1007 5643 exprimerent
1026 5571 1300 5626 oraculum
1319 5590 1330 5623 :
1351 5570 1720 5625 Dominabitur

196 5666 227 5703 α
250 5658 370 5711 ιιαή
400 5677 552 5731 usque
586 5663 659 5716 ad
689 5680 847 5719 mare.
885 5664 1043 5718 Aliud
1079 5664 1198 5733 ejus
1235 5661 1432 5717 futura:
1470 5664 1720 5731 potentia:

198 5744 343 5811 priori
372 5751 545 5820 adjicit
586 5756 904 5825 pnesagiun.
940 5754 1303 5825 Theodericus
1358 5752 1719 5823 Engclhnsius

199 5841 459 5896 canonicos
480 5840 954 5899 llildesheimeusis
986 5846 1039 5900 in
1072 5845 1203 5900 Vitis
1241 5846 1623 5915 imperatorum
1654 5860 1717 5898 ex

1823 4681 1926 4731 res,
1965 4666 2302 4735 potissimum
2334 4664 2680 4727 recentiores,
2706 4663 2799 4732 qui
2835 4677 2959 4717 eum
2986 4654 3251 4717 testantur
3275 4661 3381 4715 ibi-

1818 4756 1937 4809 dem
1963 4754 2356 4825 priorisofﬁcio
2394 4754 2562 4808 fuisse
2591 4756 2871 4809 donatura.
2903 4752 2959 4807 Id
2990 4753 3189 4806 diserte
3217 4753 3382 4829 tradit

1818 4845 1944 4900 Otto
1999 4845 2357 4915 Frisingcusis
2386 4844 2693 4915 cpiscopus.
2725 4845 2957 4913 scriptor
2987 4841 3129 4897 haud
3164 4842 3378 4913 ignobi—

1820 4937 1905 5003 lis,
1941 4936 2033 5008 qui
2057 4935 2221 4993 refert
2244 4935 2477 4992 Leonem
2517 4936 2583 4988 IX
2622 4938 2691 4988 ah
2726 4936 3047 5002 imperatore
3070 4936 3378 5001 pontificem

1819 5032 2156 5101 designatum
2195 5030 2247 5082 in
2282 5028 2487 5080 Italiam
2527 5016 2902 5093 properantem
2938 5024 3256 5080 Cluuiacum
3294 5028 3377 5081 di-

1819 5122 2064 5182 vertisse,
2108 5120 2199 5173 ubi
2237 5126 2364 5170 tunc
2406 5115 2797 5170 llildebramlus
2833 5116 2982 5185 prior
3029 5127 3171 5182 erat,
3219 5120 3377 5188 cujus

1818 5210 2046 5263 consilio
2067 5209 2337 5270 eumdem,
2357 5208 2620 5263 abdicatis
2633 5209 3034 5279 pontificalibus
3051 5209 3375 5279 insignibus,

1819 5300 1921 5353 sub
1957 5300 2223 5370 peregrini
2261 5301 2443 5355 habitu
2490 5300 2713 5355 Romam
2742 5300 3043 5369 porrexisse
3079 5299 3172 5361 ait,
3200 5300 3375 5352 comi-

1821 5399 1965 5444 tante
2006 5407 2130 5445 eum
2176 5393 2364 5445 eodem
2417 5391 2798 5451 llihlcbrando,
2842 5390 2934 5458 qui
2985 5387 3260 5440 Romanos
3306 5391 3375 5443 ad

1818 5482 2120 5553 eligendum
2157 5484 2333 5553 ipsum
2354 5485 2464 5552 jam
2493 5484 2561 5536 ab
2597 5484 2919 5549 imperatore
2950 5478 3178 5531 electum
3217 5478 3377 5532 indu-

1820 5582 1982 5627 ceret.
2026 5572 2183 5625 Certe
2224 5572 2542 5641 Gregorium
2580 5585 2705 5638 erga
2750 5568 3133 5621 Cluniaceuscs
3173 5570 3377 5637 optimc

1822 5664 2067 5716 affectum
2114 5661 2281 5713 fuisse
2330 5675 2488 5715 nemo
2528 5660 2579 5711 in
2624 5660 2847 5713 dubium
2884 5673 3137 5711 revocare
3176 5668 3369 5727 potest.

1822 5753 1937 5819 Ipse
1970 5751 2128 5803 etiam
2159 5760 2346 5803 sancto
2381 5750 2602 5820 ilugonc
2641 5749 2975 5804 familiariter
3006 5750 3277 5812 utebatur,
3316 5762 3373 5808 nt
3410 5806 3411 5809 η

1820 5858 1881 5895 cx
1920 5841 2037 5908 ejus
2074 5840 2189 5892 Vita
2221 5850 2381 5907 patet.
2428 5841 2539 5895 Sub
2581 5842 2750 5895 sancti
2795 5840 3000 5905 Maioli,
3039 5858 3130 5895 seu
3170 5846 3374 5911 potius,
