3902 6398
454 470 554 525 ΗΞ

1592 536 1593 539 γ
1641 451 1695 518 ς.
1731 414 2123 520 auricomus
2156 426 2243 517 \n
2275 460 2470 517 pars.

3570 462 3674 516 1M

454 594 579 633 nam
608 576 682 633 ibi
713 576 972 632 memoria
1005 576 1220 645 lapsum
1251 573 1421 630 fuisse
1451 574 1678 628 Paulum
1700 590 2003 639 censemus,
2038 578 2081 633 Α
2105 575 2255 628 dium
2282 568 2543 629 adversus
2582 571 2892 627 sacerdotes
2931 571 3368 639 concubinarios,
3408 578 3463 626 et
3496 569 3677 627 Simo-

454 664 557 723 sub
577 666 748 722 sanc’ti
768 657 1013 721 Odilonis
1035 664 1325 733 disciplina
1356 664 1411 718 in
1444 663 1607 718 rebus
1641 663 2011 732 spiritualibus

459 770 584 810 eum
625 755 894 810 eruditum
940 753 1107 808 fuisse
1138 753 1317 823 colligi
1352 762 1528 824 potest
1560 768 1626 807 ex
1667 750 1801 807 Vita:
1837 752 2009 817 initio,

454 844 548 898 ubi
579 844 793 914 legitur,
818 842 1170 900 scintillarum
1206 842 1471 897 visionem
1503 840 1703 911 saepius
1738 850 2011 897 ostensam

456 933 725 1007 primitus}
759 933 815 987 in
868 928 1228 987 Hildebrando
1277 931 1651 986 Cluniacensis
1698 930 2015 985 monasterii

456 1031 663 1090 patrem
716 1031 962 1083 sanctum
1012 1020 1265 1095 Maiolum
1310 1020 1631 1084 adnotasse,
1677 1020 1833 1088 eique
1885 1018 2015 1088 illud

455 1110 678 1167 Joannis
713 1111 963 1181 Baptista:
1002 1112 1287 1183 adaptasse
1354 1129 1367 1163 :
1420 1108 1557 1165 Ister
1604 1125 1736 1178 puer
1786 1124 2015 1180 magnus

455 1200 561 1259 erit
606 1215 789 1255 coram
825 1200 1071 1256 Domino.
1110 1198 1373 1255 Observat
1423 1200 1564 1255 idem
1603 1208 1793 1253 auctor
1832 1196 2013 1255 Hilde-

459 1289 727 1345 brandum
748 1280 1158 1362 adolescentiam
1186 1291 1475 1359 ingressum
1497 1290 1553 1341 in
1585 1287 1869 1341 Franciam
1890 1304 2014 1357 pro-

462 1379 655 1446 fectum
699 1376 1232 1444 fuissefdomiturum
1267 1378 1341 1432 ibi
1373 1379 1549 1431 carnis
1578 1378 1928 1446 petulantiam
1966 1388 2016 1433 et

460 1469 697 1522 molestia
722 1470 1156 1538 peregrinationis
1177 1478 1225 1521 et
1249 1469 1507 1521 instantia
1525 1466 1856 1521 eruditionis.
1885 1465 2016 1534 Quae

458 1556 690 1613 fortasse
726 1558 779 1611 in
815 1558 1149 1613 monasterio
1181 1556 1553 1622 CluniaCensi,
1591 1566 1721 1612 tunc
1759 1559 2016 1626 temporis

413 1707 419 1717 κ
458 1638 843 1712 celeberrimo,
886 1644 1129 1716 perfecit.
1182 1646 1410 1702 Romam
1455 1661 1730 1711 reversus,
1786 1646 2017 1717 indeque

459 1750 581 1789 cum
604 1728 973 1806 Gregorio'VI,
986 1726 1245 1792 exsulare
1259 1744 1501 1803 coactus,
1524 1736 1686 1791 rediit
1704 1736 1893 1805 procul
1912 1737 2015 1791 du-

459 1826 549 1878 bio
581 1824 898 1881 Cluniacum
920 1868 935 1892 ,
961 1826 1053 1881 ubi
1089 1827 1287 1896 prioris
1317 1825 1491 1881 ofﬁcio
1527 1823 1761 1880 donatus
1801 1825 1928 1892 fuit,
1968 1827 2014 1881 si

462 1924 639 1968 tamen
683 1916 783 1970 hac
842 1932 1082 1993 unquam
1135 1916 1397 1986 dignitate
1454 1916 1656 1987 potitus
1699 1914 1819 1970 fuit.
1860 1916 2015 1970 Certe

460 2004 707 2059 eumdem
745 2006 799 2058 in
835 2006 1154 2060 monasticis
1192 2005 1495 2076 disciplinis
1531 2004 1809 2079 eruditum.
1846 2005 2014 2060 fuisse

462 2094 584 2148 inde
618 2095 797 2164 colligi
838 2087 1204 2165 potest,un
1236 2111 1269 2149 a
1299 2090 1477 2150 Leone
1510 2093 1601 2161 IX,
1628 2103 1751 2165 post
1781 2095 2013 2149 reditum

461 2184 515 2237 in
541 2182 759 2249 Urbem,
785 2173 1117 2239 monastério
1147 2185 1319 2240 sancti
1343 2180 1501 2239 Pauli
1522 2182 1809 2255 praefectus
1831 2183 2012 2249 fuerit,

462 2282 522 2327 ut
554 2288 619 2327 eo
656 2274 711 2328 in
748 2273 867 2327 loco
906 2273 1204 2343 regularem
1245 2272 1587 2345 disciplinam
1609 2314 1623 2338 ,
1668 2288 1788 2343 qua:
1824 2273 1898 2327 ibi
1937 2282 2027 2327 te-.

463 2370 673 2439 puerat,
709 2358 1034 2418 restitueret.
1078 2362 1127 2418 Is
1152 2372 1237 2419 est
1267 2363 1379 2433 ipse
1410 2364 1502 2433 qui
1536 2378 1603 2417 eo
1639 2365 1855 2419 nomine
1882 2362 2014 2417 Vin-

462 2454 843 2509 docinensibus
898 2453 1182 2507 ecclesiam
1236 2461 1438 2508 sanctae
1490 2452 1689 2508 Priscae
1737 2453 1793 2506 in
1836 2463 2019 2507 monte

464 2542 731 2606 Aventino
768 2542 955 2597 Rome
987 2543 1148 2597 sitam
1178 2555 1245 2597 eo
1273 2549 1431 2613 pacto
1460 2542 1655 2608 cessit,
1682 2550 1745 2597 ut
1770 2541 1843 2596 ibi
1877 2556 2019 2597 sem-

465 2647 561 2701 per
589 2622 873 2686 duodeCim
891 2630 1155 2686 monachi
1170 2629 1621 2696 Vindocinenses,
1637 2637 1640 2641 ‘
1654 2640 1755 2686 nec
1778 2628 2020 2701 unquam

466 2722 648 2775 minus
672 2736 834 2791 quam
854 2704 983 2775 ccio
1010 2710 1323 2790 regulariter
1356 2720 1551 2773 vivant.
1578 2717 1635 2774 Id
1656 2720 1917 2776 discimus
1954 2735 2021 2775 ex

469 2810 666 2865 litteris
679 2809 967 2865 Alexandri
992 2824 1163 2880 papae,
1185 2808 1376 2879 quinto
1400 2808 1747 2880 pontiﬁcatus
1768 2810 1854 2869 sui
1878 2824 2021 2865 anno

468 2900 628 2966 datis,
661 2899 860 2969 quibus
891 2898 1300 2951 convenientiam
1331 2897 1616 2953 conﬁrmat
1645 2911 1709 2953 ea
1738 2900 1805 2954 de
1829 2912 1889 2954 re
1942 2898 2023 2951 fa-

468 2997 610 3043 ctam
637 2990 773 3043 intsr
794 2986 1213 3043 Hildcbrandum
1238 2973 1662 3041 archidiac’onum
1684 2995 1837 3057 atque
1858 3003 2043 3041 emno--

470 3080 542 3131 bii
576 3066 933 3132 sancti-Pauli
961 3092 1278 3131 economum
1314 3092 1404 3130 seu
1439 3086 1706 3143 rectorem,
1746 3086 1800 3131 et
1837 3075 2024 3131 Oderi-

470 3184 593 3223 cum
630 3166 1081 3222 Vindocinensem
1111 3166 1379 3221 abbatem.
1402 3164 1523 3230 Qua
1546 3168 1753 3221 ratione
1778 3166 2021 3220 nonnulli

470 3274 595 3312 eum
626 3257 1072 3311 Vallumbrosano
1102 3254 1298 3311 ordini‘
1326 3269 1498 3323 nuper
1519 3257 1885 3325 ascripserint,
1903 3254 2022 3310 fuse

470 3349 691 3417 exponit
713 3354 766 3402 et
789 3344 1031 3403 confuta‘t
1053 3343 1474 3413 Papebrochius,
1496 3344 1832 3413 paragrapho
1851 3346 1903 3409 4,
1930 3344 2023 3399 sed

473 3437 619 3490 nulla
656 3450 720 3491 ea
756 3437 823 3491 de
860 3449 919 3491 re
954 3434 1099 3503 apud
1135 3432 1374 3487 eruditos
1410 3442 1659 3487 auctores
1696 3441 1871 3501 potest
1903 3447 2025 3487 esse

472 3526 775 3581 tlilllcultas.
802 3523 1232 3594 Distinguendus
1274 3532 1359 3578 est
1396 3532 1578 3578 tamen
1617 3532 1801 3578 uoster
1841 3521 2023 3577 Hilde-

474 3615 712 3669 brandus
737 3613 805 3667 ab
838 3613 945 3666 alio
972 3612 1217 3681 ejusdem
1240 3610 1477 3666 nominis
1490 3604 1832 3665 Cluniacensi
1846 3611 2027 3679 priore

476 3707 589 3759 sive
608 3702 917 3773 praeposito,
941 3701 1034 3771 qui
1068 3701 1124 3755 in
1152 3698 1274 3754 Vita
1314 3700 1487 3755 sancti
1516 3698 1720 3755 Odonis
1753 3700 2023 3775 laudatur.

477 3793 687 3860 Quanta
720 3807 850 3848 vero
895 3792 1061 3846 fuerit
1101 3791 1273 3845 nostri
1309 3804 1437 3861 erga
1469 3789 1862 3860 professionem
1905 3805 2025 3845 mo-

477 3884 759 3947 nasticam,
786 3897 912 3946 cum
938 3882 1003 3936 ad
1023 3881 1640 3950 pontiﬁcatumzevectus
1661 3878 1783 3945 fuit,
1798 3893 2027 3949 propen-

479 3976 581 4039 sio,
614 3972 681 4026 ex
710 3970 880 4025 variis
900 3968 1022 4039 ejus
1042 3970 1284 4038 epistolis
1302 3969 1489 4037 liquet,
1517 3970 1574 4023 in
1599 3969 1798 4038 quibus
1825 3968 2028 4038 passim

478 4062 867 4119 monachorum
887 4059 1295 4115 sanctimoniam
1322 4058 1504 4113 laudat
1522 4073 1817 4127 eorumque
1841 4057 2027 4127 quieti,

468 4152 741 4205 adversus
776 4149 1047 4219 quoslibet
1072 4148 1153 4203 eis
1192 4146 1433 4203 infensos
1453 4190 1468 4214 ,
1508 4156 1731 4217 paterae
1764 4147 2027 4217 providet.

484 4238 726 4309 Legenda
763 4246 848 4291 est
884 4253 948 4291 ea
984 4238 1050 4291 de
1086 4254 1145 4292 re
1179 4238 1302 4307 ejus
1333 4237 1562 4307 epistola
1598 4236 1685 4301 13,
1725 4236 1819 4290 lib.
1861 4250 1907 4299 ι,
1944 4236 2032 4289 ubi

484 4325 785 4383 Manassem
854 4325 1143 4380 Remorum
1209 4328 1676 4396 archiepiscopum
1741 4325 2033 4379 monachos

486 4418 657 4474 sancti
678 4416 906 4487 Remigii
937 4423 1219 4469 vexantem
1244 4415 1784 4483 comprimit;'plnres
1807 4415 1873 4468 ad
1890 4413 2034 4467 Lan—

2116 664 2300 718 niacos
2336 703 2352 729 ,
2395 677 2517 733 quae
2552 663 2661 717 duo
2709 661 2841 716 vitia
2879 669 3012 716 tunc
3064 660 3324 731 temporis
3379 657 3677 716 Ecclesium

2112 752 2529 823 pessumdahant
2578 752 2632 805 in
2667 749 2955 806 Germania
2981 751 3326 820 potissimum
3357 758 3411 804 et
3443 749 3499 803 in
3533 747 3680 804 Lon-

2112 836 2383 911 gobardia.
2432 841 2471 894 Ii
2512 855 2636 895 cum
2678 838 2970 895 Henricum
3020 839 3417 895 Germanorum
3460 854 3679 910 regem,

2112 930 2397 986 occasione
2436 930 2881 999 investiturarum
2924 930 3039 998 jam
3082 929 3138 982 in
3184 927 3493 1001 pontiﬁcem
3533 927 3682 982 male

2112 1019 2360 1075 allectum
2383 1033 2510 1074 suas
2545 1019 2601 1072 in
2622 1026 2803 1088 partes
2824 1011 3135 1084 traxissent,
3161 1033 3261 1073 nec
3292 1018 3346 1073 id
3378 1016 3519 1072 ferre
3544 1031 3680 1087 pos-

2113 1118 2195 1164 set
2225 1108 2538 1179 Gregorius,
2574 1110 2829 1178 magnum
2858 1109 2912 1162 in
2934 1106 3176 1163 Ecclesia
3198 1107 3462 1164 catholica
3487 1107 3681 1162 incerto

2112 1200 2263 1255 dium
2295 1199 2631 1265 excitarunt;
2662 1186 2787 1254 cum
2825 1199 2916 1253 alii
2948 1198 3209 1269 pontiﬁci,
3253 1197 3346 1252 alii
3382 1196 3494 1268 regi
3522 1195 3678 1251 fave—

2116 1298 2252 1344 rent.
2278 1287 2525 1345 Pontil‘ex
2557 1302 2736 1360 regem
2767 1296 3023 1363 tanquam
3061 1288 3356 1345 multorum
3386 1286 3682 1342 criminum

2114 1394 2288 1445 reum,
2320 1386 2373 1433 et
2397 1376 2837 1447 frustrae‘smpius
2872 1373 2968 1447 per
3002 1376 3213 1432 litteras
3253 1370 3309 1430 et
3344 1376 3551 1448 legatos
3582 1376 3684 1431 ad-

2116 1469 2379 1522 monitum
2409 1466 2813 1532 communione,
2837 1475 2951 1520 tum
2973 1480 3139 1537 regno
3164 1466 3413 1536 privavit.
3439 1465 3570 1533 Quae
3590 1481 3685 1521 res

2114 1560 2250 1613 adeo
2282 1554 2575 1611 Henricum
2601 1555 2828 1626 ejusque
2853 1565 3146 1611 sectatores
3188 1556 3501 1622 commtivit,
3538 1564 3603 1611 ut
3631 1565 3687 1610 et

2116 1648 2231 1717 ipse
2262 1645 2571 1717 pontiﬁcem
2615 1646 2810 1713 esede
2856 1646 3162 1701 disturbare
3209 1654 3439 1701 conatus
3492 1644 3685 1712 fuerit,

2114 1744 2406 1807 procurata
2440 1750 2540 1805 per
2577 1722 2864 1805 episcopos
2905 1735 3009 1791 sibi
3052 1736 3386 1791 adhaerentes
3419 1735 3686 1791 adversus

2116 1824 2433 1895 Gregorium
2455 1823 2695 1879 Guiberti
2726 1820 3053 1879 Ravennatis
3084 1824 3364 1892 electione,
3406 1824 3499 1895 qui
3548 1824 3703 1880 CIe-‘

2114 1915 2309 1969 mentis
2347 1913 2414 1967 III
2447 1928 2643 1968 nomen
2688 1914 2987 1982 usurpavit.
3022 1912 3159 1968 Hinc
3192 1922 3380 1969 natum
3418 1914 3685 1984 gravissi-

2113 2020 2261 2059 mum
2299 2004 2567 2069 schisma;
2598 2012 2653 2058 et
2686 2002 3065 2073 episcoporum
3109 2018 3507 2075 procerumque
3546 2019 3685 2059 con—

2112 2101 2305 2150 ventus
2338 2086 2651 2163 frequentes
2673 2101 2805 2147 tunc
2830 2093 3085 2162 temporis
3122 2090 3291 2150 fuere.

2182 2184 2231 2237 7.
2270 2181 2453 2238 Placet
2474 2183 2695 2237 omnino
2733 2182 2977 2252 Gregorii
3018 2184 3217 2249 cautio,
3244 2197 3409 2253 quam
3449 2184 3506 2238 in
3541 2199 3687 2239 con-

2114 2275 2238 2329 cilio
2272 2272 2518 2328 Romano
2557 2287 2701 2345 anno
2733 2271 2866 2327 1078
2894 2272 3079 2327 habito
3113 2272 3360 2327 adhibuit
3404 2272 3459 2328 in
3501 2273 3690 2328 feren-

2100 2365 2181 2439 da
2212 2361 2788 2419 excommunicatione.
2814 2360 2885 2416 Ut
2907 2362 3050 2416 enim
3080 2362 3469 2432 simpliciorum
3501 2364 3690 2418 homi-

2116 2470 2248 2509 num
2268 2453 2361 2525 qui
2383 2453 2451 2510 ad
2470 2452 2741 2521 ejusmodi
2770 2451 3171 2507 dissensionum
3213 2467 3409 2508 causas
3442 2454 3690 2523 apprime

2115 2543 2500 2600 discernendae
2553 2555 2664 2599 non
2720 2550 2877 2597 erant
2929 2541 3277 2609 sufﬁcientes,
3337 2544 3693 2600 conscientia:

2116 2634 2282 2705 quieti
2318 2633 2644 2703 provideret,
2690 2631 2985 2687 declaravit
3014 2622 3150 2687 tales
3180 2632 3427 2688 homines
3460 2648 3689 2689 excom-

2118 2723 2502 2779 municationis
2532 2721 2751 2777 vinculo
2785 2722 3073 2777 innodatos
3096 2737 3204 2776 non
3234 2736 3384 2788 esse;
3422 2723 3567 2777 sicut
3593 2739 3692 2779 nc-

2118 2828 2223 2883 que
2249 2814 2371 2868 illos
2405 2811 2603 2882 quibus
2643 2825 2743 2882 pro
2776 2810 3109 2883 conditiOne,
3152 2820 3327 2877 etate,
3356 2820 3451 2866 aut
3492 2821 3691 2868 natura

2119 2896 2710 2957 excommunicatorum
2732 2899 3181 2955 consuetudinem
3212 2900 3384 2955 vitare
3407 2916 3516 2956 non
3552 2902 3691 2957 licc-

2120 2992 2229 3047 bat.
2262 2990 2509 3062 Gregorii
2560 2989 2725 3045 verba
2782 2988 3107 3059 proferenda
3148 2980 3277 3046 sunt
3330 3005 3397 3045 ex
3442 2989 3695 3062 Hugonis

2119 3078 2546 3136 Flaviniacensis
2569 3078 2843 3134 Chronico
2869 3077 3191 3134 Virdunensi
3216 3080 3280 3134 ad
3308 3095 3513 3135 annum
3529 3080 3689 3135 1078.

2125 3169 2191 3224 Et
2213 3171 2458 3241 quoniam
2484 3169 2694 3235 multos,
2732 3170 2958 3239 peccatis
2989 3171 3184 3222 nostris
3215 3170 3570 3239 exigentibus,
3597 3188 3697 3240 pro

2122 3276 2283 3315 causa
2319 3260 2869 3313 excommunicationis
2914 3260 3145 3329 quotidie
3192 3260 3361 3329 perire
3406 3262 3693 3323 cernimus.

2120 3340 2318 3419 partim
2346 3346 2667 3419 ignorantia,
2702 3350 2899 3417 partim
2934 3350 3095 3403 etiam
3137 3350 3300 3402 nimia
3328 3350 3694 3420 simplicitate,

2121 3439 2317 3504 partim
2350 3428 2553 3504 timore,
2593 3420 2796 3506 partim’
2833 3440 2993 3491 etiam
3045 3440 3208 3491 nimia
3241 3441 3568 3517 necessitate,
3598 3441 3696 3494 de-

2124 3527 2245 3582 victi
2292 3520 2652 3591 misericordia
2679 3569 2693 3591 ,
2753 3529 3103 3583 anatliematis
3148 3531 3487 3595 sententiam,
3537 3540 3697 3599 prout

2124 3616 2426 3685 possumus,
2452 3616 2534 3667 ad
2564 3623 2763 3684 tempus
2811 3606 3093 3686 opportune
3129 3626 3492 3687 temperamus.
3545 3620 3696 3687 Apo-

2125 3699 2313 3759 stolica
2333 3705 2509 3775 itaque
2545 3696 2859 3759 auctoritate
2882 3706 2945 3759 ab
2959 3706 3305 3781 anathematis
3333 3708 3539 3761 vinculo
3566 3710 3698 3762 sub-

2106 3794 2381 3847 -trahimus
2427 3791 2665 3848 videlicet
2709 3812 2916 3861 uxores,
2958 3796 3168 3863 liberos,
3210 3786 3402 3863 servos,
3443 3799 3694 3863 ancillas,

2126 3899 2215 3935 seu
2245 3885 2530 3952 mancipia,
2564 3879 2653 3947 nec
2675 3901 2779 3969 non
2804 3886 3025 3939 rusticos
3046 3896 3096 3939 et
3125 3888 3417 3953 servientes,
3445 3898 3493 3941 et
3518 3905 3701 3943 omnes

2128 3970 2261 4025 alios
2295 3973 2384 4041 qui
2410 3986 2512 4025 non
2564 3974 2694 4027 adeo
2723 3974 2947 4028 curiales
2994 3983 3133 4039 sunt,
3163 3984 3223 4028 ut
3250 3991 3427 4029 eorum
3474 3979 3701 4032 consilio

2130 4060 2321 4115 scelera
2342 4059 2715 4131 perpetrentur,
2732 4072 2781 4116 et
2805 4062 2927 4117 illos
2953 4064 3042 4134 qui
3073 4065 3375 4134 ignoranter
3394 4082 3699 4121 excommu-

2132 4152 2319 4213 nicatis
2349 4152 2753 4216 Communicant,
2790 4169 2881 4205 seu
2902 4152 3025 4206 illos
3045 4155 3133 4222 qui
3162 4155 3547 4217 communicant
3575 4174 3701 4210 cum

2131 4240 2204 4291 eis
2227 4240 2315 4307 qui
2350 4242 2734 4304 communicant
2762 4232 3242 4295 excommunicatis.
3271 4235 3579 4314 Quicunque
3597 4244 3703 4299 ἰηι-

2135 4337 2234 4381 tem
2270 4337 2469 4395 orator,
2500 4331 2605 4384 sive
2628 4332 2929 4399 peregrinus
2952 4332 3222 4385 autviator
3248 4332 3303 4385 in
3326 4342 3465 4388 terra
3482 4350 3700 4389 excom-

2134 4417 2516 4471 municatorum
2544 4422 2759 4485 venerit,
2788 4422 2879 4473 ubi
2914 4436 3018 4473 non
3050 4423 3216 4490 possit
3237 4438 3421 4488 emere,
3463 4433 3557 4477 aut
3595 4441 3702 4478 non

487 4506 733 4566 franCum
768 4506 981 4574 scripsit
1020 4506 1074 4558 in
1113 4505 1337 4574 gratiam
1380 4503 1771 4557 meuachorum
1809 4501 2029 4571 Angliat.
2064 4520 2109 4575 υ
2135 4506 2283 4559 habet
2328 4508 2463 4561 unde
2500 4516 2657 4572 emat,
2697 4508 2760 4560 ab
2795 4510 3257 4563 excommunicatis
3285 4512 3575 4579 accipiendi
3627 4514 3701 4568 li-

488 4592 1000 4663 Eorum'ple'rosque
1030 4596 1087 4648 in’
1115 4593 1466 4649 cardinalium
1491 4592 1776 4662 collegium
1807 4592 2033 4660 adlegit;

490 4684 667 4740 statim
705 4690 866 4751 atque
894 4680 1130 4749 pontifex
1159 4682 1263 4737 fuit
1298 4684 1669 4747 renuntiatus,
1689 4681 2037 4751 Casinensem

492 4775 735 4829 abbatem
768 4771 872 4828 sibi
899 4772 1103 4826 adesse-
1126 4770 1313 4835 voluit,
1347 4786 1411 4825 ac
1433 4772 1596 4843 morti
1624 4772 1903 4841 proximus
1928 4770 2039 4825 Ilu-

492 4876 682 4933 gonem
714 4862 983 4925 Diensem,
1008 4860 1256 4916 Ottonem
1280 4874 1345 4914 ex
1368 4858 1627 4914 Remensi‘
1643 4862 1904 4915 canonico
1924 4876 2047 4915 mo—,

494 4954 743 5016 nachum,
766 4959 895 5003 tunc
922 4952 1245 5025 cardinalem
1274 4948 1595 5013 Ostiensem,
1620 4963 1684 5001 ac
1704 4947 2039 5003 Desiderium

493 5044 859 5111 Gasincnsem,
893 5040 1040 5094 solos
1069 5048 1130 5092 ut
1152 5040 1255 5093 sibi
1287 5039 1685 5094 substituantur
1718 5038 1910 5108 dignos
1944 5038 2040 5092 de-

496 5132 741 5200 signavit,
778 5145 843 5184 ex
886 5128 1083 5198 quibus
1115 5127 1225 5181 duo
1255 5128 1440 5185 ultimi.
1461 5127 1793 5183 Benedictini
1824 5129 2041 5197 pontiﬁ-

414 5278 417 5279 ν
497 5234 584 5274 ces
620 5218 784 5285 fuere.
808 5218 1068 5287 Denique,
1095 5225 1154 5271 ut
1180 5215 1255 5270 ait
1274 5213 1563 5271 0rdericus
1583 5215 1794 5283 Vitatis,
1812 5218 1952 5273 libro
1967 5235 2039 5285 ιν,

497 5309 629 5361 alios
654 5322 855 5377 quoque
893 5308 1198 5382 monachos,
1222 5314 1375 5376 prout
1407 5307 1543 5358 ratio
1576 5306 1795 5367 ducebat
1833 5290 2041 5373 promo-

499 5399 589 5462 vit,
625 5407 672 5450 et
704 5397 1026 5450 diversarum
1060 5392 1398 5451 ecclesiarum
1443 5397 1619 5450 tutela:
1652 5397 1876 5465 digniter
1911 5414 2045 5465 prce—

502 5488 642 5553 fecit.
1294 5534 1297 5535 ,
1392 5520 1401 5531 χ
1894 5484 1897 5485 ν

568 5575 618 5627 6.
643 5575 989 5651 Auctoritatis
1019 5585 1072 5629 et
1099 5575 1396 5643 disciplima
1429 5578 1810 5630 ecclesiasticae
1846 5577 2045 5630 acerri-

501 5678 622 5716 mus
656 5662 999 5729 vindexfuit‘
1025 5665 1343 5733 Gregorius,
1404 5672 1511 5716 tam
1554 5674 1677 5716 ante
1718 5681 1880 5732 quam
1926 5676 2046 5732 post

500 5754 690 5808 initum
704 5752 1097 5832 pontiﬁcatum.
1131 5753 1389 5822 Fervebat
1408 5753 1749 5833 potissimum
1780 5754 1897 5822 ejus
1930 5763 2043 5807 stu-

2136 4596 2359 4648 centiam
2403 4590 2608 4650 damus.
2638 4596 2705 4651 Et
2734 4600 2781 4650 si
2807 4601 2922 4668 quis
2950 4601 3411 4655 excommunicatis
3436 4596 3540 4655 non
3578 4620 3703 4658 sus-

2137 4688 2418 4741 tentatione
2458 4688 2731 4755 superbiae,
2769 4689 2859 4741 sed
2888 4689 3247 4743 humanitatis
3295 4688 3458 4744 causa
3492 4692 3703 4762 aliquid

2136 4776 2261 4828 dare
2294 4776 2533 4841 voluerit,
2592 4794 2694 4829 non
2743 4778 3089 4845 prohibemus.
3120 4776 3263 4832 Idem
3316 4778 3547 4835 testatur
3570 4779 3705 4836 Ber-

2138 4866 2352 4919 tholdus
2388 4863 2818 4920 Constantiensis
2884 4867 3163 4938 presbyter
3204 4869 3258 4921 in
3310 4867 3585 4926 Chronico
3633 4872 3703 4926 ad

2140 4968 2340 5007 annum
2377 4952 2532 5007 1078.
2577 4952 2701 5009 Haec
2743 4950 2932 5024 prOCul
2980 4956 3146 5011 dubio
3194 4957 3458 5017 didicerat
3496 4959 3705 5031 Grego-

2140 5043 2253 5096 rius
2281 5058 2343 5096 ex
2390 5042 2532 5097 beati
2586 5043 2761 5100 Patris
2797 5044 3068 5099 Benedicti
3103 5047 3308 5115 regula,
3338 5050 3429 5118 qui
3457 5048 3624 5105 seuiel
3650 5057 3708 5105 et

2141 5133 2334 5185 iterum
2365 5140 2528 5199 vetat,
2557 5150 2623 5188 ne
2676 5136 2899 5203 illi,'qui
2934 5143 3134 5203 quanta
3160 5137 3231 5190 sit
3259 5138 3708 5195 excommunicad

2141 5223 2304 5276 tionis
2330 5224 2871 5300 pmna‘ignorant,'ea
2920 5223 3200 5279 feriantur.
3235 5226 3301 5280 Et
3329 5228 3547 5299 quidem
3576 5243 3708 5286 cum

2141 5312 2409 5379 ejusmodi
2428 5326 2684 5366 censurae
2726 5314 2946 5367 nonnisi
3004 5314 3070 5368 ad
3104 5316 3514 5371 aediﬁcationem
3550 5320 3704 5376 adbi-

2144 5401 2339 5459 bendt
2380 5400 2507 5463 sint,
2574 5401 2726 5457 aliter
2773 5400 2999 5470 agendo,
3058 5404 3111 5457 in
3162 5406 3584 5462 destructionem
3606 5420 3709 5466 est

2146 5488 2477 5559 frequentius
2500 5491 2749 5559 usurpari
2781 5492 3059 5561 contingit.
3106 5493 3265 5548 Plura
3288 5494 3587 5551 habentur

2147 5578 2240 5630 riis
2267 5579 2319 5630 in
2355 5580 2753 5648 conciliis,qua3
2775 5580 2917 5633 abeo
2940 5569 3531 5654 pontiﬁce'congregata
3553 5592 3704 5653 sunt,-

2147 5667 2209 5719 ad
2236 5667 2527 5736 disciplina:
2562 5669 2937 5751 ecclesiasticae
2976 5672 3394 5737 restitutionem,
3418 5675 3704 5741 vitiarunt:

2145 5772 2251 5825 que
2283 5758 2719 5826 exstirpationcm
2764 5761 3017 5827 pmclare
3062 5762 3288 5829 sancita,
3320 5779 3441 5833 quae
3492 5763 3706 5821 hicfu-
