3902 6348
196 400 294 456 N5

1130 382 1689 476 .PROLEGOMENA.
1716 454 1786 464 —
1821 427 2000 483 ACTA
2040 430 2094 485 s.
2130 431 2470 490 cnccoau.

3329 452 3429 508 με

191 510 306 626 :iu‘s
334 512 643 572 describere
684 521 799 573 non
842 528 928 575 est
969 532 1141 578 nostri
1190 525 1446 593 instituti,
1470 538 1524 584 et
1551 532 1766 600 quidem
1799 540 1843 593 Α
1871 536 2138 608 Roderici,
2164 558 2274 599 non
2304 553 2630 601 servaretur.
2665 549 2827 619 Typis
2878 551 3093 608 tandem
3119 555 3297 613 editus
3324 570 3426 626 est,

189 599 459 660 habentur
488 608 544 663 in
574 610 817 679 vulgatis
833 612 1190 668 conciliorum
1220 599 1647 676 collectionibus.

254 692 309 748 8.
350 693 496 751 idem
527 697 897 756 reformanda
944 701 1220 770 Ecclesia,
1263 706 1587 779 virtutisque
1638 726 1765 781 pro-

190 785 471 842 movenda
518 788 722 845 ardens
787 792 1051 859 studium,
1111 794 1485 866 plerisque'in
1520 801 1763 870 ejusdem

190 872 331 927 beati
362 878 639 946 pontificis
672 881 918 950 epistolis
942 883 1135 937 elucet.
1170 884 1313 940 Inter
1336 902 1473 957 quas
1521 892 1763 961 complu-

191 978 275 1019 res
305 976 438 1022 sunt
465 969 533 1024 ad
559 971 743 1026 varios
793 973 961 1028 totius
1007 974 1157 1029 orbis
1190 974 1483 1033 Christiani
1527 995 1681 1051 reges
1711 991 1765 1038 et

192 1054 490 1126 principes,
515 1061 718 1129 quibus
748 1062 921 1118 bonos
958 1063 1208 1140 laudibus
1236 1074 1291 1121 ct
1314 1069 1762 1138 gratulationibus

190 1144 254 1198 ad
274 1148 487 1217 majora
519 1167 620 1221 pro
642 1139 897 1208 Ecclesia
926 1155 1157 1209 utilitate
1189 1158 1534 1228 suscipienda
1565 1161 1763 1217 adhor—

188 1243 358 1305 tatur;
409 1242 644 1300 vitiosos
693 1258 822 1299 vero
866 1246 1059 1301 nititur
1101 1247 1264 1303 minis
1286 1257 1341 1302 et
1377 1251 1763 1309 ecclesiasticis

185 1330 437 1387 censuris
478 1332 546 1387 ad
585 1333 867 1389 meliorem
905 1336 1111 1407 frugem
1159 1353 1429 1395 revocare.
1476 1340 1759 1398 Alfonsum

185 1415 433 1475 Castella
457 1435 667 1493 regem,
707 1425 800 1494 qui
854 1426 1040 1481 uxoris
1075 1442 1187 1481 sua
1220 1430 1679 1500 consanguineam
1706 1433 1761 1487 in

184 1507 475 1579 conjugem
502 1523 879 1583 assumpserat
906 1515 976 1574 ab
1027 1516 1337 1574 incestuoso
1370 1520 1643 1575 connubio
1663 1522 1753 1576 der

184 1598 404 1692 terruit;
436 1598 741 1657 Robertum
773 1603 1168 1660 Guischardum
1203 1605 1661 1665 Nortmannorum
1704 1610 1770 1692 in

184 1681 332 1741 Italia
380 1689 720 1761 principem,
770 1691 871 1764 qui
911 1692 1166 1750 Ecclesia
1212 1705 1385 1752 terras
1424 1681 1763 1775 devastabat,

182 1780 573 1836 communione
612 1783 866 1851 privavit,
906 1799 972 1839 ac
1011 1793 1200 1854 postea
1244 1785 1372 1842 facti
1402 1789 1767 1858 poenitentem'

180 1867 417 1923 restituit
442 1873 818 1927 communioni
844 1874 1239 1931 ecclesiastica.
1263 1876 1496 1933 Econtra
1517 1880 1751 1949 optimos
1782 1863 1825 1915 Β

179 1957 456 2029 principes
492 1962 671 2017 modis
714 1965 967 2020 omnibus
992 1965 1191 2035 quibus
1234 1968 1467 2035 valebat,
1500 1970 1603 2024 sibi
1641 1980 1751 2025 sat-

177 2049 369 2118 agebat
401 2050 701 2108 devincire.
743 2052 879 2108 Hinc
900 2056 1074 2110 mitra
1100 2054 1261 2110 usum
1297 2045 1570 2115 Bohemia
1604 2062 1749 2127 duci,

176 2138 243 2190 ab
267 2139 585 2195 Alexandro
612 2140 655 2193 ll
679 2143 791 2212 jam
818 2146 1164 2213 permissum,
1195 2147 1550 2203 confirmavit.
1592 2149 1747 2205 Suci-

178 2242 247 2280 no
268 2226 553 2285 Danorum
576 2233 692 2303 regi
712 2233 919 2289 litteras
943 2250 1051 2290 non
1081 2237 1250 2291 semel
1289 2229 1527 2307 scripsit,
1553 2242 1749 2310 quibus

177 2315 298 2385 ipsi,
332 2318 406 2375 ob
436 2323 923 2391 propensissimam
958 2325 1013 2378 in
1055 2327 1238 2379 sedem
1270 2330 1621 2396 apostolicam
1654 2346 1749 2385 vo-

178 2405 437 2464 luntatem
483 2413 789 2481 gratulatus
849 2421 955 2478 est,
998 2423 1160 2485 atque
1214 2417 1285 2472 ab
1339 2432 1405 2473 eo
1440 2420 1662 2490 expetiit
1690 2430 1749 2474 ut

181 2511 346 2550 unum
368 2512 401 2553 e
426 2500 544 2554 suis
563 2499 689 2555 filiis
717 2502 771 2555 in
795 2499 1002 2573 Italiam
1041 2504 1295 2572 mitteret,
1317 2509 1411 2577 qui
1440 2510 1567 2576 dux,
1596 2512 1745 2579 prin-

184 2600 294 2652 ceps
322 2604 383 2640 ac
425 2589 670 2660 defensor
718 2590 1140 2647 Christianitatis
1191 2604 1352 2651 esset.
1389 2597 1471 2651 Ad
1503 2599 1745 2667 ejusdem

187 2675 323 2745 regis
364 2676 551 2733 Sueini
595 2680 789 2749 filium,
820 2682 932 2751 jam
983 2684 1122 2752 patri
1150 2682 1405 2741 defuncto
1438 2688 1743 2759 suﬂectum,

193 2766 410 2835 scripsit,
448 2778 506 2822 ut
532 2784 659 2824 eum
680 2768 852 2840 patris
883 2774 969 2828 sui
994 2774 1209 2830 virtutis
1233 2778 1491 2833 amulum
1533 2780 1601 2835 ad
1643 2781 1745 2837 Ec-

195 2852 463 2913 clesiarum
494 2860 870 2917 defensionem
894 2864 1164 2921 invitaret.

242 2945 307 3001 .9.
342 2946 528 3020 ingens
558 2953 723 3006 etiam
754 2954 831 3007 illi
860 2953 1190 3015 desiderium
1232 2955 1405 3013 inerat
1425 2969 1615 3016 omnes
1637 2960 1738 3017 Ec-

199 3034 372 3090 clesias
401 3040 453 3092 in
476 3056 640 3094 unam
667 3042 788 3096 ﬁdei
816 3042 1106 3098 concordia
1128 3047 1441 3113 revocandi;
1478 3059 1740 3118 quantum

198 3138 313 3179 vero
351 3127 715 3198 efﬂagitaverit
786 3133 1042 3188 unionem
1091 3132 1344 3192 Ecclesia
1396 3137 1581 3195 Greca
1614 3157 1737 3197 cum

194 3212 438 3282 Romana,
460 3219 671 3276 discere
700 3221 825 3276 licet
843 3237 909 3277 ex
930 3224 1049 3294 ejus
1070 3224 1297 3295 epistola
1320 3228 1530 3284 decima
1552 3240 1741 3286 octava

192 3304 304 3361 libri
333 3322 367 3373 ι,
389 3323 507 3377 qua
532 3319 618 3365 est
648 3310 717 3365 ad
748 3311 1061 3369 Michaelem
1082 3313 1318 3370 Orientis
1363 3318 1741 3387 imperatorem

191 3393 323 3449 data.
361 3396 497 3462 Quin
531 3407 587 3453 et
630 3400 685 3453 in
726 3399 999 3456 Orientem
1037 3404 1303 3471 proficisci
1356 3409 1738 3477 meditabatur,
1798 3414 1814 3423 ’

194 3486 324 3549 quod
346 3484 570 3544 Henrico
600 3488 973 3547 Romanorum
1020 3494 1132 3562 regi
1172 3494 1399 3564 epistola
1429 3498 1497 3551 30
1543 3501 1665 3555 libri
1702 3519 1738 3555 ιι

195 3581 401 3630 testatus
424 3586 524 3644 est,
569 3594 681 3635 non
712 3582 889 3637 solum
924 3590 981 3636 ut
1006 3582 1243 3651 Gracos,
1273 3586 1538 3645 Armenos
1579 3593 1739 3647 alios-

196 3678 288 3729 que
314 3665 591 3725 hareticos
634 3669 889 3726 Ecclesia
919 3674 1317 3742 reconciliaret,
1352 3681 1444 3733 sed
1490 3682 1654 3737 etiam
1682 3694 1740 3737 ut

197 3751 507 3814 Christianos
528 3760 784 3829 eriperet,
818 3760 917 3831 qui
937 3762 1039 3816 sub
1062 3761 1458 3823 Saracenorum
1482 3773 1739 3828 servitute

200 3845 476 3910 gemebant.
1142 3926 1147 3933 ν

263 3933 338 3989 l0.
374 3935 571 3993 Omnes
600 3939 674 3994 ita
712 3939 970 3998 Romana
1001 3942 1259 4001 Ecclesia
1297 3953 1734 4009 communionem

204 4024 381 4079 ambire
402 4029 630 4095 volebat,
663 4033 904 4085 utetiam
928 4032 1132 4089 rituum
1152 4034 1568 4106 discrepantiam
1595 4058 1735 4114 agre

206 4109 370 4180 ferret;
393 4116 516 4172 hinc
559 4126 843 4189 tantopere
868 4120 1168 4190 desudavit,
1207 4133 1270 4180 ut
1294 4126 1459 4183 ritum
1492 4109 1735 4205 llozara-

207 4198 378 4270 bicum,
400 4221 505 4276 quo
538 4224 569 4263 a
602 4209 975 4280 compluribus
995 4214 1209 4270 saculis
1223 4198 1604 4286 Hispaniarum
1634 4224 1737 4279 Ec—

207 4290 358 4348 clesia
406 4300 715 4367 utebantur,
761 4295 1279 4371 penitus'auferret.
1314 4305 1539 4363 Exstant
1578 4327 1641 4367 ea
1666 4315 1733 4369 de

208 4382 380 4451 reejus
428 4388 669 4465 epistola
710 4390 781 4445 65
808 4398 863 4446 et
891 4390 960 4445 64
984 4391 1151 4448 libri:
1185 4394 1253 4449 ad
1300 4394 1583 4454 Alfonsum
1628 4401 1731 4457 Ca-

1864 627 2087 696 jubente
2121 627 2396 691 cardinale
2428 634 2699 705 Ximenio,
2730 640 2823 709 qui
2867 641 2923 697 in
2968 644 3172 714 capella
3196 639 3429 716 quadam

1864 716 2123 777 Ecclesia
2147 722 2440 795 Toletana,
2476 728 2863 800 nonnullisque
2897 732 2954 787 in
2998 735 3243 792 ecclesiis
3269 752 3431 807 paro-

1862 807 2129 868 chialibus
2177 810 2443 886 hodieque
2484 815 2761 873 observari
2790 820 3004 876 dicitur.
3032 822 3300 881 Caterum
3336 841 3429 883 eo—

1862 900 1982 954 dem
2008 901 2270 973 flagrabat
2292 907 2561 963 desiderio
2586 908 2875 980 Gregorius
2899 927 3025 968 cum
3055 912 3115 968 F.
3152 902 3427 973 Sueonum

1863 992 1972 1062 regi
2000 995 2302 1065 gratulatus
2330 1005 2434 1063 est,
2477 998 2643 1067 quod'
2663 998 2968 1057 Gallicanos
2988 1004 3255 1073 quosdam
3279 1007 3425 1060 verbi

1863 1085 1954 1140 Dei
1972 1086 2330 1142 administros
2354 1088 2701 1158 suscepisset,
2724 1104 2753 1143 a
2787 1091 2986 1161 quibus
3007 1094 3144 1147 ritus
3172 1092 3429 1157 Romana

1861 1175 2114 1232 Ecclesia
2135 1186 2441 1248 acceperat;
2479 1178 2658 1247 ipsum
2694 1194 2825 1235 vero
2852 1176 3157 1253 interpellat
3197 1184 3427 1253 epistola

1862 1268 1919 1321 ll
1955 1268 2047 1323 lib.
2082 1285 2198 1335 vni,
2229 1277 2289 1323 ut
2318 1269 2608 1323 nonnullos
2631 1283 2661 1323 e
2683 1270 2797 1324 suis
2824 1272 3053 1328 clericos
3093 1282 3187 1328 aut
3210 1273 3425 1343 episco-

1859 1374 1957 1426 pos
1988 1357 2215 1413 Romam
2252 1359 2451 1425 mittat,
2480 1358 2594 1429 qui,
2627 1359 2740 1414 sedi
2772 1363 3083 1429 apostolica
3117 1364 3285 1435 gentis
3309 1378 3423 1415 mo-

1858 1451 2002 1502 ribus
2028 1456 2083 1504 et
2106 1457 2258 1504 terra
2279 1447 2673 1502 habitudinibui
2694 1450 2981 1519 expositis‘,
3016 1452 3139 1506 inde
3172 1452 3423 1507 mandata

1856 1539 1912 1591 in
1938 1538 2171 1607 patriam
2198 1538 2485 1603 referrent,
2540 1537 2697 1607 queis
2724 1546 2835 1593 tota
2889 1555 3019 1609 gens
3064 1541 3420 1597 imbueretur.

1857 1627 1935 1680 Ad
1963 1628 2101 1681 idem
2125 1629 2355 1697 pertinet
2374 1628 2600 1697 epistola
2630 1627 2694 1680 15
2717 1628 2840 1682 libri
2861 1645 2977 1696 vni,
3008 1630 3063 1684 in
3098 1647 3206 1700 qua
3228 1630 3423 1688 Olaum

1859 1713 2131 1786 Norvegia
2158 1732 2335 1788 regem
2373 1726 2557 1771 monet
2582 1716 2747 1786 (quod
2773 1732 2831 1772 se
2856 1717 2967 1787 jam
3006 1718 3282 1775 Danorum
3308 1722 3420 1793 regi

1847 1805 2139 1875 scripsisse
2167 1806 2319 1877 dicit)
2342 1816 2400 1861 ut
2417 1807 2481 1861 de
2494 1806 2803 1875 junioribus
2824 1816 2877 1861 et
2890 1808 3247 1865 nobilioribus
3267 1814 3419 1881 regni

1852 1894 1936 1949 sui
1957 1895 2164 1964 aliquot
2192 1896 2257 1950 ad
2295 1895 2473 1950 aulam
2507 1894 2804 1949 Romanam
2840 1897 3038 1964 mittat,
3073 1900 3167 1967 qui
3191 1900 3293 1955 sub
3315 1900 3419 1955 alis

1850 1984 2201 2053 apostolorum
2230 1984 2380 2040 Petri
2401 1994 2451 2040 et
2470 1983 2634 2037 Pauli
2656 1984 2873 2051 eruditi,
2900 1994 3084 2055 postea
3106 1988 3161 2041 in
3184 1989 3418 2057 patriam

1850 2075 2092 2141 reduces,
2117 2084 2284 2131 totam
2306 2074 2583 2145 regionem
2613 2073 2669 2128 in
2703 2072 2963 2129 Romana
2995 2074 3248 2131 Ecclesia
3282 2093 3419 2133 con-

1848 2164 2226 2231 suetudinibus
2248 2163 2464 2219 erudire
2504 2172 2745 2231 possent.
2776 2162 3043 2219 Nonnulla
3086 2166 3153 2220 ab
3182 2181 3248 2220 eo
3268 2167 3414 2222 circa

1848 2254 1984 2309 ritus
2012 2253 2409 2309 ecclesiasticos
2439 2254 2684 2308 instituta
2709 2253 2874 2308 refert
2900 2260 3091 2309 auctor
3116 2256 3416 2327 Micrologi,

1846 2359 1966 2413 qua
1996 2359 2027 2398 a
2061 2342 2295 2398 Baronio
2325 2344 2616 2402 laudantur
2645 2343 2712 2398 ad
2743 2359 2946 2399 annum
2986 2344 3137 2400 l085.
3232 2428 3236 2433 ‘

1915 2434 2001 2488 ll.
2042 2433 2425 2505 Berengarium
2472 2433 2785 2489 hareticum
2832 2442 2957 2504 post
3011 2435 3234 2491 iteratas
3279 2451 3416 2491 con-

1843 2524 2213 2579 demnationes
2258 2524 2454 2593 sapius
2494 2523 2561 2577 ad
2600 2524 2862 2578 vomitum
2909 2525 3217 2580 redeuntem
3259 2540 3412 2580 com-

1843 2614 2038 2683 pressit
2057 2614 2501 2683 vigilantissimus
2528 2612 2792 2682 pontifex,
2815 2622 2869 2667 et
2895 2628 3055 2681 quem
3079 2630 3224 2668 anno
3250 2614 3410 2681 1055,

1842 2702 1945 2757 sub
1968 2694 2184 2758 Victore
2210 2703 2251 2757 ll
2275 2712 2404 2758 tunc
2442 2702 2585 2759 sedis
2620 2702 2929 2773 apostolica
2952 2704 3157 2773 legatus
3189 2704 3246 2760 in
3285 2720 3413 2759 con-
3450 2736 3453 2737 ν

1842 2792 1967 2847 cilio
2002 2790 2329 2860 Turonensi,
2371 2794 2438 2849 ad
2472 2793 2789 2861 ejurandam
2825 2809 2980 2847 suam
3022 2794 3270 2849 haresim
3295 2795 3409 2865 jam

1842 2883 2195 2951 compulerat,
2224 2883 2463 2953 pontifex
2492 2883 2668 2937 factus
2698 2884 2947 2938 eumdem
2975 2883 3201 2939 Romam
3229 2901 3411 2940 accer-
3439 2893 3457 2902 ‘

1840 2973 2003 3026 situm
2039 2974 2205 3027 semel
2254 2982 2309 3027 et
2353 2974 2549 3027 iterum
2600 2974 2655 3027 in
2706 2974 2919 3027 duobus
2968 2976 3233 3040 conciliis,
3288 2983 3413 3043 post

1838 3060 2012 3117 editas
2051 3062 2187 3117 duas
2237 3063 2360 3117 fidei
2410 3059 2781 3117 confessiones
2842 3061 3095 3117 Ecclesia
3150 3064 3405 3119 restituit.

1844 3150 2039 3208 Sedde
2083 3153 2186 3211 hac
2212 3168 2268 3207 re
2294 3162 2474 3207 actum
2516 3160 2601 3207 est
2649 3152 2703 3205 in
2738 3150 3051 3221 praefatione
3094 3154 3218 3207 huic
3260 3162 3407 3207 tonio

1844 3242 2082 3311 prafixa.
2196 3296 2199 3299 η

1913 3331 1997 3383 12.
2038 3334 2107 3385 At
2148 3316 2524 3407 hic‘omittere
2566 3347 2675 3386 non
2716 3332 2860 3399 licet,
2894 3348 3162 3388 summam
3196 3332 3314 3401 ejus
3348 3330 3408 3387 in

1840 3421 2171 3477 sacrosancti
2209 3422 2555 3477 eucharistia
2599 3423 2925 3479 sacramenti
2970 3421 3406 3491 frequentatione

1839 3499 2198 3578 devotionem,
2249 3527 2313 3567 ac
2364 3512 2618 3583 pietatem
2649 3512 2705 3565 in
2734 3512 3101 3566 beatissimam
3140 3512 3403 3582 virginem

1838 3597 2085 3666 Mariam,
2117 3617 2239 3675 qua
2270 3600 2690 3671 duo‘tanquam
2723 3601 3033 3657 firmissima
3078 3604 3131 3657 in
3177 3603 3405 3660 humani

1838 3686 2049 3758 generis
2104 3692 2312 3748 hostem
2354 3676 2786 3763 propugnacula,
2828 3692 3068 3747 Mathildi
3112 3694 3405 3750 comitissa

1838 3778 1912 3832 ita
1936 3782 2354 3847 commendavit,
2388 3790 2448 3834 ut
2470 3770 2632 3853 εἶιῃυί
2654 3798 2717 3836 ea
2744 3799 2868 3837 cum
2894 3784 3100 3851 peccati
3131 3784 3276 3849 odio,
3302 3784 3418 3863 hu-_

1837 3868 2056 3937 milique
2095 3871 2273 3925 cordis
2297 3871 2627 3935 contritione
2667 3873 2955 3941 conjuncta
2998 3887 3120 3927 esse
3148 3873 3400 3928 voluerit.
3430 3944 3436 3951 _

1835 3958 2081 4029 Legenda
2112 3971 2196 4015 est
2224 3976 2287 4016 ea
2313 3962 2379 4016 de
2399 3957 2461 4015 i'e
2500 3962 2620 4031 ejus
2651 3963 2882 4031 epistola
2927 3962 2995 4016 47
3037 3963 3160 4017 libri
3215 3964 3399 4032 primi.

1835 4048 1982 4103 Inter
2008 4060 2217 4119 caetera,
2242 4052 2437 4122 inquit,
2462 4068 2576 4122 quae
2599 4053 2692 4105 tibi
2717 4063 2897 4108 contra
2934 4055 3217 4122 principem
3249 4068 3401 4106 mun-

1833 4141 1889 4193 di
1913 4158 2080 4207 arma,
2113 4140 2220 4195 Deo
2251 4143 2473 4211 favente,
2512 4142 2730 4208 contuli,
2756 4143 2892 4210 quod
2933 4144 3261 4209 potissimum
3298 4150 3397 4208 est,

1832 4240 1890 4283 ut
1914 4247 2100 4299 corpus
2118 4232 2450 4285 Dominicum
2482 4231 2772 4300 frequenter
2794 4222 3049 4309 acciperes
3078 4231 3327 4297 indicari,
3347 4239 3401 4287 cl

1832 4329 1887 4371 ut
1916 4329 2071 4374 certa:
2092 4322 2301 4389 fiducia:
2325 4321 2514 4375 Matri:
2551 4320 2764 4374 Domini
2800 4331 2847 4374 te
2879 4322 3089 4401 omnino
3109 4323 3421 4378 committe»

1832 4427 1909 4463 res
1930 4411 2169 4479 pracepi.
2202 4410 2339 4465 Tum
2372 4410 2579 4481 profert
2591 4411 2809 4472 fselecta
2835 4428 2899 4467 ex
2932 4414 3133 4467 sanctis
3162 4412 3397 4471 Ambro-

209 4470 367 4540 αευῆ
393 4484 443 4555 ξι
468 4477 723 4535 Sancium
760 4480 1075 4552 Αιτθεοῐιίω
1114 4499 1286 4555 reges.
1342 4485 1600 4545 Miraclﬂo
1633 4493 1735 4549 hac
1768 4504 1808 4556 D
1836 4470 1941 4565 sio,
1969 4470 2247 4571 Gregorio,
2302 4511 2356 4556 et
2374 4470 2607 4557 .Joannev
2642 4503 3027 4572 Chrysostomo
3067 4504 3396 4569 testimonia,

209 4565 458 4624 occasione
476 4567 873 4636 Mozarahicum
907 4573 1071 4628 ritum
1089 4575 1350 4648 divinitus
1375 4582 1729 4651 approbatum

212 4646 357 4744 fuisse
374 4657 749 4744 aiunttvulgati
777 4669 1029 4718 auctores
1067 4646 1367 4733 Hispanici,
1400 4646 1473 4725 ita
1514 4680 1573 4726 ut
1605 4690 1729 4744 pro-

208 4736 331 4833 iacto
351 4743 400 4799 in
422 4739 590 4818 ignem
617 4751 759 4805 libro
796 4750 1137 4807 Mozarabico
1169 4755 1331 4810 simul
1364 4772 1488 4813 cum
1529 4736 1727 4833 ει),ᾳυὶ

213 4826 352 4886 filum
394 4833 686 4895 Romanum
740 4841 1224 4911 complectebatur,
1271 4846 1473 4912 istoin
1521 4826 1729 4911 favillas

214 4920 368 4978 statim
386 4927 608 4997 redacto,
646 4932 1023 5002 prior;illasus
1045 4943 1289 4992 servatus
1328 4937 1508 4994 fuerit.
1544 4940 1613 4995 At
1636 4950 1727 5000 ne-

214 5019 298 5102 go
325 5010 415 5070 hoc
455 5021 667 5093 scripsit
723 5005 848 5102 amb
876 5020 1239 5095 [Rodericum‘
1260 5030 1727 5102 archiepiscOpum

216 5092 509 5191 “laeuum,
528 5092 589 5167 ut
625 5092 881 5173 observbt
915 5112 1193 5184 piissimus
1218 5092 1521 5185 cardinalis
1558 5092 1725 5191 Bona,

216 5188 300 5257 qui
334 5189 605 5257 Rodericus
638 5202 788 5259 circa
831 5204 1017 5261 saculi
1060 5205 1255 5271 decimi
1296 5212 1444 5266 tertii
1488 5188 1723 5270 medium

436 5284 534 5346 Nec
556 5293 853 5361 verisimile
888 5303 977 5351 est
1007 5295 1171 5351 ritum
1194 5298 1340 5357 hunc
1375 5301 1445 5358 ab
1472 5302 1725 5374 Hispanis

220 5360 365 5463 (ιβιδ
694 5396 765 5438 eo
978 5393 1220 5457 tempore
1253 5404 1363 5459 quo
1395 5400 1508 5448 tam
1540 5360 1725 5463 aperto

463 5468 526 5526 ab
542 5471 663 5541 ipso
692 5469 802 5545 Deo
824 5451 1206 5545 comprobatus
1228 5451 1439 5551 fuisset.
1466 5451 1725 5548 Quamvis

224 5545 402 5637 {ulla
424 5554 473 5613 ni
492 5558 871 5632 Hispaniarum
899 5562 1158 5637 Ecclesiis
1180 5568 1298 5637 ejus
1334 5545 1467 5629 usus
1491 5545 1725 5633 abolitus

226 5625 457 5703 ΐιαὶινιιι
492 5648 543 5705 in
585 5625 858 5729 plerisque
909 5625 1274 5725 monasteriis,
1329 5660 1439 5715 imo
1477 5663 1638 5717 etiam
1669 5666 1723 5720 in

228 5728 460 5813 ιηαιιὶεὶι
505 5742 747 5809 ecclesiis
795 5743 1214 5819 cathedralibus,
1264 5750 1441 5808 adhuc
1487 5761 1725 5824 tempore

1830 4591 2028 4660 quibus
2068 4592 2143 4645 illi
2184 4593 2516 4670 sanctissimi
2557 4592 2656 4645 viri
2682 4592 2748 4645 ad
2783 4591 3173 4661 frequentanda
3208 4602 3396 4655 sacra-

1831 4691 2033 4747 menta,
2071 4682 2153 4736 sui
2180 4682 2280 4737 avi
2321 4682 2503 4736 fideles
2539 4682 2867 4750 invitabant;
2923 4684 3134 4740 tandem
3180 4687 3395 4742 laudata

1831 4772 2156 4826 beatissima
2187 4770 2422 4840 Virginis
2470 4786 2597 4841 erga
2637 4783 2930 4842 peccatores
2966 4791 3231 4829 conversos
3280 4777 3393 4831 cle-

1829 4861 2046 4925 ruentia,
2083 4861 2163 4915 sic
2201 4862 2474 4917 concludit
2507 4882 2519 4917 :
2546 4862 2692 4919 Pone
2724 4866 2901 4935 itaque
2931 4866 3086 4932 ﬁnem
3113 4867 3167 4917 in
3210 4864 3395 4921 volun-

1762 5002 1765 5003 ν
1829 4958 1933 5004 tate
1952 4951 2225 5030 peccandi,
2249 4962 2300 5007 et
2327 4963 2599 5022 prostrata
2635 4970 2812 5007 coram
2841 4954 2959 5019 illa,
2993 4970 3058 5007 ea:
3087 4957 3238 5009 corde
3263 4973 3391 5011 con-
3428 5034 3434 5039 Χ

1829 5042 1953 5094 trito
1977 5050 2027 5095 et
2062 5042 2354 5098 humiliato.
2391 5046 2652 5112 lacrumas
2694 5043 2933 5112 e/j‘undc,
2976 5048 3201 5105 invenies
3237 5049 3389 5104 illam

1826 5132 2184 5187 indubitanter
2204 5135 2594 5203 proniptiorem,
2622 5142 2736 5191 etc.
2786 5180 2799 5182 κ
3336 5144 3341 5149 ’

1896 5220 1981 5274 i3.
2022 5220 2341 5291 Gregorium
2371 5223 2537 5279 etiam
2563 5234 2689 5280 ante
2718 5233 2948 5279 mortem
2980 5227 3256 5284 miraculis
3275 5228 3388 5285 cla—

1826 5309 2002 5365 ruisse
2022 5310 2201 5365 innuit
2220 5310 2546 5371 Lambertus
2566 5314 3055 5383 Scafnaburgensis
3084 5317 3387 5375 monachus

1826 5401 1893 5455 ad
1922 5415 2125 5455 annum
2156 5402 2312 5469 l077,
2340 5404 2431 5458 ubi
2466 5404 2542 5457 ait
2566 5404 2719 5474 signa
2748 5411 2801 5458 et
2831 5406 3101 5474 prodigia,
3127 5420 3247 5473 qua
3288 5422 3387 5476 per

1824 5491 1943 5561 ejus
1964 5491 2237 5548 orationes
2260 5492 2597 5561 frequentius
2634 5493 2852 5560 fiebant,
2886 5494 3045 5547 simul
3098 5509 3221 5547 cum
3266 5497 3380 5551 zelo

1827 5568 2383 5649 ferventissimo,,quo
2410 5597 2519 5649 pro
2547 5582 2656 5639 Deo
2685 5593 2739 5637 et
2764 5582 3139 5637 ecclesiasticis
3172 5583 3380 5653 legibus

1826 5669 2172 5736 exastuabat,
2196 5670 2513 5725 sufﬁcientia
2551 5673 2720 5728 fuisse
2763 5671 2827 5723 ad
2869 5672 3228 5739 explodendas
3261 5675 3379 5745 ejus

1828 5759 2167 5815 inimicorum
2196 5770 2508 5833 _veuenatas
2547 5760 2921 5818 detractiones.
2958 5760 3101 5817 Obiit
3145 5760 3385 5828 Salerni,
