3902 6426
519 533 613 591 H7

1718 521 1771 575 S.
1813 521 2205 577 GllEGOle-S
2241 521 2323 574 Vl!
2365 521 2557 575 PAPA.

3639 520 3738 576 “8

513 645 643 698 quo,
669 637 726 681 ut
759 627 975 685 Ilenrict
1018 632 1241 700 insidias
1271 625 1514 697 evitaret,
1552 633 1888 702 confugerat.
1920 633 2073 687 Nulla
2105 640 2144 693 Α
2175 634 2415 702 gularem
2457 648 2555 701 pro
2587 633 2705 700 ejus
2746 630 3057 686 defensnonc
3096 631 3292 686 librum
3336 630 3500 684 edidit
3553 639 3735 684 conisa

513 726 595 770 cst
615 717 757 773 circa
783 719 902 787 ejus
942 722 1134 775 mortis
1159 730 1368 791 tempus
1394 722 1666 776 dissensio
1697 724 1837 791 apud
1881 733 2072 778 aucto-

515 822 602 861 res
626 808 893 878 vulgatos,
945 811 1039 878 qui
1074 826 1262 866 omnes
1301 811 1539 866 fatentur
1567 827 1691 865 eum
1737 828 1881 866 anno
1918 813 2073 878 1083,

515 896 603 950 die
622 898 692 952 25
717 897 860 965 Maii,
881 915 912 953 e
935 900 1070 955 vivis
1093 902 1408 958 excessisse.
1426 901 1624 956 Ibidem
1649 903 1890 971 sepultus
1919 914 2002 958 cst
2023 905 2078 959 in

513 987 743 1042 ecclesia
779 991 1210 1058 metropolitana.
1257 994 1326 1046 At
1356 991 1615 1046 memoria
1658 993 1842 1062 lapsus
1865 1004 1948 1049 est
1978 993 2078 1048 0r-

515 1075 730 1132 derieus
767 1077 956 1134 Vitalis
987 1081 1078 1135 lib.
1115 1099 1230 1146 vni,
1275 1082 1366 1136 ubi
1396 1083 1583 1136 scribit
1623 1083 1938 1153 Gregorium
1980 1086 2080 1141 Be-

515 1168 729 1220 neventi
763 1169 1064 1225 excessisse
1096 1186 1126 1224 e
1155 1172 1312 1235 vivis,
1365 1172 1545 1241 ibique
1589 1172 1763 1226 fuisse
1809 1177 2079 1242 sepultum

513 1253 571 1308 in
598 1257 920 1326 confessione
950 1260 1088 1313 beati
1113 1260 1488 1315 Bartliolomwi
1529 1262 1768 1330 apostoli.
1806 1262 2084 1319 Miraculo-

515 1358 638 1398 rum
665 1347 876 1416 copiam
899 1350 964 1404 ad
1006 1350 1245 1417 ejusdem
1290 1353 1560 1419 pontificis
1584 1354 1851 1406 tumulum
1883 1353 2080 1408 factam

516 1431 688 1490 fuisse
737 1447 969 1492 testatur
1017 1441 1156 1496 idem
1211 1451 1420 1496 auctor.
1481 1442 1602 1510 Ubi,
1635 1444 1828 1512 inquit,
1880 1447 2082 1498 meritis
2122 1439 2125 1442 ’

514 1522 628 1592 ejus
655 1526 777 1593 fidei
803 1532 1083 1595 petentium
1122 1533 1495 1586 miraculorum
1541 1535 1692 1602 copia
1727 1534 1978 1587 divinitus
2001 1553 2084 1588 os-

519 1621 667 1666 tensa
710 1626 804 1670 est.
846 1614 981 1673 Tum
1027 1622 1304 1692 subjungit
1361 1643 1372 1676 :
1426 1623 1566 1676 Nam
1612 1625 1803 1692 leprosi
1851 1625 1914 1678 de
1947 1643 2082 1700 aqua

518 1705 655 1757 unde
679 1723 862 1776 corpus
889 1711 1002 1778 ejus
1047 1713 1282 1765 ablutum
1309 1715 1479 1782 fuerat
1506 1716 1782 1781 petierunt.
1819 1714 1934 1779 Qua
1957 1733 2082 1768 con-

518 1804 697 1848 secuta
737 1797 975 1864 ﬁdeliter
991 1801 1088 1854 loti
1124 1812 1264 1869 sunt,
1303 1814 1351 1857 et
1398 1804 1687 1872 opitulante
1717 1804 1824 1857 Deo
1847 1807 2083 1874 protinus

519 1885 758 1939 tumulati
793 1899 933 1942 sunt.
983 1890 1194 1947 Laudes
1246 1893 1365 1962 ejus
1407 1906 1656 1949 auctores
1707 1895 1966 1964 plerique,
2002 1911 2084 1948 re-

2176 723 2492 777 Guibertum
2515 724 2844 794 antipapam.
2881 723 3120 777 Caeteros
3150 722 3362 787 omitto,
3393 736 3626 790 quorum
3657 722 3738 774 \‘cl

2177 813 2397 866 nomina
2451 813 2791 867 solummodo
2859 827 3142 866 recensere
3211 811 3282 866 ob
3338 811 3737 866 multitudinem

2178 903 2334 957 facile
2356 919 2465 956 nou
2487 914 2648 958 esset.
2675 903 2807 956 Eum
2833 904 3177 972 confessorem
3199 912 3248 955 et
3261 912 3543 970 martyrem
3569 901 3737 957 obiis-

2179 1010 2236 1049 se
2260 994 2390 1048 dicit
2412 993 2565 1063 llugo
2607 993 3030 1048 Flaviniaeensis
3065 994 3120 1047 in
3145 990 3438 1058 Chronico,
3467 993 3558 1047 ubi
3589 993 3741 1062 plura

2179 1085 2244 1138 de
2269 1085 2386 1152 ejus
2417 1083 2581 1153 gestis
2614 1093 2667 1137 et
2687 1085 2836 1137 obitu
2869 1083 3197 1138 referuntur.

2251 1176 2335 1228 14.
2378 1175 2621 1242 Gregorii
2651 1183 2830 1228 tamen
2874 1175 3071 1229 festum
3103 1184 3227 1228 ante
3253 1173 3436 1228 Steculi
3467 1172 3630 1241 hujus
3652 1171 3747 1226 ini-

2182 1265 2314 1318 tium
2348 1263 2559 1332 publico
2602 1265 2766 1331 cultu,
2781 1265 3107 1319 celebratum
3146 1279 3414 1333 nusquam
3452 1263 3573 1326 fuit,
3603 1261 3749 1330 quod

2183 1355 2413 1423 primum
2438 1355 2548 1408 fieri
2574 1355 2816 1424 permisit
2836 1354 3035 1410 Paulus
3067 1353 3109 1406 ν
3133 1370 3382 1410 summus
3399 1353 3666 1423 pontifex,
3692 1362 3750 1404 ut

2182 1459 2245 1497 ex
2279 1445 2399 1514 ejus
2422 1445 2563 1498 bulla
2590 1453 2752 1513 patet,
2782 1445 2906 1498 data
2929 1453 3074 1499 anno
3100 1445 3254 1508 1609,
3283 1459 3449 1513 quam
3477 1443 3747 1512 integram

2184 1536 2348 1589 refert
2372 1535 2776 1604 Papebrocbius
2816 1535 2868 1589 in
2915 1536 3211 1604 praemissis
3233 1536 3298 1589 ad
3331 1535 3572 1603 tjusdem
3609 1533 3751 1586 beati

2185 1626 2283 1679 viri
2320 1624 2492 1678 Vitam
2525 1626 2864 1696 paragrapho
2893 1626 2955 1690 2,
2985 1626 3076 1680 ubi
3103 1635 3156 1680 et
3180 1625 3339 1679 habet
3361 1625 3567 1679 litteras
3589 1622 3753 1676 Joan-

2185 1717 2269 1769 nis
2313 1714 2547 1768 Beltram
2589 1716 2654 1770 dc
2696 1715 2941 1770 Gucrara
2979 1715 3367 1784 archiepiscopi
3395 1713 3750 1773 Salernitani.

2183 1805 2275 1874 qui
2312 1804 2553 1873 ejusdem
2579 1805 2716 1859 beati
2751 1806 3018 1874 pontificis
3037 1805 3269 1859 cilicium
3295 1803 3522 1858 solemni
3556 1803 3663 1856 ritu
3697 1799 3752 1855 in

2189 1905 2296 1948 tota
2333 1910 2431 1949 sua
2461 1893 2681 1948 dioecesi
2725 1895 2939 1948 recitari
2977 1895 3247 1964 praecepit.
3283 1892 3526 1963 Gregorii
3570 1900 3756 1945 tamen

518 1975 788 2031 centiores
834 1979 993 2032 simul
1046 1991 1099 2036 et
1160 1984 1388 2053 antiqui,
1442 1984 1618 2038 fusius
1661 1997 2081 2054 prosequuntur.
2119 1963 2160 2016 Β
2188 1984 2444 2039 memoria
2476 1983 2589 2051 jam
2625 1994 2780 2056 antea
2809 1985 2861 2037 in
2886 1984 3265 2054 Martyrologio
3294 1983 3540 2037 Romano
3563 1983 3756 2035 consi-

523 2061 811 2120 Gretscrus
864 2069 916 2122 in
972 2071 1090 2140 ejus
1134 2075 1378 2144 apologia
1431 2075 1820 2143 quinquaginta
1865 2077 2087 2129 omnino

517 2166 765 2210 recenset
785 2158 906 2227 ejus
941 2161 1270 2219 laudatores.
1309 2163 1501 2218 Petrus
1542 2163 1784 2217 Damiani
1813 2180 1936 2218 cum
1964 2183 2084 2218 san—

520 2243 742 2296 ctissimi
784 2265 844 2299 ac
873 2252 1145 2316 purissimi
1176 2254 1383 2306 consilii
1427 2255 1595 2306 cirum
1647 2255 1895 2322 appellat.
1945 2254 2066 2308 Desi

520 2332 705 2388 derius
730 2337 899 2392 abbas
921 2338 1255 2406 Casinensis,
1295 2345 1385 2411 qui
1417 2345 1463 2396 ei
1497 2345 1598 2396 sub
1641 2344 1872 2398 Victoris
1897 2343 1959 2395 Ill
1985 2360 2081 2397 no-

525 2421 671 2476 mine
706 2428 988 2494 successit,
1040 2431 1178 2484 libro
1238 2433 1395 2486 tertio
1452 2431 1793 2500 Dialogorum
1839 2433 2086 2486 eumdem

524 2508 726 2572 Christi
756 2513 1047 2571 Ecclesium
1079 2521 1241 2573 verbis
1256 2522 1415 2573 simul
1448 2532 1495 2573 ct
1521 2522 1770 2590 exemplis
1797 2522 2088 2575 illustrasse

519 2602 726 2656 scribit.
761 2603 992 2662 Sanctus
1026 2609 1314 2666 Anselmus
1353 2611 1612 2666 Lucensis
1663 2612 1951 2680 cpiscopus
1977 2615 2088 2666 sin-

2189 2084 2349 2144 gnala
2387 2073 2584 2136 fuerat,
2630 2089 2774 2128 anno
2808 2074 3010 2128 scilicet
3043 2075 3202 2138 1584,
3233 2089 3344 2142 quo
3371 2071 3615 2143 Gregorii
3659 2061 3758 2124 de;

2187 2165 2312 2218 cimi
2338 2165 2480 2218 tertii
2542 2165 2862 2219 auctoritate
2911 2166 3038 2218 illud
3077 2165 3253 2218 fuerat
3286 2163 3654 2219 emendatum.
3702 2162 3757 2214 In

2188 2270 2324 2309 nova
2349 2254 2591 2323 ejusdem
2624 2255 2858 2309 editione
2886 2271 2914 2307 ει
2957 2255 3188 2309 liaronio
3233 2262 3521 2322 procurata
3567 2263 3759 2306 aucto-

2190 2345 2346 2398 ritate
2387 2343 2522 2396 Sixti
2568 2342 2629 2406 ν,
2666 2343 2804 2396 idem
2855 2345 3042 2397 beatus
3083 2343 3322 2413 pontifex
3374 2343 3626 2396 laudatur
3673 2343 3759 2396 liis

2190 2434 2367 2487 verbis
2395 2433 2480 2486 die
2511 2433 2580 2486 9.5
2603 2432 2724 2486 Maii
2758 2452 2768 2485 :
2801 2431 3009 2486 Salerni
3048 2433 3304 2500 depositio
3341 2434 3478 2484 beati
3511 2430 3757 2500 Gregorii

2189 2539 2337 2590 papa:
2368 2523 2594 2590 septimi,
2639 2523 3008 2576 ecclesiastica:
3053 2523 3313 2576 libertatis
3349 2522 3758 2592 propugnatoris

2189 2629 2249 2664 ac
2277 2613 2563 2680 defensoris
2601 2613 2767 2664 m'crri
2774 2615 2862 2664 mi.
3661 2593 3688 2608 ί

541 2744 1122 2776 επὶ-Ἦ..
916 2769 929 2777 ,
1151 2758 2135 2768 -—-—-—-———-—-——---————-——-—-————

2196 2761 2498 2768 ν-..οο--η-
2512 2760 2692 2779 ...ἐ-
2703 2758 3682 2782 ..η-*αι-τ-.-Μ
3699 2752 3720 2766 4

1152 2893 1500 3008 VITA
1585 2894 2092 3008 SANCTI
2179 2865 2842 3007 GREGORII
2923 2897 3133 3010 vn

1654 3114 1927 3172 Auctore
1953 3110 2152 3172 Paulo
2191 3096 2644 3170 Bernricdensi.

811 2753 1122 2767 ‘—"—-—---

1151 2758 1506 2767 ~—

1272 3270 1426 3339 (Vidc
1456 3288 1618 3339 supra
1651 3271 1704 3323 in
1739 3270 1890 3324 Actis
1912 3271 2024 3338 jam
2049 3270 2210 3324 editis
2237 3270 2398 3338 hujus
2428 3269 2738 3331 voluminis,
2765 3269 2867 3322 col.
2895 3268 3006 3338 59.)

557 3435 1343 3448 ..σ’ς’-ὀ--σ--ὰ
1356 3439 1453 3448 ...-

557 3451 910 3462 -———-—————--
925 3455 1265 3462 —————————
1274 3455 1908 3464 —_-——.—

1459 3435 2994 3464 m

1386 3577 1530 3662 DE
1608 3575 2008 3663 GESTIS
2079 3514 2650 3662 GREGORII
2721 3571 2899 3665 v11

1075 3766 1309 3822 Contra
1343 3763 1743 3820 investituras
1779 3771 1830 3818 et
1861 3760 2220 3828 Simoniam,
2255 3768 2306 3816 et
2335 3775 2453 3834 pro
2487 3755 2770 3816 cwlibatu
2807 3755 3199 3815 clericorum.

1234 3922 1503 3990 (Sinnio,
1535 3921 1665 3972 Arta
1699 3917 1799 3973 SS.
1835 3919 2051 3981 Bened.,
2089 3912 2239 3974 Praef.
2275 3917 2338 3970 ad
2363 3925 2498 3985 part.
2528 3933 2561 3968 ιι
2594 3914 2727 3969 S'JIC.
2753 3913 2838 3979 lll,
2864 3931 2915 3983 ιι.
2943 3914 3054 3981 41.)

1871 4087 2222 4102 ﬂ

602 4233 916 4301 Gregorium
955 4233 1037 4285 VII
1074 4235 1324 4302 magnum
1366 4233 1536 4284 virum
1571 4229 1756 4294 fuisse,
1794 4240 1846 4283 et
1876 4244 2098 4298 magnos
2128 4233 2168 4286 C
2202 4228 2380 4282 szeculi
2411 4227 2763 4296 principibus,
2787 4225 3219 4294 obstrepentilnls
3244 4223 3479 4292 undique
3502 4223 3767 4277 insultan-

535 4335 601 4372 ιιι
629 4322 820 4390 exiguo
856 4339 1083 4391 corpore
1117 4324 1349 4393 gessisse
1377 4322 1599 4389 spiritus
1625 4361 1639 4383 ,
1674 4321 1775 4374 etsi
1817 4336 1927 4374 non
1971 4334 2100 4374 con-

533 4410 799 4463 sentirent
831 4426 1039 4475 omnes,
1077 4423 1220 4465 certe
1251 4413 1382 4465 satis
1422 4426 1690 4479 superque
1723 4420 2098 4466 contestaren—

537 4508 627 4553 tur
653 4501 908 4568 praeclara
953 4499 1092 4553 facta
1133 4516 1254 4567 qum
1294 4516 1390 4568 pro
1431 4501 1824 4554 instauratione
1847 4502 2102 4555 ecclesia-

537 4590 687 4643 ειὶςςυ
727 4589 1025 4658 disciplime
1049 4605 1336 4658 aggressus
1364 4591 1447 4642 e‘st
1473 4599 1526 4642 et
1568 4589 1801 4642 maxima
1842 4607 1905 4643 ex
1951 4598 2104 4657 parte

537 4680 779 4751 perfecit.
823 4678 976 4745 Quod
1000 4681 1062 4734 'si
1107 4680 1159 4731 in
1197 4679 1520 4748 quibusdam
1567 4678 1772 4732 videtur
1808 4679 2104 4733 excessisse

540 4772 784 4834 modum,
830 4781 888 4823 nt
923 4771 1135 4824 ditlicile
1163 4779 1246 4823 est.
1265 4784 1388 4824 eum
1419 4769 1471 4822 in
1500 4769 1658 4823 rebus
1681 4769 1866 4823 arduis
1891 4777 1946 4823 et
1970 4767 2105 4822 ditii—

537 4861 755 4916 cillimis
777 4877 987 4930 semper
1011 4871 1213 4924 tenere,
1243 4875 1509 4914 excusare
1538 4860 1713 4927 ipsum
1754 4858 1948 4912 debent
1989 4868 2106 4912 tan-

541 4961 718 5005 torum
751 4953 1013 5007 factorum
1041 4952 1248 5015 merita;
1284 4966 1403 5019 qum
1433 4951 1486 5004 in
1519 4965 1628 5002 rem
1654 4949 1922 5017 publicam
1945 4949 2104 5002 Chri-

540 5041 772 5095 stianam
817 5046 1208 5108 redmnlarunt,
1259 5058 1288 5096 a
1341 5041 1555 5095 nemine
1579 5041 1703 5109 jure
1730 5039 2102 5109 improbanda.

543 5128 684 5198 Quid
725 5132 870 5184 enim
909 5134 1257 5199 probabilius,
1299 5133 1428 5202 quid
1470 5147 1599 5186 vero
1641 5131 1909 5185 diliicilius
1942 5147 2105 5200 quam

543 5220 1032 5275 ecclesiasticarum
1067 5224 1506 5278 investiturarum
1539 5224 1764 5288 abusus,
1799 5232 1948 5276 tanto
1975 5231 2108 5275 tem-

545 5329 738 5382 porum
766 5313 1021 5378 decnrsu,
1049 5321 1196 5366 tanta
1228 5315 1565 5368 saecularium
1594 5315 1894 5384 principum
1920 5324 2106 5371 aucto-

544 5403 704 5458 ritate
739 5403 1078 5469 oblirmatos,
1111 5400 1327 5471 penitus
1357 5402 1607 5465 evellere,
1657 5403 1955 5458 Simoniam
1999 5405 2108 5459 fere

549 5494 746 5562 ubique
785 5505 1123 5564 grassantem
1161 5493 1462 5561 exstirpare
1489 5534 1505 5557 ,
1541 5493 1840 5545 cmlibatum
1886 5495 2110 5562 clerico-

547 5599 667 5636 rum
710 5552 845 5652 pene
891 5586 960 5640 ab
1003 5585 1224 5641 interitu
1270 5583 1557 5638 revocare?
1597 5580 1659 5634 Et
1702 5589 1878 5636 tamen
1930 5560 2109 5650 (quod
2143 5552 2184 5602 θ

548 5671 658 5726 Leo
693 5672 760 5726 IX
783 5677 1068 5746 eteterique
1097 5686 1220 5746 post
1246 5691 1369 5730 cum
1404 5674 1630 5727 Rontani
1664 5671 1942 5746 pontifices
1965 5671 2111 5725 nullo

547 5765 934 5830 propemodum
983 5768 1161 5822 fructu
1199 5766 1572 5833 tentaverant)
1611 5767 1724 5818 inec
1755 5764 1936 5818 omnia
1977 5779 2113 5832 pric-

509 5897 511 5899 .
551 5853 687 5907 stitit
731 5847 1138 5914 strenuissimus
1188 5858 1428 5928 pontifex
1456 5899 1468 5923 ,
1517 5855 1872 5912 renitentibus
1909 5855 2112 5924 passim

2205 4318 2452 4387 libusque
2495 4317 2851 4381 adversariis,
2895 4317 2944 4370 id
2979 4324 3062 4369 est
3093 4314 3371 4368 Nicolaitis
3403 4323 3456 4368 et
3493 4313 3767 4369 Simonia-

2201 4409 2297 4474 cis,
2324 4409 2416 4478 qui
2443 4409 2744 4480 principum
2776 4408 2989 4486 animos
3016 4407 3069 4460 in
3113 4422 3238 4460 eum
3280 4405 3666 4469 accendebant,
3714 4405 3767 4456 in

2201 4500 2390 4569 primis
2420 4497 2635 4554 lleiirici
2677 4498 3024 4568 imperatoris
3052 4496 3211 4572 cujus
3244 4495 3490 4565 partibus
3523 4495 3769 4548 admire-

2204 4590 2353 4652 baut,
2388 4599 2447 4642 ut
2474 4591 2621 4657 ipsos
2645 4589 2903 4642 adversus
2931 4586 3248 4655 Gregorium
3288 4584 3513 4652 ejusque
3553 4583 3768 4635 decreta

2205 4686 2491 4732 tutaretur.
2525 4678 2664 4730 Sane
2693 4676 3009 4745 Gregorium
3063 4681 3252 4743 suopte
3273 4673 3450 4746 genio
3479 4673 3659 4742 potius
3703 4674 3768 4726 ad

2207 4766 2592 4836 indulgentiam
2617 4779 2779 4834 quam
2804 4765 2871 4818 ad
2901 4756 3315 4818 immoderatum
3349 4761 3610 4817 fervorem
3643 4779 3769 4833 pro-

2203 4873 2434 4928 pensum
2480 4856 2646 4911 fuisse
2670 4855 2898 4925 probant
2923 4863 3036 4908 tum
3065 4870 3125 4907 ea
3154 4869 3273 4922 qum
3301 4869 3398 4922 pro
3432 4854 3770 4907 restitutione

2208 4950 2502 5003 multorum
2543 4929 2920 5015 episcoporum
2956 4945 3123 5014 gessit
3168 4943 3373 5013 (Gneo.
3426 4943 3533 5009 VII,
3581 4944 3674 4998 lib.
3715 4961 3766 5007 ν,

2207 5056 2290 5109 ep.
2334 5039 2468 5107 Π),
2518 5048 2631 5092 tum
2675 5037 2863 5091 littera:
2895 5052 3031 5105 quas
3063 5034 3323 5105 principio
3365 5035 3430 5089 ad
3477 5033 3768 5089 llenricum

2209 5132 2589 5200 imperatorem
2631 5129 2846 5198 scripsit
2881 5128 2995 5197 (lib.
3033 5145 3112 5192 Ill,
3157 5127 3313 5197 epist.
3345 5126 3376 5177 7
3401 5134 3456 5179 et
3491 5124 3587 5188 10,
3613 5123 3766 5190 etc.).

2209 5222 2406 5277 Verum
2457 5220 2725 5290 pontificis
2782 5220 3024 5274 animum
3076 5217 3416 5286 exasperavit
3466 5215 3609 5292 illius
3649 5229 3769 5282 per-

2207 5313 2406 5367 vicacia
2465 5311 2622 5366 simul
2685 5321 2739 5364 et
2798 5309 3159 5362 inconstantia
3214 5326 3226 5359 :
3289 5303 3587 5374 pervicacia
3644 5303 3769 5372 qui-

2207 5405 2326 5459 dem
2400 5403 2453 5456 in
2518 5401 2820 5456 resistendo
2869 5399 3112 5468 Gregorii
3159 5395 3417 5465 piissimis
3463 5410 3527 5448 ac
3578 5408 3766 5448 neces-

2209 5494 2368 5549 sariis
2394 5479 2587 5548 studiis
2613 5507 2713 5561 pro
2740 5487 3099 5544 reformandis
3131 5485 3375 5548 clericis;
3407 5485 3767 5539 inconstantia

2210 5600 2372 5647 vero,
2422 5574 2620 5654 quippe
2652 5583 2745 5652 qui
2779 5581 2938 5634 toties
2983 5579 3164 5632 datam
3215 5575 3371 5630 fidem
3416 5573 3618 5629 fefellit.
3674 5574 3768 5630 His

2211 5676 2434 5728 accessit
2457 5674 2601 5742 quod
2628 5671 2934 5741 pontificem
2963 5669 3136 5736 ipsum
3162 5665 3346 5720 Romae
3374 5666 3429 5719 in
3467 5667 3767 5722 custodiam

2212 5763 2451 5828 remisit,
2479 5763 2734 5823 Guiberto
2758 5759 3010 5827 antipapa
3057 5757 3111 5810 in
3151 5757 3330 5810 locum
3378 5755 3497 5825 ejus
3537 5753 3765 5812 intruso.

2212 5854 2270 5908 In
2314 5854 2398 5907 bis
2438 5869 2598 5908 porro
2629 5851 2852 5919 aliisque
2882 5849 2955 5903 ita
2981 5847 3201 5902 modum
3242 5863 3453 5918 semper
3483 5857 3683 5915 tenere,
3712 5857 3769 5902 ut

3591 5990 3902 6426 Δ
