3902 6338
147 406 221 461 H9
1021 435 1033 449 ·
1057 417 1580 478 l‘ROLECOMENA.
1613 455 1676 463 —

1773 425 1895 481 erit
1934 412 2369 485 s.’cn1-:conu.
2407 496 2419 507 ,

3227 440 3327 494 iiii)

142 519 359 617 malique
384 536 490 617 non
521 524 850 592 cxcedatur,
881 527 1207 597 impossibile
1239 540 1339 587 est.
1380 533 1449 587 At
1471 534 1667 603 Crego-
1698 540 1740 594 A
1771 538 1958 605 purius
1986 540 2243 594 viverent.
2287 540 2418 606 Quzc
2459 544 2636 597 omnia
2690 543 2806 599 fuse
2849 547 3194 617 prosequitur
3228 549 3328 606 Pes

142 611 250 663 rium
270 653 284 675 ,
303 612 345 666 si
368 613 460 683 qui
484 615 763 671 conviciis
790 617 1170 675 lacessiverunt
1189 623 1306 691 ejus
1330 624 1623 680 adversarii
1648 668 1662 691 ,

142 700 246 755 satis
277 716 536 773 superque
582 706 947 761 vendicarunt
1000 708 1142 763 illius
1200 714 1457 780 temporis
1520 715 1665 770 haud

142 789 355 858 ignobiles
375 802 656 859 auctores,
685 796 754 850 ad
782 813 920 867 quos
941 799 1194 854 lectorem
1228 803 1495 859 remittere
1529 821 1666 874 pne-

143 890 227 933 stat
248 896 395 950 quam
427 884 496 938 de
525 900 586 939 re
611 886 741 940 trita
766 896 819 941 et
844 876 1047 944 lubrica
1075 889 1230 960 plura
1254 892 1451 949 dicere.

195 968 295 1025 iam
316 972 441 1028 anni
466 975 707 1044 amplius
735 987 952 1034 centum
980 980 1297 1037 ellluxerant
1318 999 1384 1039 ex
1425 1001 1534 1056 quo
1553 988 1663 1044 ele-
1713 1004 1731 1021 ·

144 1060 339 1117 ficorum
362 1065 645 1128 cdibatus
675 1077 849 1135 sacer,
879 1070 947 1125 ad
979 1071 1031 1125 id
1055 1080 1267 1149 tempus
1291 1074 1664 1143 intaminatus,

145 1160 207 1210 tot
228 1156 530 1213 seculorum
557 1173 684 1225 usu,
711 1167 791 1214 tot
825 1167 1207 1234 tantorumque
1241 1163 1481 1222 virorum
1510 1168 1668 1237 pudi-

146 1246 246 1302 cilia
277 1257 325 1303 et
361 1249 685 1305 auctoritate
723 1263 1093 1323 consecratus,
1118 1255 1188 1312 ab
1209 1257 1667 1317 incontinentibus

145 1338 428 1407 quibusdam
448 1350 502 1396 et
518 1342 789 1413 corruptis
810 1343 1063 1402 Ecclesia:
1087 1347 1352 1404 ministris
1375 1358 1668 1408 attentatus

146 1427 307 1499 fuerat,
329 1447 453 1491 eum
474 1434 733 1490 nimirum
755 1436 958 1509 indigni
979 1438 1278 1496 Romanam
1315 1444 1493 1499 sedem
1532 1460 1667 1515 pon-

148 1520 287 1577 tiﬁces
311 1534 654 1593 occuparent;
678 1542 850 1597 eoque
875 1544 964 1584 res
993 1531 1280 1587 devenerat
1313 1542 1372 1587 ut
1403 1537 1665 1604 quosdam

147 1613 451 1684 presbymros
470 1616 683 1684 publice
702 1632 899 1674 uxores
916 1619 1113 1675 ducere
1141 1637 1250 1677 non
1274 1624 1514 1692 puderet.
1539 1625 1668 1696 Ejus

149 1702 383 1762 reiunum
406 1720 436 1760 e
468 1706 659 1775 primis
698 1709 1001 1779 exemplum
1032 1710 1297 1768 habemus
1339 1713 1393 1768 in
1434 1717 1668 1785 quodam

148 1795 423 1866 pzesbytero
466 1796 724 1865 (Analect.
771 1809 809 1853 t.
842 1799 931 1868 Ill,
966 1817 1019 1871 p.
1062 1802 1188 1869 458)
1221 1805 1489 1874 parochias:
1509 1807 1670 1862 Cata-

1770 637 1888 713 trus
1915 627 2158 683 Damiani
2184 629 2241 683 in
2260 631 2485 700 epistola
2512 633 2579 688 ad
2605 633 3043 704 llildebrandum,
3069 647 3195 695 tunc
3218 638 3328 694 Ro—

1768 735 1942 774 mana:
1986 719 2241 775 Ecclesia:
2274 721 2712 779 arcliidiaeonum
2740 767 2755 790 ,
2799 726 2956 796 cujus
2999 728 3115 784 sine
3162 729 3327 785 dubio

1766 813 2022 867 instinctu
2075 820 2130 867 et
2176 813 2405 868 consilio
2455 814 2508 869 id
2544 813 2745 870 factum
2776 825 2878 870 est.
2926 816 3125 873 Verum
3157 819 3246 873 ubi
3276 820 3329 875 is

1766 917 2015 957 summus
2038 900 2276 972 pontifex
2308 905 2497 970 evasit,
2523 920 2634 960 rem
2657 914 2931 976 utcunque
2953 916 3184 977 emptam
3209 910 3328 963 ubi-

1766 1006 1871 1061 que
1911 994 2201 1062 promovit,
2247 1008 2311 1048 ac
2349 994 2567 1050 demum
2604 994 2846 1065 perfecit,
2871 995 3242 1053 frendentibus
3273 998 3325 1052 in

1765 1099 1889 1138 eum
1912 1083 2200 1153 impudicis
2229 1084 2439 1139 clericis
2463 1126 2480 1151 ,
2512 1093 2566 1148 et
2598 1086 2898 1141 calumnias
2929 1087 2983 1141 in
3016 1088 3137 1159 ejus
3171 1087 3327 1157 pudi-

1765 1179 1946 1233 citiam
1976 1175 2328 1247 jactantibus,
2374 1175 2467 1231 sed
2495 1185 2605 1232 tam
2629 1191 2769 1232 vano
2791 1185 2988 1232 conatu
3028 1186 3085 1231 ut
3112 1194 3202 1231 nec
3228 1179 3327 1230 mi-

1766 1271 1963 1322 nimam
1987 1268 2196 1321 sinistri
2233 1266 2457 1320 rumoris
2481 1268 2742 1321 maculam
2772 1268 3173 1322 conversationis
3211 1267 3324 1336 ejus

1767 1358 2064 1413 sublimitas
2096 1357 2412 1423 admitteret,
2449 1358 2622 1428 inquit
2653 1356 2973 1415 Lambcrtus
2998 1357 3325 1413 Scafnabur-

1766 1451 1967 1521 gensis.
1996 1450 2153 1504 Certe
2179 1448 2313 1503 adeo
2335 1457 2642 1518 portentosa
2671 1456 2723 1501 et
2746 1456 2896 1500 extra
2922 1461 3138 1501 onmem
3164 1447 3319 1502 fidem

1767 1543 1883 1596 visa
1923 1550 2007 1596 est
2046 1541 2208 1595 etiam
2252 1538 2533 1605 Bennoni,
2586 1537 2930 1593 sebismatico
2973 1537 3233 1592 eardinali
3275 1547 3329 1592 et

1768 1631 2011 1702 Gregorii
2036 1630 2177 1687 hosti
2216 1630 2599 1694 infensissimo,
2628 1629 2741 1684 haec
2770 1628 3046 1689 calumnia
3085 1636 3171 1692 ut,
3206 1628 3329 1682 licet

1770 1722 1938 1776 multa
1968 1722 2023 1775 in
2046 1736 2170 1775 eum
2194 1720 2532 1783 conﬁnxerit,
2563 1719 2664 1773 hoc
2695 1718 2898 1772 crimen
2930 1732 3204 1786 nunquam
3249 1717 3327 1770 illi

1771 1811 2045 1881 objecerit.
2082 1809 2157 1864 De
2194 1812 2279 1865 his
2323 1811 2476 1880 plura
2524 1810 2701 1864 dicere
2731 1808 3165 1877 supersedemus,
3201 1822 3324 1861 cum

149 1884 390 1943 launensis
414 1888 467 1942 in
494 1886 686 1953 Gallia,
718 1893 936 1947 nomine
957 1892 1261 1964 Angelrico,
1296 1896 1387 1965 qui
1415 1895 1670 1952 feminam
1706 1891 1745 1943 Β
1770 1902 2022 1957 omnibus
2048 1902 2203 1955 obvia
2235 1902 2359 1954 sint.

147 1977 406 2044 quamdam
456 1994 640 2035 coram
695 1984 1022 2051 parmeianis
1070 1985 1184 2041 suis
1228 1985 1667 2056 desponsaverat.

150 2063 276 2123 lianc
300 2079 472 2125 autem
506 2087 631 2127 eum
658 2073 855 2127 dueere
883 2075 1104 2129 domum
1147 2086 1423 2147 pergeret,
1464 2081 1669 2134 restite—

150 2168 253 2212 runt
279 2162 581 2230 nequissimo
620 2164 831 2217 conatui
871 2164 984 2233 ejus
1026 2165 1146 2218 boni
1186 2175 1237 2219 et
1270 2167 1347 2236 pii
1394 2168 1672 2238 ﬁdelesque

149 2247 369 2316 homines,
397 2252 487 2321 qui
522 2267 647 2306 eum
677 2254 820 2324 apud
850 2254 1177 2311 Mantionem
1224 2257 1538 2329 episcopum
1582 2275 1671 2313 ac-

149 2352 395 2396 cusarunt.
430 2342 639 2400 Citatus
688 2345 778 2400 ille
832 2347 900 2401 ad
948 2348 1187 2417 episcopi
1238 2350 1589 2418 praesentiam
1617 2351 1670 2404 in

151 2432 331 2499 synodo
360 2431 520 2492 Nonis
546 2436 691 2502 Maii,
727 2436 1040 2492 Catalaunis
1072 2438 1275 2503 habita,
1301 2441 1515 2509 culpam
1542 2446 1673 2496 cen-

152 2519 308 2580 fessus
355 2536 468 2591 est,
516 2527 823 2598 missusque
870 2530 939 2584 ab
983 2529 1236 2600 episcopo
1270 2532 1338 2586 ad
1383 2532 1671 2587 Fulconem

155 2617 530 2686 metropolitam,
563 2618 769 2673 incerto
803 2635 868 2673 ac
900 2620 1179 2674 dubitante
1209 2637 1317 2690 qua
1356 2623 1674 2691 correptione

156 2712 202 2759 ct
229 2720 369 2776 ptem
413 2723 606 2763 novam
657 2709 805 2763 illam
857 2728 921 2764 ac
971 2711 1169 2765 malam
1218 2715 1673 2783 prasamptionem

157 2797 391 2852 multaret.
427 2799 563 2865 Quid
595 2801 697 2855 hac
730 2801 797 2855 de
832 2817 891 2856 re
924 2801 1092 2858 Fulco
1137 2803 1514 2873 rescripserit,
1567 2820 1672 2859 non

158 2887 316 2958 liquet;
338 2892 424 2946 sed
446 2900 626 2947 tamen
655 2908 721 2947 ex
751 2892 1041 2950 Mantionis
1069 2894 1296 2964 epistola
1330 2896 1677 2967 intelligimus

161 2990 328 3037 novum
359 2983 481 3038 illud
512 2982 723 3040 facinus
759 2984 927 3040 fuisse
960 2992 1014 3039 et
1041 2984 1109 3040 ad
1142 2985 1195 3040 id
1230 2986 1487 3054 temporis
1521 2987 1676 3040 inau-

160 3071 320 3127 ditum.
355 3072 545 3130 Verum
588 3075 791 3130 sensim
837 3090 904 3128 eo
948 3074 1213 3144 processit
1249 3075 1526 3130 abnormis
1562 3075 1677 3130 haec

162 3162 343 3218 licentia
388 3174 442 3218 ut
474 3165 672 3219 saeculo
716 3164 1002 3219 undecimo
1036 3165 1263 3236 publica:
1295 3165 1534 3222 infamia:
1563 3182 1675 3221 me-
1704 3204 1745 3258 C

164 3254 300 3307 ritum
326 3255 544 3311 dedecus
573 3270 709 3324 pene
732 3256 991 3311 exuisset.
1021 3256 1196 3313 Tanto
1215 3258 1455 3313 ecclesiae
1478 3259 1677 3328 probro

163 3340 380 3401 Nicotaus
415 3344 459 3399 ll
497 3346 892 3403 occurrendum
932 3347 1141 3403 censuit
1185 3348 1482 3403 constituto
1533 3348 1679 3403 edito

168 3435 213 3490 in
229 3436 616 3494 concubinarios
643 3438 904 3499 clericos;
939 3446 993 3491 et
1012 3438 1141 3507 quia
1167 3438 1222 3491 in
1252 3438 1397 3491 clero
1423 3436 1679 3491 Mediola-

167 3528 293 3582 πεηεί
316 3528 534 3582 maxime
552 3527 769 3598 vigebat
786 3528 900 3585 hrec
922 3529 1109 3597 pestis,
1144 3542 1212 3583 eo
1239 3527 1436 3583 direxit
1458 3525 1675 3582 Petrum

169 3616 377 3672 Ι)ίωίιηὶ
407 3618 732 3674 eardinalem
765 3627 820 3673 et
851 3620 1164 3690 episcopum
1197 3617 1500 3675 Ostiensem
1553 3634 1677 3672 eum

170 3709 387 3766 Anselmo
418 3709 645 3767 Lunensi
670 3711 927 3782 episcopo
951 3753 965 3777 ,
1004 3720 1076 3765 .ut
1116 3727 1237 3765 eam
1268 3710 1575 3775 emendare,
1608 3710 1681 3764 si-

170 3803 355 3872 mulque
375 3799 731 3857 Simoniaeam
756 3802 951 3866 labem,
972 3816 1095 3870 quae
1124 3800 1269 3855 illius
1299 3798 1551 3855 Ecclesia:
1578 3801 1680 3854 mi-

170 3890 340 3947 nistros
379 3890 630 3947 infecerat
650 3932 666 3956 ,
698 3890 885 3946 tollere
911 3891 1334 3946 conniterentur.
1372 3890 1681 3945 Convenere

172 3981 483 4052 ailsnodum
516 3981 699 4037 clerici
731 3973 916 4038 coram
945 3982 1148 4053 legatis
1163 3990 1313 4036 tanto
1357 3982 1588 4035 tumultu
1622 3990 1682 4032 ut

174 4072 248 4127 vix
281 4089 457 4130 manus
493 4075 562 4129 ab
598 4074 681 4129 eis
721 4072 1111 4135 abstinuerint;
1156 4070 1250 4125 sed
1284 4071 1501 4125 tandem
1535 4068 1680 4122 Petri

170 4162 384 4220 Damiani
427 4167 664 4221 oratione
711 4181 775 4220 ac
825 4162 1108 4233 prudentia
1154 4160 1452 4230 composita
1487 4160 1679 4214 seditio

170 4262 275 4318 est,
309 4256 637 4324 juratumque
680 4270 711 4307 a
755 4252 965 4308 clericis
995 4261 1055 4305 ut
1088 4252 1340 4320 deinceps
1371 4251 1576 4307 castius
1619 4268 1681 4305 ae.

202 4385 2948 4422 W—

1278 4397 2087 4402 ______Wi,,,
2159 4397 2397 4399 ,ﬁmv,
2424 4397 2435 4398 ,
2456 4397 2491 4398 η

1842 1990 1918 2044 Ad
1950 1990 2292 2045 investituras
2317 1991 2465 2059 quod
2487 1990 2693 2053 attinet,
2718 1988 2809 2042 diu
2841 2004 2963 2043 cum
2990 1989 3327 2057 imperatori-

1774 2081 1873 2134 bus
1906 2081 2217 2135 luctandum
2248 2079 2369 2143 fuit,
2397 2087 2456 2132 ut
2487 2078 2696 2132 tandem
2724 2079 2934 2147 utrique
2963 2079 3209 2147 imperio,
3241 2093 3328 2132 sa-

1772 2185 1879 2239 cro.
1907 2179 1961 2224 et
2002 2170 2261 2239 profano,
2295 2185 2391 2224 sua
2415 2170 2537 2238 jura
2565 2178 2925 2225 servarentur.
2965 2166 3068 2223 Sed
3113 2168 3326 2222 tandem

1773 2270 1895 2331 post
1924 2262 2121 2317 multas
2159 2261 2537 2315 altercationes
2563 2302 2576 2325 ,
2618 2261 2671 2315 in
2713 2260 2909 2330 quibus
2948 2259 3014 2314 ad
3053 2268 3325 2323 extrema,

1774 2368 1883 2407 non
1912 2354 2028 2408 sine
2052 2352 2334 2422 utriusque
2352 2352 2522 2421 partis
2544 2353 2699 2421 culpa
2721 2358 2941 2405 ventum
2964 2358 3075 2416 est,
3114 2348 3326 2403 tandem

1775 2444 1877 2499 sub
1910 2444 2133 2499 Callisto
2165 2443 2206 2497 ll
2238 2459 2324 2499 res
2365 2444 2438 2497 ita
2473 2443 2772 2513 composita
2806 2440 2906 2495 fuit
2937 2449 2997 2495 ut
3038 2440 3320 2509 imperato—

1776 2550 1862 2588 res
1884 2536 2003 2587 loco
2024 2534 2208 2588 annuli
2240 2542 2294 2587 et
2334 2534 2531 2597 baculi,
2556 2548 2693 2603 quos
2722 2532 2877 2587 novis
2901 2531 3167 2601 episcopis
3201 2529 3331 2582 dare

1774 2632 2202 2689 consueverant,
2245 2638 2339 2678 eos
2373 2632 2586 2691 sceptro
2633 2631 2840 2677 tantum
2878 2622 3075 2675 tradito
3120 2619 3331 2673 investi-

1775 2722 1933 2779 rent;
1974 2728 2084 2783 quo
2119 2712 2511 2782 significaretur
2543 2727 2638 2766 eos
2671 2710 2986 2780 temporalia
3026 2709 3151 2779 jura
3189 2708 3330 2761 acci-

1776 2820 1901 2872 pere
1936 2805 2003 2859 ab
2030 2805 2350 2874 imperatore
2375 2844 2389 2868 ,
2422 2803 2564 2873 quod
2600 2803 2686 2857 ille
2720 2817 2816 2871 per
2851 2799 3195 2855 investituras
3229 2798 3330 2852 sibi

1777 2895 2047 2950 vindicare
2088 2894 2470 2959 contendebat;
2498 2902 2550 2948 et
2595 2892 2890 2963 spiritualia
2930 2907 3038 2946 non
3075 2890 3327 2959 recipere,

1776 2986 1916 3054 quod
1943 2985 2221 3054 pontiﬁces
2245 2985 2438 3038 merito
2470 2984 2568 3053 ipsi
2608 2985 2961 3052 denegabant.
3000 2982 3130 3047 Qum
3171 2981 3331 3049 hujus

1776 3076 1887 3130 litis
1913 3074 2297 3145 componenda:
2339 3074 2477 3127 ratio
2524 3074 2569 3128 si
2620 3074 2689 3127 ab
2736 3074 2854 3141 ipso
2888 3072 3150 3140 principio
3199 3071 3328 3123 inita

1778 3165 1987 3231 fuisset,
2023 3164 2207 3219 multis
2239 3172 2293 3217 et
2322 3164 2571 3218 maximis
2606 3162 2873 3218 scandalis
2898 3202 2912 3227 ,
2952 3161 3105 3214 bellis
3131 3175 3193 3212 ae
3226 3176 3328 3211 cu!-

1778 3260 1938 3314 dibus
1962 3258 2190 3313 .obviam
2236 3258 2369 3310 itum
2411 3263 2572 3311 esset.
2606 3254 2771 3309 Breve
2797 3294 2811 3317 ,
2843 3251 2935 3307 sed
2967 3251 3235 3305 eruditum
3269 3266 3329 3303 ac

1778 3351 2009 3405 solidum
2045 3350 2146 3403 hac
2169 3349 2235 3403 de
2261 3363 2318 3401 re
2346 3348 2667 3417 opusculum
2689 3344 2850 3400 edidit
2870 3343 3139 3398 Goll‘ridus
3167 3342 3331 3395 abLas

1780 3440 2211 3503 Vindocinensis,
2244 3440 2297 3491 in
2335 3454 2443 3507 quo
2474 3447 2618 3493 recte
2647 3439 2770 3507 jura
2802 3434 3053 3490 Ecclesia:
3086 3448 3149 3486 ac
3182 3431 3331 3501 regni

1776 3532 2074 3602 distinguit.
2128 3529 2284 3583 Morti
2333 3529 2611 3596 proximus
2646 3526 2976 3595 Gregorius,
3020 3523 3357 3603 roga‘ntibus‘

1777 3623 2141 3678 cardinalibus
2170 3620 2454 3675 consilium
2481 3618 2625 3673 dedit
2651 3627 2727 3679 ut,
2761 3617 2804 3670 si
2832 3614 3025 3668 vellent
3060 3613 3328 3666 hominem

1741 3701 1745 3705 ’
1779 3716 1833 3768 in
1857 3714 2053 3769 saeculo
2078 3720 2370 3783 potentem,
2415 3709 2672 3779 eligerent
2711 3704 3041 3761 Desiderium
3085 3702 3326 3756 abbatem

1778 3804 2155 3859 Cassinensem
2177 3802 2269 3872 qui
2293 3800 2581 3856 volentiam
2611 3797 2837 3853 Wiberti
2863 3796 3125 3865 antipapm
3151 3792 3335 3847 infrin-

1777 3901 1943 3962 geret;
1981 3895 2065 3946 sin
2098 3891 2521 3945 ecclesiasticum
2577 3899 2631 3943 et
2664 3890 3000 3956 eloquentem
3031 3886 3333 3952 acciperent

1775 3982 2087 4051 episcopum
2134 3979 2433 4033 Ostiensem
2478 3977 2739 4033 Odonem.
2789 3976 2873 4029 Ita
2920 3975 3045 4028 obiit
3084 3976 3161 4027 eir
3194 3974 3331 4042 apud

1778 4071 1943 4124 Deum
2000 4070 2169 4141 felicis
2222 4071 2449 4139 gratiae,
2517 4069 2656 4138 apud
2718 4067 2946 4119 homines
3008 4064 3331 4117 austeritatis

1777 4162 2018 4230 fortassis
2060 4163 2233 4214 nimim
2256 4201 2270 4224 ,
2304 4159 2477 4229 inquit
2510 4158 2811 4213 Willelmus
2843 4151 3329 4208 Malmesburiensis

1777 4251 2080 4321 (WtLLELu.
2110 4252 2199 4305 lib.
2231 4267 2309 4314 lli,
2339 4253 2401 4303 de
2425 4249 2546 4316 Reg.
2580 4247 2780 4316 Angl.).

2951 4381 3229 4391 ...ορ-ο...-
3266 4380 3303 4386 --

3064 4394 3320 4409 ,_.____.

764 4481 1427 4597 sane“
1482 4474 2377 4593 cannons!
2434 4477 2714 4653 vn

1404 4664 1647 4721 PONTIF
1651 4665 1780 4721 lClS
1815 4665 2062 4721 MAXIMI

676 4773 1064 4922 VITA,
1155 4777 1797 4920 ELECTIO,
1893 4776 2151 4886 RES
2238 4774 2777 4887 GESTAE.

1160 4968 1498 5027 AUCTORE
1532 4968 1923 5032 ONUPHRIO
1958 4969 2327 5026 PANVINO.

1053 5099 1192 5183 (Lib
1220 5121 1283 5166 tv
1309 5107 1399 5167 De
1433 5105 1604 5194 varia
1637 5103 1957 5166 creatione
1990 5105 2173 5166 Rom.
2214 5105 2419 5184 Pont.)

687 5221 868 5278 Edidit
896 5221 1230 5289 Cannaene,
1261 5222 1485 5295 Operam
1514 5236 1651 5279 torno
1678 5222 1763 5290 II,
1789 5240 1906 5293 pag.
1942 5223 2030 5287 97,
2056 5239 2120 5277 ex
2149 5223 2448 5305 bibliotheca
2476 5220 2753 5274 Bavarica.

1510 5429 1966 5511 LECTORI.

429 5572 496 5633 te,
520 5563 836 5641 Christiane
853 5564 1039 5633 lector,
1069 5565 1335 5641 monitum
1365 5567 1509 5641 volo,
1546 5564 1907 5641 Onuphrium,
1940 5564 2068 5619 dum
2105 5563 2388 5641 Sigeberti,
2412 5559 2796 5641 Urspergensis
2814 5566 2867 5641 e_t
2892 5554 3323 5641 Aventinis—esti;

181 5624 258 5717 EE
684 5633 947 5717 sequitur,
974 5650 1006 5690 a
1210 5636 1351 5717 linea
1392 5622 1686 5705 aliquando
1695 5622 1995 5717 “excidisse,
2025 5643 2100 5712 ut_
2115 5622 2423 5717 contingere
2454 5622 2589 5684 solet
2614 5622 2808 5717 tris-qui
2822 5622 3321 5717 duce:

180 5691 1038 5775 fuitS'igebértus,'vel
1072 5704 1271 5775 alioqui
1296 5691 1659 5774 parum'sana:
1692 5703 1813 5775 fidei
1847 5691 2189 5775 et_doc_tri_nze
2223 5691 2537 5775 scriptores,
2564 5691 2749 5775 qualis
2777 5694 3090 5753 Aventinus,
3120 5691 3323 5758 absque

180 5768 396 5827 mutato
419 5768 748 5846 singulorum
782 5768 1159 5845 qum'aﬂ‘erunt
1187 5768 1430 5833 examine
1473 5775 1575 5832 sibi
1608 5774 1861 5841 deligunt.
1894 5771 1999 5828 Sed
2028 5769 2212 5831 halm.
2247 5769 2402 5833 cuius
2438 5768 2526 5823 ίὶιο
2547 5769 2759 5828 ductus.
2797 5780 2827 5817 τί
2873 5776 2999 5815 νετο
3041 5775 3318 5816 "nummi"
