3902 6334
179 352 266 409 153

1057 420 1067 431 Ι
1105 345 1619 406 PBOLECOMENA.
1649 381 1718 392 -—
1754 351 1933 407 ACTA
1969 352 2024 407 S.
2067 352 2402 410 GREGORll.

3255 361 3276 412 1
3288 361 3354 415 5-1

179 462 319 516 aobio
345 459 718 524 Cluniacensi,
773 460 907 513 viris
941 461 1296 517 sanctissimis
1323 476 1418 531 per
1467 477 1530 516 ea
1574 470 1710 518 tem-
1739 476 1784 530 Α
1810 442 2130 525 moreretur.
2155 464 2333 530 Quare
2355 465 2536 544 statim
2564 466 2632 519 ab
2656 466 2868 532 abbate,
2894 476 2947 520 et
2968 435 3351 524 monachorum

179 567 292 622 pora
329 550 714 617 reiertissimo,
772 550 874 605 sub
917 548 1138 604 0dilone
1190 551 1380 606 abbate
1434 551 1708 620 professus

177 651 264 695 est.

239 729 362 785 Sunt
388 732 482 801 qui
523 730 719 786 dicant
753 730 927 802 (197),
949 746 1073 788 eum
1107 731 1293 786 inﬁmo
1330 747 1568 818 aepene
1588 747 1708 786 sor-

178 817 286 874 dido
303 821 418 875 loco
440 829 659 887 natum,
681 821 933 891 fabrique
957 823 1168 892 lignarii
1201 823 1371 876 ﬁlium
1412 817 1598 888 fuisse,
1635 831 1710 877 at-

178 923 270 979 que
295 907 462 962 adhuc
489 923 728 977 puerum
760 909 826 963 ad
852 909 1029 962 aulam
1052 909 1382 978 imperialem
1410 909 1708 978 profectum

179 999 224 1051 in
251 997 468 1053 Cesaris
494 997 806 1065 Chunradi,
850 1007 903 1052 et
936 1000 1054 1069 ejus
1097 998 1194 1052 ﬁlii
1218 997 1433 1054 Henrici
1462 998 1530 1052 ΙΙΙ
1558 1000 1710 1054 curia

178 1087 464 1142 adolevisse.
491 1086 569 1141 De
605 1102 722 1157 quo
747 1088 1180 1143 comminiscitur
1207 1088 1391 1141 nescio
1409 1089 1532 1156 quis
1555 1086 1722 1150 fabu-'

178 1175 296 1228 lator
322 1175 679 1230 inconcinnas
707 1173 930 1231 fabellas
966 1194 979 1228 :
1023 1175 1168 1243 quod
1217 1189 1342 1229 cum
1383 1174 1525 1228 ﬁlius
1567 1183 1711 1228 esset

177 1263 294 1318 fabri
326 1263 558 1333 lignarii,
603 1279 672 1318 ex
712 1263 1002 1318 sarmentis
1046 1259 1593 1331 ordine-compositis
1617 1262 1717 1333 :in-l

176 1355 325 1408 scium
362 1355 537 1425 ipsum
573 1355 680 1417 Ias
715 1355 921 1409 litteras
971 1354 1160 1409 ordine
1201 1354 1561 1419 conseruisse,
1596 1354 1712 1424 qui-

176 1445 260 1499 bus
287 1454 462 1499 astans
496 1445 670 1498 homo
707 1445 974 1498 litteratus
1015 1445 1222 1513 legerit,
1261 1460 1326 1500 ex
1351 1459 1413 1498 ea
1437 1444 1708 1512 composi-

175 1533 300 1587 tione
350 1532 772 1595 scandularum,
810 1530 1139 1596 ﬂaminabor
1184 1548 1218 1583 a
1273 1532 1410 1583 mari
1443 1546 1604 1599 usque
1641 1530 1709 1582 ad

176 1634 331 1681 nare;
364 1618 466 1684 vd,
499 1627 562 1672 ut
598 1620 694 1673 alii
719 1619 926 1684 dicunt,
974 1619 1164 1688 spiritu
1201 1618 1514 1687 prophetico
1539 1618 1709 1687 magis

174 1705 347 1761 ductus
391 1723 557 1777 quam
607 1709 926 1773 instructus,
955 1709 1338 1766 monstraverit
1364 1721 1423 1762 se
1465 1702 1706 1762 fdturum

1807 567 2097 620 consensu,
2123 552 2469 624 magistratus
2491 554 2599 620 ille,
2624 554 2980 612 llildebrando
3005 558 3355 614 demandatus

1806 649 1908 696 est.
1947 640 2095 711 (202)
2128 641 2248 708 Quo
2271 651 2511 712 tempore
2543 642 2868 710 Brunonem,
2901 643 3202 700 Romanum
3221 662 3358 716 pou-

1779 756 1782 760 -
1810 727 2005 782 tiﬁcem
2028 728 2258 789 electum
2283 729 2562 796 Cluniaco,
2597 733 2680 785 vel
2708 748 2802 802 per
2826 732 3129 789 Bisuntium
3181 744 3358 790 trans-

1808 819 1888 872 ire
1935 819 2160 888 contigit
2203 839 2217 874 :
2257 836 2440 889 quem,
2489 822 2626 876 clam
2661 832 3004 889 conventum,
3041 825 3156 879 aelo
3187 825 3357 878 hono-

1781 955 1784 963 ς
1808 909 1885 962 ris
1909 907 2004 962 Dei
2029 910 2220 977 plenus
2254 909 2646 968 Hildebrandus
2689 914 3123 968 constantissime
3145 915 3210 968 de
3240 913 3355 983 ipsa

1808 996 2044 1052 novitate
2065 999 2359 1069 redarguit,
2377 1000 2759 1071 inconveniens
2781 1003 3002 1057 omnino
3017 1018 3136 1058 esse
3151 1003 3354 1068 dicens,

1808 1098 1864 1146 et
1883 1099 2071 1146 contra
2094 1102 2407 1147 sanctorum
2431 1092 2652 1148 Patrum
2677 1094 2946 1162 instituta,
2969 1113 3000 1150 a
3025 1112 3189 1151 manu
3219 1096 3355 1150 laica

1809 1179 2104 1256 maximum
2139 1178 2433 1234 Christiani
2468 1182 2615 1237 orbis
2637 1183 2942 1251 pontiﬁcem
2966 1185 3232 1249 ad'totius
3253 1184 3355 1239 Ec-

1809 1266 1984 1321 clesia:
2012 1269 2249 1338 regimen
2281 1268 2333 1322 vi
2367 1269 2582 1324 immitti
2608 1287 2620 1323 :
2652 1287 2862 1340 verum,
2898 1273 2945 1327 si
2974 1275 3089 1329 suis
3116 1274 3359 1329 consiliis

1774 1393 1778 1398 η
1808 1355 2150 1424 acquiescere
2177 1357 2353 1422 vellet,
2379 1422 2381 1424 η
2409 1373 2468 1412 se
2494 1368 2786 1429 utrumque
2830 1361 3111 1430 pollicetur
3137 1361 3358 1417 eﬁ‘ectu-

1777 1459 1950 1509 .rum,
1984 1451 2039 1497 et
2063 1445 2206 1513 quod
2243 1443 2586 1514 Imperatoris
2621 1447 3040 1518 indignationem
3075 1457 3357 1519 propterea

1808 1545 1915 1584 non
1939 1531 2256 1598 incurreret,
2281 1535 2531 1603 quodque
2569 1535 2790 1591 libertas
2819 1538 3181 1594 ecclesiastica
3203 1539 3256 1591 in
3281 1539 3356 1593 le-

1776 1619 2016 1688 gitima,
2063 1619 2316 1688 justaque
2362 1622 2632 1689 pontiﬁcis
2679 1624 3014 1679 ordinatione
3035 1626 3200 1680 illaesa
3222 1641 3353 1680 con-

1782 1717 2125 1778 -servataque
2154 1716 2414 1762 maneret.
2451 1707 2620 1778 Cujus
2654 1713 2874 1767 monitis
2896 1714 2979 1766 vir
3000 1714 3141 1782 pius,
3163 1719 3216 1766 et
3238 1729 3358 1767 san-

173 1794 425 1850 dominum
462 1812 494 1850 a
539 1797 684 1850 mari
716 1811 889 1866 usque
932 1797 999 1852 ad
1043 1811 1210 1851 mare.
1240 1795 1366 1850 Inde
1399 1796 1708 1865 conjectans
1741 1793 1781 1845 Β
1807 1804 1928 1852 ctus
1948 1796 2222 1852 humiliter
2244 1811 2460 1864 parens,
2491 1812 2815 1866 purpuream
2851 1809 3051 1853 vestem
3076 1801 3276 1867 statim,
3304 1810 3358 1855 et

174 1882 245 1936 vir
272 1884 354 1937 ille
393 1884 667 1939 litteratus
699 1885 940 1938 divinum
987 1886 1189 1954 aliquid
1215 1887 1269 1938 in
1303 1901 1491 1954 puero,
1536 1886 1708 1941 suasit

172 1972 293 2039 patri
323 1981 378 2026 ut
407 1987 533 2026 eum
581 1972 776 2026 litteris
813 1973 1048 2026 traderet
1082 1988 1094 2023 :
1128 1972 1378 2037 traditus,
1425 1973 1498 2026 ita
1527 1973 1707 2041 profe-

172 2060 236 2114 cit
253 2068 306 2113 ut
330 2061 380 2114 in
404 2061 787 2115 cancellariam
811 2061 1154 2130 imperatoris
1176 2063 1477 2130 pervenerit
1502 2081 1514 2115 :
1554 2062 1702 2132 (198)

173 2149 252 2202 ubi
291 2151 496 2204 somnio
560 2150 878 2204 admonitus
925 2151 1218 2219 imperator
1258 2150 1324 2204 de
1358 2149 1544 2204 eodem
1588 2157 1704 2203 tum

173 2238 434 2293 scriniario
463 2255 588 2306 suo,
621 2232 781 2308 quod
813 2254 1019 2293 cornua
1058 2238 1556 2293 videretur‘habere
1581 2238 1705 2307 qui-

173 2325 262 2382 bus
296 2326 458 2380 lilium
509 2328 633 2396 ejus
685 2334 1021 2390 contereret,
1074 2326 1346 2379 hominem
1390 2325 1444 2377 in
1492 2325 1706 2379 vincula

174 2417 464 2484 conjecisse,
506 2417 604 2471 sed
636 2416 706 2470 ab
739 2415 1080 2484 imperatrice
1123 2413 1361 2487 Hagnete
1381 2414 1706 2469 vinculis-li-

174 2504 415 2571 beratum,
452 2503 817 2560 Cluniacense
859 2503 1250 2558 monasterium
1293 2502 1528 2569 petiisse,
1550 2501 1702 2554 inde-

174 2608 266 2663 que
290 2593 582 2661 profecisse
624 2594 858 2662 primum
891 2593 946 2644 in
986 2590 1408 2654 subdiaconum,
1434 2589 1624 2643 deinde
1649 2589 1703 2642 in

172 2680 492 2749 ardinalem,
540 2679 835 2734 novissime
883 2679 939 2732 in
995 2677 1315 2748 Gregorium
1352 2692 1546 2746 papam
1591 2675 1700 2729 Vll.

176 2766 377 2839 Sedego
407 2770 746 2826 levissimum
771 2769 1044 2823 hominem
1080 2767 1359 2822 ridendum
1386 2768 1524 2820 dico.
1561 2767 1705 2822 Satis

175 2866 332 2912 tamen
373 2867 591 2916 constat
623 2873 748 2914 eum
775 2873 838 2912 ex
873 2859 996 2912 aula
1023 2856 1284 2926 imperiali
1309 2855 1373 2909 ad
1397 2856 1703 2909 coenobium

172 2945 500 3004 Cluniacense
533 2947 836 3019 profbctum
870 2962 883 2996 :
913 2946 968 2997 in
995 2958 1123 3013 quo,
1150 2959 1274 2998 cum
1310 2944 1394 2996 vir
1421 2945 1701 3008 evasisset,

173 3037 316 3091 rebus
347 3038 595 3107 gerendis
640 3035 877 3090 maxime
929 3033 1178 3098 idoneus,
1211 3039 1372 3101 atque
1414 3031 1701 3085 admodum

1805 1885 1910 1940 alia
1943 1885 2276 1939 Pontiﬁcalia
2320 1885 2633 1940 indumenta
2670 1887 2915 1962 deposuit
2934 1906 2961 1953 ;,
2984 1889 3356 1958 peregrinique

1805 1973 1995 2027 habitu
2037 1980 2309 2042 suscepto,
2343 1987 2527 2026 secum
2562 1973 2738 2042 ipsum
2785 1972 3196 2028 Hildebrandum
3233 1992 3354 2029 mo-

1804 2061 2059 2125 nachum,
2093 2061 2186 2129 qui
2209 2061 2424 2139 salubre
2454 2061 2740 2116 consilium
2785 2063 2886 2117 sibi
2916 2065 3152 2131 dederat,
3183 2067 3354 2119 comi-

1806 2159 1910 2204 tem
1952 2151 2267 2219 assumpsit,
2291 2159 2345 2204 et
2365 2160 2599 2220 emptum
2621 2153 2723 2205 iter
2761 2152 2984 2207 Romam
3015 2169 3203 2209 versus
3229 2170 3353 2208 cum

1806 2243 1997 2312 legatis
2027 2241 2324 2324 Romanisa
2348 2252 2404 2297 et
2441 2244 2562 2299 aliis
2601 2244 2889 2299 comitibus
2920 2242 3186 2314 episcOpis
3228 2243 3356 2298 arri-

1803 2329 1940 2396 puit.
1982 2327 2169 2384 Roma:
2224 2330 2770 2386 honoriﬁcentissime
2825 2341 3108 2400 susceptus
3131 2371 3146 2395 ,
3190 2329 3358 2384 altero

1803 2424 1926 2486 po‘st
1974 2417 2263 2472 adventum
2308 2434 2466 2473 suum
2509 2419 2631 2492 die,
2665 2419 3004 2488 congregatis
3048 2419 3104 2471 in
3136 2418 3356 2472 basilica

1806 2503 1862 2559 8.
1896 2503 2037 2560 Petri
2067 2506 2453 2572 cardinalibus,
2477 2507 2640 2572 clero,
2669 2515 2878 2573 senatu,
2913 2507 3214 2576 populoque
3245 2505 3356 2560 llo-

1804 2609 1986 2659 mano,
2009 2609 2105 2648 eos
2154 2595 2240 2650 his
2261 2595 2438 2650 verbis
2470 2595 2540 2650 ab
2570 2593 2930 2650 Hildebrando
2967 2596 3265 2650 instructus
3286 2595 3360 2648 al-

1769 2729 1772 2734 .
1804 2677 2018 2737 locutos
2039 2689 2141 2736 est.

1875 2768 2110 2834 Fratres,
2139 2777 2188 2821 et
2211 2768 2370 2822 amici
2400 2769 2456 2822 in
2478 2768 2687 2823 Christo
2710 2769 2836 2823 mihi
2857 2770 3176 2836 charissimi,
3211 2770 3354 2839 lega-

1805 2857 1942 2909 tione
1971 2865 2140 2910 uestra
2159 2858 2399 2926 cognita,
2435 2856 2514 2922 ad
2534 2854 2900 2926 imperatorem
2930 2859 3190 2927 profectas
3219 2875 3354 2923 sum,
3408 2906 3409 2909 η

1767 3007 1770 3011 ,
1803 2952 1862 2998 ut
1894 2944 2209 2999 voluntatem
2247 2954 2295 2999 et
2324 2947 2646 3014 propositum
2676 2964 2826 2999 suum
2859 2949 3166 3016 requirerem
3191 2963 3208 3000 :
3233 2964 3377 3013 non,-

1801 3026 1861 3088 ut
1889 3035 1952 3086 ab
1973 3050 2032 3088 eo
2055 3034 2319 3088 Romanus
2352 3035 2586 3109 pontifex
2625 3035 2840 3103 eliget-er
2863 3035 3008 3106 (205)
3036 3054 3048 3088 :
3071 3051 3218 3105 quem
3250 3038 3357 3090 scio

174 3098 409 3197 ugax,et
440 3128 681 3198 prudens
708 3128 778 3181 ab
814 3126 1068 3180 omnibus
1113 3098 1513 3179 existimaretur
1542 3143 1554 3176 :
1591 3122 1702 3177 Ro—
1729 3098 1770 3155 θ
1802 3122 1936 3176 nihil
1975 3123 2118 3191 juris
2161 3125 2217 3177 in
2246 3098 2544 3193 huiusmodi
2577 3098 2824 3178 electione
2870 3098 3054 3178 habere
3119 3125 3208 3178 sed
3243 3142 3356 3178 eam

173 3229 298 3269 mam
326 3217 392 3272 ab
411 3219 602 3272 eodem
643 3217 838 3270 abbate
864 3230 966 3269 suo
991 3214 1192 3268 missus
1220 3221 1324 3276 est,
1347 3221 1408 3264 ut
1429 3219 1703 3264 monaste—

171 3304 230 3359 rii
273 3314 324 3362 et
366 3306 804 3378 congregationis
862 3303 1236 3357 Cluniacensis
1301 3301 1513 3369 negotia
1559 3300 1701 3368 apud

171 3394 495 3460 apostolicam
540 3393 723 3448 sedem
759 3398 1088 3460 percuraret.
1136 3387 1235 3442 Diu
1258 3393 1435 3442 autem
1485 3389 1540 3441 in
1585 3402 1704 3441 mo-

169 3482 384 3536 nasterio
425 3483 670 3552 ejusdem
711 3479 1143 3552 congregationis
1193 3488 1505 3534 sanctorum
1558 3477 1704 3532 Lau-

171 3571 310 3625 rentii
349 3581 402 3627 et
448 3571 711 3642 Stephani
755 3579 907 3625 extra
942 3585 1130 3625 muros
1166 3568 1327 3624 Urbis
1360 3569 1704 3623 laudabiliter

169 3660 316 3716 vitam
356 3665 617 3732 transegit
645 3663 935 3716 Benedicto
965 3660 1112 3731 (199)
1147 3660 1217 3713 IX
1244 3660 1400 3714 Rom.
1427 3660 1699 3730 pontiﬁce,

169 3765 264 3818 quo
291 3760 522 3821 tempore
545 3751 781 3805 maxima
816 3749 1181 3804 familiaritate
1207 3766 1341 3805 usus
1369 3759 1451 3804 est
1478 3749 1702 3804 Joannis

172 3836 393 3894 Gratiani
447 3838 506 3894 S.
565 3837 629 3893 Β.
682 3838 743 3892 Ε.
793 3839 1102 3904 cardinalis,
1152 3834 1206 3892 et
1251 3838 1699 3905 archipresbyteri

173 3926 221 3981 S.
244 3927 458 3985 Joannis
489 3938 614 3984 ante
665 3937 879 3999 portam
920 3927 1195 3990 Latinam,
1229 3926 1323 3996 qui
1366 3934 1552 3994 postea
1592 3924 1700 3979 Ro-

171 4033 341 4072 manus
390 4020 653 4089 pontifex,
695 4019 871 4072 tribus
911 4016 1272 4072 schismaticis
1304 4016 1696 4081 abdicantibus,

169 4093 342 4172 factus,
370 4107 517 4178 (200)
547 4107 841 4177 Gregorius
864 4105 931 4160 Vl
961 4108 1260 4178 appellatus
1300 4113 1401 4161 est.
1437 4094 1536 4160 llic
1579 4103 1696 4159 Hil-

167 4194 476 4253 debrandum
495 4251 499 4259 _
513 4198 628 4268 jam
652 4198 1002 4263 monachum,
1022 4200 1255 4268 propter
1287 4195 1405 4262 ejus
1431 4193 1702 4248 suavissi-’

167 4298 272 4340 mos
291 4302 484 4350 mores,
516 4286 880 4356 prudentiam,
904 4269 1066 4354 atque
1086 4281 1458 4337 admirabilem
1490 4280 1694 4338 doctri-

1801 3212 1870 3263 ad
1899 3227 1984 3264 vos
2007 3212 2164 3270 libere
2190 3215 2462 3281 pertinere.
2495 3213 2612 3266 Huc
2634 3223 2806 3267 autem
2834 3230 2936 3267 non
2959 3215 3020 3267 ob
3041 3214 3202 3267 aliam
3226 3231 3355 3266 cau-

1798 3315 1914 3353 sam
1947 3302 2078 3366 ueni,
2101 3287 2259 3380 quam
2281 3309 2340 3364 ut
2361 3302 2730 3373 apostolorum~
2753 3303 2939 3356 limina
2964 3305 3248 3356 visitarem.
3273 3302 3354 3356 Et

1797 3390 2043 3459 quoniam
2082 3390 2191 3445 [uec
2237 3390 2526 3459 apostolica
2560 3391 2724 3454 sedes,
2755 3391 2871 3459 jam
2904 3391 2997 3444 diu
3027 3398 3233 3460 pastore
3263 3408 3354 3445 va-

1799 3479 1954 3544 cavit,
1980 3496 2094 3546 eam
2116 3479 2340 3550 amplius
2362 3482 2440 3534 sic
2462 3496 2668 3534 manere
2698 3497 2799 3533 non
2843 3479 3069 3549 expedit.
3109 3478 3354 3550 Quapro-

1797 3579 1910 3638 pter
1928 3586 2016 3624 vos
2051 3585 2221 3624 omnes
2249 3564 2448 3644 hortor,
2475 3579 2525 3624 et
2547 3587 2748 3636 moneo,
2771 3579 2848 3637 ut,
2874 3570 3019 3624 nulla
3047 3571 3354 3641 interposita

1799 3667 1966 3725 more,
2002 3659 2245 3713 idoneum
2266 3647 2820 3737 uobisquamprimum
2843 3660 3050 3730 eligatis
3070 3669 3350 3730 pastorem,

1796 3758 1847 3804 et
1870 3751 2184 3818 episcopum.
2226 3746 2419 3802 Statim
2449 3758 2628 3804 autem
2661 3748 3003 3803 Hildebrandi
3030 3749 3256 3803 consilio
3283 3750 3352 3804 ab

1797 3839 2052 3892 omnibus
2081 3839 2350 3908 episcopis
2389 3836 2774 3902 cardinalibus,
2808 3818 3123 3908 ueterisque
3156 3839 3360 3901 nobiliv,

1795 3927 1898 3982 bus
1926 3929 1976 3982 ei
2002 3943 2327 3998 responsum
2361 3935 2445 3982 est
2472 3945 2485 3981 :
2512 3936 2564 3982 te
2598 3944 2790 3995 unum,
2819 3936 2873 3983 et
2904 3944 3013 3983 non
3048 3928 3212 3982 alium
3255 3944 3351 3982 vo-

1795 4017 1995 4084 lumus,
2043 4027 2204 4089 atque
2257 4018 2313 4071 in
2364 4016 2668 4071 Romanum
2726 4019 3030 4086 pontiﬁcem
3078 4019 3343 4086 eligimus.

1796 4105 2054 4176 Tuncque
2099 4107 2513 4161 archidiaconus
2560 4105 2617 4158 S.
2671 4107 2735 4157 Β.
2788 4105 2848 4158 Ε.
2897 4119 3045 4157 more
3080 4106 3346 4172 majorum

1793 4196 2044 4249 clamavit
2077 4214 2089 4248 :
2122 4195 2419 4249 B.unonem
2479 4194 2774 4265 episcopum
2824 4194 2888 4247 Β.
2938 4192 3127 4247 Petrus
3171 4195 3345 4264 elegit.

1794 4282 2038 4354 Dumque
2066 4286 2244 4340 omnis
2271 4285 2471 4351 clerus,
2498 4292 2553 4338 et
2572 4284 2804 4354 populus
2848 4283 2952 4338 hoc
2993 4285 3168 4352 ipsum
3211 4300 3344 4337 con-

168 4390 296 4440 nam,
323 4377 552 4431 maxime
573 4376 847 4445 diligebat.
887 4374 964 4428 Eo
1000 4381 1180 4428 autem
1206 4372 1260 4426 in
1290 4371 1518 4426 concilio
1546 4368 1691 4440 (201)
1728 4422 1768 4445 η
1795 4374 2071 4441 clamaret,
2105 4375 2286 4429 statim
2331 4375 2400 4429 ab
2441 4375 2696 4432 omnibus
2729 4382 2916 4443 raptus
2951 4373 3005 4426 in
3045 4371 3345 4425 Pontiﬁcali

169 4456 682 4536 Sutriilcongnegato,
707 4481 775 4520 ex
804 4465 1125 4520 aucioritate
1157 4461 1374 4517 Henrici
1399 4459 1692 4530 Imperato-
1730 4456 1768 4475 ¹¹
1795 4466 1934 4532 solio
1954 4467 2248 4521 collocatus
2281 4475 2390 4532 est;
2422 4474 2768 4519 consecratus
2789 4470 2874 4516 est
2895 4469 3072 4514 autem
3095 4459 3344 4514 Pontifex

168 4553 234 4608 ria
255 4553 316 4608 ΙΙΙ
347 4558 660 4627 pontiﬁcatu
698 4541 932 4625 privato,
966 4555 1086 4622 ejus
1107 4566 1214 4607 non
1241 4553 1523 4607 immemor
1555 4551 1694 4604 ami—
1794 4555 1862 4608 ab
1915 4556 2181 4625 episc0pis
2224 4555 2609 4616 cardinalibus,
2642 4560 2696 4605 et
2726 4551 3023 4605 diademate
3058 4547 3113 4603 S.
3160 4548 3226 4602 R.
3276 4549 3337 4604 E.

165 4643 306 4710 citize,
335 4655 389 4699 et
420 4645 822 4709 beneﬁciorum,
868 4641 1293 4712 ipsum'secutus
1326 4651 1410 4697 est
1435 4640 1694 4710 usquead
1792 4644 2074 4698 rellmitus
2104 4644 2288 4698 Romae
2331 4645 2383 4696 in
2428 4641 2649 4695 basilica
2692 4640 2747 4694 S.
2784 4640 2928 4695 Petri
2972 4641 3026 4694 in
3067 4629 3338 4703 Vaticano,

165 4731 668 4789 suumCluniaeenae
687 4729 1100 4798 monasterium,
1123 4731 1266 4801 quod
1282 4730 1351 4782 ab
1370 4729 1694 4796 lmperatore
1792 4734 2093 4788 astantibus
2145 4733 2292 4786 clero
2338 4741 2393 4786 et
2425 4731 2642 4800 populo,
2695 4733 2782 4785 die
2835 4730 3114 4784 Dominica
3165 4730 3338 4797 prima

167 4813 395 4885 Henrico,
417 4819 619 4876 vitandi
646 4819 958 4875 schismatis
990 4834 1178 4884 causa,
1209 4818 1474 4886 relegatus
1497 4814 1690 4879 fuerat,

1799 4821 2224 4891 Quadragesimze
2239 4809 2421 4892 pridie
2458 4822 2581 4875 idus
2610 4817 2910 4883 Februarii,
2947 4813 3089 4872 anno
3126 4817 3340 4873 Domini

169 4907 247 4962 ubi
292 4925 396 4966 non
447 4912 602 4981 longe
637 4919 779 4993 post,
815 4910 1106 4980 Gregorius
1139 4901 1255 4977 ipse
1296 4907 1463 4961 animi
1511 4905 1693 4960 dolore

1799 4915 1938 4978 1059,
1989 4913 2208 4982 Leoque
2256 4911 2324 4964 1X
2368 4913 2664 4980 appellatus
2711 4918 2809 4963 est.
2860 4908 3010 4964 Sedit
3070 4919 3250 4966 autem
3287 4911 3344 4966 in

167 4997 421 5056 adfectus
453 5001 596 5054 diem
629 4997 825 5084 elatisit
854 5008 1173 5055 extremum.
1576 5083 1615 5084 ᾗ
1735 4998 1741 5021 ⁵
1783 5004 2073 5073 apostolica
2095 5004 2220 5058 sede
2243 5018 2414 5056 annos
2439 5018 2489 5064 v,
2517 5013 2729 5054 menses
2757 5016 2816 5064 ιι,
2839 4999 2955 5054 dies
2985 5018 3099 5056 vm.

220 5083 447 5161 misit
463 5105 592 5146 vero
623 5096 684 5143 ut
724 5083 912 5143 eodem
946 5103 1090 5142 anno
1115 5086 1265 5156 prior
1298 5085 1531 5140 cmnobii
1561 5083 1693 5136 Clu-

1853 5093 2211 5156 Consecratus
2240 5091 2402 5158 igitur
2431 5089 2689 5158 pontifex,
2722 5091 2897 5160 ipsum
2926 5090 3344 5147 Hildebrandum

167 5175 434 5250 iace-aia,
476 5197 598 5252 qna
634 5179 869 5236 secunda
901 5185 1023 5248 post
1055 5177 1302 5232 abbatem
1333 5177 1564 5246 dignitas
1589 5184 1690 5241 εει,
1782 5182 2126 5246 monachum,
2187 5179 2344 5249 cujus
2391 5195 2526 5234 sano
2572 5180 2800 5234 consilio
2836 5180 2949 5232 hzec
2984 5178 3163 5232 omnia
3205 5177 3345 5234 facta

251 5368 366 5435 197)
395 5369 472 5428 Ita
495 5371 721 5434 Baron.,
751 5385 877 5424 ann.
921 5370 1078 5435 1073,
1103 5385 1252 5424 num.
1288 5368 1372 5422 16.

2038 5353 2170 5435 Yidc
2202 5353 2422 5435 Earum,
2453 5351 2608 5405 1046.

251 5368 314 5426 10
395 5369 472 5428 Ita
495 5371 721 5434 Baron.,
751 5385 877 5424 ann.
921 5370 1078 5437 1073,
1103 5385 1252 5424 num.
1288 5368 1372 5422 16.

397 5439 472 5496 De
503 5441 611 5496 hoc
639 5438 852 5494 somnio
889 5440 965 5493 nil
997 5439 1309 5504 Baronius;.
1341 5435 1575 5490 fabulam
1599 5449 1690 5497 re-

197 5511 300 5562 ιιι.
327 5515 386 5562 ιι
407 5517 555 5562 recte
582 5507 787 5562 iudicat
809 5505 1137 5562 Onunhrius.
1538 5535 1541 5537 ί

1873 5355 1969 5408 201
2038 5353 2170 5408 Vide
2203 5353 2422 5416 Baron.,
2453 5353 2608 5405 1046.

1873 5424 1978 5478 202
2039 5424 2178 5492 Lege
2201 5422 2419 5485 Baron.,
2449 5435 2592 5472 anno
2617 5418 2769 5471 1049.
2932 5468 2939 5472 ,
3218 5482 3228 5492 ο
3256 5482 3258 5484 ν

1851 5353 2176 5562 ἓὲυδξιΝἱΙιὶι
2223 5491 2361 5559 juris
2417 5489 2577 5542 habet
2629 5488 2920 5556 imperator
2975 5504 3026 5538 In
3080 5485 3258 5537 electio

173 5485 1258 5578 ἵκῖᾱζῖυἷιῖἆῖὖυῖᾦιῦἷάῖέ
1275 5485 1309 5503 ’”
1341 5485 1424 5490 Ἦ
1438 5485 1574 5537 mf“
1599 5485 1618 5497 Γ
1638 5485 1656 5488 ⁷

229 5572 365 5632 ﬂ”)
391 5574 514 5632 iniit
540 5576 862 5632 Benedictus
886 5575 1262 5632 Pontiﬁcatum
1285 5590 1428 5629 anno
1467 5570 1618 5625 10.10.

1851 5485 2176 5614 (20?):Niliil
2223 5491 2361 5559 juris
2417 5489 2577 5542 habet
2629 5488 2920 5556 imperator
2975 5504 3026 5538 In
3080 5485 3342 5537 electione

1799 5572 1928 5617 )Ollll
1954 5578 2070 5616 ms.

1285 5590 1435 5638 anno,
1467 5535 1618 5625 10.10.

397 5641 612 5702 Electus
634 5661 777 5702 anno
813 5643 964 5700 1011.
1215 5665 1217 5668 ⁴

397 5641 612 5730 metus
634 5661 777 5702 anno
813 5643 964 5700 1041.
1215 5665 1217 5668 ⁴
