3902 6374
1673 444 1726 497 S.
1767 437 2065 496 1211121301ὶί

2199 435 2283 491 γιι
2321 433 2514 488 l'.‘.i‘.‘i.
3612 421 3711 474 {3‘5

427 603 434 609 τ
472 585 706 643 fuerant,
739 575 1130 632 subdiaconmu
1155 564 1510 630 cardinalcm,
1541 559 1821 616 custodem
1847 554 2036 610 altaris
2068 556 2110 609 Α
2135 565 2199 603 c-x
2226 550 2323 602 ‘his
2360 566 2418 602 sc
2441 541 2785 599 Simoniatos
2821 539 2988 594 fuisse
3009 537 3244 592 confessi
3268 536 3380 592 sint
3421 543 3476 589 et
3497 533 3714 603 cpisco-

474 675 530 726 ὃ.
559 671 700 726 l'etri
721 665 949 738 apostoli
982 662 1040 716 ὃ.
1080 659 1145 713 ll.
1183 657 1244 710 li.
1276 667 1644 715 teconontum,
1675 659 1835 718 atque
1870 635 2049 702 abba-3
2139 639 2376 710 Ρῧῑίυυδο
2411 651 2553 706 ⁸11³0³
2585 641 2852 697 emeram»
2874 627 3261 684 ειωίείιτετίιηο

2443 737 2447 738 ν
2671 723 2683 738 .
2799 717 3261 738 .-μυεηηέμ

475 777 580 817 tem
627 713 943 816 umuasterii
989 754 1045 807 S.
1094 750 1245 805 l‘auli
1299 757 1451 802 extra
1505 759 1692 798 muros
1747 738 1906 794 L'rbis
1949 739 2034 793 via
2206 729 2491 784 Cclcbrata
2515 723 2744 796 synodo,
2763 729 2817 775 ct
2836 717 3221 776 ecclesiasticis
3254 713 3486 784 negotiis
3516 725 3744 782 ungua,

473 855 709 909 ωηιὶιιιιδὶ
743 849 945 907 creavit
973 865 983 900 :
1009 845 1166 914 cujus
1203 850 1388 911 postea
1432 836 1696 900 consiliis,
1747 842 1801 887 et
1851 841 2039 887 aucto.

476 953 633 1002 nitate
660 946 713 999 in
739 941 1182 996 omnihustolum
1204 935 1313 986 fere
1340 929 1688 1001 pontificatus
1716 923 1802 980 sui
1827 931 2039 992 tempus

477 1037 754 1106 transegit.
783 1035 865 1088 Ab
896 1049 962 1086 eo
1004 1028 1149 1082 enim
1185 1022 1511 1083 admonitus,
1550 1021 1738 1074 beatus
1777 1013 2038 1086 pontifex,

478 1131 617 1183 inter
664 1105 770 1181 alia
821 1124 1010 1184 multa,
1046 1135 1167 1188 qua:
1197 1116 1341 1180 fecit,
1370 1113 1635 1186 synodum
1660 1123 1876 1180 quoque
1902 1105 2042 1161 cele-

479 1221 672 1282 hravit,
703 1219 757 1272 in
785 1231 899 1286 qua
917 1214 1171 1283 pleraque
1194 1217 1384 1263 contra
1421 1211 1680 1258 uxoratus
1709 1198 2040 1260 sacerdotes,

477 1321 529 1366 et
562 1309 904 1364 Simoniacos
927 1303 1212 1372 episcopos
1236 1299 1451 1352 decreta
1475 1300 1679 1348 statuta
1701 1299 1846 1346 sunt.

549 1401 626 1458 lio
682 1413 811 1455 vero
848 1405 1096 1457 lltOt‘l'Jo,
1148 1380 1955 1443 llildelu'andussubdiaconus
2011 1397 2043 1436 a

478 1496 577 1547 τινι
590 1511 644 1557 o,
661 1499 872 1550 senatu,
891 1479 1464 1556 populoque.lioiuano
1487 1477 1715 1546 legatus,
1731 1473 1796 1529 ad
1815 1473 2045 1541 impera-

481 1597 652 1639 torem
709 1595 908 1636 missus
949 1585 1053 1640 est,
1101 1582 1158 1628 ut
1213 1585 1414 1626 novum
1459 1568 1529 1622 ab
1573 1567 1692 1636 ipso
1737 1562 2043 1634 pontiﬁcem

483 1674 780 1744 ι-υεςιιιιιπρι
805 1689 816 1724 :
841 1685 872 1724 ιι
895 1683 1004 1738 quo
1025 1681 1150 1720 cum
1197 1662 1346 1730 (201)
1373 1657 1725 1714 Gcbchardtts
1759 1656 2047 1736 cpiscopus

484 1732 878 1820 :\icltstateltsis
927 1758 1151 1820 electus,
1206 1751 1500 1820 Victorque
1539 1747 1580 1801 ll
1625 1732 1927 1816 appellatus
1959 1760 2049 1802 cs-

482 1865 596 1922 sct,
649 1869 775 1908 cum
836 1849 1065 1903 Romam
1111 1840 1542 1899 consecrandum
1595 1839 1821 1894 adduxit
1858 1856 1870 1891 :
1903 1823 2045 1906 apud

481 1962 642 2016 quem
669 1945 832 1999 etiam
862 1939 1178 2016 plurimum,
1211 1943 1345 1988 utet
1391 1930 1533 2001 apud
1565 1927 1800 1984 Leonem
1852 1926 1945 1992 IX,
1992 1926 2047 1980 in

481 2015 738 2092 onmibus
770 2015 960 2095 valuit,
996 2037 1107 2084 erat
1142 2015 1298 2081 enim
1344 2024 1430 2079 vir
1470 2037 1654 2076 rerum
1688 2019 2046 2090 gerendarum

484 2129 672 2198 ιιιιιοὶιίει
697 2125 848 2180 valde
868 2123 1049 2179 clarus
1075 2139 1086 2172 :
1111 2118 1197 2172 cui
1215 2117 1378 2172 etiam
1400 2112 1692 2170 maximam
1711 2110 2045 2182 religionem,

485 2221 714 2289 vinoque
747 2213 1147 2272 observantiam
1183 2209 1522 2280 adjunxerat.
1887 2206 1903 2222 ’

555 2309 684 2366 Post
698 2308 905 2364 obitum
929 2303 1160 2359 Victoris
1186 2301 1227 2354 11
1252 2299 1449 2370 dignus
1474 2298 1720 2370 liuiuaqo
1736 2293 2050 2366 pontiﬁcatu

487 2419 516 2456 a
537 2403 663 2457 lhue
703 2398 1068 2454 subdiaconus
1102 2392 1444 2448 existimatus
1475 2399 1576 2444 est.
1604 2387 1804 2442 Verum
1842 2399 1967 2441 cum
2001 2383 2052 2437 ei

491 2493 796 2562 Stephanus
822 2503 958 2558 papa
1001 2484 1069 2538 ιχ
1099 2483 1247 2556 (203)
1294 2482 1575 2552 praelatus,
1602 2477 1881 2533 Romanus
1914 2489 2053 2544 pon-

489 2583 620 2637 tifex
644 2591 860 2636 creatus
891 2586 1055 2642 esset,
1105 2575 1247 2644 apud
1298 2588 1424 2636 eum
1456 2585 1675 2641 quoque
1718 2569 1773 2622 in
1819 2567 2055 2622 maxima

491 2675 814 2730 auctoritate
863 2669 992 2736 fuit;
1025 2684 1055 2722 a
1093 2683 1223 2738 quo,
1254 2663 1566 2720 Simoniaca
1609 2659 1730 2716 labe
1773 2659 1981 2714 Italiam
2004 2665 2059 2710 et

489 2766 719 2820 Galliam
756 2769 1100 2834 pervagante,
1130 2758 1278 2828 (206)
1311 2754 1618 2826 apostolica:
1661 2750 1805 2806 sedis
1851 2750 2059 2820 legatus

496 2859 698 2913 missus
728 2863 810 2910 est
841 2853 893 2906 in
937 2850 1140 2906 Gallias
1175 2863 1298 2903 cmn
1326 2844 1650 2917 quibusdam
1677 2839 1968 2911 episcopis,
1999 2847 2061 2891 ut

495 2949 724 3020 synodo,
757 2962 922 3017 quam
955 2952 1144 3000 contra
1174 2939 1425 3009 prmlatos
1453 2934 1792 2990 Sintoniaeos
1816 2931 2061 3000 Lugduni

497 3053 824 3110 congregare
859 3036 1119 3107 jusserat,
1159 3029 1453 3101 apostolica
1499 3021 1614 3082 vice
1649 3025 1978 3097 prmsideret.
2004 3023 2062 3078 lu

497 3149 605 3203 qua
635 3131 842 3202 synodo
890 3129 1124 3183 maxime
1169 3123 1516 3178 llildehrandi
1561 3121 1734 3174 vittas
1776 3117 1968 3173 enituit
2011 3126 2066 3171 et

2137 835 2264 876 cum
2288 815 2627 890 providentia
2651 809 2942 876 ordinatis,
2975 807 3044 864 ad
3079 805 3282 862 Urbem
3317 817 3574 860 reversus
3607 812 3715 856 est.

2139 909 2291 965 Tune
2317 925 2346 964 a
2373 922 2512 980 papa
2535 903 2684 976 (207)
2709 900 2986 972 Stephano
3012 896 3078 951 IX
3109 905 3231 968 post
3263 893 3506 950 solemne
3528 908 3722 949 sacra-

2141 1011 2408 1064 tnentum,
2430 997 2636 1067 dequo
2671 994 2726 1048 in
2755 992 2876 1062 ejus
2925 987 3046 1042 Vita
3091 986 3424 1042 mentionem
3459 980 3724 1048 fecimus,

2139 1093 2189 1146 ci
2215 1091 2286 1146 ab
2317 1088 2575 1145 onmibus
2597 1081 2869 1155 episcopis
2898 1089 2955 1137 et
2995 1075 3364 1135 eardinalibus
3383 1071 3723 1144 prastitum,

2141 1181 2342 1245 de.non
2369 1174 2620 1248 eligendo
2651 1171 2899 1226 Romano
2929 1167 3204 1240 pontiﬁce,
3236 1163 3283 1220 si
3315 1178 3374 1219 sc
3402 1161 3549 1217 mori
3580 1176 3726 1214 cou-

2143 1270 2374 1341 tigisset,
2404 1267 2578 1322 donec
2614 1258 3036 1325 llildebrandus,
3073 1255 3169 1328 qui
3208 1264 3338 1310 tunc
3375 1251 3443 1308 ad
3481 1251 3730 1320 impera-

2143 1371 2320 1416 torem
2347 1342 2508 1427 super
2543 1357 2650 1411 hoc
2681 1352 2901 1424 negotio
2930 1348 3265 1411 mittebatur,
3291 1343 3563 1405 rcdiissct,
3590 1357 3730 1410 apo—

2143 1451 2349 1507 stolica:
2375 1447 2521 1504 sedis
2558 1437 2767 1516 legdtus
2789 1442 2858 1497 ad
2881 1441 3285 1510 imperatorem,
3308 1443 3364 1490 et
3387 1433 3508 1506 ejus
3549 1431 3729 1486 ﬁlium

2145 1539 2541 1594 adolescentem
2575 1533 2870 1590 llenricum
2903 1527 2970 1584 ιν
3009 1529 3210 1583 missus
3237 1534 3340 1583 est.

2215 1630 2352 1687 Cum
2383 1637 2564 1684 autem
2595 1623 2782 1681 audita
2837 1619 3100 1690 Stephani
3135 1617 3204 1672 IX
3239 1625 3414 1671 morte
3446 1611 3729 1668 rediissvt.

2148 1713 2436 1770 Benedicto
2467 1710 2534 1777 Χ,
2558 1711 2653 1781 qui
2697 1717 2819 1779 post
2845 1720 2972 1761 eum
3020 1701 3377 1774 apostolicam
3407 1699 3592 1754 sedem
3645 1697 3736 1751 in-

2147 1811 2383 1868 vaserat,
2413 1801 2533 1872 ejus
2562 1799 2886 1854 auctoritate
2912 1796 3194 1866 abrogato,
3223 1793 3370 1865 (2‘08)
3397 1792 3666 1848 Nicolaus
3689 1789 3734 1843 ll

2083 1912 2125 1966 Β
2151 1889 2393 1963 pontifex
2439 1886 2713 1942 maximus
2776 1883 3124 1939 renuntiatus
3152 1891 3237 1939 cst
3275 1900 3287 1936 :
3323 1881 3421 1952 qui
3477 1880 3738 1934 beneﬁcii

2146 1999 2385 2048 memor,
2437 1979 2582 2051 quod
2625 1977 2772 2034 enim
2826 1974 3071 2046 pontifex
3120 1973 3402 2029 Romanus
3443 1981 3614 2036 esset,
3655 1972 3736 2024 illi

2147 2083 2428 2144 acceptum
2475 2068 2764 2134 referebat,
2797 2067 2976 2136 ipsum
3021 2074 3146 2136 post
3169 2063 3452 2130 Mincium,
3483 2061 3542 2116 S.
3568 2061 3642 2116 R.
3671 2060 3736 2115 Ε.

2149 2162 2594 2219 archidiaeouum
2626 2155 2850 2214 ereavit.
2877 2156 3033 2226 Apud
3068 2151 3349 2209 Nicolaum
3374 2153 3554 2222 ipsum
3577 2159 3753 2218 tanta

2150 2247 2344 2326 gfatia,
2375 2261 2431 2308 et
2463 2249 2788 2306 auctoritate
2817 2246 3006 2312 valuit,
3040 2255 3099 2299 ut
3129 2243 3265 2300 nihil
3312 2259 3378 2298 eo
3420 2243 3745 2298 inconsulto

2153 2360 2391 2414 unquam
2429 2339 2670 2413 pontifex
2702 2337 3025 2394 decreverit.

2223 2434 2345 2500 Quo
2379 2441 2618 2496 mortuo,
2651 2427 3037 2485 ecclesiastica:
3071 2424 3340 2480 libertatis
3359 2410 3593 2487 anxius,
3629 2421 3749 2476 Ro-

2155 2523 2305 2580 mani
2353 2518 2627 2592 pontiﬁcis
2654 2517 2994 2582 electionem,
3027 2530 3094 2569 ex
3131 2529 3299 2568 manu
3340 2512 3748 2582 imperatorum

2156 2617 2366 2685 eripere
2394 2613 2507 2684 jam
2547 2611 2818 2680 aspirans,
2857 2607 3132 2662 maximus
3177 2614 3371 2660 auctor
3401 2603 3523 2670 fuit,
3571 2612 3640 2658 ut
3688 2603 3749 2658 in

2157 2703 2422 2779 electione
2449 2699 2683 2756 Romani
2713 2696 2986 2768 pontiﬁcis
3018 2695 3260 2752 Ecclesia
3287 2691 3535 2748 Romana
3568 2691 3749 2747 liber-

2160 2803 2323 2849 tatem
2351 2807 2504 2847 suam
2523 2791 2637 2860 jam
2670 2790 2764 2846 diu
2787 2789 2841 2844 in
2871 2788 3134 2844 electione
3163 2801 3388 2844 suorum
3415 2783 3748 2856 pontiﬁcum

2161 2882 2418 2936 amissam
2471 2891 2793 2948 recuperare
2844 2875 3128 2947 inceperit.
3157 2874 3364 2932 Cadolo
3399 2874 3549 2929 enim
3601 2873 3750 2928 Par-

2163 2971 2336 3028 mensi
2377 2971 2655 3041 episcopo,
2693 2969 2788 3040 qui
2832 2969 2902 3022 ab
2954 2967 3282 3036 imperatore
3313 2963 3517 3019 electus
3542 2962 3749 3029 fuerat,

2164 3061 2446 3132 abrogato,
2497 3058 2646 3130 (209)
2703 3057 3022 3113 Anselmum
3067 3053 3380 3125 episcopum
3438 3050 3751 3107 Lueensem

2167 3140 2352 3204 Roma:
2381 3147 2568 3202 liberis
2611 3145 2970 3202 cardinalium
3014 3143 3289 3216 suffragiis
3319 3142 3444 3214 eligi
3472 3157 3752 3213 procon-

500 3223 708 3294 rcligio.
748 3220 1130 3276 liesidcntihus
1161 3215 1308 3270 cuitu
1344 3212 1597 3306 omnibus
1620 3208 2060 3306 archiepiscopis,
2091 3235 2132 3291 ο
2166 3237 2239 3292 νὴ
2267 3255 2280 3290 ε
2305 3237 2532 3306 ejusque
2569 3236 2685 3304 iam
2718 3234 2874 3290 electi
2931 3241 2986 3286 et
3013 3208 3323 3287 conseémﬁ
3357 3208 3544 3301 pgn’es
3576 3244 3752 3300 quam

499 3313 766 3384 episcopis
791 3355 806 3379 ,
859 3310 1145 3367 abbatibus
1189 3307 1244 3361 in
1299 3304 1531 3361 concilio
1570 3321 1583 3357 :
1622 3301 2065 3370 archiepiscopus

503 3407 724 3478 quidam
749 3405 830 3461 vir
853 3405 1121 3458 litteratus
1153 3408 1207 3454 et
1225 3399 1502 3468 eloquens,
1529 3394 1674 3464 quod
1697 3395 2067 3462 episcopatum

503 3499 727 3554 emisset
759 3505 1046 3552 accusatus
1076 3499 1178 3546 est.
1227 3489 1350 3554 Qui,
1379 3485 1633 3542 omnibus
1659 3483 2069 3539 accusatoribus

508 3591 624 3644 suis
636 3585 1153 3660 profusalargitioue
1180 3580 1471 3650 corruptis,
1501 3579 1554 3632 in
1579 3576 1842 3648 synodum
1859 3575 1962 3629 alia
1982 3575 2071 3630 die

443 3743 449 3753 Ι
509 3666 779 3746 reversus,
813 3693 1006 3748 magna
1056 3690 1182 3730 cmn
1227 3672 1452 3727 audacia
1474 3669 1608 3724 dixit
1635 3687 1646 3721 :
1677 3665 1906 3752 Ubinam
1945 3674 2074 3721 sunt

508 3781 853 3827 accusatores
891 3768 1030 3823 mei?
1060 3765 1298 3835 Surgant
1334 3763 1388 3817 in
1419 3761 1693 3832 publicum
1723 3743 1912 3812 contra
1953 3771 2068 3810 me:

509 3865 674 3920 modo
707 3862 1002 3933 prodeantr
1032 3857 1257 3913 Cunctis
1302 3863 1481 3911 autem
1535 3849 1856 3917 tacentibus,
1894 3846 2075 3902 Hilde-

512 3953 753 4012 larandus
781 3967 1030 4022 surgens,
1053 3959 1108 4006 et
1137 3965 1196 4005 se
1220 3949 1287 4002 ad
1313 3946 1462 4000 illum
1485 3950 1837 4022 convertens;
1869 3938 2073 4003 Credis,

515 4046 711 4116 inquit,
735 4044 1138 4113 archiepiscopo,
1167 4038 1425 4110 Spiritum
1450 4045 1690 4089 sanctum
1717 4019 1950 4102 ejusdem
1967 4045 2078 4085 esse

514 4152 633 4191 cum
669 4133 848 4197 Patre,
881 4132 1127 4202 Filioque
1159 4129 1493 4190 substantias,
1525 4135 1574 4178 et
1598 4122 1930 4177 divinitatis?
1952 4120 2076 4185 Cui,

513 4248 572 4284 se
594 4227 813 4282 credere
857 4222 1224 4295 respondenti,
1257 4219 1421 4284 dixit;
1451 4216 1576 4272 Dic:
1599 4214 1785 4270 Gloria
1826 4212 2005 4277 Patri,
2029 4218 2080 4264 et

523 4319 686 4382 Filio,
723 4328 772 4372 et
815 4316 1040 4387 Spiritui
1089 4324 1288 4368 sancto.
1345 4309 1591 4380 Cumque
1642 4305 2082 4376 archiepiscopus

518 4410 846 4466 versiculum
874 4408 1200 4468 inchoasset,
1230 4401 1412 4456 Gloria
1441 4409 1491 4456 et
1533 4399 1688 4454 Patri
1736 4407 1784 4453 et
1808 4395 1954 4450 Filio
1983 4410 2082 4450 ex-

521 4502 698 4572 pedite
723 4501 967 4555 diecbat:
992 4497 1106 4562 sed,
1137 4493 1368 4566 Spiritus
1401 4493 1573 4547 sancti
1599 4504 1788 4545 vocem
1824 4487 1972 4542 nulla
1997 4501 2084 4539 ra-

2167 3319 2400 3383 inaxime
2427 3334 2634 3381 tutatus
2655 3333 2756 3379 est.
2779 3322 2846 3378 Et
2870 3322 3042 3392 ipsius
3068 3319 3286 3376 tandem
3307 3334 3472 3390 opera
3489 3318 3753 3374 effectum

2167 3427 2270 3482 est,
2305 3427 2364 3490 ut
2409 3416 2556 3485 (210)
2613 3415 2852 3469 Cadolus
2885 3413 3022 3482 ipse,
3055 3411 3146 3482 qui
3187 3418 3400 3466 armata
3452 3424 3626 3462 manu
3669 3409 3756 3464 bis

2171 3505 2398 3560 Romam
2438 3512 2681 3570 venerat,
2727 3501 2911 3558 sedem
2938 3500 2996 3554 B.
3045 3499 3190 3555 Petri
3237 3507 3629 3569 occupaturus,
3669 3499 3756 3554 bis

2171 3594 2338 3649 armis
2385 3591 2588 3648 auxilio
2641 3591 2796 3646 ducis
2832 3588 3097 3646 Gotcfridi
3137 3603 3420 3659 repressas
3453 3587 3547 3654 sit,
3581 3597 3754 3658 atque

2173 3683 2315 3738 Urbe
2349 3681 2683 3753 fugatus:et
2724 3681 2944 3735 demum
2992 3679 3048 3733 in
3084 3678 3320 3732 concilio
3364 3674 3624 3741 Mantuae,
3679 3677 3752 3731 ob

2171 3791 2292 3831 eam
2320 3763 2554 3830 causam
2585 3779 2935 3844 congregato,
2983 3767 3335 3840 pontiﬁcatus
3367 3767 3418 3821 ei
3449 3781 3515 3820 ex
3555 3767 3756 3838 synodi

2173 3865 2442 3923 sententia
2468 3865 2760 3936 abrogatas
2786 3861 2970 3929 fuerit,
3007 3858 3681 3916 ordinatione'Alexandri
3713 3857 3758 3912 11

2175 3973 2327 4027 papa:
2361 3933 2680 4026 approbata,
2722 3963 2980 4022 tanquam
3017 3966 3140 4021 qua:
3180 3949 3438 4020 legitimis
3480 3948 3760 4020 suffragiis
3819 3933 3838 3946 κ

2176 4046 2319 4099 facta
2373 4043 2595 4108 fuisset;
2626 4040 2936 4096 Alexandro
2967 4053 3096 4092 vero
3127 4035 3194 4103 ll,
3243 4035 3644 4108 patrimonium
3694 4035 3755 4088 B.

2177 4134 2324 4188 Petri
2357 4133 2413 4186 in
2446 4131 2767 4201 Campania,
2804 4128 2952 4198 quod
2979 4124 3302 4181 Nortmanni
3325 4133 3756 4194 occupaverant,

2179 4225 2354 4280 accito
2392 4224 2531 4279 duce
2571 4220 2872 4286 Gotcfrido,
2915 4235 3041 4275 cum
3076 4217 3340 4290 ejusdem,
3383 4225 3438 4272 et
3480 4214 3762 4272 Mathildis

2181 4313 2472 4370 comitissa:
2503 4309 2851 4377 exercitibus,
2890 4308 3090 4380 fugatis
3117 4305 3492 4372 Nortmannis,
3535 4321 3762 4378 recupe-

2185 4406 2340 4462 ravit.

2255 4494 2405 4567 (211)
2456 4492 2764 4548 Alexandro
2811 4491 3030 4546 demum
3087 4487 3345 4544 Laterani
3391 4487 3501 4542 vita
3551 4487 3762 4555 functo,

521 4595 668 4648 tione
705 4589 948 4662 proferre
995 4601 1233 4656 unquam
1267 4585 1462 4655 potuit.
1499 4581 1745 4652 Cumque
1773 4578 2084 4647 frequenter
2117 4573 2159 4627 Ι)
2183 4585 2270 4640 die
2293 4584 2474 4638 οδίωε
2497 4583 2638 4652 ejus,
2663 4596 2788 4636 cum
2810 4588 2956 4636 esse;
2983 4579 3038 4633 in
3063 4579 3236 4636 sacris
3266 4578 3470 4634 [meris
3498 4577 3762 4634 οι-υιιίιίε-

525 4693 787 4754 t't-pt‘lt'l't‘l
807 4692 860 4736 et
881 4679 1013 4735 nihil
1039 4676 1342 4748 proﬁceret,
1355 4689 1692 4746 cognoscens
1713 4687 1772 4728 se
1797 4671 1980 4726 divino
1997 4669 2086 4740 ju-

524 4776 668 4830 dicio
697 4773 1028 4834 convictum,
1053 4769 1120 4823 ad
1143 4767 1305 4838 legati
1331 4765 1493 4836 pedes
1516 4779 1574 4820 se
1587 4762 2088 4833 projiciens,-erro-

525 4885 640 4923 rem
674 4881 832 4923 suum
885 4879 981 4934 per
1013 4860 1258 4915 ordinem
1305 4856 1592 4914 confessus
1625 4863 1746 4920 est;
1785 4868 1910 4908 cum
1964 4866 2092 4907 vero

527 4959 772 5013 mutiium
804 4954 1012 5027 judicio
1041 4951 1227 5006 statim
1261 4948 1554 5018 episcopali
1584 4959 1809 5002 munere
1833 4943 2094 4998 multatus

529 5060 692 5112 esset,
727 5049 908 5103 Gloria
942 5044 1118 5106 Patri,
1145 5053 1194 5098 et
1243 5041 1406 5105 Filio,
1443 5050 1492 5093 et
1531 5037 1756 5108 Spiritui
1793 5044 2002 5100 sancto,
2032 5034 2092 5088 li-

504 5143 659 5196 'lwra
682 5155 834 5206 voce,
869 5135 1188 5206 ctexpcdita
1219 5131 1544 5190 decantavit.
1580 5128 1735 5196 Quod
1777 5127 1980 5182 factum
2009 5139 2096 5180 re-

533 5234 710 5303 liquos
741 5230 990 5301 przelatos
1014 5225 1354 5282 Simoniacos
1396 5225 1530 5280 adeo
1569 5218 1878 5292 perterruit,
1905 5226 1963 5272 ut
1990 5231 2098 5270 xvu

631 5421 758 5476 201)
786 5420 929 5476 Lene
955 5420 1153 5476 Baron.
1185 5418 1344 5474 Anno
1379 5417 1516 5472 1051
1545 5425 1599 5471 ct
1637 5414 1790 5470 l035.

631 5431 736 5476 201
787 5431 860 5476 Le
899 5437 929 5476 e
956 5431 1153 5476 και-ου.
1185 5431 1344 5474 Ληηο
1379 5431 1516 5472 tum
1545 5431 1599 5471 ct
1637 5431 1690 5468 ιιυ

609 5431 761 5622 ὶ205ἒ
788 5439 1018 5548 χθῑτκ
1043 5489 1240 5572 ῌατοιι.
1274 5489 1432 5543 Anno
1457 5485 1614 5568 i058.
1685 5492 1690 5498 ‘

633 5562 739 5616 206
789 5559 916 5617 [hoc
957 5561 1270 5622 acetderunt
1315 5559 1416 5615 sub
1452 5555 1668 5610 \tctore.

633 5552 760 5624 206)
789 5559 916 5617 [hoc
957 5559 1270 5624 acciderunt
1315 5559 1416 5615 sub
1452 5555 1668 5610 Victore.
1691 5553 1760 5606 ~ll.
1800 5552 1926 5606 'Bar.
1958 5567 2106 5605 anno

541 5631 703 5696 1055,
739 5631 890 5686 ntnn.
931 5631 998 5686 15
1025 5639 1079 5686 et
1113 5644 1264 5698 seqq.

612 5689 761 5768 (207)
803 5700 924 5756 Βιιτ.
964 5702 1122 5755 Anno
1165 5689 1316 5762 l038,
1343 5699 1433 5766 qui
1485 5713 1594 5751 rem
1639 5695 1794 5758 aliter
1821 5708 1883 5746 ex
1931 5689 2109 5744 Leone.

543 5770 776 5826 (istiensi
813 5769 994 5824 refert.

619 5839 764 5907 (308‘
801 5840 922 5893 Nar.
959 5855 1100 5894 anno
1135 5837 1266 5892 [0:38
1293 5843 1339 5888 υς
1380 5833 1528 5888 tngo

2187 4673 2380 4738 simus,
2417 4681 2471 4726 et
2500 4671 2554 4726 in
2582 4670 2826 4725 Romana
2851 4668 3116 4735 Ecclesia,
3146 4676 3228 4722 tot
3258 4667 3579 4736 pontiﬁcum
3604 4681 3766 4738 supc-

2191 4769 2396 4824 riorum
2441 4773 2704 4834 tempore,
2743 4762 2894 4816 omni
2939 4761 3200 4814 virtutum
3247 4771 3446 4828 genere
3475 4757 3765 4813 celeberri-

2192 4873 2335 4921 mus,
2391 4853 2638 4909 omnium
2685 4849 3068 4914 cardinalium,
3133 4856 3188 4903 et
3236 4847 3368 4902 cieri
3393 4888 3410 4913 ,
3475 4847 3770 4917 populique

2196 4946 2426 5002 Romani
2460 4941 2730 5014 suffragiis
2754 4940 2958 5012 ingenti
2989 4938 3211 5011 gaudio,
3257 4945 3312 4990 ct
3353 4951 3590 4998 summa,
3633 4950 3766 4989 con-

2196 5035 2456 5105 cordique
2487 5032 2738 5088 omnium
2766 5031 3048 5086 voluntate
3090 5024 3330 5098 pontifex
3363 5023 3638 5079 maximus
3685 5039 3769 5077 re-

2198 5125 2479 5180 nuntiatus
2537 5131 2641 5190 est,
2705 5121 2857 5176 nullo
2913 5115 3259 5188 imperatoris
3343 5128 3612 5171 consensu
3678 5119 3769 5166 aut

2200 5217 2478 5273 voluntate
2521 5211 2867 5285 exspectatis.
2929 5209 3076 5280 (212)
3121 5207 3198 5262 Ex
3253 5223 3360 5278 qua
3415 5221 3476 5260 re
3531 5203 3770 5261 schisma

2213 5519 2218 5524 ι
2277 5476 2426 5537 (210)
2456 5479 2589 5534 Aliis
2615 5476 2903 5534 Cadatons.

2299 5543 2426 5604 211)
2463 5547 2585 5604 Bar.
2609 5548 2769 5603 Anno
2793 5544 2949 5600 1073.

2277 5413 2298 5688 l

2298 5413 2404 5468 209
2454 5409 2579 5464 Bar.
2619 5421 2762 5462 anno
2789 5406 2943 5470 1061.

2299 5481 2404 5537 210
2456 5479 2589 5534 Aliis
2615 5476 2903 5534 Cadatons.

2299 5543 2396 5604 211
2463 5547 2585 5604 Bar.
2609 5548 2769 5603 Anno
2793 5544 2943 5600 1073.

2300 5618 2408 5674 212
2460 5616 2596 5689 Haec
2631 5615 2877 5689 nonfuit
2915 5628 2943 5689 _t

2300 5604 2429 5674 212)
2460 5616 2584 5674 Haec
2631 5615 2877 5672 nonfuit
2924 5627 3052 5667 vera
3103 5623 3270 5665 causa
3313 5607 3648 5671 schismatis,
3682 5604 3769 5674 sed

2211 5671 2792 5814 obflina'tiqnflcnrici,
2838 5683 2930 5754 qui
2977 5682 3131 5736 initio
3176 5678 3496 5735 electionem
3532 5671 3769 5744 Gregorii

2213 5778 2270 5816 ra
2301 5775 2385 5814 am
2453 5766 2621 5813 aunt.

3782 31 3902 232 μη

3712 5791 3902 6348 J
