3902 6392
538 437 638 492 15υ

1690 435 1744 490 5.
1785 431 2176 494 CllEGOl‘illlS
2225 432 2304 481 νη
2345 429 2535 481 I’AI’A.

3625 415 3734 468 160

518 554 600 608 dri
638 551 679 606 11
715 569 808 623 per
845 554 1250 620 imperatorem,
1285 557 1338 600 et
1383 545 1641 599 (ladolum
1695 542 2026 612 [Cadaloum
2053 539 2073 607 1
2102 548 2146 601 Α
2175 549 2256 592 tos
2289 554 2418 593 suos
2455 552 2672 592 causam
2729 544 2781 587 tt
2814 534 3028 586 modum
3073 529 3347 587 electionis
3396 527 3464 582 de
3519 540 3580 582 se
3631 541 3738 594 per

519 643 656 696 facta
683 643 912 694 fuerant.
946 638 1192 691 Timebat
1217 636 1591 703 imperatorem
1616 629 2067 700 potentissimum,

517 729 787 797 juvenem,
822 727 1099 786 audacem,
1130 723 1358 776 maxime
1393 720 1625 773 ferocem
1661 717 1948 771 llenricnm
1981 714 2068 779 IV,

518 831 678 884 quem
705 815 844 866 haud
870 827 1176 881 passurum,
1207 820 1264 864 ut
1299 808 1508 876 imperii
1537 807 1680 876 (2H3)
1725 805 1852 874 jura
1885 804 2072 871 deper-
2118 862 2122 866 ι

518 905 706 966 deret,
761 903 1138 954 arbitrabatur.
1189 900 1427 966 Angebat
1478 907 1729 966 praeterea
1778 895 2070 956 hominem,

519 1007 678 1059 ψει-ιιι
702 990 927 1043 invisum
950 1005 1007 1041 se
1031 989 1175 1057 (ΞΠ)
1199 988 1382 1041 multis
1402 985 1701 1040 Germaniae
1722 983 2071 1052 ptincipibus,

519 1089 573 1132 et
619 1079 796 1146 magni
843 1077 1075 1131 nominis
1110 1077 1376 1144 episcopis
1433 1092 1489 1128 se
1530 1089 1648 1126 esse
1693 1070 2078 1141 cognoscebat.-

522 1166 671 1235 Smpe
695 1166 836 1219 enim
860 1167 960 1219 sub
981 1181 1088 1235 prae
1109 1165 1463 1218 leeessorihus
1501 1163 1614 1216 suis
1635 1161 1700 1214 ad
1737 1157 2075 1227 imperatoris

471 1247 475 1250 ’
520 1255 698 1308 aulam
723 1255 927 1323 legatus
958 1255 1179 1317 missus,
1213 1252 1499 1306 maximam
1535 1249 1922 1318 Episcoporum
1952 1263 2078 1301 con-

520 1353 755 1398 traxerat
798 1345 1154 1408 inimicitiam,
1185 1359 1480 1412 eorumque
1517 1343 1568 1394 in
1595 1358 1653 1394 se
1687 1341 1807 1394 odia
1833 1340 2073 1393 concita-

489 1439 495 1446 ’
520 1445 687 1501 verat,
713 1436 808 1504 qui
831 1437 990 1489 nimis
1012 1450 1188 1503 asper,
1216 1435 1479 1498 timet
1509 1431 1856 1487 ecclesiastici
1884 1429 2099 1500 rigoris

520 1527 673 1580 valde
713 1534 870 1579 tenax
911 1541 1034 1579 esse
1062 1526 1408 1580 crederetur:
1462 1533 1622 1591 atque
1652 1538 1716 1574 eo
1752 1520 1922 1589 magis
1947 1535 2078 1572 eon-

521 1617 854 1680 tristabatur,
887 1617 1030 1684 quod
1073 1617 1117 1671 si
1150 1630 1298 1668 occa:
1313 1614 1364 1668 io
1388 1614 1439 1665 in
1466 1612 1745 1681 pristinam
1781 1611 2078 1664 libertatem

524 1705 810 1758 reducendi
857 1702 1151 1758 Ecclesiam
1206 1703 1309 1757 hoc
1363 1712 1600 1769 tempore
1651 1699 1862 1755 sublata
1913 1710 2111 1766 esseu/

523 1808 864 1861 nequaquam
902 1793 1132 1861 amplius
1163 1799 1348 1859 postea
1373 1800 1583 1859 tempus
1609 1790 1687 1842 sic
1719 1795 2079 1858 opportunum

523 1883 705 1935 venire
757 1898 914 1951 posse
974 1881 1356 1935 arbitrabatur.
1419 1879 1552 1934 Nam
1606 1856 2080 1946 tunevimpcrator
2113 1856 2153 1910 Β

522 1969 833 2024 adolescens
867 1978 1001 2035 erat,
1032 1978 1086 2023 et
1107 1969 1346 2022 nondum
1372 1968 1526 2038 plane
1555 1968 1605 2020 in
1631 1966 1858 2034 imperio
1879 1963 2082 2017 confir-

525 2070 701 2114 matus
739 2078 751 2113 :
810 2059 1060 2113 maximis
1105 2073 1323 2127 quoque
1362 2059 1622 2111 bellorum
1672 2054 1976 2108 turbinibus
2028 2051 2081 2103 in

529 2150 761 2202 Saxonia
805 2149 1136 2210 vexabatur:
1185 2163 1324 2216 qtne,
1362 2155 1420 2199 ut
1455 2145 1518 2198 ad
1557 2145 1660 2196 alia
1709 2143 1948 2196 animum
1998 2141 2082 2193 in-

527 2237 786 2302 tenderet,
835 2252 958 2290 eum
1011 2235 1241 2316 inasiine
1282 2233 1638 2303 prohibebant
1681 2231 1848 2300 (2l8).
1898 2229 2084 2282 Plures

525 2331 669 2380 enim
701 2329 856 2397 primi
883 2309 1088 2382 ordinis
1135 2329 1235 2380 viri
1285 2327 1527 2381 Saxones
1559 2326 1626 2378 ab
1657 2342 1722 2377 eo
1759 2322 2082 2384 defecerant,

529 2418 844 2471 rebelliones
868 2417 1131 2470 maximas
1162 2416 1365 2480 moliti;
1415 2415 1516 2467 sibi
1553 2427 1680 2466 vero
1715 2427 1812 2466 nec
1844 2410 2084 2463 animum

529 2525 625 2563 nec
659 2510 800 2562 vires
823 2508 1100 2562 defuturas
1129 2507 1474 2562 existimabat
1516 2507 1580 2559 ad
1613 2506 1726 2559 haec
1749 2505 1945 2559 omnia
1965 2519 2086 2572 per-

529 2598 771 2650 ticienda.
821 2596 885 2650 Et
911 2597 1122 2666 quidem
1157 2597 1356 2664 optime
1400 2603 1622 2648 noverat
1671 2600 1930 2662 quantam
1973 2607 2086 2644 rem

531 2688 827 2752 moliretur,
854 2702 1015 2755 quam
1038 2687 1323 2750 diilieilem,
1353 2685 1599 2748 arduam,
1633 2692 1686 2737 et
1711 2682 2084 2751 periculosam.

531 2775 747 2830 Diilieile
791 2793 1004 2844 quoque
1057 2778 1106 2828 in
1164 2785 1438 2844 posterum
1485 2761 1598 2828 fore
1639 2774 1998 2838 existimabat,
2032 2781 2092 2825 ut

533 2864 807 2919 Romanus
839 2864 1076 2933 pontifex
1104 2864 1374 2933 quispiam
1402 2872 1564 2927 esset,
1600 2862 1691 2930 qui
1736 2862 1848 2914 hare
1885 2869 2090 2914 tentare

531 2955 771 3020 auderet,
807 2956 1341 3024 idque~superiorum
1389 2968 1610 3006 suorum
1654 2950 1916 3018 exeniplo.
1953 2948 2087 3002 Cum

533 3043 675 3094 enim
719 3023 994 3096 multoties
1022 3043 1296 3110 Stephano
1322 3041 1409 3104 IX,
1444 3040 1662 3093 Nicolao
1699 3038 1740 3090 ll
1774 3048 1827 3092 ct
1861 3023 2092 3091 Alexan-

511 3136 633 3192 -dro
672 3134 712 3187 ll
752 3136 1108 3205 persuasisset
1154 3144 1212 3189 ut
1265 3136 1377 3189 haec
1424 3134 1761 3198 molirentur,
1814 3146 2090 3200 nunquam

2169 627 2472 680 violentiam
2506 625 2872 678 liuiiianurum
2894 620 3048 691 facte
3070 613 3411 681 reniintiavit,
3445 627 3736 676 asserens,

2168 725 2222 770 et
2260 717 2305 770 si
2349 717 2550 770 electus
2591 722 2754 777 esset,
2793 713 2918 782 quia
2971 710 3150 780 populi
3197 708 3420 763 furentis
3452 702 3736 760 voluntati

2172 805 2422 859 resistere
2452 818 2557 856 non
2584 801 2868 871 potuisset,
2915 816 2972 853 se
3015 808 3190 852 tamen
3223 811 3498 864 nunquam
3527 807 3740 848 conse-

2171 894 2310 948 crari
2341 892 2597 955 voluisse,
2637 905 2733 944 nec
2770 888 2920 952 velle,
2972 902 3067 939 nec
3111 885 3451 955 pontificatus
3482 870 3739 935 admini-

2174 981 2486 1035 strationem
2509 994 2568 1033 se
2589 992 2822 1045 unquam
2845 985 3208 1042 accepturum,
3232 972 3333 1025 nisi
3360 970 3508 1039 prius
3529 967 3740 1037 ipsius,

2173 1070 2583 1137 Germaniazque
2637 1069 3009 1137 episcoporum
3054 1072 3107 1117 et
3158 1061 3456 1131 principum
3512 1057 3744 1110 adesset

2174 1175 2491 1216 consensus.
2523 1157 2697 1225 Atque
2736 1156 2804 1209 ob
2840 1169 2956 1208 eam
2992 1166 3231 1215 causam,
3263 1146 3676 1218 quamprimum
3710 1159 3743 1195 a

2175 1251 2392 1320 populo,
2420 1255 2541 1316 post
2573 1246 2890 1300 electionem
2922 1259 3096 1308 suam,
3140 1241 3274 1294 liber
3310 1239 3568 1304 dimissus
3605 1233 3743 1296 fuit,

2175 1337 2356 1393 statim
2389 1336 2654 1388 Albanum
2674 1331 3052 1386 extraUrbem
3075 1328 3421 1391 concessisse,
3447 1339 3513 1380 ne
3538 1330 3747 1378 contra

2177 1443 2381 1481 morem
2433 1427 2501 1479 ab
2551 1425 2739 1520 eodeni
2800 1422 2995 1492 populo
3050 1416 3468 1492 consecrationis
3527 1425 3748 1468 munus

2176 1518 2420 1586 accipere
2448 1518 2747 1585 cogeretur.

2245 1623 2462 1678 Litteris
2504 1630 2684 1676 autem
2725 1621 2839 1675 suis
2867 1620 2937 1674 ab
2968 1619 3287 1687 imperatore
3328 1612 3583 1683 acceptis,
3623 1607 3761 1680 θρίέ

2178 1726 2572 1782 scoparumque
2613 1717 2879 1764 conventu
2913 1713 3256 1776 congregato,
3291 1692 3572 1772 diligenter
3601 1698 3752 1752 Gre-

2179 1800 2314 1870 gorii
2351 1797 2439 1851 VII
2483 1797 2672 1852 electio
2717 1795 3018 1850 examinata
3070 1792 3170 1846 fuit
3209 1790 3376 1862 (221).
3420 1789 3558 1840 Cum
3606 1799 3752 1840 vero

2179 1889 2472 1958 imperator
2518 1899 2636 1939 eam
2691 1883 3002 1953 legitimam
3031 1895 3177 1945 esse,
3223 1878 3573 1942 omniumque
3627 1882 3751 1925 tam

2180 1977 2308 2032 cieri
2343 1990 2507 2045 quam
2544 1973 2724 2044 populi
2761 1971 2988 2025 Romani
3019 1967 3200 2022 liberis
3236 1963 3504 2034 suffragiis
3534 1959 3752 2013 factam

2180 2065 2346 2118 fuisse
2375 2063 2734 2132 cognovisset,
2762 2069 2871 2114 tam
2908 2060 3020 2128 ipse
3049 2070 3210 2125 quam
3255 2051 3433 2108 caeteri
3464 2048 3754 2118 principes

2181 2163 2352 2206 ratam
2395 2167 2513 2206 esse
2548 2151 2852 2214 voluerunt,
2901 2148 3059 2215 eique
3103 2147 3510 2198 consenserunt.
3562 2135 3755 2189 Fuere

2181 2251 2360 2296 autem
2409 2241 2461 2292 in
2505 2240 2597 2292 illo
2630 2245 2897 2292 conventu
2949 2234 3102 2288 multi
3149 2230 3447 2285 Germania:
3506 2224 3754 2296 praelati,

2182 2326 2414 2396 episcopi
2445 2334 2498 2380 et
2533 2326 2774 2388 alibates,
2807 2324 2921 2392 qui,
2949 2321 3096 2391 gravi
3149 2318 3403 2385 scrupulo
3455 2313 3754 2376 commoti,

2183 2420 2423 2474 eamdem
2454 2417 2767 2472 electionem
2803 2413 3180 2483 oppugnabant
3207 2411 3217 2462 ὲ
3243 2409 3334 2478 qui
3365 2406 3535 2477 ipsius
3560 2403 3756 2456 Hilde-

2184 2508 2374 2562 brandi
2399 2521 2596 2570 mores,
2621 2519 2707 2558 res
2730 2513 2926 2573 gestas,
2970 2498 3322 2554 intlexibilem‘
3356 2493 3752 2554 constantiam,

2185 2597 2638 2652 ferventissimum
2681 2595 2847 2648 divini
2902 2593 3122 2668 honoris
3165 2590 3357 2654 zelum,
3392 2596 3448 2641 et
3493 2595 3754 2639 tenacem

2185 2689 2446 2758 propositi
2493 2687 2575 2741 sui
2619 2685 2948 2740 voluntatem
2978 2697 3073 2752 per
3101 2681 3299 2734 multos
3344 2685 3487 2731 retro
3543 2688 3754 2738 annos,

2187 2778 2382 2845 quibus
2432 2776 2484 2828 in
2538 2775 2659 2828 aula
2710 2772 2972 2842 imperiali
3026 2778 3292 2833 versatus,
3345 2774 3453 2821 tarn
3495 2764 3757 2834 privatus

2188 2881 2350 2936 quam
2403 2865 2457 2918 in
2509 2862 2743 2932 publicis
2800 2860 2855 2914 S.
2915 2859 2977 2912 ll.
3014 2857 3074 2912 E.
3130 2855 3487 2927 legationibus
3542 2851 3755 2916 fuerat,

2189 2956 2386 3024 optimc
2409 2960 2685 3006 noverant.
2714 2949 2993 3002 Timebant
3025 2947 3166 3000 enim
3204 2960 3269 2998 ne
3303 2945 3385 3016 vir
3408 2939 3757 2995 vehementia

2189 3043 2408 3114 ingenii,
2447 3051 2498 3097 et
2524 3042 2665 3095 aeris
2698 3055 2823 3109 erga
2855 3038 3021 3091 Deum
3063 3035 3206 3101 fidei,
3235 3033 3476 3088 strictius
3509 3045 3610 3084 eos
3650 3043 3756 3100 pro

2191 3131 2524 3202 negligentiis
2547 3129 2660 3184 Suis
2689 3127 3009 3197 quandoque
3029 3125 3336 3189 discuteret,
3373 3121 3757 3214 ratiquemque

536 3225 649 3278 ltzec
680 3226 791 3293 ipsa
817 3235 1020 3280 tentare
1061 3227 1177 3281 ausi
1205 3226 1333 3288 sint,
1389 3226 1728 3293 imperatoris
1759 3223 1936 3275 omnia
1965 3238 2090 3290 pos-
2119 3197 2158 3250 C
2193 3223 2260 3276 ab
2290 3223 2368 3277 eis
2399 3223 2463 3276 de
2497 3196 2746 3291 gregibus
2789 3216 2890 3271 sibi
2916 3214 3218 3270 commissis
3242 3196 3529 3266 arctiorcni
3553 3196 3757 3280 exqui-

506 3394 509 3395 ν
536 3313 760 3367 sidentis
790 3316 1084 3382 potentiam
1114 3316 1288 3369 veriti.
1335 3313 1390 3368 Si
1433 3313 1576 3368 enim
1609 3313 1750 3366 sedn
1787 3310 2090 3364 Romanum

538 3402 848 3458 l‘ontilicem
876 3406 1182 3458 confirmari
1207 3421 1312 3458 non
1337 3403 1671 3471 contigisset,
1713 3401 1779 3456 de
1803 3400 2093 3454 Ecclesias-

540 3492 641 3544 tiea
694 3492 963 3556 libertate,
1012 3494 1078 3545 ad
1133 3509 1295 3562 quam
1355 3494 1480 3546 totis
1531 3491 1734 3545 viribus
1787 3488 2090 3552 anhelabat,

537 3591 714 3635 actum
739 3597 856 3636 esse
882 3583 1279 3649 arbitrabatur;
1316 3598 1438 3637 nam
1465 3598 1521 3637 se
1552 3596 1717 3635 unum
1754 3589 1904 3633 tanto
1937 3593 2094 3648 nego-

541 3674 616 3724 tio
647 3674 898 3727 idoneum
926 3690 1045 3729 esse
1076 3675 1316 3744 putabat.

611 3793 687 3848 Ne.
709 3795 870 3864 ig'tur
891 3795 1179 3864 aliquando
1210 3793 1578 3849 controversia
1614 3793 1790 3860 aliqua
1813 3789 1943 3844 oriri
1969 3804 2093 3858 pos-

540 3896 641 3947 set,
687 3888 830 3953 quod
871 3888 1049 3941 minus
1074 3888 1322 3956 legitimis
1357 3885 1626 3953 suffragiis
1656 3885 1856 3936 electus
1885 3891 1938 3934 et
1965 3895 2093 3932 con-

543 3985 783 4030 secratus
812 3973 1048 4044 pontifex
1075 3985 1234 4039 esset,
1279 3983 1332 4028 et
1359 3975 1497 4028 hanc
1527 3974 1595 4026 ob
1628 3985 1846 4029 causam
1872 3969 1937 4022 de
1962 3983 2094 4036 pon-

546 4066 746 4118 titieatu
789 4081 913 4118 eum
960 4067 1300 4134 imperatore,
1337 4082 1495 4134 quem
1533 4064 1766 4132 graviter
1809 4046 2093 4129 passurum

543 4172 662 4211 esse
715 4171 823 4211 non
889 4157 1187 4226 ignorabat,
1240 4157 1383 4226 quod
1433 4170 1498 4209 eo
1543 4151 1872 4214 inconsulto,
1908 4156 2095 4204 contra

453 4261 455 4263 ‘
544 4247 986 4301 consuetudinem
1011 4249 1384 4322 majorninque
1409 4259 1630 4298 suorum
1653 4240 1924 4310 privilegia
1949 4238 2094 4309 (219)

548 4338 961 4407 imperatoribus
1014 4340 1082 4392 ab
1130 4327 1422 4406 apostolica
1469 4335 1594 4389 sede
1647 4346 1925 4394 concessa,
1983 4328 2096 4396 ipse

550 4417 824 4482 Romanus
884 4427 1120 4497 pontifex
1179 4425 1518 4479 renuntiatus
1568 4430 1741 4487 esset,
1807 4409 2094 4489 aliquath

547 4516 927 4569 iontenderet:
986 4525 1058 4575 et,
1109 4524 1168 4567 ut
1206 4515 1274 4567 ab
1308 4515 1559 4567 onmibus
1588 4512 1822 4580 legitima
1854 4509 2094 4578 ejusdem
2130 4523 2170 4574 ι)
2197 4499 2638 4556 redundaturum.

548 4609 814 4663 ordinatio
845 4607 1026 4662 haberi
1071 4615 1270 4676 posSet,
1303 4621 1399 4658 nec
1442 4605 1496 4657 in
1540 4603 1762 4656 dubium
1809 4600 2095 4669 aliquando

551 4700 800 4752 vertenda
829 4718 839 4750 :
869 4700 1045 4762 (nam,
1082 4699 1127 4750 si
1165 4697 1215 4751 id
1241 4695 1526 4759 evenisset,
1560 4695 1690 4748 nihil
1734 4707 1942 4756 eorum,
1977 4705 2097 4760 qua:

549 4791 896 4860 cogitaverat,
940 4792 1192 4857 perlicere
1227 4787 1510 4856 potuisset)
1547 4785 1690 4838 nulla
1741 4799 1988 4853 unquan;
2013 4797 2096 4835 ra-

553 4880 697 4932 tione
725 4880 914 4932 adduei
949 4879 1141 4946 potuit,
1167 4886 1225 4930 ut
1254 4873 1558 4930 consecrari
1579 4873 1735 4925 vellet
1761 4881 1815 4925 et
1832 4872 2098 4933 coronari,

551 4971 724 5046 donec
775 4969 1135 5038 imperatoris,
1187 4977 1240 5019 et
1284 4967 1585 5035 principum
1642 4978 1804 5032 super
1847 4960 2105 5016 electione

553 5073 651 5112 sua
673 5054 978 5128 exquireret
999 5057 1302 5109 voluntates
1325 5052 1492 5122 (2‘20).
1520 5051 1757 5104 Primum
1805 5050 1965 5119 igitur
1994 5056 2104 5102 sta-

555 5148 649 5201 tim
673 5157 795 5217 post
813 5146 1126 5201 electionem
1150 5158 1304 5198 suam
1341 5139 1560 5195 Praesidi
1589 5137 1838 5192 Caesareo
1882 5135 1936 5188 in
1958 5133 2109 5187 Italia

555 5237 632 5290 de.
671 5249 770 5290 sua
806 5233 1075 5287 creatione
1109 5231 1339 5299 scripsit.
1378 5227 1576 5283 Eadem
1625 5225 1834 5280 ratione
1880 5223 2110 5289 impera-

558 5326 662 5380 tori
698 5323 928 5379 Henrico
957 5318 1046 5387 ιν,
1075 5328 1187 5374 tum
1224 5319 1278 5373 in
1309 5318 1595 5374 Germania
1642 5315 1819 5386 agenti
1849 5328 1943 5383 per
1971 5311 2114 5381 lega-

653 5474 778 5551 ψ)
819 5471 1068 5551 etiam
1099 5485 1208 5551 εφη
1234 5470 1377 5551 im-

653 5531 778 5598 2l7i
818 5541 923 5596 Sed
943 5531 1280 5594 'Simoniacis
1307 5548 1365 5593 et
1387 5531 1808 5593 concubinariis.

633 5605 778 5681 t2i8)
817 5609 949 5681 Υἱὸς
970 5609 1274 5681 Brunonem
1297 5609 1362 5681 de
1383 5608 1525 5662 bello
1551 5605 1840 5681 Sasonieo.

635 5671 783 5752 (2I9)
817 5677 996 5752 Nulla
1017 5685 1232 5752 exstant
1251 5677 1422 5752 hujus
1453 5676 1664 5745 generis
1711 5671 1985 5741 privilegia
2019 5689 2028 5722 :
2071 5677 2123 5721 et

565 5743 685 5822 quin
715 5743 925 5803 cistare
952 5748 1216 5810 videntur,
1246 5743 1428 5805 tletitia
1458 5743 1601 5798 sunt.

2193 3322 2350 3369 reret.

2261 3423 2346 3487 lli,
2374 3419 2646 3476 communi
2669 3416 2895 3472 consilio
2919 3415 3185 3470 Caasarem
3209 3410 3403 3477 adorti,
3431 3408 3538 3478 ipsi
3561 3403 3756 3466 Hilde-

2192 3516 2456 3570 brandum
2515 3511 2747 3565 maxime
2801 3507 3097 3562 cavendum
3162 3518 3281 3557 esse
3330 3499 3752 3570 suggerebant:

2191 3607 2620 3677 persuadereque
2643 3603 2691 3656 ei
2717 3599 3070 3661 conabantur,
3097 3602 3158 3649 ut
3178 3590 3555 3666 nullaratione
3576 3585 3758 3641 homi-

2193 3697 2276 3750 nis
2339 3694 2440 3760 sibi
2508 3687 2857 3744 infensissimi
2919 3683 3085 3738 futuri
3147 3681 3201 3733 in
3257 3681 3366 3732 tam
3419 3688 3636 3755 summa
3700 3680 3756 3725 et

2192 3786 2426 3840 maxima
2458 3788 2724 3851 potestate
2747 3773 2996 3830 electioni
3023 3768 3327 3832 assentiret,
3361 3752 3593 3832 eamque
3629 3770 3756 3815 tan-

2192 3893 2354 3948 quam
2385 3875 2592 3943 injussu
2632 3883 2732 3924 suo
2757 3867 2972 3930 factam,
3001 3862 3205 3916 irritam
3235 3870 3374 3922 esse,
3409 3854 3752 3908 decerneret.

2192 3943 2454 4021 Futurum
2489 3962 2630 4016 enim
2662 3957 3110 4015 vaticinabantur,
3142 3947 3286 4018 quod
3330 3943 3436 3998 nisi
3485 3943 3755 4010 impetum

2193 4055 2430 4110 hominis
2454 4049 2746 4121 praevenire
2771 4050 3088 4104 maturaret,
3125 4047 3184 4092 ut
3210 4037 3277 4090 ab
3298 4034 3413 4104 ipso
3438 4030 3757 4086 Romanum

2193 4145 2477 4215 imperium
2530 4140 2821 4195 maximam
2877 4140 3022 4195 esset
3083 4130 3349 4199 iacturam
3410 4135 3709 4192 passurum
3735 4159 3753 4174 .

2194 4209 2414 4304 ipseque
2449 4232 2758 4299 imperator,
2785 4222 2969 4278 multis
3014 4214 3407 4274 calamitatibus
3445 4218 3502 4263 et
3541 4209 3755 4262 incom-

2194 4299 2369 4400 modis
2402 4322 2470 4375 ab
2493 4334 2558 4373 eo
2590 4316 2952 4370 involveretur
2981 4328 2993 4362 :
3027 4318 3188 4375 atque
3231 4305 3335 4358 hoc
3376 4299 3602 4362 malum,
3641 4311 3754 4350 non

2196 4415 2249 4466 in
2283 4393 2446 4465 alium
2475 4414 2746 4478 postremo
2775 4400 2990 4472 gravius
3013 4409 3174 4466 quam
3205 4392 3258 4445 in
3280 4383 3754 4478 ipsur2_Ca3s_arem

2696 4456 2752 4546 ld
2776 4456 3163 4559 “quoque-pro
3198 4456 3343 4534 cert—0
3389 4456 3753 4534 aﬁlrmabant,

2194 4589 2337 4659 quod
2359 4595 2543 4655 postea
2571 4579 2819 4635 usuvenit
2834 4617 2848 4642 ,
2875 4569 3204 4644 ipsum‘nihil
3221 4565 3388 4636 magis
3408 4569 3753 4649 curaturum,

2197 4649 2376 4747 quam-
2407 4682 2467 4728 ut
2509 4671 2883 4740 episcoporum
2924 4663 3287 4726 abbatumque
3329 4649 3648 4707 collationes
3688 4661 3752 4700 ex

2181 4735 2558 4834 viinpcratoris-
2582 4735 2832 4812 manibus
2875 4759 2931 4806 et
2971 4753 3233 4819 potestate
3273 4742 3525 4811 eriperet,
3581 4735 3755 4804 impr»

2203 4854 2449 4922 riumque
2475 4852 2650 4919 ipsum
2681 4841 2903 4898 omnino
2936 4835 3304 4918 pessundaret.

2273 4964 2367 5020 His
2393 4961 2610 5026 auditis,
2645 4971 2737 5012 rex
2773 4953 3044 5024 paulisper
3064 4950 3385 5005 commotus,
3407 4953 3440 4992 a
3461 4937 3633 5009 latere
3656 4947 3757 4990 suo

2207 5051 2574 5109 Eberhardum
2603 5045 2853 5102 comitem
2890 5042 2969 5094 ire
2996 5035 3175 5107 jussit,
3209 5029 3300 5102 qui
3322 5026 3596 5082 Romanos
3626 5034 3756 5092 pro-

2209 5155 2359 5197 ceres
2379 5136 2704 5193 conveniens
2732 5142 2952 5185 causam
2971 5126 3044 5201 εἰ)
3068 5123 3146 5178 eis
3179 5119 3564 5183 sciscitaretur,
3589 5121 3760 5180 quare

2210 5237 2403 5302 praeter
2450 5221 2892 5282 consuetudinem
2937 5205 3222 5286 majorum,
3259 5221 3382 5276 rege
3421 5203 3611 5302 saltem
3653 5214 3759 5255 non

2213 5291 2481 5386 consulto,
2521 5315 2780 5369 Romana:
2819 5307 3072 5363 Ecclesiae
3112 5297 3416 5373 pontiﬁcem
3456 5291 3759 5363 elegissent,

2310 5465 2437 5520 220i
2470 5461 2604 5516 Vide
2635 5459 2831 5514 Baron.
2875 5452 3011 5509 £073
3039 5459 3093 5506 et
3126 5448 3280 5520 1074.

2311 5465 2416 5520 ἳΞο
2470 5465 2604 5516 Vide
2635 5465 2831 5514 Baron.
2875 5465 3011 5509 una
3039 5465 3093 5506 et
3126 5465 3280 5503 ‘IUM.

2311 5465 2459 5606 221i-
2507 5532 2625 5606 139x.
2671 5537 2745 5606 et.
2786 5523 3055 5606 prima“
3093 5515 3406 5606 ,ξρνεῖδθιξι

2204 5586 2483 5672 ‘Gr‘egor'ii.
2535 5600 2662 5672 ﬁde
2705 5586 2875 5665 Epist.
2946 5586 3304 5646 Henrici’lib.
3360 5597 3409 5645 ι,

2229 5669 2422 5728 Baron.
2465 5669 2619 5724 N75.
3292 5691 3295 5693 -

3453 5504 3764 5563 electionem

3462 5576 3621 5646 epist.
3679 5571 3763 5626 39.
