3902 6352
131 427 202 479 na
1013 379 1024 394 “
1057 410 1584 468 PROLEGOMENA.
1613 440 1676 450 —
1713 410 1893 464 ACTA
1934 412 1989 464 s.
2030 410 2373 466 canconn.

3235 415 3340 471 tos
3389 387 3391 389 ’

131 543 395 602 Ipsumque,
443 528 489 584 si
531 541 645 582 non
696 526 888 581 idonee
930 524 1284 590 satisfaceret,
1337 525 1406 578 ab
1447 532 1665 591 accepta
1698 526 1739 579 Α
1769 524 1947 592 magni
1985 525 2239 593 ponderis
2267 532 2442 591 erant,
2471 535 2524 580 et
2551 525 2694 581 haud
2729 528 2802 582 ita
2836 528 2990 584 facile
3015 544 3335 586 successura

131 623 283 676 illicite
323 617 580 688 dignitate
632 615 884 669 abdicare
939 614 1270 683 praeciperet.
1342 610 1391 666 Is
1445 611 1665 664 veniens

131 711 344 774 Romam,
397 706 629 776 benigne
678 719 708 758 a
761 719 895 774 papa
926 702 1186 772 Gregorio
1216 709 1500 770 susceptus
1539 707 1660 754 est:

128 814 327 870 cumque
373 797 458 850 ille
525 794 786 850 mandato
838 794 978 863 regis
1028 792 1395 862 exposuisset,
1452 791 1660 854 eadem,

129 907 227 962 qua:
257 889 360 960 regi
392 888 707 956 scripserat,
752 885 1032 955 respondit
1061 899 1139 948 se,
1169 881 1278 936 Deo
1306 889 1461 946 teste,
1487 882 1662 934 bono-

129 987 190 1039 ris
225 981 374 1052 hujus
423 979 633 1049 apicem
677 992 953 1046 nunquam
993 990 1088 1046 per
1143 972 1492 1027 ambitionem
1537 969 1664 1023 affe—

129 1087 293 1140 ctasse,
327 1073 415 1129 sed
451 1073 686 1127 electum
718 1085 777 1126 se
811 1085 841 1123 a
872 1069 1152 1134 Romanis,
1182 1075 1237 1121 et
1262 1067 1522 1142 violenter
1561 1063 1662 1118 sibi

129 1162 395 1234 impositam
418 1160 587 1216 fuisse
598 1159 953 1215 ecclesiastici
975 1157 1251 1228 regiminis
1266 1155 1659 1210 necessitatem.

127 1255 235 1325 Cogi
277 1262 446 1308 tamen
502 1251 653 1306 nullo
698 1249 858 1304 modo
916 1249 1180 1318 potuisse,
1235 1255 1295 1300 ut
1328 1244 1568 1299 ordinari
1607 1259 1663 1296 se

128 1342 439 1412 permitteret,
482 1342 656 1395 donec
691 1341 744 1393 in
778 1339 1095 1394 electionem
1131 1351 1287 1392 suam
1334 1344 1446 1389 tam
1485 1349 1660 1404 regem

127 1445 264 1499 quam
301 1428 566 1498 principes
601 1425 884 1480 Teutonici
929 1425 1078 1492 regni
1124 1423 1466 1478 consensisse
1516 1431 1663 1480 cella

129 1521 357 1591 legatione
385 1526 757 1588 cognosceret.
798 1513 908 1569 llae
950 1515 1158 1568 ratione
1185 1513 1460 1568 distulisse
1485 1511 1662 1564 adhuc

127 1611 482 1664 ordinationem
515 1603 693 1672 suam,
729 1615 783 1660 et
813 1607 930 1660 sine
960 1605 1126 1659 dubio
1149 1603 1465 1668 dilaturum,
1490 1602 1661 1655 donec

126 1699 210 1753 sibi
253 1699 386 1768 regis
417 1697 751 1751 voluntatem
798 1695 1142 1773 certusindc
1185 1693 1405 1746 veniens
1440 1691 1664 1744 nuntius

125 1789 341 1857 aperiret.
365 1787 476 1843 Hoc
500 1787 590 1850 ubi
613 1795 697 1841 est
720 1785 827 1856 regi
855 1786 1244 1849 renuntiatum,
1269 1783 1448 1838 divina
1472 1782 1661 1834 volun-

1765 612 1868 666 sibi
1901 614 2171 681 sperabat,
2203 615 2391 669 statuit
2416 629 2530 669 rem
2559 615 2840 684 paulatim,
2872 619 3159 674 etcscnsim
3197 622 3335 676 inci-

1764 718 1908 772 pere,
1940 713 2221 772 totumque
2247 704 2356 758 fere
2379 720 2580 758 annum
2616 701 3088 775 suipoutilicatus,
3114 711 3167 764 in
3187 711 3335 780 ejus-

1765 795 1908 848 modi
1945 797 2209 861 consiliis,
2253 812 2426 865 usque
2462 797 2527 850 ad
2573 798 2803 851 mediam
2853 798 3335 869 Quadragesimam

1764 893 1976 954 tempus
2005 887 2395 956 congreganda:
2425 887 2613 957 synodi
2642 903 2673 941 a
2695 888 2810 941 suis
2845 889 3336 957 pl’iBtiCCCSSOI‘ibIIS

1764 975 2138 1043 praescriptum
2177 977 2532 1044 consumpsit.

1834 1062 1992 1114 Anno
2026 1063 2188 1131 igitur
2218 1063 2432 1117 Domini
2459 1064 2615 1128 l07i,
2641 1065 2731 1134 qui
2772 1067 2948 1121 adhuc
2977 1069 3186 1137 primus
3220 1079 3337 1124 erat

1763 1150 1848 1202 sui
1880 1152 2250 1219 pontificatus,
2277 1161 2420 1207 stato
2451 1163 2687 1222 tempore
2719 1156 2816 1209 hac
2839 1157 3047 1211 ratione
3073 1160 3331 1228 principia

1761 1244 2143 1311 recnperaml:e
2183 1244 2562 1298 ecclesiastch
2593 1245 3023 1314 libertatisjccit.
3073 1247 3129 1301 lu
3156 1251 3328 1303 media

1761 1331 1904 1384 enim
1930 1331 2352 1403 Quadragesima
2388 1332 2571 1388 Roma:
2612 1334 2665 1387 in
2704 1335 2926 1390 basilica
2959 1321 3331 1402 Lateranensi,

1762 1434 1882 1487 quae
1904 1419 2355 1474 Constantiniana
2379 1422 2699 1491 appellatur,
2734 1423 2910 1490 primo
2948 1426 3212 1494 synodum
3245 1444 3335 1493 ge-

1764 1507 2001 1559 neralem
2029 1494 2322 1560 multorum
2335 1494 2714 1579 episcoportim
2738 1511 3015 1575 abbatum,
3032 1520 3085 1566 et
3101 1514 3333 1566 aliorum

1762 1594 2110 1669 Praelatorum
2159 1590 2532 1668 congregavit;
2566 1599 2618 1650 in
2660 1616 2790 1668 qua,
2837 1602 2981 1655 eirea
3023 1618 3127 1654 xxx
3169 1603 3335 1656 cdilit

1762 1685 1995 1753 capitula
2029 1685 2200 1756 (2‘24),
2235 1701 2330 1740 seu
2361 1702 2617 1751 canones,
2648 1705 2787 1756 quos
2825 1690 3054 1742 dirtatus
3098 1691 3333 1758 appella-

1763 1774 1838 1825 vit
1867 1791 1878 1824 :
1909 1789 2152 1842 quorum.
2167 1775 2341 1844 major
2369 1791 2496 1844 pars
2518 1785 2676 1829 antea
2701 1794 2891 1846 parum
2922 1779 2972 1831 in
3000 1796 3100 1832 usu
3135 1782 3330 1844 fuerat,

127 1852 214 1932 tate
246 1894 328 1934 res
361 1879 631 1932 humanas
681 1875 754 1928 ita
784 1852 1141 1943 disponente,
1191 1889 1315 1928 cum
1375 1872 1656 1940 imperium
1696 1852 1734 1904 Β
1760 1872 1813 1917 et
1847 1881 1875 1917 a
1913 1867 2126 1922 nemine
2150 1866 2610 1935 przcdecessorum
2644 1883 2870 1921 Sll'n‘lllll
2897 1883 3136 1937 unquam
3159 1878 3333 1921 atten-

125 1967 391 2021 Romanum
421 1983 450 2020 a
483 1965 804 2021 sacerdotali
831 1972 1096 2033 potestate
1119 1964 1469 2016 minuenoum
1495 1970 1656 2024 esset,

123 2067 166 2112 et
205 2060 264 2112 ad
301 2059 524 2111 nihilum
561 2055 674 2111 fere
707 2055 1077 2125 redigendum,
1116 2054 1230 2124 ipse
1265 2054 1490 2107 libenter
1524 2053 1661 2105 hanc

124 2147 514 2204 satisfactionem
553 2147 829 2216 suscepit;
877 2145 1178 2216 iisdemque
1222 2144 1510 2214 episcopis,
1566 2143 1658 2212 qui

124 2254 227 2292 vera
251 2240 531 2310 przcdicarc
573 2239 912 2301 videbantur,
966 2235 1275 2305 futuraque,
1313 2245 1372 2288 ut
1390 2236 1658 2304 przcterita

122 2330 507 2398 cognoscebant,
551 2328 774 2397 minime
821 2326 1272 2394 acquiescendum
1301 2325 1491 2378 duxit:
1530 2324 1662 2378 Grc-

121 2418 307 2489 goriupi
338 2433 586 2473 asserens
617 2430 736 2471 esse
764 2416 938 2468 virum
977 2425 1245 2478 sanctum,
1293 2423 1348 2466 et
1383 2421 1533 2465 tanto
1575 2427 1662 2464 sa-

123 2509 335 2563 cerdotio
389 2507 811 2577 dignissimum,
867 2514 1028 2574 atque
1082 2493 1362 2574 nunquam
1416 2501 1658 2556 beneficii

123 2599 206 2654 abs
232 2614 284 2652 se
311 2599 511 2667 accepti
543 2597 837 2651 obliturum
865 2615 878 2660 ;
933 2595 1245 2663 statimque,
1289 2604 1347 2647 ut
1375 2608 1660 2648 consecra-

124 2696 268 2753 retur,
298 2688 570 2742 lzetissimo
617 2685 872 2755 suffragio
910 2685 1206 2754 rescripsit,
1247 2694 1300 2737 ct
1343 2684 1658 2770 gregorium

123 2775 403 2844 episcopum
446 2773 842 2828 Vercellenscm
886 2772 1242 2842 Italici'regni
1278 2773 1658 2827 cancellarium

123 2869 179 2922 ad
215 2867 400 2924 Urbem
449 2868 779 2930 transmisit,
808 2868 897 2935 qui
946 2867 1288 2934 imperatoris
1341 2864 1660 2918 auctoritate

121 2957 405 3013 electionem
444 2958 618 3028 ipsam
652 2964 823 3010 ratam
865 2953 1084 3021 faceret,
1121 2963 1175 3008 et
1209 2954 1328 3024 ejus
1373 2968 1660 3008 consecra-

122 3047 235 3100 tioni
257 3048 550 3102 interesset.

178 3134 454 3207 Gregorius
512 3135 677 3205 igitur
729 3141 921 3202 praeter
981 3145 1130 3200 spem
1185 3131 1330 3199 quod
1384 3137 1659 3198 tantopere

119 3225 428 3280 desiderabat
458 3235 762 3288 assecutus,
799 3233 856 3276 ut
881 3223 934 3274 in
963 3223 1084 3290 ejus
1115 3222 1377 3276 electione
1423 3223 1657 3288 impera—

120 3313 237 3366 toris
266 3322 406 3367 esset
445 3312 774 3375 consensus,
826 3308 1357 3380 nihil/differendum
1401 3319 1572 3371 ratus,
1604 3310 1656 3360 in

121 3404 343 3472 proximo
365 3402 714 3456 Pentecostes
744 3400 901 3463 festo,
935 3391 1305 3472 presbyterum
1333 3414 1389 3452 se
1418 3399 1657 3451 ordinari

122 3494 257 3560 fecit;
306 3504 359 3548 et
391 3494 558 3547 natali
605 3492 693 3544 die
728 3490 1098 3562 apostolorum
1137 3487 1278 3542 Petri
1325 3497 1377 3557 et
1413 3486 1562 3540 Pauli
1605 3488 1656 3538 in

122 3584 399 3640 Romanum
436 3584 746 3654 pontificem
779 3573 1150 3647 consecratus,
1195 3595 1308 3633 sum
1353 3579 1660 3633 eoi-ouatio—

121 3674 192 3728 nis
218 3675 437 3744 insignia
474 3674 732 3741 suscepit.
756 3671 1124 3726 Confirmatus
1149 3673 1312 3741 igitur
1337 3673 1387 3724 in
1416 3670 1658 3723 Romana

121 3765 248 3829 sedc,
283 3751 436 3836 quasi
468 3749 613 3818 nulla
668 3762 902 3834 amplius
947 3762 1214 3816 haesitatio
1249 3762 1299 3813 in
1331 3761 1526 3822 animis
1562 3761 1660 3812 ho-

121 3835 308 3909 minum
328 3856 584 3924 obrepere
617 3835 806 3922 posset,
828 3853 892 3906 de
926 3853 1165 3922 legitima
1195 3852 1312 3919 ejus
1347 3851 1618 3904 creatione
1645 3867 1656 3900 :

121 3943 316 4013 quippe,
341 3944 483 4013 quod
506 3958 536 3996 a
567 3940 959 4004 cardinalibus,
993 3941 1156 4003 clero,
1194 3947 1406 4002 senatu,
1433 3939 1660 4007 pepulo-

121 4045 214 4099 que
231 4028 490 4095 Romano,
518 4045 816 4092 consensu,
842 4038 895 4081 et
918 4029 1194 4082 voluntate
1219 4029 1582 4096 imperatoris,
1609 4036 1662 4079 et

120 4118 399 4188 principum
453 4120 762 4181 accedente,
796 4118 906 4186 jam
949 4118 1172 4182 electus,
1210 4126 1264 4171 et
1313 4126 1662 4172 consecratus

120 4218 241 4275 erat,
279 4218 436 4280 aulae
481 4219 611 4263 tunc
659 4223 757 4276 pro
798 4208 1054 4278 legitimo,
1082 4223 1231 4274 vero,
1255 4217 1309 4261 et
1359 4208 1662 4262 indubitato

121 4299 350 4367 pontifice
381 4301 714 4355 habebatur:
753 4313 856 4351 non
881 4299 1036 4368 longe
1071 4307 1192 4368 post
1225 4299 1344 4366 ejus
1372 4313 1661 4352 consecra-

122 4391 326 4458 tionem,
345 4392 488 4461 quod
511 4393 602 4446 diu
628 4399 754 4444 ante
775 4390 955 4442 animo
972 4397 1309 4458 conceperat,
1328 4389 1659 4442 exsecutioni

1765 1962 1871 2008 tata
1908 1974 1919 2007 :
1950 1970 2137 2008 verum
2180 1957 2247 2010 ad
2277 1955 2648 2011 firmissimum
2705 1959 2957 2013 l-Jcclesim
3007 1969 3210 2014 statum
3249 1961 3332 2029 ja-

1762 2046 2033 2110 ciendum,
2060 2055 2113 2100 ct
2147 2047 2214 2100 ad
2256 2049 2439 2102 omnia
2483 2050 2760 2113 tentanda,
2798 2066 2920 2118 qua:
2947 2051 3131 2104 animo
3163 2053 3332 2121 agita-

1763 2137 1872 2201 bat,
1908 2138 2117 2191 idonea.
2158 2137 2235 2192 Ex
2257 2139 2458 2210 quibus
2489 2141 2615 2194 illud
2644 2142 3043 2212 intelligebatur
3069 2158 3192 2212 qua:
3217 2154 3332 2198 tum

1766 2225 1992 2281 Romani
2020 2229 2291 2298 pontificis
2317 2233 2613 2287 auctoritas
2638 2225 2798 2287 fuerit
2825 2252 2835 2285 :
2866 2235 3003 2287 inter
3037 2251 3180 2306 quae,
3222 2236 3334 2289 ha-c

1763 2318 2030 2385 praecipue
2055 2319 2291 2389 capitula
2317 2320 2486 2375 fuere.

1833 2406 2164 2476 (amittimus
2195 2410 2464 2464 brevitatis
2500 2428 2680 2465 causa.
2738 2413 2863 2468 l'idc
2905 2416 3048 2484 infra
3089 2418 3142 2469 in
3187 2431 3330 2471 conr.

1762 2493 1911 2547 Rom.
1944 2496 2070 2547 (ιηηί
2103 2496 2286 2566 1076.)

1833 2582 2040 2648 Quibus
2065 2585 2212 2653 (2‘25)
2241 2586 2469 2641 decretis
2504 2590 2728 2659 gradum
2763 2592 2864 2644 sibi
2899 2592 3044 2658 fecit,
3088 2605 3142 2647 et
3171 2596 3332 2660 viam,

1763 2674 1827 2726 ad
1853 2689 1914 2726 ea
1955 2675 2157 2740 omnia,
2200 2692 2321 2745 qua:
2371 2679 2554 2731 animo
2598 2693 2938 2750 conceperat,
2982 2686 3282 2754 peragenda
3320 2705 3332 2738 :

1762 2761 1959 2829 quibus
1990 2763 2171 2830 jactis,
2205 2773 2257 2817 et
2285 2763 2443 2820 factis
2471 2765 2837 2825 fundamentis
2878 2772 2931 2824 in
2965 2759 3193 2842 synodo,
3219 2783 3333 2828 ten-

1764 2850 1931 2915 tandi,
1969 2851 2112 2920 quod
2151 2853 2516 2921 disposuerat,
2558 2859 2750 2925 gratia,
2803 2861 3032 2928 benigne
3071 2863 3344 2929 primum,.

1761 2949 1815 2992 et
1861 2939 2170 2994 humaniter
2209 2941 2501 2998 llcnricum
2564 2963 2742 3016 regem
2803 2966 2899 3017 per
2949 2952 3158 3006 littcfas
3205 2970 3335 3008 suas

1761 3031 2078 3098 deprecatus
2127 3041 2229 3104 est,
2287 3042 2346 3088 ut
2389 3036 2778 3106 subjectionem
2825 3051 3026 3098 sancta:
3063 3043 3334 3099 Romana:

1764 3119 2015 3173 Ecclesiae
2040 3136 2148 3174 non
2170 3123 2450 3190 abnueret,
2473 3135 2730 3196 tanquam
2757 3130 2932 3184 bonus
2959 3141 3015 3186 et
3035 3135 3334 3189 catholicus

1761 3209 2028 3278 princeps,
2054 3221 2217 3282 atque
2261 3230 2318 3267 se
2347 3216 2520 3271 eidem
2556 3217 2812 3275 Ecclesize
2853 3223 3111 3278 devotum
3155 3225 3328 3282 filium

1760 3303 2076 3370 exhiberet;
2117 3306 2476 3377 hortatusque
2503 3321 2585 3364 est
2627 3299 2738 3365 uta
2775 3312 3082 3370 Simoniaca
3117 3312 3332 3381 haeresi,

1761 3394 1935 3456 idest,
1978 3395 2046 3449 ab
2087 3397 2500 3464 episcopatuum
2527 3409 2580 3452 et
2625 3402 2963 3456 abbatiarum
3002 3407 3330 3468 venditione,

1760 3486 1870 3537 sive
1902 3495 2162 3552 mercatu,
2191 3504 2328 3555 quas
2364 3491 2648 3557 largitione
2677 3505 2958 3563 correptus
2997 3497 3330 3558 conferebat.

1760 3578 1982 3629 (nunino
2016 3594 2073 3632 se
2105 3587 2425 3648 temperaret
2453 3601 2462 3633 :
2494 3591 2547 3635 et
2590 3601 2618 3635 a
2655 3586 2876 3654 reliquis
2909 3587 3074 3654 vitiis,
3105 3590 3172 3643 de
3205 3575 3330 3660 qui-

1762 3667 1861 3718 bus
1906 3667 2046 3735 apud
2093 3667 2275 3720 sedem
2314 3670 2689 3735 apostolicam.
2743 3681 2852 3725 tam
2900 3676 3003 3726 sub
3033 3678 3331 3743 praedeces-

1760 3768 1882 3806 sore
1909 3770 2010 3807 suo
2037 3755 2167 3808 Alex
2190 3756 2342 3809 -ndro
2374 3773 2506 3824 papa
2528 3757 2565 3808 ll
2583 3774 2745 3826 quam
2772 3776 2829 3814 se
2851 3764 3104 3830 pontifice
3129 3780 3330 3819 renun-

1760 3841 1910 3906 tiato,
1949 3843 2242 3898 infamatus
2265 3854 2317 3898 et
2343 3857 2631 3901 accusatus
2666 3849 2868 3912 fuerat,
2909 3867 2964 3905 se
2990 3851 3327 3920 contineret;

1760 3933 1961 4003 alioqui
2006 3950 2062 3988 se
2099 3952 2329 3990 usurum
2374 3938 2425 3990 in
2471 3939 2645 4007 ipsum
2700 3951 2752 3994 ct
2792 3943 3168 4013 delinquentes
3207 3963 3333 4003 cen-

1761 4027 1902 4081 suris
1928 4028 2329 4082 ecclesiasticis.

1829 4115 1960 4182 Qua:
1992 4118 2193 4181 omnia,
2224 4127 2284 4171 ut
2319 4128 2629 4173 accuratius
2666 4122 3064 4193 intelligttmtur,
3100 4137 3153 4182 ct
3191 4130 3332 4183 unde

1763 4214 1839 4258 tot
1873 4206 2140 4259 malorum
2177 4215 2231 4260 et
2276 4208 2630 4262 schismatum
2670 4213 2822 4281 origo
2861 4215 3212 4281 inchoaverit,
3241 4233 3333 4271 co-

1761 4304 2072 4364 gnoscatur,
2111 4311 2301 4351 eorum
2358 4306 2658 4366 teuqzorum
2702 4307 3152 4361 consu~tudiuem
3196 4308 3333 4363 refe—

1759 4403 1896 4450 ram,
1927 4387 2152 4455 ejusque
2177 4389 2469 4457 primordia
2505 4393 2666 4458 paulo
2697 4395 2859 4447 altius
2887 4406 3147 4462 repetam.

122 4481 777 4552 mandaredisponitﬁam
797 4498 902 4534 non
923 4482 1095 4535 solum
1114 4483 1488 4551 imperatorem
1508 4481 1734 4565 (222)»
1827 4475 1960 4529 Erat
1995 4485 2108 4530 tum
2142 4478 2496 4542 consuetudo,
2529 4495 2557 4531 a
2596 4483 2926 4548 temporibus
2963 4480 3110 4553 (2‘26)
3150 4485 3328 4541 Caroli

120 4568 358 4624 electione
401 4569 632 4622 Romani
680 4570 972 4636 pontificis,
1007 4569 1154 4638 quod
1203 4577 1258 4622 et
1298 4569 1570 4622 Adrianus
1596 4568 1660 4620 Ill

121 4656 389 4727 aliquando
408 4658 629 4722 fecerat,
657 4659 753 4711 sed
780 4667 833 4709 et
861 4645 1012 4709 omni
1043 4657 1188 4725 (223)
1216 4659 1526 4718 autoritate,
1555 4673 1659 4724 qua

122 4746 342 4821 reliquos
392 4748 665 4817 praelatos,
722 4745 1005 4814 episcopos
1055 4746 1285 4810 scilicet,
1328 4755 1383 4798 et
1439 4745 1662 4799 abbates

122 4836 481 4910 constituebat,
525 4836 740 4905 primus
771 4836 1012 4888 onmium
1048 4834 1416 4890 Romanorum
1440 4836 1661 4904 pontili-

123 4938 235 4978 cu
261 4915 466 4999 privare
499 4925 729 4980 tentavit
763 4942 776 4978 :
817 4936 889 4988 et,
930 4927 974 4979 si
1009 4943 1146 4994 opus
1184 4936 1348 4991 esset,
1389 4942 1512 4979 eum
1555 4942 1660 4978 non

125 5013 557 5086 olhnperantem
588 5015 1086 5076 excommunicare,
1123 5025 1284 5084 atque
1318 5017 1545 5083 imperio
1571 5006 1662 5068 de-

125 5116 342 5172 ponere;
371 5103 799 5175 recipientesque
841 5101 908 5154 ab
933 5117 998 5154 eo
1036 5095 1381 5170 praelatums,
1415 5103 1662 5156 similiter

127 5189 293 5259 gladio
321 5193 680 5248 anathemati:
720 5199 1015 5261 percutere.
1071 5189 1195 5255 Sed,
1241 5193 1499 5264 quoniam
1551 5192 1662 5243 lucc

361 5383 496 5506 θυῖε
526 5397 640 5438 non
670 5384 1006 5453 competebat
1033 5385 1124 5436 illi.

410 5454 514 5506 ulla
537 5452 591 5506 id
616 5454 935 5506 auctoritate
959 5455 1124 5506 leaitir

410 5454 514 5506 ulla
537 5452 591 5506 id
616 5451 935 5508 auctoritate
959 5455 1189 5522 legitima
1223 5451 1466 5506 faciebat.

207 5519 329 5592 ψ)
356 5519 558 5592 ,Baron.
589 5522 867 5592 vultuhaec
899 5519 1124 5590 capitula
1157 5523 1321 5576 fuisse
1354 5523 1659 5590 conscripta

126 5595 177 5642 et
193 5589 328 5661 edita
353 5591 414 5661 iu
428 5591 641 5661 synodo
667 5589 824 5661 l07t_i.

189 5657 331 5730 (125)
373 5657 494 5715 limi:
536 5658 728 5730 omnia
767 5659 976 5730 decreta
1010 5675 1075 5714 ex
1117 5661 1238 5727 jure
1272 5661 1454 5713 divino
1497 5661 1662 5714 dedu-

125 5728 328 5798 cuntur,
357 5731 549 5802 partim
584 5728 812 5790 directe,
840 5729 1029 5796 partim
1057 5730 1327 5785 indircctc.
1366 5729 1472 5786 Nec
1507 5732 1662 5799 quid-

1763 4565 1938 4635 Magni
1972 4567 2332 4635 imperatoris,
2367 4568 2598 4635 primum
2640 4587 2706 4623 ex
2742 4576 3061 4630 auctoritate
3097 4577 3326 4632 Romam

1760 4657 2029 4724 pontificis
2053 4658 2272 4710 Adriani
2306 4657 2323 4709 I
2349 4659 2676 4725 introducta,
2707 4671 2764 4715 ut
2794 4665 3025 4734 alicujus
3053 4667 3224 4732 urbis,
3246 4669 3328 4721 vel

1761 4746 1986 4800 abbat'ue
2015 4747 2290 4815 episcopo,
2312 4749 2611 4803 autabbate
2642 4754 2892 4816 mortuis,
2915 4756 3093 4808 statim
3124 4755 3324 4819 clerus,

1761 4836 1841 4889 vel
1873 4838 2124 4890 monachi
2160 4837 2210 4889 in
2251 4854 2414 4899 unum
2453 4842 2782 4909 congregati,
2816 4843 3021 4910 legatos
3059 4845 3123 4896 ad
3161 4844 3328 4914 impe-

1761 4936 2016 4991 ratorem,
2045 4929 2137 4997 qui
2168 4938 2292 4981 tunc
2323 4939 2457 4993 erat,
2486 4931 2799 4997 dirigerent,
2841 4934 2904 4983 ad
2938 4949 3097 5001 quem
3134 4924 3329 4990 defun-

1711 5082 1714 5085 ι
1760 5017 1833 5070 cti
1869 5017 2072 5084 przelati
2108 5018 2302 5085 pedum
2347 5018 2651 5085 pontificale
2685 5029 2739 5072 ct
2778 5023 3040 5076 annulum
3073 5023 3324 5079 deferen-

1761 5113 1861 5166 tes,
1897 5119 2023 5157 eum
2055 5117 2152 5173 pro
2197 5120 2337 5157 novo
2372 5108 2612 5161 antistite
2647 5109 2951 5181 deligendo,
2984 5113 3203 5167 nomine
3237 5115 3326 5168 sui

1760 5192 1966 5260 collegii
2002 5192 2426 5261 interpellabant.
2465 5194 2568 5260 Qui
2618 5198 3031 5252 statimsenatu
3067 5215 3167 5253 suo
3194 5189 3326 5256 con-

1761 5400 1922 5454 quam
1944 5386 2076 5451 novi
2108 5385 2285 5439 sanxit
2308 5384 2566 5455 pontifex,
2592 5383 2684 5436 sed
2708 5399 2829 5453 qua:
2859 5386 3000 5454 apud
3032 5387 3231 5441 multos
3269 5388 3320 5440 in

1762 5456 2086 5509 oblivionem
2117 5463 2396 5508 venerant.
2513 5467 2516 5470 ·

1834 5524 1982 5592 (226)
2023 5521 2136 5576 Non
2160 5532 2244 5576 est
2267 5523 2357 5592 ita.
2385 5520 2600 5590 Decepit
2623 5519 2960 5592 Onupbrium
2984 5521 3320 5592 §igelierttis,

1763 5608 1922 5660 quem
1939 5590 2149 5660 egregie
2164 5591 2408 5648 confutat
2440 5592 2560 5644 Bar.
2589 5599 2718 5645 tom.
2739 5590 2827 5655 lx,
2856 5605 2944 5641 an.
2971 5590 3171 5644 Christi
3196 5591 3318 5655 77$,

1765 5678 1913 5715 num.
1943 5663 2006 5713 l0
2030 5671 2081 5714 et
2105 5676 2252 5728 seqq.
2881 5696 2883 5699 ι
