3902 6380
513 473 614 527 165

1693 450 1750 505 s.
1790 422 2191 505 caueamus
2231 444 2320 525 vn
2357 443 2553 499 pars.

3552 32 3902 287 ,ιη

3641 433 3746 491 ιθι

510 587 746 652 gregato,
776 592 840 634 ex
876 575 1047 647 ipsius
1084 571 1403 649 plerumque
1439 564 1730 630 sententia,
1762 577 1933 618 unum
1979 560 2061 615 vel
2090 560 2141 617 Α
2168 575 2318 631 papa:
2348 558 2391 611 11
2423 558 2640 614 saecula.
2681 555 2803 624 Quo
2829 565 3135 626 temporum
3168 559 3367 619 tractu,
3393 549 3745 621 Langobardi

509 638 576 726 ex
600 638 743 740 ἶρείέ
757 638 1016 737 collegiis,
1051 638 1138 719 vel
1183 642 1251 717 ex
1285 656 1500 723 amicis,
1534 663 1591 710 et
1618 653 1931 723 capelianis,
1963 665 2067 706 ese—
2171 649 2275 705 sub
2304 647 2522 718 juniore
2547 643 2770 723 iustino
2802 645 3051 715 Augusto
3074 643 3128 696 in
3161 641 3315 697 Italia
3345 655 3412 696 ex
3442 638 3748 695 Pannoniis

510 759 750 829 terisque
779 753 1113 817 domesticis,
1145 758 1200 805 et
1233 745 1591 803 familiaribus
1627 743 1765 808 suis,
1786 741 1941 811 juxta
1964 740 2073 797 loci

510 847 849 919 dignitatem,
876 852 936 899 ut
955 843 1007 898 ei
1038 840 1254 896 libitum
1279 844 1417 902 erat,
1443 849 1545 906 pro
1572 832 1798 888 arbitria
1831 847 1863 885 a
1885 845 1945 885 se
1963 828 2077 890 ele-

513 949 681 1005 ctum,
696 936 918 1001 annulo,
941 942 997 988 et
1006 932 1155 1003 virga
1176 925 1434 1001 pastorali
1447 925 1654 997 praelati
1675 921 1913 979 defuncti
1935 923 2093 978 'adse»

512 1025 854 1084 transmissis
883 1022 1140 1085 donabat,
1182 1030 1419 1089 eumque
1447 1014 1514 1071 de
1536 1013 1628 1069 illa
1659 1010 1966 1068 sacerdotio
1995 1009 2080 1064 di-

514 1117 749 1188 plomate
771 1126 873 1170 suo
894 1109 1157 1180 imperiali
1178 1107 1262 1180 (ut
1285 1115 1399 1161 tum
1421 1100 1720 1171 dicebatur)
1743 1099 2077 1166 investitum,

517 1187 624 1260 bac
657 1210 769 1268 est,
808 1200 902 1255 illa
935 1199 1195 1269 dignitate
1227 1195 1517 1258 donatum,
1564 1191 1618 1245 in
1649 1189 1966 1260 episcopum
1996 1187 2081 1242 vel

519 1295 766 1350 abbatem
790 1288 1100 1348 consecrari
1124 1285 1437 1350 mandabat,
1466 1284 1690 1357 absque
1713 1282 1817 1336 alia
1853 1281 1984 1337 cleri
2027 1287 2083 1334 et

522 1380 1194 1467 monachorum\lectione.
1217 1375 1333 1432 Hoc
1352 1385 1534 1431 autem
1551 1387 1651 1444 per
1672 1371 1921 1465 Galliam,
1948 1370 2083 1426 Ger-

459 1484 469 1490 '
530 1478 789 1543 maniam,
812 1483 867 1531 et
887 1456 1115 1554 Italiam,
1142 1484 1264 1559 qu’ae
1296 1477 1427 1524 tunc
1448 1465 1676 1520 Latinus
1708 1456 2085 1539 orbisicense-

526 1570 708 1635 batur,
740 1562 994 1635 usurpari
1022 1576 1141 1616 mos
1174 1567 1312 1615 erat.
1410 1586 1411 1593 ι

532 1694 539 1700 -
593 1658 763 1728 Cujus
787 1654 1033 1724 exemplo
1053 1650 1230 1707 ceteri
1254 1662 1472 1719 quoque
1499 1661 1675 1717 reges,
1690 1654 1769 1701 ‘nt
1793 1642 2083 1714 Hispaniae,

514 1749 880 1830 Francorum,
936 1741 1242 1812 Hungarize,
1271 1746 1327 1794 et
1366 1736 1633 1809 ejusmodi
1684 1735 1879 1790 imitati
1933 1728 2081 1789 sunt.

2175 739 2427 810 ingressi,
2481 736 2603 808 ejus
2656 737 2892 807 primum
2950 734 3219 806 potiorem
3268 740 3498 803 partem,
3544 728 3750 785 deinde

2174 827 2431 899 paulatim
2458 827 2572 883 fere
2594 842 2834 893 omnem,
2868 833 3064 897 prattcr
3086 839 3252 879 unam
3278 830 3485 878 tantum
3513 820 3749 876 Romam

2175 917 2360 989 (quam
2395 916 2452 970 in
2490 916 2609 987 ejus
2637 915 2815 987 gentis
2846 921 3190 985 potestatem,
3230 927 3350 967 eam
3396 910 3595 965 acriter
3634 907 3753 962 Ra-

2176 1004 2355 1062 manis
2367 1004 2716 1081 pontilicibus
2735 1006 3122 1075 imperaton
3140 999 3496 1057 Orientalium
3517 990 3750 1064 auxilia,

2176 1104 2232 1152 et
2267 1095 2521 1167 praesidio
2559 1094 2712 1152 fultis
2749 1094 3188 1166 defendentibus,
3222 1105 3502 1162 nunquam
3533 1088 3756 1144 venisse

2177 1188 2416 1259 constat)
2451 1186 2753 1251 obtinuere.
2800 1185 2973 1243 Grieci
3001 1197 3184 1255 porro,
3231 1178 3572 1251 imperatoris
3610 1191 3757 1248 pra-

2180 1277 2332 1333 sidiis
2352 1277 2437 1332 vel
2465 1277 2660 1348 pulsis,
2688 1276 2771 1331 vel
2804 1275 2983 1342 casis,
3002 1287 3133 1330 cum
3165 1270 3446 1336 Ravenna,
3482 1278 3539 1325 et
3569 1266 3755 1322 Exar-

2148 1367 2362 1432 ~ebatu,
2396 1381 2519 1437 quae
2542 1366 2660 1422 sola
2694 1366 2750 1420 in
2788 1363 3136 1441 imperatoris
3165 1358 3758 1430 Constantinopolitani

2179 1460 2385 1516 ditionc
2426 1456 2704 1530 provincia
2745 1464 3062 1527 supererat,.
3088 1452 3283 1522 captis,
3319 1449 3505 1506 Romae
3536 1462 3760 1520 quoque

2182 1551 2286 1607 sub
2329 1529 2455 1622 rege
2494 1546 2782 1618 Aistulpbo
2830 1529 3180 1615 Langobardi
3221 1540 3516 1603 inhiarent,
3550 1535 3761 1591 multas

2185 1638 2464 1703 Romanis,
2502 1636 2596 1708 qui
2628 1634 2956 1691 deditionem
3000 1630 3178 1686 facere
3226 1643 3395 1685 suasu
3429 1623 3760 1680 Pontiﬁcum

2184 1728 2526 1793 recusabant,
2557 1725 2916 1789 calamitates,
2951 1731 3007 1778 et
3039 1718 3387 1778 incommoda
3431 1716 3760 1772 intulerunt.

528 1841 678 1897 Hanc
705 1806 886 1894 autem
924 1806 1407 1897 consuetudinemi
1434 1844 1562 1886 cum
1604 1841 1816 1892 omnes,
1860 1834 1922 1880 ut
1950 1823 2084 1889 dixi,
2185 1818 2522 1874 Verebantur
2538 1817 2685 1889 enim
2707 1814 2941 1880 Romani
2963 1810 3247 1884 pontifices
3276 1806 3763 1888 Langobardorum

528 1933 706 1989 Latini
735 1931 882 1986 orbis
911 1926 1187 1990 Ecclesiae,
1222 1932 1339 1979 tum
1381 1882 1556 1991 saepe,
1577 1928 1635 1975 et
1664 1918 1755 1974 diu
1902 1882 2087 1970 multis
2118 1900 2161 1955 Β
2188 1907 2454 1962 feritatem
2482 1915 2538 1961 et
2556 1884 2561 1889 ’
2581 1904 2918 1971 barbariem;
2942 1882 3213 1972 simulque
3235 1913 3305 1954 ne
3320 1898 3506 1953 urbem
3530 1882 3766 1991 Romam

529 2037 753 2080 suorum
776 2011 1094 2091 pontificum
1117 1978 1441 2070 lectionibus
1460 1978 1699 2066 servavit
1720 2005 1964 2061 Romana
1987 2003 2088 2060 Ec-
2189 2013 2302 2054 sua:
2319 1996 2561 2064 ditionis,
2596 2011 2718 2052 eam
2749 1993 3145 2068 negligentibus
3178 1988 3384 2046 Grrecis
3413 1978 3769 2058 imperatori-

530 2073 1136 2178 cles—iafet—praasertim
1186 2103 1241 2156 in
1290 2094 1517 2155 JOannis
1561 2095 1699 2163 Xlll,
1746 2093 1987 2167 Gregorii
2021 2093 2087 2160 γ,
2188 2090 2309 2155 bus,
2358 2087 2577 2155 factam,
2614 2096 2669 2143 et
2703 2086 2861 2156 cujus
2905 2092 3164 2163 tanquam
3189 2078 3399 2144 domini
3437 2078 3613 2141 erant,
3662 2073 3771 2130 sibi

534 2167 801 2265 Silves'tri,
826 2167 1141 2261 Glementis,
1173 2192 1415 2257 Damasi,
1442 2188 1680 2246 Victoris
1703 2187 2018 2258 Nicolaique
2044 2186 2089 2240 ll
2187 2182 2476 2254 eriperent.
2520 2178 2643 2247 Quo
2674 2187 2919 2248 tempore
2953 2189 3080 2231 cum
3123 2170 3338 2242 imperii
3377 2167 3611 2225 Romani
3649 2180 3771 2222 ma-
3800 2220 3811 2231 ,
3900 2210 3902 2235 ε

533 2301 591 2348 et
618 2258 817 2346 Leonis
848 2287 918 2343 IX
949 2258 1321 2340 Romanarum
1367 2265 1686 2352 pontificum
1732 2279 2088 2333 lectionibus:
2145 2303 2156 2310 -
2185 2275 2358 2344 justas
2381 2272 2435 2326 in
2458 2269 2700 2336 Oriente,
2723 2268 2908 2323 omnia
2939 2264 3043 2321 sibi
3062 2262 3313 2318 barbaris
3342 2258 3769 2323 vindicantibus,

534 2381 630 2451 qui
659 2393 870 2442 omnes,
903 2384 967 2431 ut
1002 2387 1166 2445 supra
1194 2350 1456 2436 vidimus,
1494 2370 1882 2449 imperatorum
1925 2365 2095 2421 Otho-
2192 2362 2575 2426 obsolesceret,
2622 2373 2688 2413 ac
2733 2356 2937 2412 sensim
2966 2354 3261 2417 laberetur,
3301 2350 3772 2423 imperatoresque

533 2439 670 2527 siis‘l
698 2478 755 2525 et
780 2439 867 2533 lll,
902 2439 1118 2520 Henrlci
1142 2476 1357 2533 quoque
1385 2459 1451 2513 111
1491 2467 1547 2514 et
1575 2439 1642 2511 lV
1665 2445 1950 2522 sententia,
1983 2455 2094 2508 Ro—
2154 2451 2162 2459 ’
2193 2447 2781 2520 ConstantinOpolitani
2826 2447 2880 2500 in
2931 2443 3182 2500 hmresim
3231 2439 3376 2511 lapsi
3408 2439 3771 2496 orthodoxam

535 2557 683 2615 inani
724 2527 1006 2628 pontifices
1039 2527 1176 2607 sine-
1197 2527 1326 2605 clo-ri
1376 2546 1610 2602 Romani
1640 2544 1909 2615 suffragiis
1949 2544 2096 2621 lecti,
2196 2543 2375 2608 fidem,
2410 2539 2841 2608 catholicamque
2864 2534 3164 2590 Romanam
3194 2530 3514 2619 Ecclesiam,
3537 2543 3664 2600 qua:
3687 2527 3771 2585 eis

537 2642 594 2704 et
625 2648 694 2703 ab
717 2610 921 2701 eisdem
949 2639 1365 2711 imperatoribus
1384 2652 1482 2708 per
1509 2635 1768 2691 annulum
1802 2610 1857 2690 et
1891 2616 2097 2704 virgam
2197 2634 2464 2711 assentire
2482 2630 2721 2696 nolebat,
2746 2641 2913 2699 super
2941 2624 3240 2696 imaginum
3264 2610 3627 2693 depositione,
3674 2632 3774 2688 op-

540 2736 610 2791 de
631 2741 828 2805 papatu
852 2708 1103 2799 Romano
1125 2726 1362 2781 investiti
1393 2725 1627 2779 fuerant.
1650 2721 1803 2777 lianc
1826 2723 1941 2777 rem
1974 2729 2101 2775 ante
2198 2710 2515 2794 pugnarent.
2535 2718 2839 2790 (nunquam
2887 2716 3031 2793 enim
3074 2711 3274 2770 adduci
3316 2718 3621 2783 potuerunt
3664 2708 3776 2763 Ro—

541 2798 967 2894 quadringentos
1011 2830 1184 2872 annos
1234 2813 1400 2869 tradit
1442 2811 1761 2867 Guillelmus
1796 2808 1994 2881 Tyrius
2034 2807 2102 2861 li-
2201 2811 2350 2867 mani
2382 2808 2781 2881 pontiﬁces,tut
2820 2806 3000 2877 impiis
3043 2802 3431 2861 abolendarum
3471 2798 3772 2870 imaginum

543 2889 644 2969 bro
667 2927 706 2977 ι.
735 2889 854 2980 cap.
881 2909 969 2975 is,
994 2906 1070 2962 De
1103 2905 1245 2960 bello
1277 2917 1456 2967 sacro,
1492 2901 1565 2955 ita
1607 2898 1755 2970 (227)
1780 2904 1801 2952 ξ
1841 2897 2102 2953 Henricus

2212 2899 2433 2961 decretis
2462 2897 2885 2980 subscriberent,
2904 2895 3016 2970 imo
3048 2907 3143 2949 eas
3167 2900 3358 2948 contra
3380 2889 3772 2960 imperatorum

548 2974 861 3061 Teutonicas
905 2974 1017 3061 rex,
1061 3003 1112 3048 et
1160 2994 1298 3062 idem
1340 2991 1695 3048 Romanorum
1736 2989 2021 3059 imperator
2072 3003 2105 3040 a

2212 2991 2548 3048 orientalium
2574 2987 2814 3044 furorem
2851 2974 3079 3042 tuendas
3103 2979 3479 3053 susceperant)
3522 2977 3775 3032 Romana

550 3086 798 3157 Gregorio
824 3101 963 3156 papa
978 3081 1091 3145 VII
1109 3097 1295 3152 passus
1321 3080 1492 3150 fuerat
1515 3079 1873 3150 quwstionem,
1902 3086 1953 3131 et
1982 3089 2106 3129 con-

2212 3081 2452 3137 Ecclesia
2477 3079 2550 3134 ob
2569 3092 2666 3133 cas
2701 3082 2911 3132 causas
2940 3068 3297 3157 orientalibus
3328 3067 3587 3124 destituta
3622 3067 3778 3121 auxi-

553 3154 856 3233 ινόιῖεἱ-δὶαήι
887 3154 989 3228 non
1010 3172 1272 3226 modicam
1316 3170 1470 3239 super
1503 3166 1699 3221 annulo
1743 3165 2110 3235 defunctorum.
2140 3226 2177 3241 Π
2209 3171 2316 3237 liis,
2347 3169 2547 3241 quibus
2575 3180 2749 3237 usque
2780 3165 2847 3220 ad
2881 3179 2946 3220 ea
2982 3154 3222 3239 geme
3267 3160 3323 3215 in
3352 3158 3551 3214 luenda
3589 3165 3777 3213 contra

553 3267 912 3334 episcoporum
950 3270 999 3315 et
1029 3252 1234 3314 baculo.
1281 3256 1571 3311 Incleverat
1610 3254 1744 3309 enim
1776 3252 2109 3318 consuetudo,

551 3354 841 3425 prwsertim
862 3351 941 3407 de
966 3350 1204 3420 imperio,
1232 3347 1367 3419 quod
1393 3345 1751 3425 decedentibus
1774 3342 2113 3398 ecclesiarum

552 3422 810 3513 prodatis,
837 3439 1062 3495 annulus
1085 3448 1134 3493 et
1158 3440 1304 3508 virga
1324 3422 1610 3507 pastoralis
1635 3434 1703 3487 ad
1732 3432 1798 3486 D.
1832 3432 2115 3502 imperato-

555 3549 664 3585 rem
688 3532 1075 3601 dirigebantur;
1111 3528 1249 3582 unde
1278 3526 1607 3599 postmodum
1654 3514 1815 3578 unum
1849 3524 1913 3576 de
1957 3523 2117 3593 fami-

501 3637 504 3640 ‘
555 3621 780 3677 liaribus
818 3628 867 3673 et
904 3618 1191 3688 capellanis
1225 3620 1334 3670 suis
1388 3617 1686 3669 investitum
1731 3613 1800 3666 ad
1845 3612 2118 3666 ecclesiam

558 3721 825 3768 vacantem
855 3709 1133 3781 dirigebat,
1164 3717 1219 3761 ut
1246 3707 1318 3761 ibi
1348 3704 1576 3777 pastoris
1603 3703 1902 3773 fungeretur
1933 3701 2117 3770 oﬁicio,

560 3819 662 3858 non
684 3801 977 3871 exspectata
1006 3798 1136 3852 cleri
1170 3797 1434 3852 electione.
1474 3792 1625 3859 Quod
1665 3788 1813 3861 papa’
1838 3789 2119 3861 Gregorius

558 3898 743 3943 contra
767 3898 967 3942 omnem
990 3888 1105 3956 ﬁeri
1126 3888 1445 3940 honestatem
1467 3883 1823 3947 considerans,
1847 3889 1896 3934 et
1915 3880 2043 3950 jura
2066 3880 2121 3932 in

557 3994 622 4032 eo
636 3978 775 4047 facta
797 3975 1092 4028 conculcari
1114 3974 1466 4026 ecclesiastica
1488 3971 1822 4040 perpendens,
1845 3967 2021 4035 semel,
2036 3984 2119 4022 se-

556 4066 755 4134 cundo,
791 4081 853 4118 ac
876 4064 1027 4118 tertio
1050 4062 1287 4116 eumdem
1316 4060 1681 4129 imperatorem
1704 4042 2040 4123 commonuit,
2064 4066 2123 4111 ut

556 4167 735 4213 utam
782 4155 1077 4227 detestabili
1139 4153 1410 4207 desisteret
1467 4149 1867 4220 prmsumptione
1910 4163 1929 4201 :
1974 4163 2125 4219 quem

557 4246 835 4316 promptis
858 4243 1178 4299 salutaribus
1211 4242 1583 4296 commonitum
1620 4256 1738 4293 cum
1765 4254 2002 4292 revocare
2026 4252 2128 4291 non

564 4342 768 4403 ροηδε,
802 4334 1022 4397 uinculo
1076 4333 1425 4386 anathematis
1480 4330 1789 4395 innodavit,
1839 4330 1977 4401 quod
2039 4330 2126 4399 fa-

563 4430 712 4475 ctum
741 4420 897 4473 nimis
918 4421 1201 4487 imperator
1234 4419 1442 4490 indigne
1473 4420 1614 4485 tulit,
1648 4429 1751 4475 etc.
1802 4419 1923 4476 llaec
1948 4428 2127 4474 autem

520 4564 523 4569 .
564 4512 754 4567 omnia
785 4519 846 4565 ut
896 4509 1203 4565 accuratius
1245 4510 1469 4579 intelligi
1517 4521 1747 4579 queant,
1805 4512 1933 4582 quia
2000 4518 2129 4567 sunt

568 4600 793 4671 cognitu
835 4614 942 4653 non
995 4598 1235 4665 indigna,
1280 4613 1425 4651 nunc
1460 4599 1772 4653 brevissime
1809 4601 1879 4655 ab
1924 4598 2130 4676 origine

576 4699 838 4760 repetam,
860 4686 1116 4757 brevique
1147 4702 1394 4741 sermone
1421 4702 1751 4756 percurram,
1779 4705 1899 4757 qua:
1919 4689 2131 4745 duabus

568 4780 729 4838 libris
756 4793 920 4848 supra
953 4777 1162 4847 scripsi.

643 4870 774 4926 Post
807 4866 1095 4923 Justiniani
1139 4867 1478 4935 imperatoris
1520 4868 1759 4936 tempora
1798 4867 2132 4937 Gothosque,

575 4963 746 5029 Italia,
784 4976 891 5033 qua
924 4975 1019 5030 per
1046 4975 1224 5014 Lxxvu
1252 4975 1422 5013 annos
1466 4960 1617 5027 potiti
1651 4957 1886 5021 fuerant,
1919 4960 1987 5013 ab
2016 4958 2135 5028 ejus

581 5054 807 5108 «’ucibus
852 5051 1130 5115 Belisario,
1168 5058 1219 5103 et
1262 5049 1451 5111 Narso,
1503 5049 1640 5102 bello
1693 5066 1821 5102 xvm
1868 5062 2133 5103 annorum

583 5148 851 5208 postremo
874 5149 1108 5203 exactos,
1153 5140 1399 5210 Yigilius,
1437 5140 1527 5207 qui
1572 5149 1696 5193 tunc
1743 5138 1979 5209 pontifex
2024 5137 2133 5191 Ro-

581 5244 775 5282 manus
801 5238 935 5292 erat,
960 5233 1260 5298 ceterique,
1291 5233 1382 5298 qui
1421 5245 1539 5300 post
1564 5248 1686 5286 eum
1722 5233 1955 5297 fuerant,
1982 5247 2133 5287 sum—

582 5320 659 5371 mi
686 5316 991 5383 Pontifices,
1019 5318 1206 5381 Roma,
1236 5332 1287 5372 et
1318 5336 1378 5372 ea
1409 5321 1573 5375 Italire
1605 5339 1751 5390 pars,
1776 5339 1897 5392 quae
1931 5339 1962 5378 a
1994 5322 2108 5377 Lon

586 5406 839 5482 gobardis
869 5407 1118 5477 occupari
1144 5422 1248 5460 non
1278 5409 1469 5477 potuit,
1511 5410 1600 5463 diu
1633 5412 1734 5465 sub
1755 5412 1968 5481 Imperii
1989 5412 2105 5467 Con

560 5496 1048 5566 'stantinopolitani
1110 5507 1373 5567 potestate
1420 5507 1472 5552 et
1522 5500 1853 5568 protectione
1901 5501 2136 5567 fuerunt,

585 5588 790 5642 scilicet
822 5602 994 5659 usque
1030 5590 1096 5643 ad
1144 5590 1340 5645 Leonis
1390 5591 1756 5655 leonomacbi,
1800 5600 1851 5645 et
1896 5590 2138 5660 Gregorii

2163 4565 2206 4618 D

2214 3257 2600 3330 Langobardos
2629 3270 2726 3311 sua
2755 3254 3003 3331 libertate
3032 3267 3133 3308 usa
3153 3250 3350 3315 fuerat,
3376 3249 3445 3305 ab
3467 3247 3673 3304 eisdem
3712 3248 3778 3302 ad

2213 3351 2548 3407 Francorum
2580 3347 2875 3419 potentiam
2919 3354 2976 3401 et
3001 3345 3255 3402 virtutem
3293 3350 3408 3396 tum
3456 3341 3692 3396 maxime
3724 3339 3778 3393 in

2212 3439 2501 3496 Occidente
2532 3438 2787 3494 florentes
2813 3434 3105 3507 respicere,
3133 3440 3189 3488 et
3222 3446 3283 3488 se
3306 3436 3626 3487 convertere
3667 3441 3791 3492 casa

2214 3530 2312 3607 pit,
2343 3538 2507 3599 atque
2528 3528 2599 3583 ab
2631 3527 2714 3583 eis
2734 3526 2936 3581 auxilia
2963 3531 3153 3607 contra
3176 3510 3668 3591 Langobardorum
3691 3531 3783 3572 su-

2215 3599 2460 3690 perbiam
2484 3614 2785 3688 postulare.
2870 3635 2876 3641 ο
3112 3599 3119 3607 ’
3512 3606 3524 3614 ’

2283 3706 2502 3762 Primus
2528 3706 2673 3760 enim
2713 3703 3021 3774 Stephanus
3039 3697 3105 3766 Il,
3128 3713 3253 3754 cum
3276 3694 3347 3752 ab
3370 3694 3613 3752 ~Aistulfo
3639 3695 3782 3752 Lon-

2218 3798 2583 3871 gabardorum
2607 3810 2734 3866 rege
2766 3792 3182 3864 opprimeretur,
3219 3803 3251 3843 a
3267 3784 3529 3865 A’ippina.
3546 3785 3782 3861 Franco-

2219 3904 2341 3943 rum
2369 3901 2516 3959 rege,
2541 3892 2597 3941 et
2614 3883 2829 3950 Caroli,
2853 3889 3042 3952 postea
3066 3875 3430 3949 imperatoris,
3454 3882 3607 3945 patre
3631 3875 3782 3930 ausi-

2218 3980 2291 4034 lia
2326 3985 2518 4034 contra
2549 3972 2938 4046 Langobardos
2968 3966 3295 4040 impetravit.
3341 3963 3444 4032 Qui
3482 3964 3538 4019 in
3571 3960 3780 4031 Italiam

2220 4070 2448 4147 veniens
2478 4066 2669 4121 urbem
2701 4063 2930 4119 Romam
2945 4060 3236 4129 sedemque
3255 4048 3609 4127 apostolicam
3633 4066 3782 4124 egre-

2224 4142 2307 4210 eie
2339 4160 2546 4212 tutatus
2565 4149 2676 4221 est,
2713 4151 3119 4221 Aistulfumque‘
3143 4148 3260 4205 acie
3301 4143 3508 4203 victum
3539 4151 3598 4201 et
3634 4142 3781 4215 pacis

2225 4244 2564 4300 conditiones
2587 4244 2831 4312 accipere
2862 4250 3132 4313 coactum,
3154 4238 3268 4307 diu,
3289 4237 3418 4294 dum
3440 4230 3596 4313 vixit,
3620 4232 3782 4299 inof-

2229 4337 2350 4392 ficio
2372 4321 2661 4399 continuit,
2675 4310 2732 4387 et
2758 4310 3115 4397 exarcbatum
3133 4320 3425 4399 Ravennae,
3445 4310 3608 4396 quem
3626 4324 3781 4394 paulo

2227 4433 2351 4481 ante
2372 4421 2638 4480 Aistulfus
2652 4421 2723 4487 de
2740 4418 2941 4474 Graecis
2956 4417 3009 4471 vi
3024 4415 3337 4488 abstulerat,
3359 4404 3780 4482 eisa’demptum,

2230 4516 2487 4572 Romana:
2516 4522 2629 4568 tum
2664 4511 2900 4581 primum
2928 4505 3184 4563 Ecclesia:
3212 4500 3460 4571 donavit.

2307 4603 2553 4671 Aistulfo
2573 4599 3049 4673 Langobardorum
3067 4636 3083 4661 ,
3104 4603 3159 4651 ct
3185 4592 3412 4664 Pippina
3456 4590 3780 4647 Francorum

2228 4697 2448 4769 regibus
2469 4696 2582 4772 vita
2611 4690 2833 4756 functis,
2848 4687 3087 4745 Carolus
3124 4684 3372 4772 Francis,
3395 4691 3450 4763 et
3470 4680 3782 4739 Des‘iderius

2234 4762 2607 4855 Longobardis
2630 4778 2915 4851 premere.
2938 4765 3317 4845 Quorum'ille
3359 4762 3621 4847 obsequii
3661 4785 3781 4841 erga

2236 4874 2536 4930 Romanam
2584 4869 2902 4934 Ecclesium,
2946 4865 3037 4922 hic
3086 4882 3215 4923 vero
3248 4865 3358 4921 odii
3403 4856 3643 4919 baredes
3669 4860 3781 4916 fue-

2210 4956 2383 5020 runt.
2455 4960 2792 5025 Desiderius,
2840 4950 3092 5023 Adriano
3127 4972 3287 5028 papa,
3338 4950 3473 5008 adeo
3520 4950 3781 5007 Romanos

2236 5069 2432 5125 vexare
2451 5062 2505 5108 et
2532 5065 2845 5123 oppugnare
2874 5051 3055 5120 cmpit,
3078 5034 3140 5103 ut
3186 5028 3449 5117 pontifex,
3494 5041 3590 5119 qui
3635 5040 3782 5111 longe

2236 5147 2411 5216 impar
2465 5126 2959 5214 Longobardorunf
3004 5138 3213 5193 viribus
3262 5140 3400 5198 erat,
3443 5129 3780 5209 orientalibus

2234 5234 2455 5293 auxiliis
2479 5225 2794 5297 destitutus,
2815 5238 3037 5287 coaetus
3066 5228 3139 5281 sit
3161 5222 3408 5293 exemplo
3453 5216 3703 5292 Stephani
3737 5216 3792 5283 ll.

2232 5329 2308 5383 Ca
2319 5328 2492 5384 rolum
2517 5324 2768 5394 Magnum
2792 5310 3003 5389 Pippini
3031 5316 3202 5371 illium
3228 5312 3563 5368 Francorum
3590 5322 3781 5382 regem,

2232 5417 2503 5473 Saxonico
2525 5413 2669 5468 bello
2698 5420 2825 5465 tunc
2856 5404 3196 5477 implicitum,
3219 5403 3274 5458 in
3302 5402 3513 5459 italiam
3542 5395 3781 5457 Ecclesia

2227 5506 2492 5563 Romanae
2513 5501 2716 5557 auxilio
2734 5512 2981 5554 evocare.
2996 5496 3121 5563 Qui,
3134 5494 3371 5566 pontiﬁci
3394 5494 3776 5563 obtemperat.

2218 5598 2285 5669 in
2316 5595 2529 5652 Italiam
2560 5590 2762 5662 ingenti
2798 5603 2923 5645 cum
2953 5586 3215 5653 exercitu,
3238 5585 3464 5657 Alpibus
3500 5575 3777 5652 superatis,

655 5715 803 5794 (397)
842 5715 1081 5794 Tradidit
1114 5720 1329 5794 quidem
1378 5724 1479 5775 hoc
1514 5722 1727 5791 Tyrius,
1772 5720 1859 5773 δρᾶ
1899 5737 2002 5773 non
2040 5722 2380 5790 approbavit,
2449 5722 2563 5774 imo
2611 5732 2861 5787 expresse
2918 5715 3269 5787 improbavit,
3306 5722 3359 5769 et
3407 5727 3505 5783 pro
3562 5709 3779 5764 detesta-

587 5776 678 5835 bili
706 5776 1090 5842 consuetudine
1125 5776 1209 5841 bal
1234 5792 1326 5842 uit.

3512 5832 3902 6364 Α
