3902 6334
144 475 231 526 ιδῃ
1104 444 1642 523 ῖιιιοιιεαοιιεκλ.
1672 497 1741 540 -τ
1780 467 1958 521 ACTA
1997 469 2052 522 s.
2099 467 2444 525 unseen".

3266 475 3366 528 186

140 588 284 641 venit.
322 583 421 639 Ubi
452 555 746 638 Desiderio
777 579 894 636 acie
948 580 1109 647 victo,
1157 590 1335 650 atque,
1369 579 1534 649 paulo
1576 587 1701 648 post
1729 583 1772 638 Α
1797 580 2066 649 ejusmodi
2101 583 2442 652 privilegium
2499 583 2634 636 tueri
2694 584 2920 662 nollent,
2968 586 3062 642 sed
3114 602 3214 643 nec
3261 588 3368 644 ulla

141 685 296 746 capta,
337 673 838 745 Langobardorum
883 686 1111 742 regnum
1156 670 1212 724 in
1245 668 1582 724 Francorum
1613 669 1704 738 jus

142 765 411 821 transtulit.
435 763 567 831 Qui,
594 770 661 816 ut
687 777 748 816 se
783 759 999 832 gratum
1033 760 1294 815 Romana:
1323 758 1584 815 Ecclesiae
1611 775 1706 814 ex-

144 857 348 919 hiberet,
361 856 523 925 cujus
545 853 772 908 tuenda:
793 867 958 907 causa
979 849 1453 920 opulentissimum
1476 864 1704 920 regnum

144 947 448 1012 obtinuerat,
475 951 596 998 tres
617 958 687 996 ex
709 956 879 1012 regna
900 939 1316 1011 Lougohardico
1333 947 1518 1010 partes
1541 938 1666 1006 fecit
1690 957 1703 992 :

149 1051 358 1106 quantm
411 1049 612 1099 unam,
670 1033 844 1102 ipsius
892 1031 1097 1086 scilicet
1132 1031 1284 1102 regni
1315 1029 1708 1100 Langobardici

143 1126 309 1182 sedem
335 1125 617 1187 Ticinum,
646 1130 704 1176 et
727 1121 931 1186 omnia,
955 1137 1080 1191 quae
1103 1119 1447 1191 Langobardi
1473 1120 1527 1172 in
1555 1118 1706 1174 Italia

145 1217 425 1286 antiquitus
447 1213 854 1284 acquisierant,
878 1212 982 1265 sibi
1014 1211 1266 1278 retinuit;
1303 1211 1528 1264 alteram
1554 1225 1705 1274 vero,

142 1320 250 1374 qua:
275 1320 337 1360 ea
370 1302 901 1374 comprehendebat,
929 1317 1061 1378 qua:
1113 1301 1276 1371 paulo
1319 1308 1444 1355 ante
1489 1299 1707 1370 Longo-
1729 1293 1742 1302 ’

145 1395 278 1450 lardi
300 1395 352 1449 in
382 1393 542 1449 Italia
573 1392 939 1463 orientalibus
970 1377 1288 1446 ademerant
1334 1389 1706 1444 Romanarum

144 1485 569 1555 imperatoribus,
597 1483 657 1537 id
683 1467 1178 1544 est,exarchatum,
1195 1479 1433 1534 Umbriae
1452 1488 1506 1534 et
1527 1479 1706 1535 Piceni

143 1583 329 1643 mrtem
355 1573 630 1628 Romana:
662 1570 917 1626 Ecclesia:
945 1571 1310 1638 conﬁrmavit,
1334 1571 1418 1624 vel
1459 1571 1525 1625 de
1567 1585 1708 1624 nova

144 1664 348 1736 largitus
401 1673 508 1718 est.
561 1660 812 1716 Tertiam
860 1675 1046 1732 porro,
1079 1676 1188 1730 qua
1232 1675 1297 1714 ea
1346 1658 1514 1714 Italia:
1557 1668 1710 1729 parte

143 1755 454 1819 continetur,
476 1769 611 1824 quae
657 1751 901 1807 Siciliam
954 1766 1169 1815 versus,
1199 1751 1254 1804 in
1289 1766 1397 1820 qua
1432 1750 1710 1824 ljeneven—

144 1853 244 1900 tum
263 1853 396 1910 erat,
418 1815 675 1913 respicit,
694 1831 748 1896 et
770 1837 932 1896 hodie
957 1841 1107 1912 regni
1130 1815 1468 1911 Neapolitani
1491 1840 1712 1894 nomine

142 1935 448 2005 appellatur,
501 1933 639 1988 duci
689 1932 1093 1998 Beneventano,
1145 1931 1240 2001 qui
1283 1946 1427 1985 unus
1460 1945 1528 1984 ex
1563 1930 1712 2000 regio

147 2023 634 2095 Langobardorum
664 2021 931 2092 sanguine
973 2027 1276 2090 supererat,
1309 2027 1365 2074 et
1397 2018 1711 2089 imperatori

145 2113 742 2183 Constantinopolitano
761 2125 886 2166 cum
910 2107 1110 2165 Sicilaa
1132 2108 1555 2164 insula'dimisit.
1580 2105 1713 2174 Q‘ui—

145 2205 236 2259 bus
257 2205 327 2259 ita
359 2202 673 2274 dispositis,
701 2201 914 2272 primus
953 2199 1200 2254 omnium
1233 2199 1567 2269 principum,
1599 2197 1711 2252 Ro-

147 2309 346 2351 manam
375 2311 548 2365 quam
574 2292 818 2352 maxime
839 2299 894 2346 et
922 2290 1207 2362 dignitate,
1251 2297 1309 2344 et
1349 2289 1578 2359 profana
1625 2289 1712 2343 di-

147 2387 297 2452 tione,
316 2385 690 2455 maximisque
714 2381 908 2452 opibus
938 2379 1090 2435 auxit
1119 2378 1438 2435 Ecclesiam.

207 2475 302 2532 Tot
326 2477 513 2548 igitur,
548 2483 941 2542 tantorumque
959 2469 1351 2526 beneﬁciorum
1381 2484 1492 2523 non
1525 2469 1715 2522 imme-

148 2582 257 2621 mor
289 2583 427 2637 papa
470 2564 794 2629 Adrianus,
840 2561 945 2616 sub
1001 2574 1113 2630 quo
1156 2566 1269 2613 tam
1321 2558 1605 2628 magniﬁce
1649 2557 1716 2612 de

151 2654 377 2710 Romana
398 2653 650 2710 Ecclesia
672 2651 906 2707 Carolus
926 2649 1066 2705 bene
1079 2648 1309 2704 meritus
1335 2646 1534 2713 fuerat,
1548 2661 1716 2718 syno-

150 2747 268 2801 dum
297 2747 398 2802 155
426 2747 842 2816 episcoporum,
885 2741 1164 2805 abbatum,
1210 2738 1554 2808 aliorumque
1598 2738 1718 2809 plu-

1810 667 2019 737 imperii
2048 669 2172 738 jura
2199 679 2607 737 curarent,eam
2633 674 2972 729 occasionem
3001 685 3194 732 nactus
3219 677 3369 749 (2‘50)

1808 757 2078 814 Adrianus
2124 773 2261 828 papa
2308 757 2375 811 Ill
2427 760 2531 814 sub
2584 761 2908 832 imperatore
2965 761 3164 818 Carolo
3212 764 3374 820 tertio

1809 865 1955 904 anno
1983 850 2175 904 salutis
2202 849 2305 904 884
2348 850 2479 905 illud
2514 853 2735 920 quidem
2763 853 2909 922 quod
2939 855 3040 908 sub
3095 855 3372 924 prioribus

1808 941 2156 1012 pontiﬁcibus
2185 942 2386 997 sensim
2411 943 2748 1010 exoleverat",
2781 953 3105 1014 congregata
3141 945 3372 1016 synodo,

1810 1034 2035 1112 omnino
2078 1033 2380 1103 antiquavit
2431 1041 2486 1087 et
2531 1033 2832 1103 abrogavit,
2882 1035 3170 1090 instituens
3211 1041 3272 1089 ut
3317 1033 3372 1086 in

1811 1139 1963 1193 papas
2013 1124 2276 1178 electione
2341 1124 2634 1193 imperator
2686 1139 2744 1178 se
2804 1139 2913 1177 non
2968 1125 3370 1183 intromitteret.

1810 1216 2157 1287 Privilegium
2181 1216 2403 1271 Adriani
2425 1216 2606 1285 primi,
2622 1216 2932 1285 imperatori
2955 1217 3024 1270 ab
3047 1217 3288 1273 Adriano
3309 1219 3375 1273 Ill

1809 1315 2076 1377 ereptum,
2122 1306 2270 1378 (251)
2306 1305 2417 1360 Leo
2451 1322 2589 1375 papa
2622 1305 2735 1360 VIII
2770 1305 2968 1359 Othoni
2999 1307 3177 1376 primo
3206 1307 3378 1378 impe—

1810 1397 1980 1452 ratori
2010 1397 2077 1452 de
2106 1395 2351 1451 Romana
2379 1395 2617 1450 Ecclesia
2649 1395 2850 1464 optime
2875 1395 3088 1461 merito,
3109 1411 3232 1450 cum
3254 1411 3378 1453 cam

1811 1503 1878 1540 ex
1918 1495 2275 1558 tyrannorum
2336 1486 2646 1556 Berengarii
2697 1494 2752 1538 et
2806 1485 3079 1552 Adalbcrti
3126 1487 3379 1542 manibus

1810 1590 2043 1646 erutam,
2069 1583 2123 1634 in
2158 1579 2486 1645 libertatem,
2510 1595 2672 1649 quam
2705 1579 2991 1644 amiserat,
3023 1578 3378 1647 vindicasset.

1812 1686 1957 1725 anno
1987 1669 2202 1723 Domini
2236 1669 2340 1723 962
2374 1669 2426 1721 in
2468 1669 2676 1738 synodo
2725 1667 2976 1722 Laterani
3027 1676 3376 1738 congregata,

1811 1759 2056 1828 exemplo
2076 1759 2316 1828 ejusdem
2339 1757 2561 1810 Adriani
2582 1758 2870 1826 primi,qui
2898 1757 3025 1810 illud
3048 1758 3157 1827 regi
3181 1755 3380 1810 Carolo

1813 1858 2176 1915 concesserat,
2203 1849 2464 1914 restituit,
2490 1849 2784 1914 renovavit,
2809 1858 2863 1902 et
2891 1849 2957 1902 de
2995 1864 3136 1902 nava
3181 1852 3380 1903 contir—

1743 1919 1786 1972 Β
1815 1940 2001 2004 mavit,
2015 1946 2074 1992 ut
2094 1946 2241 2008 patet
2249 1953 2314 1992 ex
2327 1937 2514 1992 eadem
2526 1937 2872 1992 distinctione
2885 1938 3024 2006 apud
3039 1937 3374 1991 Gratianum.

1894 2027 2066 2082 Porro
2097 2034 2276 2081 autem
2309 2035 2499 2081 contra
2547 2027 2649 2082 hoc
2699 2026 2896 2081 Leonis
2943 2025 3053 2078 VIII
3102 2027 3377 2082 decretum

1812 2101 1994 2173 nullus
2016 2116 2273 2186 deinceps
2293 2114 2669 2184 Romanorum
2701 2116 3020 2185 pontiﬁcum
3067 2116 3382 2171 reclamavit

1812 2207 1898 2262 vel
1922 2214 2105 2276 aperte
2127 2188 2456 2279 contradixit
2474 2205 2644 2277 (232),
2659 2221 2832 2274 usque
2846 2207 2914 2259 ad
2936 2205 3254 2277 Gregorium
3267 2206 3380 2262 VII.

1816 2298 1913 2354 IIic
1933 2299 2140 2368 primus
2171 2296 2292 2362 fuit,
2318 2297 2411 2367 qui
2444 2297 2831 2365 imperatorum
2857 2296 3098 2352 Simonia
3121 2297 3382 2364 aﬁ'ensus,

1815 2390 1870 2443 in
1894 2388 2231 2443 contrarium
2253 2387 2414 2441 editis
2436 2387 2690 2450 decretis,
2715 2387 2830 2440 haec
2858 2385 2967 2440 duo
3003 2386 3224 2456 Adriani
3270 2387 3384 2456 pri-

1813 2477 1912 2541 mi,
1933 2484 1989 2530 et
2015 2475 2212 2530 Leonis
2237 2473 2373 2539 VIII,
2422 2475 2700 2545 privilegia
2746 2475 2970 2529 omnino
3021 2475 3302 2545 abrogavit
3329 2485 3388 2532 et

1815 2567 2047 2622 induxit.
2098 2564 2243 2620 Satis
2287 2573 2473 2618 autem
2527 2572 2745 2618 constat
2794 2563 3060 2619 Joannem
3115 2562 3235 2617 XIII
3288 2565 3383 2634 qui

1817 2657 1986 2713 Leoni
2028 2654 2143 2710 VIII
2177 2655 2506 2731 immediate,
2536 2657 2821 2723 successit,
2870 2656 3189 2727 Gregorium
3239 2655 3281 2710 γ
3332 2666 3390 2712 et

1819 2747 2154 2819 Sylvestrum
2206 2745 2248 2798 ll
2302 2747 2616 2814 apostolica:
2663 2746 2778 2801 sedi
2831 2747 2944 2801 sola
2998 2747 3385 2816 imperatorum

153 2836 282 2905 rium
313 2827 670 2907 prailatorum
708 2847 853 2888 anno
905 2831 1100 2887 salutis
1135 2829 1241 2884 785
1290 2827 1439 2900 (228)
1465 2827 1716 2882 Laterani

1822 2839 2140 2893 auctoritate
2169 2837 2454 2907 impositos
2489 2836 2678 2902 fuisse,
2715 2839 2878 2893 nullis
2913 2839 3042 2893 cleri
3085 2840 3169 2892 vel
3203 2840 3386 2908 populi

154 2926 203 2981 in
231 2925 451 2983 basilica
477 2925 539 2980 S.
575 2922 904 2988 Salvatoris,
927 2935 1050 2991 quae
1081 2918 1526 2974 Constantiniana
1555 2931 1718 2970 voea-

155 3024 252 3082 tur,
276 3015 654 3087 congregavit;
684 3013 738 3066 in
761 3027 890 3082 qua,
911 3026 978 3064 ex
1001 3009 1170 3064 totius
1193 3007 1388 3080 synodi
1422 3022 1714 3073 consensu,

154 3105 288 3162 dedit
309 3106 360 3162 ei
399 3101 503 3178 jus,
551 3111 610 3161 et
646 3110 973 3174 potestatem
1020 3099 1332 3171 pontiﬁcem
1381 3098 1610 3170 eligendi
1666 3107 1721 3152 et

156 3197 424 3252 ordinandi
484 3194 846 3266 apostolicam
895 3191 1080 3248 sedem
1105 3232 1120 3257 ,
1173 3206 1300 3246 cum
1351 3204 1418 3244 co
1478 3197 1721 3258 tempore

155 3286 326 3344 liberis
354 3286 596 3343 Romani
637 3284 792 3349 cieri,
813 3291 869 3337 et
892 3280 1077 3350 populi
1106 3279 1379 3349 suﬁragiis
1411 3277 1717 3331 Romanum

156 3377 452 3448 pontiﬁcem
483 3374 664 3432 creari
697 3387 818 3426 mos
848 3379 1010 3448 esset.
1040 3369 1268 3438 Insuper
1290 3368 1602 3438 episcopos,
1633 3381 1720 3432 ar-

157 3467 524 3538 chiepiscopus
553 3473 612 3521 et
654 3463 879 3518 abbates
925 3461 1172 3517 omnium
1234 3458 1639 3528 provinciarum
1670 3458 1719 3512 ei

159 3558 492 3613 subditarum
527 3555 600 3611 ab
627 3570 697 3610 eo
732 3553 1112 3608 iuvestituram
1138 3612 1140 3614 τ
1164 3550 1410 3620 accipere
1459 3549 1718 3616 deﬁnivit,

160 3663 357 3714 eorum,
382 3649 589 3720 quibus
612 3652 904 3717 praeerant,
934 3641 1398 3707 sacerdotiorum;
1428 3640 1502 3694 ita
1525 3649 1587 3694 ut
1617 3642 1720 3696 nisi

160 3753 189 3793 a
209 3755 326 3810 rege
348 3739 733 3800 laudarentur,
767 3741 824 3788 et
856 3733 1262 3797 investireutur,
1307 3731 1593 3800 episcopus
1640 3733 1723 3785 vel

162 3829 340 3895 abbas,
366 3843 398 3884 a
434 3826 656 3883 nemine
687 3822 999 3879 consecrari
1025 3830 1218 3892 posset
1256 3839 1270 3874 :
1301 3830 1356 3875 et
1383 3835 1598 3885 omnes,
1629 3823 1722 3890 qui
1767 3815 1780 3828 ’

162 3929 336 3974 contra
357 3920 463 3974 hoc
483 3919 767 3974 decretum
789 3913 1043 3986 egissent,
1059 3913 1401 3967 anathemate
1424 3911 1648 3976 natavit,
1670 3921 1725 3966 et

163 4011 291 4065 bona
312 4000 438 4080 ejus
458 4007 802 4080 proscripsit.
826 4003 998 4075 Cujus
1017 4003 1094 4059 rei
1120 4003 1368 4058 meminit
1398 4003 1723 4059 Anastasius

162 4100 598 4157 bibliothecarius
628 4099 685 4152 in
721 4097 950 4152 historia
981 4095 1346 4178 ecclesiastica
1385 4095 1533 4166 (229)
1561 4112 1720 4165 quem

165 4191 330 4246 locum
358 4189 658 4246 Gratianus
691 4199 966 4242 canonum
992 4184 1250 4239 collectar
1282 4183 1354 4238 65
1373 4179 1724 4238 distihtione

164 4281 380 4338 notavit.

245 4369 667 4443 Imperatoribus
690 4375 897 4431 autem,
925 4363 1019 4436 qui
1047 4362 1245 4420 Carolo
1279 4359 1476 4433 Magno
1504 4377 1722 4419 succes-

163 4472 368 4531 serunt,
411 4463 481 4518 ad
527 4477 654 4518 eam
683 4457 955 4531 ignaviam
985 4453 1240 4526 delapsis,
1265 4461 1346 4509 ‘ut
1391 4468 1499 4508 non
1545 4454 1721 4510 solum

236 4595 382 4677 ςεββ)
429 4585 1721 4677 llr-bilesPa932°992-l:99..19"2isseisse
1755 4586 1799 4638 ι)

163 4664 213 4718 in
233 4653 509 4734 legitimis_
547 4672 603 4717 et
643 4653 894 4734 genuinis
932 4653 1312 4734 ecclesiasticis
1351 4657 1724 4734 mpn‘ume'ntis~

163 4720 410 4789 occurrit.
469 4720 674 4787 Totum
737 4729 843 4784 hoc
900 4731 1267 4781 commentum
1334 4720 1531 4776 refellit
1593 4722 1714 4778 Bar.

165 4817 302 4858 anno
326 4803 448 4857 Tu.
799 4807 810 4863 ἶ

219 4871 376 4942 ’(229)
403 4871 697 4942 Gratianus
727 4868 784 4923 in
804 4861 1056 4942 lcrrorem
1090 4861 1346 4942 inductus
1373 4872 1466 4942 est
1491 4879 1522 4918 a
1540 4935 1554 4942 _
1575 4862 1724 4935 Sige-

167 4929 334 5009 herto,
354 4929 513 5009 cujus
535 4939 703 4994 verba
737 4929 999 5009 veibatim
1050 4935 1356 5009 exscripsit.
1412 4929 1724 5009 Sigebcrtus

592 5003 1180 5077 synodumnrefertnad
1208 5003 1425 5077 annum
1478 5003 1600 5077 _7_7_5,
1627 5017 1725 5077 cur

171 5076 560 5150 Onuphrius‘ad
576 5071 784 5150 annum
806 5072 942 5150 7§5?
967 5071 1170 5150 Invita
1191 5072 1416 5150 Adriani
1440 5073 1514 5126 nil
1540 5075 1727 5150 hacde

173 5161 229 5202 re
458 5145 801 5203 Anastasius.
831 5140 941 5195 Nec
967 5142 1021 5194 in
1050 5141 1170 5209 ejus
1207 5141 1432 5195 historia
1465 5143 1724 5199 ecclesia-

174 5215 648 5290 stiga,qnam_li_gi
676 5212 1132 5290 manuscriptamn,
1175 5211 1259 5264 vel
1287 5211 1606 5290 vestigium,
1647 5215 1726 5268 vel

175 5232 323 5283 sua,
344 5234 508 5290 quam
543 5232 580 5272 It
629 5233 648 5270 t
676 5232 1132 5293 manuscrtptam,
1176 5232 1259 5264 vet
1288 5232 1606 5291 VCSlIquuI,
1647 5232 1726 5268 vel

175 5286 346 5360 volatu
368 5288 436 5344 de
457 5232 1044 5360 pﬁvifegioyontiﬁcis
1087 5280 1314 5336 Romani
1354 5281 1583 5349 eligendi
1634 5297 1728 5360 per

175 5351 724 5438 Adriguum'primu'm
743 5351 940 5409 Carolo
964 5351 1158 5422 Magno
1190 5365 1469 5414 concesso,
1494 5352 1729 5418 reperire

413 5492 581 5564 Recte
598 5503 657 5551 et
682 5491 917 5564 legitime
947 5490 1071 5564 fecit
1094 5489 1377 5564 Adrianus:

401 5561 512 5646 19°.
530 5580 640 5619 που
662 5558 768 5646 fui}
784 5561 1044 5646 μενανδερ
1070 5559 1336 5646 399W-
1351 5558 1506 5646 Quas!
1526 5559 1727 5646 uitem

181 5627 551 5702 ab'Oluphrio
581 5649 692 5687 non
725 5627 892 5702 fuisse
939 5627 1395 5702 animadviersum.
1450 5627 1726 5702 Fictitiuni

183 5697 725 5772 leonisprlvilegium
744 5701 926 5772 solide
959 5698 1152 5772 refellit
1172 5697 1366 5772 Baran.
1394 5712 1539 5772 nimo
1569 5699 1728 5772 Chii-

185 5771 252 5825 sti
281 5769 478 5826 96ιά
513 5769 758 5825 Gratiani
803 5769 1274 5824 hallucinationcm
1306 5770 1359 5824 d.
1384 5769 1470 5831 65,
1501 5783 1618 5835 cap.
1658 5769 1728 5831 2.3

190 5840 457 5896 manifeste
487 5841 839 5896 demonstrat.

1820 2927 2049 2983 Romani
2104 2927 2375 2998 suﬁ'ragiis
2426 2928 2693 2997 expetitis.
2744 2929 2936 2983 Caneri
2983 2944 3112 2983 vero
3153 2929 3385 2984 Romani

1819 3015 2241 3089 pontiﬁces,_qui
2264 3016 2403 3071 inter
2425 3016 2690 3071 Joannem
2717 3011 2833 3070 Xlll
2867 3025 2919 3072 et
2962 3017 3295 3089 Sylvestrum
3341 3017 3386 3070 Il

1821 3105 2071 3173 fuerunt,
2095 3105 2201 3184 etsi
2246 3121 2342 3162 eos
2383 3107 2584 3162 electos
2629 3105 2799 3163 fuisse
2840 3107 2909 3162 ab
2964 3107 3384 3177 imperatorium

1824 3213 1936 3260 non
1958 3187 2293 3272 legatur,sed
2319 3213 2350 3252 a
2368 3199 2760 3265 clero,senatu,
2785 3187 3385 3268 papnloqueRomano,

1821 3287 1874 3340 id
1909 3287 2284 3356 accidit,quod
2304 3288 2584 3343 electionis
2609 3297 2850 3358 tempore
2872 3289 3228 3359 imperatores
3251 3289 3384 3343 urbe

1820 3378 2092 3442 absentes,
2116 3377 2251 3432 adeo
2301 3377 2554 3438 maximis
2585 3376 2637 3430 in
2664 3375 2952 3431 Germania
2984 3385 3040 3431 et
3071 3377 3200 3431 alibi
3231 3376 3388 3432 bellis

1820 3467 2068 3538 impliciti
2095 3477 2297 3535 essent,
2334 3447 2493 3536 abde
2522 3483 2664 3523 novo
2689 3469 2945 3539 pontiﬁce
2980 3468 3236 3524 Romana:
3270 3469 3386 3525 sedi

1821 3555 2104 3625 providere
2138 3570 2248 3611 non
2281 3545 2523 3626 possent.
2553 3555 2686 3611 Illud
2738 3565 2918 3612 tamen
2971 3565 3207 3624 constat,
3255 3557 3387 3612 dum

1825 3646 2202 3715 imperatores,
2228 3653 2335 3701 tres
2354 3642 2597 3702 Othones
2619 3647 2833 3717 loquor,
2853 3648 2906 3701 in
2933 3645 3075 3702 Urbe
3095 3647 3178 3702 vel
3201 3662 3392 3718 prope,

1823 3743 1918 3789 aut
1945 3743 2092 3788 certe
2114 3735 2168 3788 in
2191 3733 2344 3788 Italia
2374 3734 2617 3802 fuerunt,
2643 3746 2698 3790 et
2747 3735 3048 3812 Romanam
3101 3737 3242 3794 forte
3283 3737 3420 3792 lic--

1824 3823 2042 3878 clesiam
2065 3831 2288 3894 pastore
2321 3838 2510 3877 vacare
2547 3832 2658 3878 tum
2697 3825 3033 3895 contigisset,
3060 3841 3155 3881 eos
3188 3841 3390 3882 novum

1824 3927 2097 3967 summum
2130 3912 2438 3981 pontiﬁcem
2469 3913 2786 3969 dedisse.~Si
2819 3931 2946 3969 vero
2978 3923 3218 3985 tempore
3238 3933 3396 3971 novae

1824 4002 2124 4068 electionis,
2151 4018 2245 4058 eos
2285 4003 2354 4057 ab
2378 4001 2529 4057 Italia
2553 4005 2741 4073 procul
2762 4020 2881 4067 esse
2915 4005 3244 4074 cont’gisset,
3274 4019 3397 4057 cer-

1828 4104 1941 4148 tum
1975 4102 2077 4155 est,
2103 4103 2214 4148 tum
2244 4090 2833 4162 Romanos-pontiﬁces
2855 4127 2868 4142 κ
2889 4109 2919 4146 a
2977 4095 3145 4158 clero,
3194 4101 3388 4148 senatu

1825 4184 2129 4251 populoque
2164 4182 2409 4236 Romana
2442 4183 2642 4236 electas
2674 4197 2782 4236 non
2839 4183 3045 4251 alisque
3095 4182 3393 4251 imperata-

1825 4291 1944 4328 rum
1976 4289 2246 4329 consensu
2283 4282 2630 4329 consecratas
2676 4273 2862 4329 fuisse.
2903 4265 3146 4329 Fuerunt
3204 4282 3386 4328 autem

1825 4364 2100 4420 Benedicti
2131 4365 2240 4419 duo
2269 4363 2337 4418 Vl
2367 4374 2423 4420 et
2453 4363 2564 4432 VII,
2596 4353 2908 4420 Bonifacius
2945 4363 3030 4418 VII
3081 4365 3397 4440 apostolicae

1825 4454 1971 4511 sedis
2004 4455 2244 4521 invasor,
2269 4455 2362 4524 qui
2407 4456 2571 4509 etiam
2621 4463 2848 4510 exactus
2912 4453 3032 4519 fuit,
3056 4463 3112 4508 et
3153 4445 3397 4508 Joannes

1894 4587 2042 4658 (252)
2076 4586 2514 4658 Quidgapus-erat
2535 4585 2927 4658 contradicere,
2951 4601 3074 4640 cum
3104 4595 3396 4658 utniniqne

1822 4654 2162 4737 privilegium
2196 4654 3143 4737 sit'ﬁctitiumi‘Nulli'imperatari,
3173 4657 3283 4726 regi
3307 4654 3392 4737 vel

1860 4725 2050 4794 rincipi
2069 4726 2160 4794 jus
2181 4725 2411 4794 eligendi
2437 4725 2747 4795 pontiﬁcem
2773 4725 3077 4781 Romanum
3113 4725 3391 4795 competit.

1822 4742 2050 4848 Brmcnpt
2069 4742 2160 4794 jus
2181 4742 2411 4794 eugenoi
2437 4742 2747 4795 ponuncem
2773 4742 3077 4781 ttomanum
3113 4742 3391 4793 competit.

1825 4795 2187 4867 _rimus,_qui
2234 4795 2337 4848 hac
2375 4795 2476 4867 jus,
2517 4797 2618 4850 sibi
2652 4799 2928 4867 tyrannice
2964 4795 3235 4867 arrogavit
3290 4793 3395 4847 fuit

1823 4863 2193 4938 Theodericus
2243 4880 2337 4938 rex
2380 4863 2641 4938 ’Arianus.
2676 4863 3035 4938 'QneuLDeus
3086 4865 3146 4917 in”
3175 4879 3396 4938 pugnam

1822 4935 1973 5001 facti,
1998 4951 2123 4990 mox
2148 4951 2178 4990 e
2205 4937 2385 4990 medio
2417 4936 2654 4991 sustulit.
2689 4933 2816 4988 Vide
2849 4931 3074 5000 Baran.,
3100 4931 3394 4998 tomo'Vll,

1824 5023 1970 5060 anno
1991 5007 2114 5070 526,
2140 5022 2290 5059 num.
2317 5006 2386 5059 22
2403 5014 2457 5060 et
2482 5020 2632 5073 seqq.
2663 5002 2832 5070 Quem
2861 5012 3048 5072 postea
3069 5013 3288 5060 secutus
3309 5016 3396 5060 est

1824 5076 2182 5137 Justinianus,
2209 5085 2262 5128 et
2296 5075 2386 5127 alii
2411 5074 2702 5144 orientales
2746 5073 3121 5144 imperatores,
3147 5077 3238 5144 qui
3286 5076 3398 5130 sal-

1829 5156 1934 5199 tem
1965 5144 2318 5198 conﬁrmandi
2350 5143 2620 5213 pontiﬁcis
2637 5144 2728 5214 jus
2759 5143 2860 5198 sibi
2885 5143 3271 5214 vcndicabant,
3294 5160 3396 5197 nec

1827 5215 1943 5270 sine
1978 5228 2325 5267 nummorum
2375 5213 2676 5279 exactione,
2714 5214 2858 5284 quod
2897 5227 3004 5284 non
3045 5213 3212 5267 semel
3245 5214 3397 5284 dete-

1828 5293 2002 5341 statur
2029 5292 2082 5336 et
2119 5284 2459 5338 amarissime
2483 5282 3066 5351 deplorat'Grcgorius,
3092 5283 3392 5350 pnesertim

1828 5369 1990 5422 super
2014 5370 2064 5407 tv
2095 5356 2229 5423 psal.
2255 5355 2442 5423 pauit.
2475 5350 2607 5408 Vide
2627 5352 2747 5406 Bar.
2784 5350 2897 5420 tam
2927 5350 3062 5423 _Vlll,
3091 5367 3234 5423 anno
3264 5351 3390 5412 590,

1829 5420 1979 5494 num.
2014 5425 2048 5478 5
2089 5420 2142 5478 et
2173 5420 2643 5494 seq—quecuniam
2669 5437 2768 5494 pro
2809 5420 3217 5476 conﬁrmatione
3239 5435 3391 5494 Apen-

1827 5493 2057 5547 dendam
2081 5487 2300 5547 remisit'
2321 5487 2708 5546 Constantinus
2734 5490 3044 5562 Pagonatus
3067 5503 3209 5562 anno
3231 5487 3389 5540 Chri-

1831 5565 1898 5617 sti
1958 5563 2089 5625 681,
2128 5572 2334 5616 retento
2381 5570 2559 5614 tamen
2614 5557 3038 5616 conﬁrmationis
3093 5557 3234 5624 jure,
3281 5572 3422 5625 quo-

1834 5644 2009 5685 tamen
2022 5631 2206 5700 paulo
2242 5640 2362 5697 post
2387 5646 2576 5700 nempe
2600 5631 2870 5700 ann07684
2897 5627 3110 5700 penitus
3141 5641 3198 5680 se
3235 5627 3388 5680 abdi-

1831 5702 1987 5755 cavit.
2021 5695 2151 5753 Vide
2185 5695 2330 5761 Bar.,
2355 5695 2696 5754 dicto'anno.
2743 5699 2816 5763 De
2851 5695 3201 5751 concessione
3252 5711 3390 5765 qua.

1831 5773 1951 5822 dam
1980 5786 2007 5821 a
2033 5767 2254 5821 Nicolao
2278 5769 2317 5820 Il
2350 5769 2487 5823 facta
2515 5769 2746 5824 Henrico
2772 5766 2909 5820 inl'rn
2937 5765 3199 5820 dicemus.
