4098 6358
246 416 327 474 100
1155 418 1681 481 FROLEGOMENA.
1717 443 1783 460 -ι
1805 419 1982 476 ACTA
2016 423 2068 478 S.
2111 424 2454 481 GREGORH.

3268 433 3407 488 ’170

295 525 438 598 igitur
455 545 592 583 anno
612 529 841 585 Domini
878 516 1012 586 1075
1053 531 1243 596 rebus,
1283 547 1389 586 non
1423 532 1599 587 verbis
1629 519 1762 587 'am-
1792 533 1836 588 A
1865 541 1943 587 tot
1966 533 2125 589 minis
2159 533 2380 592 coactus
2402 537 2454 590 in
2487 534 2712 602 Italiam,
2741 541 3004 608 superatis
3038 541 3293 611 Alpibus,
3337 546 3411 598 ri-

243 618 358 686 plius
392 621 784 689 transigendum
823 637 942 677 esse
968 631 1136 687 ratus,
1165 622 1368 694 legatos
1391 637 1520 678 suos
1549 623 1614 677 ad
1655 622 1756 676 im-

242 715 502 774 peratorem
530 710 693 772 misit,
731 710 838 779 ipsi
862 712 1123 766 mandans
1147 719 1208 766 ut
1239 713 1471 767 secunda
1510 711 1640 767 feria
1672 727 1756 766 se-

239 795 398 849 cundae
429 797 772 854 hebdomadze
808 799 863 853 in
898 798 1314 870 Quadragesima
1357 801 1483 855 anni
1526 800 1756 869 proximi

244 881 353 936 10ῗο
390 883 598 938 Romam
625 887 694 940 ad
724 889 991 957 synodum
1028 888 1265 952 veniret,
1301 888 1368 942 de
1394 889 1714 944 criminibus
1739 929 1752 952 ,

238 988 339 1040 qua:
364 975 405 1028 ei
429 975 628 1043 objecta
680 976 919 1043 fuerant,
964 993 1186 1033 causam
1211 979 1454 1034 dicturus
1502 998 1515 1032 :
1553 979 1756 1047 alioqui

241 1065 373 1117 sciret
402 1081 453 1120 se
489 1068 690 1136 absque
718 1070 867 1122 omni
899 1084 1050 1124 mora
1077 1070 1266 1125 eodem
1303 1071 1388 1125 die
1415 1071 1755 1124 anathemate

239 1162 443 1208 notatum
469 1155 551 1208 iri.
581 1154 716 1222 Quae
743 1157 937 1227 legatio
959 1159 1091 1213 adeo
1115 1158 1403 1212 llenricum
1449 1159 1710 1228 permovit
1735 1198 1752 1224 ,

240 1251 303 1303 ut,
342 1243 534 1310 rejectis
569 1246 756 1301 statim
791 1248 940 1316 gravi
993 1264 1115 1302 cum
1157 1248 1480 1302 contumelia
1532 1248 1749 1318 legatis,

238 1331 323 1383 duo
345 1339 444 1384 tum
469 1333 703 1401 primum
734 1336 998 1406 agitaret:
1032 1327 1200 1391 unum
1227 1377 1242 1400 ,
1286 1347 1345 1390 ut
1389 1337 1525 1391 clam
1552 1335 1754 1406 Grego-

239 1419 350 1473 rium
376 1435 553 1490 capere
576 1424 664 1478 vel
695 1425 997 1479 interficere
1040 1425 1276 1490 faceret;
1319 1426 1462 1480 aliud
1489 1468 1503 1491 ,
1549 1436 1607 1480 ut
1647 1427 1750 1481 nisi

237 1506 460 1571 ejusmodi
485 1525 568 1564 res
595 1499 978 1578 successisset,
1015 1512 1190 1582 ipsum
1229 1514 1537 1582 pontiﬁcatu
1576 1515 1751 1584 priva-

238 1604 316 1647 ret.
354 1595 516 1662 Quare
541 1598 753 1655 occulte
776 1615 871 1670 per
898 1602 1118 1656 nuntios
1159 1618 1290 1657 suos
1313 1603 1452 1672 egit,
1496 1594 1574 1657 ut.
1595 1613 1750 1658 nocte

236 1679 406 1738 Natalis
454 1686 684 1755 Domini,
729 1690 856 1745 dum
905 1707 1040 1762 papa
1087 1693 1307 1747 missam
1358 1694 1672 1765 celebraret,
1717 1710 1746 1748 a

236 1773 356 1840 (215)
378 1776 564 1830 Cencio
601 1777 836 1847 pmfecti
873 1779 1192 1845 Urbisfrlio,
1227 1784 1453 1837 satellite
1479 1799 1596 1847 suo,
1636 1783 1748 1853 ipse

1857 623 2133 691 gidissimo
2158 626 2285 678 anni
2314 633 2550 694 tempore
2581 627 2746 692 venit,
2772 636 2968 682 etcum
2995 628 3254 699 Gregorio
3276 647 3410 702 papa

1857 710 2036 781 (quem
2062 712 2287 769 Canusii
2313 714 2608 784 invenerat)
2632 726 2753 785 post
2777 720 2974 774 multas
2999 735 3202 788 preces,
3239 722 3410 776 maxi-

1857 813 2106 869 mamque
2124 801 2530 871 praeteritorum
2559 805 2922 873 paenitentiam
2958 818 3228 864 ostensam
3255 853 3270 877 ,
3315 827 3436 881 pa-.

1854 902 1969 940 cem
2006 889 2328 957 quibusdam
2355 891 2504 946 duris
2535 893 2929 951 conditionibus
2955 939 2968 958 ,
3015 909 3209 966 praeter
3247 899 3407 955 ltalite

1854 975 2152 1044 principum
2178 980 2529 1044 voluntatem,
2563 979 2707 1044 fecit,
2736 992 2896 1052 atque
2931 985 2997 1038 ab
3018 1001 3082 1038 eo
3105 987 3161 1040 Se
3187 990 3408 1043 anatht.L

1856 1074 1997 1117 mate
2028 1066 2159 1119 solvi
2199 1067 2525 1136 procuravit.
2557 1068 2752 1139 Sicque
2775 1073 3074 1142 principum
3110 1075 3408 1133 Germania:

1854 1153 1961 1206 vim
1990 1195 2004 1216 ,
2049 1164 2102 1208 et
2147 1157 2430 1212 inflexibile
2463 1165 2653 1213 contra
2688 1174 2809 1212 eum
2859 1163 3197 1229 propositum
3229 1164 3404 1236 fregit.

1855 1241 1966 1298 Hoc
2011 1244 2208 1301 factum
2241 1257 2322 1302 est
2366 1266 2396 1302 v
2432 1249 2652 1304 Kalend.
2701 1247 3018 1315 Februarii,
3067 1255 3408 1321 pontiﬁcatus

1853 1331 2093 1402 Gregorii
2123 1335 2206 1387 VII
2230 1353 2371 1392 anno
2394 1349 2607 1407 quarto,
2641 1338 2831 1396 salutis
2854 1355 2979 1392 vero
3009 1341 3163 1395 1077.

1921 1421 2186 1477 Caeterum
2205 1425 2393 1479 Ctesar
2418 1427 2620 1496 ingenti
2669 1440 2813 1483 metu
2863 1428 3152 1497 liberatus,
3198 1431 3405 1488 Italico—

1852 1527 2080 1582 rumque
2131 1515 2434 1584 principum
2483 1518 2764 1586 promissis
2804 1520 3093 1588 incitatus,
3149 1519 3405 1589 Gregorio

1850 1603 2086 1672 pontifici
2134 1603 2310 1658 denuo
2355 1607 2587 1671 rebellis,
2635 1619 2688 1662 et
2713 1609 3026 1666 manifestus
3053 1609 3220 1669 hostis
3254 1611 3399 1684 (248)

1851 1691 2042 1759 factus,
2070 1695 2244 1763 ipsum
2270 1697 2406 1750 clam
2441 1713 2630 1766 capere
2653 1699 2889 1755 Canusio
2924 1700 3149 1759 Romam
3179 1706 3404 1760 redeun—

1854 1791 1958 1835 tem
1985 1785 2224 1838 tentavit.
2253 1786 2405 1851 Quod
2433 1787 2522 1840 ubi
2550 1787 2838 1842 alienatum
2867 1791 2933 1843 ab
2965 1807 3022 1845 se
3046 1791 3272 1849 Cmaris
3290 1796 3405 1849 ani-

234 1874 490 1931 eapcretar,
517 1869 659 1936 quod
694 1869 856 1923 etiam
891 1870 1088 1925 factum
1123 1882 1222 1927 est.
1257 1871 1452 1928 Verum
1490 1890 1518 1928 a
1547 1851 1745 1945 populo
1785 1851 1825 1905 Β
1853 1889 1998 1927 mum
2035 1890 2169 1944 papa
2212 1877 2482 1946 cognovit,
2517 1877 2696 1931 statim
2737 1877 2789 1930 in
2825 1878 3163 1935 Germaniam
3195 1885 3260 1937 ad
3304 1885 3405 1938 im-

235 1949 443 2006 llmnano
461 1954 655 2009 Cencio
685 1958 986 2026 proscripto
1006 2000 1019 2023 ,
1044 1959 1299 2013 liberatus
1330 1961 1551 2029 impium
1582 1977 1762 2016 cona-z

233 2047 324 2091 tum
345 2041 664 2110 imperatoris
694 2044 874 2100 elusit.
1507 2063 1510 2065 ’

287 2127 465 2196 Caesar,
487 2133 575 2186 ubi
600 2132 809 2188 insidiae
834 2150 941 2188 non
978 2146 1371 2204 processerant,
1397 2139 1462 2192 ad
1485 2138 1592 2191 vim
1618 2151 1746 2192 con-

231 2231 408 2282 versus,
441 2221 584 2290 (εει)
610 2230 934 2294 cengrogato
957 2223 1267 2279 Wormatite
1288 2227 1341 2278 in
1363 2225 1606 2294 proxima
1641 2224 1747 2278 Do-

233 2305 404 2360 minica‘
433 2309 846 2380 Septuagesimaa
880 2313 948 2365 21
974 2313 1346 2381 episcoporum
1388 2314 1747 2382 abbatumque

233 2396 510 2460 multorum,
541 2415 676 2469 quos
711 2400 1002 2470 Gregorius
1040 2402 1203 2456 variis
1236 2404 1749 2457 excommunicatio-

211 2483 367 2541 ‘nibus
387 2497 500 2542 ante
525 2491 668 2559 (tib)
693 2501 999 2556 vexaverat,
1035 2501 1322 2556 conventu;
1356 2492 1638 2546 occasione
1660 2508 1749 2545 ac—

228 2580 380 2640 cepta,
404 2577 538 2643 quod
567 2577 711 2647 (246)
739 2579 942 2647 absque
966 2594 1232 2633 consensu
1258 2579 1377 2643 suo,
1412 2579 1540 2632 solis
1570 2588 1748 2634 tamen

234 2657 458 2717 Romanis
505 2663 804 2721 faventibus
829 2708 844 2732 ,
874 2668 1223 2736 apostolicam
1261 2668 1438 2722 sedem
1470 2669 1748 2724 consedis-

232 2759 316 2814 set,
343 2766 456 2806 eum
492 2764 682 2824 papatu
723 2757 1026 2826 privarunt.
1067 2756 1236 2826 Cujus
1278 2757 1594 2826 privationis
1639 2758 1751 2811 for-

232 2842 356 2895 mula
383 2843 635 2910 ejusmodi
662 2845 832 2900 fuisse
853 2847 1051 2901 dicitur
1077 2867 1090 2900 :
1121 2847 1259 2919 Quia
1285 2858 1404 2916 ergo
1427 2858 1475 2900 et
1502 2849 1746 2900 introitus

233 2939 336 2982 tuas
376 2934 525 2986 tantis
571 2935 819 3002 perjuriis
849 2945 926 2989 est
957 2937 1231 3000 initiatus,
1280 2944 1328 2990 et
1379 2935 1618 2989 Ecclesia
1657 2935 1749 2988 Dei

233 3026 323 3069 tam
352 3021 488 3089 grati
520 3030 820 3089 tempestate
852 3039 942 3091 per
977 3025 1274 3078 abusionem
1307 3025 1592 3078 nov‘itatum
1628 3033 1748 3076 tua-

233 3123 330 3159 rum
362 3110 693 3176 periclitatur,
731 3120 782 3165 et
817 3112 975 3166 vitam
1013 3131 1103 3182 per
1132 3115 1570 3169 conversationem
1605 3123 1749 3167 tuam

1846 1966 2110 2030 pcratoris
2139 1966 2320 2021 hostes
2347 1965 2588 2022 Saxones
2611 2009 2625 2032 ,
2651 1976 2705 2020 et
2728 1968 2863 2022 alios
2895 1969 3160 2039 principes
3201 1972 3402 2041 legatos

1846 2051 2012 2115 misit,
2046 2053 2138 2122 qui
2168 2055 2306 2123 regis
2329 2055 2707 2121 temeritatem,
2735 2057 2934 2111 scelera
2965 2067 3019 2111 et
3051 2060 3280 2127 perjuria
3316 2077 3402 2115 re-
3445 2070 3450 2074 ‘

1847 2141 2088 2206 ferrent,
2120 2143 2574 2214 ltortarenturque
2608 2160 2700 2201 eos
2726 2154 2785 2200 ut
2820 2163 3018 2201 novum
3056 2148 3154 2216 ipsi
3201 2164 3398 2219 regem,

1850 2230 2082 2286 Henrico
2107 2233 2385 2310 abrogato,
2411 2244 2677 2300 crearent,
2701 2252 2859 2306 quem
2892 2237 3005 2306 ipse
3027 2249 3212 2308 postea
3238 2240 3402 2309 impe-

1847 2327 2079 2399 ratorem
2105 2321 2407 2391 inungeret.
2443 2322 2742 2378 Germaniae
2767 2326 3055 2395 principes,
3080 2344 3229 2398 papae
3259 2331 3401 2400 lega-

1849 2407 1993 2460 tione
2018 2407 2220 2472 audita,
2265 2410 2406 2464 illico
2449 2421 2715 2466 conventu
2763 2414 2816 2466 in
2861 2414 3142 2469 Foreheim
3177 2433 3399 2487 congre—

1847 2503 2012 2565 guto,
2047 2495 2335 2552 Rodulfum
2381 2498 2680 2554 Suevorum
2706 2502 2894 2556 ducem
2935 2503 2986 2556 in
3035 2504 3397 2561 Romanorum

1848 2599 2024 2654 regem
2050 2585 2275 2655 elegere,
2302 2587 2404 2642 hac
2428 2589 2755 2654 conditione,
2780 2599 2840 2645 ut
2860 2594 3280 2650 sacerdotiorum
3319 2597 3409 2650 in-e

1848 2674 2136 2729 vestituras
2165 2673 2476 2742 dimitteret,
2499 2685 2571 2742 et,
2602 2694 2667 2732 ne
2688 2679 2832 2733 velut
2862 2681 3198 2738 hmreditario
3244 2685 3358 2749 iure
3383 2728 3398 2750 ,

1851 2759 1989 2814 filios
2013 2768 2508 2818 su‘os'sucoessores
2536 2765 2848 2820 declararet.
2894 2768 3047 2833 Quod
3090 2762 3178 2824 ubi
3215 2771 3402 2826 Henri-

1848 2863 1945 2902 cus
1971 2847 2261 2917 imperator
2302 2852 2524 2916 audivit,
2571 2854 2870 2908 vehementi
2919 2858 3283 2926 indignatione
3317 2861 3399 2913 in-

1849 2936 2152 2993 ﬂammatus
2179 2980 2193 3004 ,
2229 2940 2282 2994 in
2323 2939 2662 2995 Germaniam
2695 2943 2893 3011 ingenti
2919 2947 3154 3000 exercitu
3183 2963 3399 3016 compa-

1850 3035 1967 3081 rato
2012 3043 2324 3098 regressus,
2372 3031 2567 3085 bellum
2607 3033 2892 3088 rebellibus
2939 3037 3269 3106 principibus
3315 3041 3398 3094 in-

1849 3115 2022 3170 dixit:
2052 3118 2195 3186 quod
2221 3119 2372 3173 vario
2394 3129 2585 3175 eventu
2611 3138 2776 3193 prope
2799 3125 2855 3178 in
2879 3127 3165 3183 triennium
3189 3141 3399 3200 protra-

231 3204 322 3247 tam
364 3198 628 3268 multiplici
670 3202 894 3270 infamia
940 3203 1308 3268 deltonestasti,
1362 3205 1705 3257 obedientiam
1730 3244 1744 3266 ,
1775 3193 1814 3247 Ο
1847 3213 1991 3258 ctum
2023 3215 2123 3258 est.

227 3301 364 3354 quam
397 3291 482 3342 tibi
508 3289 706 3344 nullam
750 3293 1104 3358 promisimus,
1149 3309 1237 3346 nec
1273 3294 1337 3346 de
1370 3303 1554 3346 caetero
1577 3293 1745 3346 ullam

228 3387 487 3433 servaturos
519 3396 627 3433 esse
659 3371 1050 3445 renuntiamus;
1077 3392 1130 3436 ἐι
1169 3383 1293 3452 quia
1315 3399 1461 3435 nemo
1489 3392 1743 3448 nostrum,

229 3477 276 3517 ut
296 3477 344 3518 tu
363 3469 552 3536 publica
569 3470 926 3537 declamabas,
954 3473 1049 3525 tibi
1070 3472 1316 3526 hactenus
1333 3474 1434 3542 fuit
1454 3475 1741 3542 episcopus,

228 3566 275 3607 tu
301 3574 476 3629 quoque
508 3560 640 3614 nulli
662 3569 898 3615 nostrum
928 3563 1113 3616 amodo
1137 3563 1238 3616 eris
1262 3563 1598 3631 apostolicus.
1643 3563 1743 3617 Cui

226 3645 413 3700 decreto
440 3664 541 3702 non
580 3649 756 3703 solum
800 3649 1099 3706 Germania:
1132 3659 1186 3706 et
1222 3651 1406 3706 Gallia:
1444 3654 1595 3705 multi
1631 3654 1743 3720 epi-

225 3734 372 3802 ωθβί.
394 3737 478 3790 sed
498 3745 550 3790 et
571 3736 735 3792 Italia
757 3737 999 3807 plerique
1018 3747 1283 3793 conventu
1315 3737 1491 3808 Papia:
1513 3739 1743 3810 impera-

225 3824 342 3879 toris
361 3826 502 3893 jussu
528 3828 733 3893 habito,
761 3829 1146 3898 subscripsere.

283 3915 385 3982 Quo
423 3921 485 3975 ad
524 3921 844 3993 Gregorium
891 3938 1083 3994 papam
1127 3923 1378 3979 Laterani
1422 3926 1477 3980 in
1514 3927 1740 3982 concilio

1913 3295 2067 3350 Anno
2091 3311 2218 3350 vero
2253 3298 2389 3352 1080
2421 3300 2588 3367 (2411).
2621 3300 2968 3370 Pontificatus
3005 3306 3244 3377 Gregorii
3283 3309 3390 3363 νη.

1844 3386 2110 3454 Pontifex,
2144 3388 2395 3444 Laterani
2426 3391 2654 3446 concilio
2686 3393 2976 3448 multorum
3017 3398 3391 3467 episcoporum

1841 3484 1895 3530 et
1926 3476 2184 3531 abbatum
2226 3477 2280 3530 in
2312 3476 2731 3550 Quadragesima
2774 3494 3126 3554 congregato,
3161 3485 3393 3544 Henrico

1842 3581 1964 3633 rege
1996 3567 2150 3621 bellis
2183 3566 2516 3624 Germanicis
2546 3569 2806 3640 implicito
2831 3615 2845 3638 ,
2882 3590 3004 3628 cum
3042 3576 3216 3644 ipsum
3248 3581 3393 3634 nulla

1841 3655 2049 3709 ratione
2082 3671 2147 3708 ex
2194 3657 2430 3711 hostium
2463 3659 2853 3724 Germanorum
2903 3680 3065 3719 manu
3107 3683 3390 3723 evasurum

1840 3744 1941 3799 sibi
1964 3746 2272 3814 persuaderi
2299 3731 2505 3816 posset,
2525 3752 2672 3826 quod
2691 3752 2781 3807 diu
2806 3763 2930 3808 ante
2958 3756 3270 3826 agitarent,
3295 3761 3392 3814 alis

1838 3841 2076 3903 quotque
2117 3836 2346 3892 decretis
2389 3849 2514 3893 ante
2544 3842 2745 3895 sensim
2789 3855 3213 3915 praenotaverat,
3264 3860 3392 3907 tunc

1838 3924 2070 3993 primum
2105 3926 2250 3997 (250)
2284 3937 2464 3997 aperte
2486 3932 2742 3986 evomuit.
2768 3933 3218 3993 Constitutionem
3245 3941 3386 3994 illam

224 4006 632 4077 quadragesimali
677 4012 747 4065 ab
795 4029 854 4067 se
905 4021 1092 4069 coacto
1138 4023 1246 4069 tam
1291 4016 1484 4078 hostili
1526 4016 1740 4071 decreto
1837 4014 1979 4068 enim
2014 4024 2144 4070 tunc
2168 4017 2398 4086 primum
2423 4021 2608 4087 edidit,
2640 4039 2744 4092 qua
2770 4024 3143 4092 imperatorem
3167 4043 3276 4080 non
3299 4045 3386 4083 so-

225 4092 424 4158 perlato,
462 4099 696 4166 pontifex
735 4101 918 4156 statim
954 4104 1130 4158 nullas
1165 4104 1578 4173 interponendas
1619 4123 1739 4161 esse
1837 4103 1947 4156 lum
2002 4106 2322 4160 auctoritate
2363 4107 2672 4164 instituendi
2729 4110 3027 4167 Romanum
3081 4116 3382 4184 pontificem

226 4194 374 4236 moras
402 4193 573 4250 ratus,
609 4203 675 4241 ex
706 4188 948 4242 omnium
975 4191 1347 4260 episcoporum
1375 4201 1426 4245 et
1460 4193 1733 4258 abbatum,
1836 4191 2002 4258 (251),
2028 4207 2189 4259 quam
2222 4194 2477 4248 trecentis
2510 4211 2676 4266 prope
2701 4197 2858 4254 annis
2885 4211 3008 4256 ante
3030 4204 3386 4273 praedecesso-

221 4269 296 4335 «ιιιὶ
323 4271 370 4324 in
398 4274 594 4342 synodo
627 4275 872 4342 aderant,
905 4279 1190 4343 sententia,
1230 4280 1606 4350 imperatorem
1632 4323 1647 4348 ,
1682 4292 1737 4337 et
1833 4293 1921 4333 res
1943 4279 2027 4333 sui
2064 4280 2381 4348 habuerant,
2409 4285 2500 4339 sed
2523 4295 2576 4340 et
2597 4289 2847 4344 omnibus
2881 4289 3042 4346 etiam
3068 4302 3383 4351 cmterorum

221 4370 384 4436 omnes
403 4363 516 4431 ejus
547 4363 785 4420 fautores
811 4374 864 4420 et
893 4352 1244 4434 adhaerentes,
1271 4371 1590 4441 gravissimo
1609 4387 1736 4440 ana-
1833 4366 2255 4426 sacerdotiorum
2289 4373 2620 4432 investituris
2649 4379 2858 4447 privare
2880 4391 3105 4436 conatus
3137 4391 3238 4448 est,
3267 4399 3384 4439 om-

222 4447 427 4506 themate
451 4462 712 4520 notatum,
739 4456 1243 4527 imperioprivavit,
1275 4476 1568 4531 omnesque
1605 4463 1732 4517 sub—
1766 4517 1808 4544 “
1834 4474 2062 4530 nemque
2108 4463 2483 4534 episc0porum
2526 4476 2580 4519 et
2625 4468 2876 4521 abbatum
2931 4469 3381 4544 instituendorum

218 4532 342 4591 dites
363 4540 423 4594 ab
443 4544 583 4598 omni
604 4544 655 4598 ei
679 4545 920 4614 praestito
944 4547 1253 4614 juramento
1276 4550 1523 4605 absolvit.
1765 4532 1808 4572 υ
1834 4551 2096 4607 rationem
2149 4545 2216 4608 ad
2261 4532 2537 4609 electionis
2589 4559 2944 4629 capitulorum
2990 4572 3045 4617 et
3091 4542 3382 4622 monacho-

274 4623 424 4695 Cujus
442 4631 513 4684 rei
535 4633 842 4697 occasione,
882 4649 1005 4690 cum
1042 4635 1277 4692 universi
1301 4637 1412 4693 fere
1435 4638 1733 4696 Germania:
1831 4656 1949 4693 rum
1982 4640 2210 4696 formam
2244 4644 2471 4698 reduxit.
2510 4645 2678 4715 Cujus
2706 4649 2907 4720 decreti
2951 4654 3250 4723 exemplum
3296 4670 3380 4709 se-

216 4717 465 4778 aculares
486 4721 752 4792 principes
785 4723 855 4777 ab
893 4739 960 4779 eo
991 4724 1309 4782 defecissent
1353 4729 1523 4798 (ΞΠ),
1566 4731 1729 4785 alium

1848 4744 1999 4800 [nens
2027 4740 2111 4786 est
2139 4750 2151 4785 :

217 4801 554 4874 inperatorem
578 4829 763 4898 creare
785 4815 1200 4882 constituerunt,
1236 4817 1342 4873 nisi
1369 4817 1568 4875 Caesar:
1588 4819 1731 4876 Hen-
1902 4840 1921 4872 ‹
1949 4821 2172 4878 Patrnm’
2192 4835 2501 4882 sanctorum
2523 4839 2723 4886 statuta
2751 4842 3054 4902 sequentes,
3082 4852 3098 4883 ι
3126 4843 3227 4889 etc.
3248 4833 3376 4890 Edi-

215 4893 340 4950 licus
373 4907 490 4955 ante
508 4903 632 4957 anni
655 4893 870 4975 tempus
899 4907 1454 4978 excommunicatioue
1487 4925 1518 4963 a
1552 4911 1729 4980 ponti-
1763 4939 1766 4942 ~
1827 4919 1938 4965 tum
1981 4922 2152 4968 exstat
2203 4915 2347 4984 infra
2389 4918 2441 4969 in
2465 4920 2685 4972 concilio
2730 4893 2982 4984 Romano.

214 4981 297 5040 dce
312 4985 590 5046 solveretur
617 5009 631 5044 :
658 5008 821 5061 quem
858 5009 954 5064 per
987 4997 1205 5054 nuntios
1229 5013 1357 5054 suos
1380 4999 1515 5054 clam
1539 5001 1728 5071 depre-
1897 5005 2234 5080 Simoniaeos
2259 4981 2383 5062 vero
2407 5010 2654 5078 appellat,
2679 5021 2943 5082 quotquot
2972 5030 3001 5070 a
3036 5032 3196 5072 manu
3242 5019 3371 5075 laica

212 5075 302 5131 uti
325 5073 529 5137 flerunt
549 5122 565 5149 ,
599 5095 670 5138 ne
700 5098 765 5138 ea
802 5084 1179 5154 imperatorem
1207 5093 1521 5150 exsolveret.
1548 5092 1729 5151 Ctesar
1823 5075 2052 5166 alicujus
2089 5098 2329 5153 beneﬁcii
2361 5073 2730 5180 investituram
2757 5073 3078 5176 acciperent.
3114 5107 3223 5163 Hoc
3247 5124 3372 5162 vero

1823 5282 2175 5408 nu(3‘48‘726lmo
2213 5296 2268 5342 et
2307 5289 2564 5347 subdolus
2609 5291 2907 5350 insidiator.
2950 5296 3166 5359 Baron.,
3201 5295 3366 5364 1077,

1915 5422 2040 5493 249)
2069 5424 2199 5480 Vide
2220 5425 2439 5493 Baron.,
2467 5446 2608 5484 anno
2634 5430 2786 5485 1080.
2814 5447 2816 5449 ‘

271 5241 407 5452 βῶξ
429 5247 641 5378 ﬁgam;
671 5251 797 5310 Bar.
827 5268 974 5311 anno
1008 5255 1163 5315 1075.

271 5309 386 5452 8:;
420 5383 518 5444 Sed
715 5401 776 5448 ut
796 5396 1008 5452 vexatio
1027 5396 1163 5452 darel

1915 5423 2020 5477 249
2069 5424 2199 5480 Vide
2220 5425 2439 5493 Baron.,
2467 5446 2608 5484 anno
2634 5430 2786 5485 1080.
2814 5447 2816 5449 ‘

1915 5423 2040 5562 250i
2060 5493 2472 5569 Schismaticum
2503 5500 2615 5554 hzec
2639 5499 2837 5554 locutio
2857 5498 3025 5564 decet,
3050 5513 3156 5553 non
3181 5503 3369 5556 catho.

715 5401 776 5448 ut
796 5396 1008 5452 vexatio
1027 5396 1178 5454 daret
1201 5358 1546 5458 intellectum.

269 5447 401 5522 (Ἀθ)
421 5447 775 5518 Causenserat
796 5447 1191 5533 saansaan
1203 5447 1278 5523 ’a'
1285 5447 1720 5531 ἔὲἷιῖῖέιίὲειωιῑε.

210 5528 498 5610 Ἥ
517 5538 708 5610 ροᾳεθ
735 5533 792 5610 in
826 5533 1128 5610 dissensum
1142 5609 1153 5610 ί
1165 5539 1339 5593 vertit.
1820 5557 1855 5610 1i

354 5574 1339 5725 ήῇοΐὲἴνιάέὲἑᾶδ
1379 5610 1721 5693 ςοηοίιξεὶιυιί
1821 5574 2038 5697 Magi)
2066 5628 2352 5712 Nunquam
2372 5631 2560 5688 habuit
2574 5636 2712 5704 jure.
2742 5635 2950 5705 Agnum
2981 5632 3224 5693 faucibus
3257 5641 3367 5711 lupi

354 5671 620 5725 “uenat.
665 5677 804 5725 teste
891 5675 1142 5725 παριδεηο-
1188 5694 1434 5725 annmvm
1460 5681 1722 5725 subterna-
1822 5695 2026 5725 --ξυμ
2075 5715 2169 5725 -.._
2191 5714 2293 5725 ω...
2320 5701 2513 5725 Υ...,.-.ο

209 5668 266 5707 n
289 5620 402 5670 an,
431 5620 635 5718 naiades
675 5620 916 5725 episeong
945 5645 961 5668 ,
995 5622 1086 5676 qut
1123 5620 1336 5664 decreto
1379 5620 1721 5693 conciliabuli
1891 5629 2038 5697 (254)
2066 5628 2352 5712 Nunquam
2372 5631 2512 5687 hab“

209 5620 538 5787 ww.
342 5739 471 5786 mo
495 5673 645 5787 Io
891 5675 1143 5743 tgeberto,
1186 5694 1434 5752 quamvrs
1459 5681 1722 5737 schisma-
1821 5695 2047 5767 eripere,
2072 5715 2169 5753 cur
2189 5714 2295 5753 non
2320 5701 2513 5754 necat?

515 5844 796 5909 Ριτιιοι.
831 5849 1131 5929 CXLYIII
1165 5835 1168 5845 '
1366 5937 1368 5940 τ
1770 5889 1776 5895 .

3013 5877 3049 5936 6
