4098 6444
2068 70 2437 85 -.ἀπιῇ--

631 510 721 562 lii

1836 499 1891 555 S.
1929 498 2322 557 GREGORIUS
2361 500 2450 557 VII
2484 503 2683 560 PAPA.

3748 512 3858 568 ΓΗ

628 623 845 672 decreto
871 618 1057 685 procul
1089 616 1254 669 dubio
1280 616 1570 682 imperator
1612 611 1897 674 Henricus,
1929 622 1983 665 et
2010 627 2202 667 onmes
2228 615 2275 669 Α
2299 630 2330 666 a
2392 624 2473 670 ιιιι
2526 618 2864 672 diversarum
2903 620 3211 675 ‘naticnum
3260 622 3557 679 illustribus
3605 623 3860 681 doctrina

630 724 781 772 reges
829 705 1049 769 Latini,
1099 715 1155 759 et
1219 703 1578 759 occidentales
1633 704 1951 772 petebantur
2005 703 2191 768 (εὔξῃ

627 797 819 850 deinde
852 795 1087 864 episcopi
1120 804 1172 848 et
1196 794 1482 847 universus
1507 793 1684 846 clerus
1716 791 2035 856 Galliarum,
2061 791 2194 845 Ger-

630 886 820 940 manias
844 894 896 937 et
927 883 1089 937 Italim
1115 882 1486 952 pulsabantur.
2114 869 2130 887 °

699 971 773 1024 De
804 969 1177 1040 episcoporum
1212 985 1340 1022 vero
1370 967 1629 1022 electione
1652 967 1723 1021 ita
1748 966 1987 1020 definivit
2017 985 2029 1019 :

701 1062 914 1126 Quoties
950 1061 1195 1128 defuncto
1235 1068 1443 1127 pastore
1488 1058 1715 1126 alicujus
1765 1054 2016 1109 Ecclesiae
2055 1056 2195 1109 alius

626 1161 702 1205 est
749 1134 1089 1204 circanoniec
1144 1149 1501 1217 subrogandus
1530 1188 1544 1212 ,
1611 1146 1861 1198 instantia
1906 1146 2195 1199 t'isitatoris

626 1243 874 1312 episcopi,
911 1242 1001 1310 qui
1025 1241 1072 1294 ei
1106 1239 1171 1292 ab
1201 1238 1491 1307 apostolica
1525 1237 1664 1301 sede,
1701 1239 1778 1290 rel
1818 1253 1851 1289 α
1894 1234 2197 1304 metropoli-

631 1344 752 1385 tano
793 1334 1019 1384 directus
1062 1340 1170 1393 est,
1207 1328 1378 1382 clerus
1432 1337 1482 1381 et
1522 1328 1786 1397 populus,.
1814 1337 2009 1381 remota
2054 1328 2196 1380 omni

627 1422 871 1475 πψτηιανὶ
906 1420 1219 1483 ambitione,
1273 1419 1458 1472 timore
1489 1426 1644 1487 atque
1686 1406 1860 1486 gratia
1896 1415 2230 1485 apostolicte‘

627 1513 764 1563 sedis
791 1508 866 1563 rel
918 1506 1299 1577 metropolitani
1347 1508 1428 1559 sui
1474 1522 1761 1569 consensu,
1796 1514 2062 1573 pastorem
2095 1504 2198 1558 sibi

626 1603 907 1654 secundum
951 1599 1116 1653 Deum
1162 1598 1378 1667 eligant.
1429 1597 1579 1661 Quod
1621 1597 1668 1649 si
1710 1606 1985 1665 corruptus
2018 1595 2197 1666 aliquo

628 1691 755 1741 ritio
780 1688 928 1756 (255)
954 1687 1111 1739 aliter
1149 1702 1299 1756 agerc
1333 1687 1742 1755 prosumpserit,
1786 1686 2054 1739 electionis
2080 1700 2198 1752 per-

627 1795 802 1847 peram
841 1778 996 1847 facta:
1017 1777 1157 1830 onmi
1189 1777 1363 1845 fructu
1390 1777 1606 1842 carebit,
1628 1786 1678 1829 et
1698 1778 1765 1830 de
1783 1785 1968 1830 ctutero
1995 1766 2197 1827 nullam

626 1869 889 1924 electionis
919 1878 1224 1938 potestate»:
1267 1867 1503 1932 habebit;
1538 1868 1805 1920 electionis
1832 1883 1946 1921 eero
1969 1876 2196 1934 potestas

626 1962 795 2013 onmis
817 1962 870 2012 in
894 1932 1260 2012 deliberatione
1287 1957 1422 2011 sedis
1450 1958 1769 2027 apostolicae,
1816 1959 1923 2011 sire
1950 1967 2204 2025 metrOpo-
2232 1932 2275 1990 Β

626 2052 782 2105 litaui
811 2050 892 2102 sui
923 2049 1193 2102 consistat.
1221 2045 1281 2101 Si
1308 2048 1443 2100 enim
1470 2048 1536 2112 is,
1572 2047 1641 2099 ad
1683 2063 1832 2116 quem
1875 2047 2201 2111 consecratio

524 2201 529 2205 ,
627 2146 844 2211 spectat,
873 2157 972 2193 non
1005 2142 1103 2194 rite
1123 2137 1490 2202 consecrando,
1518 2147 1641 2191 teste
1667 2137 1731 2191 Β.
1759 2136 1945 2201 Leone,
1974 2138 2200 2207 gratiam

630 2232 999 2286 benedictionis
1025 2230 1241 2293 atnittit,
1269 2240 1636 2299 consequenter
1670 2230 1751 2293 is,
1785 2230 1874 2298 qui
1913 2229 1982 2281 ad
2014 2244 2199 2282 mnam

587 2298 607 2312 ί
627 2322 925 2374 electione»:
955 2318 1289 2372 declinaverit
1306 2357 1320 2378 ,
1357 2298 1580 2385 eligendi
1606 2325 1857 2383 potestate
1880 2317 2135 2384 priratur.

701 2408 794 2464 llis
819 2419 1000 2463 autem
1026 2405 1283 2470 decretis,
1310 2405 1363 2458 in
1386 2404 1601 2476 duobus
1630 2403 1994 2472 potissimum,
2031 2404 2202 2474 maje-

630 2511 744 2555 stas
793 2508 848 2554 et
901 2497 1129 2553 Romani
1188 2496 1396 2565 imperii
1437 2495 1672 2565 dignitas
1714 2496 2094 2561 eve'rtebatur;
2143 2506 2201 2550 et

630 2591 776 2661 quod
825 2590 983 2659 longe
1033 2589 1187 2658 pejus
1225 2595 1382 2651 erat,
1414 2601 1477 2640 ea
1528 2583 1875 2640 fundaments
1924 2585 2201 2654 jaciebau-

602 2694 742 2749 ,tur,
767 2682 965 2753 quibus
988 2677 1217 2733 Romani
1258 2676 1467 2746 imperii
1508 2683 1751 2746 potestas
1788 2674 2010 2730 omnino
2052 2674 2199 2729 labe-

634 2772 951 2826 iactaretur.

704 2860 778 2916 De
802 2861 977 2930 primo
1006 2866 1185 2913 autem
1208 2857 1383 2912 dicam
1413 2875 1425 2909 :
1461 2855 1590 2911 Erat
1622 2865 1752 2913 tunc
1780 2854 1927 2926 (9.31)
1963 2868 2197 2909 consuc-

634 2950 783 3013 tudo,
818 2959 877 3002 ut
907 2963 970 3001 ex
1002 2946 1256 3002 omnibus
1289 2942 1438 3000 orbis
1480 2944 1660 3000 Latini
1702 2945 1943 3012 partibus
1991 2943 2199 2997 inﬁnita

635 3055 802 3112 prope
824 3038 1105 3093 hominum
1127 3038 1462 3092 diversarum
1485 3036 1856 3090 conditionum
1904 3035 2069 3089 millia
2102 3051 2201 3090 au-

633 3113 741 3186 iam
770 3128 1100 3199 imperialem
1126 3126 1549 3197 frequentarent.
1585 3125 1641 3179 In
1673 3126 1756 3182 his
1782 3126 2004 3181 tulerant
2024 3126 2200 3181 diver-

528 3270 538 3279 .
636 3239 821 3278 sarum
856 3220 1333 3289 congregationum
1373 3220 1647 3284 monachi,
1671 3219 1941 3282 doctores,
1976 3220 2077 3275 viri
2110 3220 2199 3273 lit-

636 3312 815 3375 terati,
860 3309 1067 3364 nobiles
1092 3316 1147 3363 et
1190 3307 1472 3378 ignobiles,
1498 3308 1591 3385 qui
1623 3323 1811 3362 omnes
1855 3322 1919 3361 eo
1965 3307 2202 3363 coniue-

638 3406 765 3458 bant
798 3419 891 3473 spe
915 3400 1082 3463 du'cti,
1128 3409 1185 3452 ut
1212 3400 1280 3453 ab
1315 3400 1649 3468 imperatore
1680 3398 1979 3452 sacerdotia
2013 3415 2203 3454 conse-

640 3493 732 3562 qui
768 3498 1008 3561 possent,
1033 3487 1492 3557 quemadmodum
1526 3501 1670 3541 nunc
1700 3502 1831 3540 usus
1874 3496 1957 3541 est
1997 3487 2051 3540 in
2097 3487 2205 3541 Ro-

646 3597 801 3636 mana
826 3579 996 3634 curia.
1025 3575 1321 3646 Imperator
1344 3577 1488 3630 enim
1517 3591 1626 3631 non
1651 3576 1827 3630 solum
1864 3575 2205 3646 episcopatus

640 3686 830 3725 omnes
890 3678 945 3722 et
986 3667 1249 3729 abbatias,
1287 3666 1603 3734 minoraque
1643 3666 1827 3719 omnia
1883 3667 2203 3731 sacerdotia,

644 3772 700 3825 ut
747 3758 1059 3829 pnelmnlas
1084 3796 1100 3821 ,
1142 3754 1497 3811 canonicatus
1523 3795 1537 3820 ,
1582 3753 1968 3825 prmposituras
2011 3766 2065 3811 et
2114 3756 2207 3811 de-

642 3860 886 3911 canatas,
913 3856 968 3902 ct
1010 3845 1319 3916 lmjusmodi
1347 3844 1494 3915 (-255)
1525 3844 1857 3909 conferebat,
1893 3847 1985 3901 sed
2020 3847 2204 3913 etiam,

643 3951 703 3994 ut
739 3939 849 4008 jam
892 3937 1068 3992 visum
1126 3926 1245 4002 est,
1295 3934 1597 3990 Romanum
1664 3936 1840 4005 ipsum
1896 3938 2204 4021 pontiﬁcem

644 4025 977 4096 designabat.
1345 4035 1355 4045 ·

724 4114 779 4167 Si
808 4113 971 4183 igitur
991 4110 1233 4181 Gregorii
1260 4110 1489 4166 decretis
1514 4112 1664 4166 locus
1688 4122 1828 4166 esset
1854 4154 1869 4176 ,
1913 4112 2055 4168 illico
2078 4130 2208 4169 con—

648 4204 977 4276 sequebatur
1008 4213 1066 4257 ut
1098 4202 1277 4257 omnis
1308 4202 1420 4257 htec
1453 4202 1600 4271 (256)
1625 4202 1760 4256 aula:
1780 4202 2074 4272 imperialis
2095 4221 2211 4259 ma-

646 4296 817 4364 jestas
840 4293 1220 4358 obsolesceret,
1246 4307 1339 4360 spe
1359 4293 1721 4362 consequendi
1747 4309 1777 4347 a
1801 4295 2014 4350 Cresare.
2032 4312 2211 4351 sacer-

649 4384 795 4439 dotia
822 4382 1050 4444 sublata,
1075 4383 1321 4450 quazjam
1358 4397 1453 4451 per
1488 4383 1802 4438 electionem
1841 4387 2208 4452 tradebantur,

653 4472 798 4527 nullo
825 4469 1055 4539 amplius
1089 4468 1426 4536 imperatoris
1468 4470 1801 4537 interventu,
1834 4488 1932 4527 nec
1954 4483 2210 4542 prtelcrca

2294 713 2350 758 et
2387 706 2666 761 nobilitate
2713 707 2843 762 viris
2885 705 3215 778 frequentari
3257 713 3569 783 contigisset
3600 715 3723 769 aula
3756 715 3863 771 im-

2295 793 2534 862 pcrialis.
2751 790 2757 796 ’
3240 864 3243 867 _

2371 885 2519 953 (2357)
2544 885 2722 942 Altera
2752 903 2880 943 vero
2914 904 3099 955 causa,
3122 906 3227 961 qua
3252 892 3543 963 imperator
3573 895 3729 949 valde
3767 911 3864 950 ur-

2296 972 2540 1042 gelatur,
2566 990 2686 1043 quae
2709 978 2878 1031 multo
2900 978 3125 1046 majoris
3146 981 3403 1035 momenti
3425 982 3862 1048 existimabatur,

2295 1069 2451 1117 crat:
2489 1064 2633 1132 quod
2679 1065 2724 1118 si
2764 1066 2947 1121 Caesar
2988 1068 3330 1137 pra-latorum
3373 1071 3707 1125 im'estituras
3737 1072 3757 1143 (
3785 1072 3861 1127 ita

2295 1151 2440 1204 enim
2483 1152 2826 1206 collationem
2857 1157 3227 1227 appellabant)
3259 1159 3560 1224 amitteret,
3593 1160 3861 1229 majorem

2298 1238 2507 1308 imperii
2542 1240 2626 1295 sui
2652 1283 2666 1305 ,
2712 1242 2987 1297 meliorem
3016 1243 3642 1316 fortioremquepartern
3666 1249 3866 1318 deper-

2295 1328 2465 1391 deret,
2494 1338 2548 1383 et
2572 1319 2928 1386 ntaxiniarutn
2957 1334 3321 1389 calamitatum
3366 1337 3716 1392 seminarium
3760 1338 3865 1392 im-

2296 1418 2445 1486 perio
2469 1417 2687 1474 faceret.
2714 1418 2849 1495 Nam
2874 1463 2890 1485 ,
2915 1424 3135 1492 quando
3167 1425 3437 1496 privilegia
3481 1425 3628 1496 (-258)
3662 1426 3866 1482 Carolo

2296 1504 2489 1576 Magno
2515 1517 2568 1561 et
2606 1506 2805 1563 Othoni
2837 1509 3137 1581 [Augustis
3179 1514 3247 1567 ab
3290 1515 3582 1583 apostolica
3625 1516 3755 1570 sedc
3798 1517 3867 1570 de

2282 1595 2640 1663 pra-latorum
2664 1596 2999 1653 investituris
3019 1615 3279 1655 concessa
3314 1601 3483 1668 fuere,
3525 1602 3785 1659 Ecclesiae
3814 1615 3869 1659 et

2296 1681 2639 1752 episcOpatas
2661 1695 2790 1739 tunc
2821 1686 2969 1754 (239)
2995 1703 3280 1758 pauperes,
3312 1699 3501 1746 tenues
3532 1701 3587 1746 et
3619 1693 3738 1747 sine
3787 1703 3868 1748 tot

2295 1771 2594 1829 redditibus
2614 1783 2797 1853 erant.
2823 1773 3117 1845 Postquam
3149 1794 3279 1836 vero
3299 1780 3443 1850 juris
3474 1781 3685 1852 imperii
3719 1782 3865 1839 facta

2297 1870 2381 1915 est
2409 1862 2721 1916 earumdem
2765 1863 3110 1933 pratlatorum
3154 1868 3364 1934 electio,
3402 1871 3864 1940 quemadmodum

2299 1960 2353 2005 et
2382 1951 2561 2006 caeteri
2592 1952 2861 2023 principes
2895 1956 3180 2012 smculares
3205 1958 3432 2028 imperii,
3460 1970 3573 2015 tum
3594 1961 3866 2023 Caesares.

2300 2041 2392 2110 qui
2416 2041 2481 2095 de
2505 2042 2762 2113 religione
2790 2044 2923 2099 bene
2945 2048 3140 2100 mereri
3167 2048 3417 2103 volebant
3441 2090 3456 2115 ,
3499 2050 3616 2104 sine
3651 2051 3869 2121 imperii

2300 2141 2477 2186 tamen
2511 2133 2840 2202 prtejudicio,
2867 2146 3148 2205 coeperunt
3167 2138 3449 2210 episcopos
3472 2150 3526 2195 ct
3548 2142 3775 2197 abbates
3799 2144 3872 2197 ob

2299 2221 2635 2291 religionem,
2683 2232 2938 2292 tanquam
2964 2226 3175 2294 potiora
3206 2227 3415 2298 imperii
3445 2231 3711 2296 membra,
3756 2246 3871 2302 pra

2298 2310 2508 2365 caeteris
2537 2310 2691 2366 laicis
2721 2311 3054 2381 principibus
3084 2315 3378 2383 honorare;
3409 2319 3634 2387 profana
3659 2320 3873 2375 ditionc

2297 2408 2352 2454 et
2376 2399 2681 2470 ingentibus
2721 2401 2914 2470 Opibus
2940 2402 3263 2471 honestare;
3296 2421 3467 2473 arces,
3503 2409 3722 2478 oppida,
3773 2427 3869 2464 ur-

2298 2490 2414 2557 bes,
2457 2480 2748 2558 marchias,
2792 2493 3041 2562 ducatus,
3086 2497 3412 2566 provincias,
3455 2501 3699 2571 pedagia,
3733 2502 3873 2558 telo-

2298 2595 2421 2645 nea,
2446 2581 2749 2652 vectigalia,
2784 2584 3022 2652 portoria
3048 2595 3104 2665 et
3135 2588 3304 2642 multa
3341 2588 3465 2656 alia,
3497 2605 3617 2660 qua:
3655 2591 3873 2661 imperii

2298 2668 2516 2739 prOpria
2543 2680 2725 2737 erant,
2750 2673 3149 2744 episcopatibus
3170 2678 3494 2745 concedere;
3517 2695 3639 2750 qua:
3672 2683 3758 2736 vel
3804 2698 3871 2739 ev

2300 2759 2416 2814 suis
2440 2761 2676 2829 propriis
2701 2762 2880 2828 bonis,
2903 2780 3026 2833 qua:
3053 2768 3122 2820 ad
3165 2768 3447 2836 imperium
3493 2771 3871 2839 pertinebant.

2299 2852 2383 2906 vel
2407 2862 2473 2906 ex
2503 2853 2696 2908 alienis
2729 2852 2904 2910 feudis
2929 2866 3083 2913 erant
3111 2858 3277 2930 (260).
3306 2858 3439 2916 Nam
3471 2862 3624 2919 laicis
3665 2866 3876 2934 princi-

2299 2943 2456 3012 pibus
2487 2944 2603 2999 sine
2627 2944 2867 3015 legitimo
2897 2947 3108 3004 hzerede
3142 2951 3393 3017 mortuis,
3423 2967 3612 3007 eorum
3642 2955 3873 3024 provin-

2299 3031 2433 3099 c'ias,
2458 3050 2579 3104 qua:
2603 3034 2946 3091 beneficiario
2960 3038 3082 3107 jure
3107 3039 3173 3094 ad
3198 3041 3480 3111 imperium
3504 3043 3873 3111 pertinebant.

2301 3136 2410 3175 non
2454 3122 2575 3177 aliis
2612 3123 2846 3191 amplius
2888 3124 3042 3181 laicis
3069 3127 3286 3197 regulis,
3320 3129 3414 3183 sed
3443 3130 3713 3199 episc0pis
3739 3147 3875 3186 con-

2301 3210 2565 3264 cedebant
2585 3223 2610 3277 ;
2628 3220 2791 3281 atque
2834 3212 2937 3267 hac
2978 3214 3188 3269 ratione
3214 3232 3404 3272 omnes
3443 3217 3792 3289 episcopatus
3821 3230 3878 3276 et

2303 3302 2548 3358 abbatias
2571 3301 2755 3368 Italiae,
2787 3302 3081 3360 Galliarum
3118 3316 3172 3361 et
3195 3305 3514 3375 Germania),
3558 3308 3670 3364 imo
3703 3312 3876 3367 totius

2303 3390 2452 3445 orbis
2476 3390 2673 3456 Latini,
2692 3399 2747 3446 et
2766 3392 2997 3463 denique
3024 3396 3198 3466 ipsum
3221 3398 3523 3467 pontiﬁcem
3541 3399 3875 3466 Romanum.

2303 3493 2369 3532 ex
2392 3478 2720 3549 pauperibus
2740 3480 3039 3538 ditissimos
3060 3492 3115 3539 et
3143 3486 3410 3541 maximos
3430 3486 3701 3559 principes
3731 3490 3878 3547 fece-

2305 3577 2446 3633 rant;
2480 3584 2546 3624 ex
2574 3570 2654 3625 eis
2679 3568 2886 3626 scilicet
2908 3572 3124 3641 opibus,
3158 3588 3279 3644 quae
3322 3584 3446 3630 ante
3486 3576 3697 3647 imperii
3733 3580 3878 3648 juris

2303 3667 2480 3722 erant,
2514 3659 2568 3711 in
2611 3659 2758 3712 nulla
2801 3675 2860 3714 re
2901 3660 3200 3730 imperialia
3224 3674 3507 3734 propterea
3542 3667 3667 3735 jura
3700 3669 3877 3722 minui

2302 3746 2708 3803 existimantes:
2736 3748 2933 3820 quippe
2974 3752 3120 3822 quod
3160 3753 3292 3808 certi
3335 3765 3516 3810 essent
3546 3770 3642 3811 eos
3683 3772 3879 3815 omnes

2307 3836 2556 3907 praelatos
2583 3852 2614 3892 a
2641 3853 2700 3894 se
2724 3839 3089 3910 designandos
3123 3841 3238 3899 fore
3265 3884 3281 3911 ,
3319 3853 3375 3899 et
3413 3860 3523 3900 non
3565 3847 3670 3902 nisi
3709 3849 3877 3919 jussu

2307 3941 2408 3981 suo
2457 3935 2512 3982 et
2559 3928 2839 3983 voluntate
2877 3930 3178 3986 sacerdotia
3211 3932 3325 4003 ipsa
3361 3933 3697 3991 obtenturus.
3741 3936 3878 3992 Gre-

2307 4014 2494 4084 gorius
2533 4016 2699 4085 igitur
2738 4018 2854 4073 suis
2886 4017 3116 4076 decretis
3140 4021 3422 4076 dimidium
3462 4021 3612 4093 (26!)
3660 4024 3878 4097 imperii

2307 4102 2507 4159 Czesari
2530 4106 2768 4161 tollebat.
2803 4106 2938 4162 Nam
2969 4110 3205 4180 episcopi
3238 4111 3381 4167 nulla
3423 4113 3635 4170 ratione
3677 4116 3876 4172 adduci

2309 4204 2598 4265 poterant,
2631 4206 2690 4251 ut
2716 4238 2732 4264 ,
2763 4212 2884 4267 quae
2916 4198 2985 4253 ab
3023 4199 3437 4271 imperatoribus
3467 4205 3704 4275 antiquis
3733 4207 3881 4263 obti-

2310 4294 2542 4341 nuerant
2564 4329 2579 4349 ,
2606 4286 2874 4343 dimittere
2896 4297 2949 4343 et
2979 4288 3289 4359 imperatori
3323 4291 3606 4364 restituere
3636 4294 3877 4363 vellent,

2310 4392 2433 4430 cum
2458 4392 2521 4429 ex
2545 4391 2644 4429 sua
2668 4377 2887 4431 eruendi
2918 4387 3100 4433 essent
3125 4387 3391 4448 potestate
3420 4379 3496 4449 (id
3519 4381 3664 4436 enim
3690 4380 3880 4439 Caesar
3905 4450 3911 4455 _

2312 4466 2424 4535 ipse
2452 4466 2746 4536 quaerebat)
2777 4482 2875 4521 nec
2916 4466 3217 4537 imperator
3240 4468 3294 4522 id
3320 4482 3477 4539 agere
3517 4477 3770 4539 poterat,
3820 4482 3882 4526 ut

721 4600 869 4670 (25-3)
909 4596 1400 4670 Nc:uo__peteba_tur
1429 4598 1551 4670 hoc
1597 4599 1813 4654 decreto
1839 4641 1853 4665 ,
1898 4601 2001 4656 nisi
2035 4600 2211 4657 Simo-
2241 4606 2287 4660 ι)
2350 4666 2359 4670 _
2370 4596 2536 4670 (238),
2557 4595 2779 4651 Videtur
2801 4606 2946 4653 totus
2986 4598 3086 4654 iste
3117 4599 3184 4654 de
3223 4599 3555 4670 investituris
3592 4599 3880 4660 discursus

654 4666 815 4734 niaci,
845 4666 900 4722 et
931 4669 1021 4736 qui
1048 4666 1279 4720 alienum
1305 4666 1397 4736 jus
1426 4667 1732 4724 invaserant
1757 4687 1771 4735 ;
1799 4679 1854 4724 et
1895 4672 1964 4725 ab
1991 4671 2209 4726 invaso-

656 4741 806 4812 ribus
830 4738 922 4812 jus
951 4736 1050 4790 sibi
1085 4736 1253 4812 reddi_
1279 4738 1641 4812 postulabant.
1677 4737 1876 4795 Omnes
1918 4741 2079 4811 hujus
2121 4758 2211 4812 ge-

657 4753 806 4802 rtnas
859 4753 922 4790 us
951 4753 1050 4790 smn
1085 4753 1232 4788 ream
1279 4753 1545 4804 posrutan:

657 4808 803 4863 neris
830 4753 993 4860 iuisse
1018 4812 1199 4874 aperte
1228 4802 1422 4859 falsum
1444 4816 1545 4861 est.

752 4878 875 4945 "253)
902 4873 1032 4949 Quae
1070 4883 1369 4949 sequuntur
1396 4877 1553 4949 plane
1582 4877 1798 4949 indigna
1829 4888 1956 4934 sunt
1996 4879 2213 4949 homine

658 4941 837 5009 docto,
859 4941 1059 4999 nedum
1083 4941 1501 5013 Oriupbrio,'qui
1545 4941 1723 5000 tamen
1764 4948 1878 5002 haec
1900 4963 1967 5003 ex
1999 4946 2213 5004 Henrici

659 5015 839 5083 potius
884 5027 1230 5083 sensuquam
1260 5017 1323 5068 ex
1355 5029 1457 5083 suo
1497 5014 1731 5068 scribere
1770 5016 1998 5069 videtur.
2035 5015 2216 5071 Refert

659 5078 826 5148 enim,
856 5081 985 5153 quis
1014 5078 1226 5153 lle'rtrici
1249 5091 1301 5153 et
1326 5082 1793 5139 schismaticorum
1830 5100 2023 5141 sensus
2054 5083 2216 5140 fuerit

661 5169 823 5222 δυΡει·
842 5150 1085 5222 G'rpgorii
1106 5150 1353 5206 decretis.
1414 5220 1421 5222 ξ
1467 5221 1473 5222 ί
1852 5162 1865 5175 ,.

731 5219 881 5289 (ΞΜ)
903 5219 1177 5299 Pessimus
1200 5226 1263 5300 et
1274 5220 1611 5300 perniciosus
1640 5222 1727 5300 hic
1756 5222 1963 5300 abusus
1995 5221 2133 5288 fuit,
2164 5232 2219 5279 et

665 5289 809 5344 ferro
841 5287 1414 5357 escommttnicationis
1452 5291 1787 5357 recidendus,
1836 5300 1896 5345 ut
1938 5287 2139 5347 factum
2185 5309 2216 5348 a

665 5358 821 5428 Greg.
836 5355 964 5428 ﬁlii,
993 5358 1085 5428 qui
1108 5357 1743 5428 gnundinationemistam
1776 5355 2025 5415 sustulit!

735 5424 885 5495 (2'55)
908 5424 969 5477 Ei
992 5424 1244 5495 nimirum
1264 5424 1380 5499 qui
1404 5428 1527 5498 plus
1548 5426 1729 5499 dabat,
1759 5430 1873 5483 sive
1902 5438 2079 5499 aptus,
2106 5430 2219 5487 sive

668 5498 879 5567 ineptus
930 5501 1073 5548 esset
1119 5512 1131 5547 :
1184 5497 1312 5565 quia
1369 5497 1423 5551 in
1476 5497 1598 5553 aula
1650 5497 2220 5567 perpetuae‘nuudiute

1027 5632 1151 5718 nulla
1170 5630 1471 5718 imperialis
1490 5635 1963 5718 ﬂorerenequihat
1989 5634 2105 5691 sine
2129 5637 2223 5693 be-

672 5701 985 5756 neﬁciorum
1019 5701 1502 5758 ecclesiasticarum
1537 5701 1961 5760 nundinatione?

744 5770 890 5845 (257)
916 5766 1055 5822 Cura
1078 5772 1318 5845 pecunia;
1356 5774 1704 5845 emungendtc
1744 5774 2084 5845 potissimum
2127 5791 2222 5831 co-

676 5841 866 5909 quebat
891 5845 940 5893 et
965 5840 1246 5908 torquebat
1270 5840 1575 5899 lleuricum.

2311 4666 2516 4724 elfictus
2540 4674 2594 4719 et
2616 4681 2903 4736 expressus
2952 4683 3016 4723 ex
3062 4676 3219 4723 tract.
3255 4668 3535 4733 Walrami.
3576 4670 3653 4726 de'
3678 4672 3876 4728 eodem

2312 4734 2817 4821 argumentohapud
2847 4734 3114 4821 Illyricum
3131 4738 3193 4819 in
3217 4739 3462 4810 catalogo
3486 4741 3736 4807 testium,
3782 4742 3878 4821 qui

2312 4804 2460 4880 totus
2510 4804 2862 4880 inaedificatur
2904 4804 3516 4880 privilegiis__nuuquam
3558 4804 3875 4873 concessis.

2313 4876 2408 4930 sed
2435 4875 2791 4943 supposititiis
2813 4884 2867 4930 et
2889 4875 3293 4934 commentitus.
3367 4875 3388 4880 “
3470 4923 3486 4934 .

2384 4942 2673 5015 (259)’Νοη
2706 4953 2815 5015 est,
2844 4946 3133 5015 universim
3186 4961 3405 5015 verum,
3470 4960 3596 4999 nam
3643 4945 3880 5015 Garolus

2315 5012 2540 5082 Magnus
2579 5012 2928 5082 amplissimis
2959 5015 3154 5084 opibus
3176 5014 3329 5069 auxit
3349 5029 3474 5084 cum
3514 5015 3649 5070 alias
3685 5014 3880 5071 Eccle-

2315 5084 2445 5156 sias.
2491 5084 2883 5156 turnurnaxime
2907 5083 3207 5138 Romanam
3233 5124 3250 5151 ,
3282 5091 3343 5138 ut
3372 5083 3439 5140 de
3471 5083 3877 5156 antiquioribus

2316 5152 2483 5218 impp.
2513 5151 2647 5206 nihil
2672 5152 2869 5207 dicam.
3384 5159 3390 5163 ’

2410 5219 2539 5301 260)-
2575 5219 2813 5301 Plurima
2840 5219 3062 5301 quidem
3106 5222 3351 5301 ecclesiis
3395 5222 3594 5301 donata
3647 5221 3880 5301 sunt!!!

2317 5290 2753 5360 imperatoribus,
2801 5290 2967 5344 etiam
3008 5290 3335 5356 immediate.
3371 5290 3469 5360 sed
3505 5304 3615 5345 non
3645 5290 3877 5354 omnia:

2318 5357 2491 5429 neque
2512 5357 2655 5412 ullus
2682 5359 2961 5415 catholica:
2968 5360 3202 5429 pietatis
3241 5374 3430 5429 amans
3454 5357 3750 5429 imperator
3783 5369 3881 5416 aut

2317 5427 2567 5500 princeps
2605 5441 2670 5500 eo
2699 5429 2927 5500 consilio
2963 5427 3264 5500 Bomanam
3296 5427 3590 5500 Ecclesium
3628 5428 3711 5500 vel
3740 5430 3883 5500 alias

2317 5496 2528 5580 ditavit,
2552 5504 2613 5550 ut
2648 5496 2742 5580 jus
2773 5498 3001 5580 eligendi
3034 5506 3090 5553 et
3115 5497 3487 5580 {investieudL
3484 5498 3757 5580 antistites
3773 5498 3880 5555 sibi

2318 5575 2549 5637 raperet,
2574 5564 2703 5636 quia
2727 5568 2832 5623 hoc
2848 5564 2942 5637 jus
2975 5580 3083 5621 non
3115 5566 3290 5634 laicis,
3322 5566 3416 5622 sed
3445 5564 3700 5623 Ecclesia:
3719 5581 3881 5624 com-

2390 5635 2471 5689 tit.
2588 5655 2595 5661 ο

2320 5652 2538 5775 ινέ(ἔξω
2582 5655 2843 5770 l-‘alsum;
2888 5719 3014 5758 nam
3047 5720 3168 5775 quae
3201 5703 3495 5775 Gregorius
3529 5703 3730 5775 Caesari
3771 5704 3881 5775 eri:

2321 5771 2445 5844 pere
2471 5771 2729 5845 te'ntabat,
2757 5788 3033 5845 nunquam
3056 5771 3275 5845 fuerunt
3294 5771 3501 5844 imperii
3524 5774 3591 5830 de
3616 5773 3765 5845 jure,
3786 5771 3881 5831 ad

2323 5842 2418 5916 per
2447 5844 2555 5898 vim
2583 5853 2637 5898 et
2662 5843 2989 5912 illegitimam
3025 5842 3450 5914 usurpationem.

3896 120 4024 255 ’Ἴ
