4098 6356
335 421 400 476 ῗῦ

1221 383 1841 475 ριιθιερολιεκλξη
1875 419 2055 474 acra
2095 421 2150 475 s.
2196 421 2538 480 cneconu.

3390 441 3486 494 ΗΞ

301 534 507 606 episcopi
530 551 588 589 ea
614 531 840 603 imperio
863 531 1362 603 restituerent,qu:e
1391 535 1822 606 abimpcratori-
1852 538 1891 593 Α
1921 533 2062 588 Fieri
2095 552 2225 606 ergo
2279 554 2385 592 non
2437 549 2647 608 poterat
2706 552 2782 603 ut.
2839 560 2882 598 sn
2952 547 3074 614 quis
3119 549 3486 620 episcopatum

303 630 392 685 has
420 646 512 683 non
545 637 598 682 et
623 628 770 696 ('26.!)
796 628 1057 698 episeOpi,
1085 628 1176 682 SCtl
1201 637 1259 681 ut
1285 628 1561 698 imperalia
1586 630 1828 683 membra

302 721 630 774 obtinuerant.
664 718 715 772 ς.
745 712 910 788 ἱείιιῖι·
930 720 1272 790 ρπρὶειιοιειιιη
1296 719 1595 788 designatio
1626 720 1694 772 ah
1729 717 1829 772 im-

303 819 516 877 peraIOre
543 806 862 872 auferretur,
891 816 946 861 et
988 807 1188 879 przelati
1229 808 1522 861 retinerent
1548 808 1826 873 beneficia,

300 906 348 952 et
371 898 478 960 alia,
502 913 612 966 qzzze
652 897 862 967 imperii
907 907 1030 951 ante
1069 897 1301 959 fuerant,
1354 898 1502 966 (2‘i5)
1546 898 1825 952 dimidium

302 987 483 1058 imprrii
504 988 713 1040 oatiiino
738 989 807 1040 ab
828 988 1151 1056 imperatore
1176 987 1480 1041 tollebalur.
1562 978 1568 984 ’

362 1081 556 1134 Accedit
577 1095 682 1147 quo
699 1079 715 1131 .l
745 1077 979 1132 maxime
1000 1077 1266 1132 Caesarem
1311 1080 1559 1148 angi-hat,
1605 1079 1749 1149 quod
1781 1079 1828 1134 si

301 1169 509 1237 (νῖκαιρί
553 1167 850 1222 Germaniae
890 1177 944 1222 et.
1002 1167 1186 1230 ltztlizt‘,
1231 1185 1353 1223 cum
1395 1174 1460 1222 ab
1507 1170 1828 1239 imperatore

300 1258 433 1310 (-lreti
456 1267 503 1311 et
524 1259 748 1310 investiti
776 1267 978 1322 essent,
1009 1260 1096 1312 vix
1138 1260 1190 1312 in
1223 1259 1398 1313 ollieio
1437 1261 1700 1313 contineri
1733 1275 1828 1330 po-

303 1357 472 1408 teraat,
499 1362 558 1399 nc
581 1357 766 1400 contra
800 1347 977 1416 ipsum
1003 1347 1179 1400 varias
1202 1355 1258 1400 et
1301 1346 1612 1416 frequentes
1659 1349 1828 1424 relzel-

302 1438 452 1490 lioaes
482 1437 808 1500 molirentur,
842 1437 970 1506 quid
1006 1437 1258 1505 deinceps
1308 1435 1502 1490 facturi
1555 1448 1753 1502 essent,
1781 1438 1825 1493 si

301 1527 496 1577 omnino
542 1541 603 1578 ex
652 1525 992 1593 imperatoris
1036 1533 1300 1594 potestate
1342 1527 1481 1578 eruti
1517 1535 1572 1580 et
1618 1527 1825 1579 liberati

290 1624 545 1683 .csscnt,ct
578 1615 627 1667 in
662 1615 904 1684 cujusvis
939 1614 1213 1680 Eeclesim,
1250 1616 1468 1684 capituli
1504 1617 1586 1669 vel
1618 1617 1826 1686 collegii

299 1715 534 1775 potestate
580 1716 718 1759 esset
760 1704 1103 1768 nobilissimi,
1136 1715 1188 1758 et
1219 1705 1575 1773 potentissimi
1618 1705 1828 1774 episeo-

300 1808 438 1865 patus
503 1797 786 1850 antistitem
845 1797 1155 1866 quempiam
1230 1796 1540 1864 imperatori
1617 1796 1825 1849 hostem

1928 627 2010 679 vel
2052 627 2324 682 abhatiam
2379 630 2601 700 adipisci
2637 635 2872 697 volebat,
2903 651 3021 690 eam
3059 639 3397 711 aliterquam
3425 649 3493 698 ab

1928 717 2251 786 imperatore
2301 722 2584 790 acciperet,
2639 735 2691 778 et
2745 730 3042 795 pz'urset‘lint
3096 733 3147 784 in
3201 737 3492 802 provinciis

1929 807 2155 874 imperio
2186 803 2463 874 subjectis.
2506 811 2544 863 lC
2574 824 2783 879 eontra,
2811 817 2852 868 si
2897 820 3019 887 quis
3052 822 3124 874 ita
3168 825 3235 876 ah
3261 826 3492 896 impera-

1931 901 2045 946 tore
2088 896 2450 950 sacerdotium
2503 904 2849 970 suseepisset,
2904 909 3084 961 statim
3127 912 3194 962 ah
3237 915 3398 981 episei
3424 933 3492 986 po

1929 983 2176 1051 Romano
2208 992 2768 1047 (‘XCUIIE:Iltlt;i":tll0ttt!
2823 1000 3150 1064 notabatur;
3198 1020 3358 1072 quam
3396 1010 3492 1062 ho-

1929 1075 2101 1129 ntines
2146 1077 2244 1130 hac
2295 1088 2610 1148 tenanstate
2673 1085 2722 1136 in
2759 1095 2964 1141 tantum
3021 1093 3298 1156 timebant,
3353 1108 3408 1152 ut
3431 1122 3492 1153 ea

1929 1181 2034 1221 una
2071 1170 2337 1238 pra‘eipne
2374 1171 2598 1227 Romani
2632 1181 2911 1246 pontifices
2960 1188 3161 1250 omnia,
3197 1207 3318 1258 que
3353 1194 3492 1246 desi—

1927 1260 2209 1325 tlerabant,
2244 1280 2299 1314 se
2344 1266 2556 1319 tandem
2606 1270 2865 1339 Cutzsmltti
2923 1290 3080 1342 posse
3125 1296 3229 1333 non
3275 1283 3491 1337 «iul-ita-

1929 1348 2057 1402 rint.
2096 1349 2250 1416 Quod
2275 1353 2436 1406 etiam
2475 1355 2579 1408 illis
2609 1371 2673 1410 ex
2707 1371 2851 1425 voto,
2886 1380 3198 1435 quanquam
3239 1387 3344 1425 non
3380 1375 3494 1427 sine

1929 1439 2181 1506 periculis
2236 1450 2292 1494 ct
2339 1439 2759 1512 diliienltatilms,
2817 1461 3090 1517 postremo
3148 1462 3330 1514 cessit.
3397 1462 3489 1518 Vix

1927 1534 2069 1587 enim
2098 1537 2166 1589 ah
2198 1538 2263 1592 iis
2295 1539 2540 1606 devotus,
2588 1543 2784 1597 alii-uti
2828 1547 3039 1601 diutino
3077 1555 3316 1623 tempore
3364 1573 3494 1612 con-

1929 1625 2121 1681 sistere
2179 1639 2408 1698 poterat,
2466 1637 2719 1689 omnibus
2773 1655 2918 1701 t‘llllt,
2984 1650 3239 1710 tanquam
3289 1657 3492 1715 pestem

1930 1717 2221 1784 publicam,
2268 1723 2617 1790 evitantibus,
2664 1728 3230 1800 existitnantiLusque,
3273 1737 3316 1788 si
3369 1755 3492 1792 cum

1929 1811 2400 1866 excommunicato
2423 1825 2661 1884 agerent,
2695 1833 2752 1870 se
2774 1819 2954 1872 statim
2989 1821 3137 1876 vivos
3161 1833 3317 1880 terra:
3345 1827 3491 1882 hiatu

298 1887 589 1940 acerrimum
611 1887 823 1956 eligere,
847 1887 942 1955 qui
967 1887 1216 1940 maxima:
1233 1886 1440 1955 imperii
1469 1886 1640 1940 ruitur
1663 1900 1828 1941 causa

1930 1898 2319 1955 absorbeudos.

297 1980 468 2033 deinde
496 1988 630 2034 esset
661 1980 809 2048 (264)
832 1979 856 2031 ?
1455 2044 1458 2045 ν

358 2066 441 2121 lla:
464 2068 613 2136 igitur
648 2081 827 2120 causa:
867 2074 1015 2131 sunt,
1060 2081 1183 2136 qua:
1222 2065 1490 2132 Caesarem
1521 2073 1574 2120 et
1602 2075 1827 2122 caeteros

297 2156 445 2210 lairos
473 2158 726 2226 principes
753 2172 916 2226 quam
953 2156 1188 2210 maxime
1234 2158 1494 2211 adversus
1523 2158 1826 2226 pontificem

297 2259 691 2313 commoverunt,
717 2248 926 2316 imperii
960 2249 1105 2302 enim
1131 2249 1211 2302 vel
1233 2246 1457 2303 omnino
1481 2249 1720 2314 tollendi,
1746 2249 1828 2304 vel

297 2341 342 2393 in
374 2352 665 2411 perpetuum
691 2343 999 2397 stabiliendi
1023 2359 1189 2397 causa
1213 2353 1342 2397 tunc
1372 2336 1606 2398 maxime
1631 2354 1829 2398 tracta-
1864 2343 1867 2347 ’

296 2433 456 2486 lator.
479 2431 650 2488 Czcsar
681 2434 827 2488 enim
863 2434 1072 2503 imperii
1101 2435 1248 2502 jura,
1271 2444 1324 2489 et
1349 2450 1410 2488 ca
1435 2436 1653 2504 quidem
1679 2453 1830 2491 sum-

297 2538 372 2575 ma
408 2514 610 2577 camino
651 2525 813 2587 tueri,
861 2539 996 2593 papa
1022 2539 1150 2578 vero
1201 2525 1467 2581 Ecclesiae
1501 2527 1824 2595 liheztatcm,

296 2612 422 2665 nulla
467 2614 750 2682 imperialis
803 2614 998 2669 excidii
1067 2615 1276 2670 ratione
1328 2617 1531 2682 habita,
1585 2633 1828 2674 asserere

294 2702 496 2768 volebat,
518 2703 790 2774 indignum
835 2721 957 2758 esse
1004 2705 1290 2759 clamitans
1319 2722 1349 2760 a
1382 2722 1542 2760 manu
1570 2707 1702 2761 laiea
1739 2725 1829 2761 sa-

295 2790 508 2845 cerdotes
549 2793 740 2856 creari,
785 2809 1100 2862 quanquam
1157 2793 1206 2847 id
1253 2781 1349 2862 per
1392 2803 1674 2849 trecentos
1716 2795 1828 2849 fere

295 2894 445 2932 annos
471 2878 689 2934 aCaroli
713 2879 890 2950 Fdagni
928 2890 1169 2950 tempore
1222 2882 1508 2952 (265)5ub
1548 2884 1824 2953 sexaginta

293 2979 411 3023 eteo
430 2971 647 3040 amplius
672 2971 934 3026 Romanis
951 2971 1296 3040 pontificibus
1313 2983 1632 3042 usurpatum
1659 2983 1820 3028 esset.

295 3055 497 3112 Maxime
520 3059 676 3129 igitur
706 3059 1019 3127 imperatori
1058 3059 1409 3113 laborandum
1451 3069 1586 3124 erat,
1618 3061 1826 3115 ne'hzec

292 3145 478 3200 decreta
524 3156 747 3214 starent,
797 3147 843 3202 si
883 3145 1110 3216 imperii
1162 3147 1323 3216 jura,
1371 3148 1481 3203 imo
1539 3149 1822 3219 imperium

293 3235 448 3304 ipum
469 3239 667 3291 salvum
699 3253 822 3292 esse
847 3237 1024 3298 vellet,
1048 3238 1195 3306 quod
1233 3238 1501 3306 ejusmodi
1539 3230 1822 3308 papalil'ius

291 3323 457 3378 edictis
496 3325 678 3394 procul
719 3325 888 3378 dubio
955 3322 1328 3393 dissipandum
1365 3341 1486 3381 esse
1543 3328 1820 3398 existima-

293 3413 368 3467 Lat
388 3415 542 3484 (εδδ).
1142 3457 1143 3460 γ

259 3560 266 3565 ,
349 3503 574 3561 Pontifex
618 3505 784 3561 etiam
839 3488 1124 3577 episcqios
1172 3505 1341 3579 (267),
1395 3509 1616 3564 abhates
1663 3521 1820 3566 czete-

293 3611 462 3673 resque
482 3599 724 3668 prrelatos
751 3600 925 3669 prima
951 3601 1053 3655 hac
1075 3599 1270 3656 rfronte
1297 3601 1381 3657 his
1419 3605 1821 3660 constitutioni-

292 3687 376 3744 bus
408 3705 503 3744 non
537 3692 850 3771 minus'sibi
901 3690 1130 3750 infestos
1170 3695 1421 3763 reddidit,
1449 3713 1613 3766 quam
1651 3699 1820 3771 impe-

291 3786 490 3833 ratorem
523 3782 694 3851 ipsum
713 3764 743 3836 :l
760 3783 962 3852 quibus
991 3781 1225 3860 necesse
1252 3795 1386 3850 crat,
1427 3764 1519 3842 aut
1541 3790 1820 3860 episcopa-

291 3865 412 3921 libus
467 3885 646 3926 carere
702 3881 757 3927 et
820 3852 1081 3940 abbatiis,
1126 3883 1222 3930 aut
1272 3879 1817 3936 excommunicationi

288 3956 572 4024 subiacere:
622 3973 719 4017 aut
759 3962 1107 4035 episcopatus
1163 3975 1219 4022 ct
1273 3968 1516 4025 abbatias
1557 3971 1622 4026 dc
1653 3989 1817 4028 manu

289 4041 594 4114 imperatoris
640 4052 936 4121 suscipere.
987 4041 1142 4120 Quod
1185 4059 1330 4111 enim
1368 4067 1497 4115 tunc
1533 4062 1819 4132 collegium

287 4134 355 4187 vel
393 4139 675 4207 capitulum
718 4134 944 4199 abderet
989 4152 1182 4198 contra
1236 4154 1346 4201 tam
1395 4158 1629 4204 veterem
1687 4167 1820 4205 con-

288 4229 594 4285 suetudinem
628 4230 801 4301 (268),
836 4240 920 4288 tot
966 4222 1181 4290 Saeculis
1210 4236 1485 4304 coalitam,
1522 4247 1577 4292 et
1607 4255 1819 4310 semper

287 4329 566 4390 usurpatam
597 4325 651 4378 in
686 4325 867 4381 locum
888 4327 1158 4383 demortui
1186 4328 1477 4398 pontificis,
1503 4332 1584 4386 vel
1607 4333 1817 4390 abbatis

287 4422 458 4466 novum
527 4416 858 4471 constituere
908 4418 1214 4487 praesulem,
1256 4420 1578 4490 imperatam
1626 4434 1817 4493 poten-

284 4496 467 4555 tissimo
503 4503 855 4561 inconsulto?
906 4505 1042 4564 Nam
1086 4516 1145 4564 et
1192 4508 1473 4580 eligentes,
1517 4521 1572 4567 et
1615 4515 1820 4573 electus

279 4587 480 4674 antistes
499 4607 604 4648 non
630 4583 808 4650 solum
832 4597 974 4653 votis
1009 4588 1127 4657 suis
1157 4600 1318 4670 potiri
1347 4617 1455 4658 non
1493 4590 1813 4674 potuissent,

284 4673 362 4763 sed
403 4686 454 4731 et
492 4684 763 4738 temerarii
809 4700 980 4742 ausus
1040 4689 1224 4744 statim
1267 4705 1454 4761 poenas
1505 4692 1814 4763 imperatori

283 4762 500 4822 luissent.
527 4769 633 4826 Aut
658 4773 786 4842 quis
818 4775 1105 4847 episcopus
1136 4779 1221 4834 vel
1261 4781 1452 4848 abbas,
1501 4762 1813 4856 quanquam

283 4860 377 4912 tute
400 4859 514 4931 eligi
545 4875 576 4916 a
607 4877 722 4917 sua:
747 4861 1003 4922 Ecclesiae
1026 4868 1254 4940 collegio
1281 4873 1568 4942 potuisset,
1598 4886 1652 4931 et
1678 4893 1812 4948 pra:—

247 4953 694 5027 'terimperatoris
727 4958 1083 5027 sententiam,
1128 4965 1488 5022 sacerdotium
1533 4960 1816 5028 assumere

243 5102 248 5110 ,
280 5051 454 5114 Posset,
475 5050 557 5104 vel
601 5050 843 5115 auderet,
875 5051 971 5120 qui
1006 5051 1188 5107 statim
1223 5049 1254 5106 a
1286 5068 1384 5107 sua
1418 5055 1566 5120 sede,
1609 5059 1717 5114 alio
1742 5062 1812 5114 ab

282 5141 570 5204 imperatore
591 5142 913 5214 subrogato,
928 5129 1136 5199 armata
1154 5159 1316 5199 manu
1329 5145 1811 5221 ejiciendusesset?

356 5283 467 5378 ﬁ)
487 5291 630 5378 Lino,
651 5303 714 5351 ut
738 5294 980 5378 episcopi
1013 5296 1476 5378 eapbtiiiuerant.

294 5337 632 5436 psi-sna
654 5337 1803 5436 "re;sarissasiigtra'aaamba...-;

645 5426 940 5507 manebant
963 5426 1175 5507 "imperii
1200 5426 1459 5502 membra,
1487 5439 1720 5507 tametsi,
1748 5426 1810 5496 ut

467 5497 642 5577 ignita
659 5497 1058 5577 invenirentur
1077 5507 1146 5561 ab
1180 5497 1522 5577 imperatore.

497 5565 632 5630 Huic
657 5570 1010 5646 incommodo
1026 5565 1272 5632 occurri'
1290 5585 1487 5646 potest,
1521 5577 1671 5634 salvo
1704 5578 1805 5633 Ee-

1289 5622 1682 5736 ἱῖιίξξῖίεξῖιιέιῖ,

238 5745 240 5756 .
285 5706 490 5771 Miaca
509 5706 897 5766 beneﬁcionfm
920 5706 1330 5771 nundinatione;

333 5769 463 5844 (⁵163)
487 5773 611 5833 Hinc
627 5786 762 5834 sunt
776 5777 1072 5848 Sigeberti,
1095 5769 1202 5840 non
1214 5769 1487 5849 veritatis.

1998 1987 2054 2042 In
2080 1992 2331 2046 maximis
2382 2011 2511 2065 ergo
2556 2001 2824 2066 angustiis
2867 2011 2920 2054 et
2953 2005 3373 2074 calamitatibus,
3411 2011 3494 2064 ni-

1927 2079 2160 2149 miisque
2193 2087 2464 2150 pressuris
2508 2091 2710 2156 pnelati
2763 2091 3016 2148 Ecclesim
3059 2105 3186 2151 tunc
3215 2103 3492 2156 constituti

1926 2179 2101 2235 erant,
2131 2172 2287 2236 adeo,
2329 2183 2388 2227 ut
2425 2178 2578 2230 tiinlti
2622 2181 2801 2248 potius
2847 2183 3108 2253 elegerint
3141 2188 3493 2255 dignitatilm;
3538 2179 3547 2188 ’

1927 2269 2135 2333 Cedere,
2163 2285 2326 2340 quam
2378 2275 2457 2326 vel
2491 2276 2543 2328 in
2593 2278 2931 2347 imperatoris
2973 2283 3418 2354 imlignationem,
3449 2294 3491 2344 .~i

1927 2357 1996 2410 ab
2038 2373 2102 2411 eo
2141 2359 2510 2428 iuvestituras,
2546 2369 2688 2434 quod
2723 2369 2826 2422 alia
2865 2372 3075 2425 ratione.
3106 2377 3218 2428 Iieri
3263 2394 3367 2431 non
3397 2396 3492 2448 po-

1929 2451 2084 2510 terat,
2115 2463 2220 2500 non
2258 2452 2613 2520 susciperent,
2639 2457 2720 2508 vel
2755 2457 2807 2510 in
2854 2466 3489 2530 cxcommunieatior:etn.

1925 2536 1968 2588 si
1994 2548 2387 2606 acecptassent,
2422 2543 2717 2611 incurrere,
2751 2549 2820 2602 ab
2861 2554 3224 2624 omnibusque
3259 2557 3496 2613 ludibrio

1927 2626 2132 2691 haberi,
2171 2638 2223 2681 et
2273 2647 2368 2699 pro
2402 2633 2579 2702 impiis
2621 2645 2674 2690 et
2721 2637 3046 2698 facinorosis
3093 2651 3348 2716 reputari.
3382 2651 3498 2704 (Σειλ-

1926 2734 2016 2771 sar
2040 2736 2111 2788 qu
2137 2738 2257 2790 ‘que
2283 2724 2413 2791 ipse,
2443 2727 2707 2796 multique
2741 2731 2830 2784 alii
2881 2736 3174 2804 principes,
3203 2748 3257 2793 ct
3287 2743 3496 2808 pra-lati

1925 2806 2164 2872 fuerunt,
2188 2813 2280 2880 qui
2316 2812 2545 2868 Romani
2588 2818 2858 2885 pontificis
2895 2807 3203 2893 anathema,
3234 2806 3491 2904 tanquam

1926 2897 2168 2964 iniqumu
2211 2908 2266 2953 et
2297 2901 2580 2969 injustam,
2614 2915 2666 2958 et
2690 2918 2884 2976 praeter
2920 2910 3062 2980 leges
3100 2897 3492 2981 fuemunt-ou—

1925 2989 2264 3053 temncbant,
2307 2992 2549 3062 aliosque
2608 3007 2953 3054 contemnere
2999 3005 3393 3070 persuade-quit
3441 3018 3495 3061 tt

1923 3079 2204 3148 cogebant.
2243 3080 2570 3151 l’opulorum
2613 3096 2790 3142 tamen
2836 3093 3143 3159 multitudo,
3173 3105 3226 3151 et
3258 3101 3495 3155 maxima

1851 3209 1891 3262 C
1925 3171 2227 3240 principum
2279 3182 2387 3227 tam
2444 3176 2710 3234 Jaicorum
2766 3198 2930 3250 quam
3003 3188 3491 3246 ecelesiasticornm

1929 3274 2074 3326 pars,
2116 3264 2731 3322 cxcommnnicationem
2767 3286 2917 3341 papa:
2956 3276 3190 3332 maxime
3237 3282 3496 3336 verclan-

1927 3355 2016 3400 tur
2041 3366 2055 3411 ;
2080 3350 2188 3428 vel,
2221 3352 2365 3418 quod
2398 3369 2460 3407 re
2497 3355 2609 3423 ipsa
2636 3348 2933 3426 sentirent;
2971 3346 3075 3428 vel,
3113 3366 3166 3419 iu
3203 3367 3493 3437 imperato-

1830 3432 1853 3458 τ’
1925 3435 2000 3490 ris
2028 3425 2235 3502 odium,
2285 3441 2379 3509 qui
2414 3457 2444 3496 a
2482 3445 2667 3500 multis
2703 3446 3006 3505 Germaniae
3050 3454 3405 3524 principibus,
3440 3473 3495 3512 tt

1925 3520 2222 3597 prmscrtim
2271 3528 2597 3600 Saxonibus,
2625 3551 2764 3605 quos
2806 3531 2866 3592 ut
2901 3541 3125 3598 rebelles
3174 3545 3356 3602 Czesar
3381 3550 3494 3619 ipse

1924 3613 2299 3685 frequentibus
2330 3621 2484 3677 bellis
2527 3626 2826 3694 attriverat,
2863 3631 3064 3701 ingenti
3107 3636 3233 3690 odio
3260 3617 3496 3696 habeta-

1888 3715 2031 3763 tur.
2077 3709 2153 3766 Ita
2197 3715 2340 3774 enim
2387 3725 2515 3771 sunt
2547 3718 2936 3776 Germanorum
2974 3725 3276 3797 principum
3325 3733 3492 3788 animi

1926 3800 2096 3870 (269),
2127 3811 2188 3858 ut
2229 3821 2335 3860 non
2370 3807 2474 3862 nisi
2499 3811 2692 3874 coacti,
2724 3810 3033 3881 imperatori
3059 3831 3090 3871 a
3115 3834 3172 3873 se
3193 3821 3365 3876 electo
3391 3840 3491 3894 pa-

1923 3906 2044 3944 rere
2069 3893 2255 3958 velint,
2289 3896 2444 3951 εινίιω
2470 3899 2680 3953 tuenda:
2711 3901 2975 3978 libertatis
3009 3907 3328 3966 avidissimi.

1992 3980 2107 4036 lloc
2132 3983 2301 4053 igitur
2349 4000 2500 4055 papa:
2547 3988 2766 4044 decreto
2803 4007 2966 4060 quam
3011 3999 3244 4053 maxime
3283 4002 3490 4059 incitati

1923 4079 2052 4124 sunt
2091 4073 2469 4142 episcoporum
2512 4075 2816 4132 Germania:
2845 4089 2900 4132 et
2941 4079 3108 4136 Italiae
3150 4087 3355 4153 animi;
3396 4091 3489 4146 cui

1920 4174 2046 4213 cum
2099 4161 2396 4229 imperator
2436 4165 2580 4218 nulla
2638 4167 2847 4221 ratione
2905 4169 3277 4243 obtemperare
3308 4179 3488 4247 vellet.

1920 4265 2056 4318 papa
2107 4249 2399 4322 Gregorius
2436 4263 2542 4309 tam
2589 4257 2660 4311 ob
2709 4257 2848 4312 hane.
2899 4277 3143 4332 causam,
3204 4284 3367 4338 quam
3416 4273 3490 4327 oh

1919 4354 2039 4393 eam
2084 4342 2452 4411 rebellionem,
2505 4363 2668 4416 quam
2726 4359 2849 4419 post
2895 4354 3124 4422 primam
3169 4371 3490 4436 pacemth

1922 4429 2318 4487 absolutionem
2379 4436 2718 4505 impetratam
2781 4441 2999 4509 fecerat,
3046 4454 3101 4499 et.
3154 4447 3257 4501 alia
3314 4429 3485 4506 multa

1853 4532 1895 4585 ι)
1919 4522 2170 4590 crimina,
2206 4525 2272 4578 de
2307 4527 2505 4596 quibus
2539 4544 2569 4582 a
2614 4527 2921 4620 S‘axonibus
2980 4537 3123 4604 apud
3177 4541 3484 4620 pontificem

1919 4612 2132 4668 delatus
2180 4613 2374 4681 fuerat,
2417 4617 2593 4686 ipsum
2630 4608 2900 4678 Cmsarcm
2942 4625 3122 4683 denuo
3162 4613 3487 4701 gravissimo

1917 4705 2260 4758 anathemate
2291 4714 2537 4760 notatum
2593 4709 2820 4780 imperio
2866 4716 3122 4785 privavit;
3163 4707 3490 4781 Rodulfum-

1914 4811 2039 4865 que,
2065 4796 2159 4864 qui
2189 4805 2378 4852 contra
2406 4814 2529 4860 eum
2558 4800 2834 4871 Augustus
2861 4807 2929 4860 ab
2959 4809 3166 4877 aliquot
3195 4811 3482 4872 Germanis

1913 4883 2248 4954 principibus
2295 4897 2510 4943 creatus
2552 4891 2605 4944 in
2639 4892 2928 4948 schismate
2959 4895 3152 4962 fuerat,
3191 4903 3480 4961 confirma-

1913 4973 2010 5037 vit,
2036 4982 2091 5027 et
2118 4990 2308 5050 omnes
2331 4977 2398 5030 ab
2435 4976 2645 5030 llenrici
2679 4992 3019 5037 sacramento
3052 4987 3278 5043 absolvit
3306 5013 3317 5046 :
3347 4996 3477 5050 Gui-

1913 5043 2240 5129 bcrtumque
2304 5063 2767 5132 archiepiscopum
2847 5067 3221 5129 Ravennatem
3291 5089 3478 5150 pt'u't-i-

1911 5165 2076 5218 puum
2114 5151 2456 5220 imperatoris
2510 5155 2767 5223 amicum,
2813 5162 3115 5218 sacerdotio
3165 5171 3474 5238 multatum,

1981 5304 2128 5392 (266)
2158 5305 2268 5392 Sed
2305 5312 2484 5392 male:
2541 5329 2663 5392 nam
2691 5316 2975 5392 imperium
3007 5328 3135 5375 non
3178 5321 3474 5392 dissipatur

1910 5378 2323 5461 conservatione
2344 5379 2487 5461 juris
2516 5378 2887 5461 ecclesiastici.

1981 5445 2130 5516 (267)
2155 5445 2515 5516 Simoniacos,
2537 5453 2628 5522 qui
2653 5455 2906 5510 beneﬁcia
2931 5457 3291 5512 ecclesiastica
3321 5477 3473 5520 cme-

1911 5525 2052 5570 rant.

2002 5583 2128 5654 268)
2162 5585 2334 5652 Quam
2371 5604 2499 5642 vero
2530 5600 2684 5646 vetus
2711 5593 2724 5644 ε

2003 5654 2128 5724 269)
2155 5654 2467 5736 Imperatori
2494 5669 2685 5746 sponte
2715 5675 2812 5716 sua
2846 5669 3033 5720 'rarent
3073 5663 3364 5737 Germani;
3393 5668 3475 5746 ty’.

1913 5738 2218 5796 ηηρο-ηοη
2249 5734 2353 5778 mai
2387 5734 2580 5780 ιὐςιοιί.
