4098 6386
321 487 388 542 li'l

1153 489 1674 568 PROLEGOMENA.
1706 523 1772 534 ——
1807 494 1983 548 ACTA
2018 498 2074 551 S.
2117 496 2459 554 CREGURll.

3366 507 3460 560 Ιῗῖ

317 616 432 670 quam
463 600 828 656 resistentibus
865 601 968 655 sibi
985 601 1249 658 Romanis
1279 614 1332 659 et
1361 604 1616 676 Gregorio
1647 622 1802 676 papa,
1835 611 1875 664 Δ
1901 625 2014 663 sein
2053 610 2515 686 ai‘ci.icpiscop.lttt
2550 607 2822 680 llugonem
2861 624 2950 665 aut
2978 611 3221 667 Ottonein
3248 614 3458 670 Ostien-

319 689 396 744 fere
429 705 508 758 per
546 691 820 744 biennium
848 691 1088 758 obsedit;
1135 692 1304 775 donec
1354 703 1625 764 postremo
1663 709 1808 749 anno

319 776 475 831 Domini
499 778 624 832 1083
667 777 838 832 Nonis
877 778 1042 844 Junii,
1073 781 1404 837 tradentibus
1431 798 1488 837 se
1530 782 1806 847 Romanis,

319 868 534 937 ingressus
572 876 670 922 est.
695 867 946 924 Pontifex
991 861 1310 941 Gregorius,
1345 872 1486 928 Urbe
1511 874 1705 943 partim
1737 875 1807 939 vi,

319 960 460 1025 partim
486 959 780 1028 proditione
825 961 894 1014 ab
929 959 1161 1017 llenrico
1195 973 1490 1034 occupata,
1532 965 1586 1019 in
1631 981 1808 1020 arcem

319 1045 454 1102 Sancti
473 1050 668 1120 Angeli,
700 1065 866 1120 quam
901 1054 1110 1122 egregie
1136 1055 1423 1119 munierat,
1457 1071 1580 1109 cum
1617 1056 1729 1109 suis
1753 1071 1810 1110 se

320 1138 481 1206 recepit.
507 1138 570 1191 At
597 1154 718 1193 cum
754 1141 898 1194 nulla
930 1141 1069 1195 inter
1113 1143 1487 1212 imperatorem
1516 1154 1570 1199 et
1599 1144 1811 1214 pontiﬁ-

317 1238 402 1281 rem
434 1229 714 1284 concordize
761 1229 846 1282 via
893 1231 1078 1284 relicta
1124 1242 1298 1299 esset,
1342 1234 1631 1302 imperator
1669 1249 1813 1288 anno

319 1319 510 1386 sequenti
545 1319 692 1386 1094,
738 1320 1221 1391 ϐῑθςοήονιισυιυο
1266 1325 1320 1378 in
1373 1341 1494 1380 arce
1528 1324 1583 1379 S.
1627 1305 1821 1398 Angeli]

319 1407 546 1478 existente,
575 1413 637 1468 de
677 1413 887 1484 aliquot
927 1430 1209 1488 procerum
1224 1425 1290 1470 et
1319 1417 1672 1472 cardinalium
1709 1417 1815 1471 Ro-

320 1513 550 1556 manorum
573 1520 862 1573 consensu,
893 1522 1029 1576 quos
1054 1509 1249 1577 partim
1274 1508 1326 1562 vi
1355 1517 1409 1563 et
1428 1520 1590 1574 metu,
1619 1511 1812 1580 partim

320 1587 438 1644 donis
463 1600 512 1646 et
528 1593 996 1661 pollicitationibus
1025 1597 1077 1650 in
1109 1597 1427 1653 sententiam
1461 1614 1614 1653 suam
1641 1609 1817 1652 traxe-

320 1679 696 1743 tat,Guibertum
721 1683 1189 1756 archiepiscopum
1217 1687 1602 1755 Ravennatem,
1621 1707 1682 1744 ex
1700 1691 1818 1760 ejus

320 1773 582 1828 auctoritate
592 1774 1057 1831 Brixinmtricnuio
1069 1785 1190 1831 ante
1203 1777 1502 1832 Romanum
1516 1779 1818 1847 pontiﬁcem

321 1861 602 1930 designatum
622 1905 637 1929 ,
676 1864 729 1917 in
766 1866 1073 1934 autipapam
1101 1865 1379 1921 Dominico
1402 1866 1488 1922 die
1511 1866 1817 1921 Palmm-nm

322 1949 561 2007 Clementis
583 1953 643 2006 lll
665 1954 737 2008 illi
770 1954 989 2009 nomine
1013 1955 1286 2025 imposito,
1318 1957 1629 2026 inaugurari
1657 1957 1817 2012 fecit:
1855 1971 1894 2024 Β

321 2055 345 2092 a
371 2056 458 2110 quo
479 2045 708 2111 proximo
739 2045 977 2114 paschali
1011 2045 1148 2099 festo
1172 2061 1490 2102 cum-uxore
1526 2065 1622 2102 sua
1660 2048 1811 2102 Berta

323 2130 563 2202 imperator
572 2138 778 2207 etAugu
787 2146 905 2192 stus
919 2146 1210 2191 coronatus
1224 2147 1325 2193 est.
1344 2138 1544 2193 Deinde
1560 2140 1625 2193 ad
1639 2156 1812 2194 arcem

323 2219 972 2297 S.Augelioppugnaud§m,
993 2228 1164 2296 inqua
1185 2227 1474 2299 Gregorius
1500 2228 1584 2281 V'll
1612 2245 1818 2298 perma—

323 2309 461 2376 nebat,
480 2328 756 2370 conversus
779 2331 902 2370 cum
925 2331 1043 2371 eam
1071 2317 1268 2371 acriter
1296 2329 1528 2387 urgeret,
1553 2318 1727 2372 cllccit
1761 2329 1818 2373 ut

322 2402 515 2469 pontifex
548 2415 756 2462 coactus
790 2406 1084 2462 Robertum
1127 2407 1482 2464 Guiscardum
1531 2424 1652 2464 cum
1701 2424 1815 2462 ma-

325 2492 438 2547 ximo
471 2493 907 2553 Nortmannorum
952 2499 1192 2554 exercitu
1241 2501 1292 2553 in
1336 2501 1597 2555 auxilium
1660 2517 1822 2555 suum

322 2584 540 2650 evocarit,
595 2587 745 2657 cujus
813 2588 1045 2643 adventu
1117 2591 1408 2658 imperator
1460 2591 1817 2660 perterritus,

326 2662 437 2724 Urbe
451 2687 561 2726 cum
582 2675 821 2746 antipapa
845 2675 1070 2746 aufugit.
1088 2675 1351 2731 Robertus
1369 2691 1530 2747 porro
1551 2677 1601 2730 in
1626 2675 1819 2731 Urbem

325 2759 520 2824 veniens,
546 2761 851 2833 Gregorium
871 2781 994 2819 arce
1015 2766 1268 2819 eductum
1293 2780 1403 2820 suae
1433 2765 1543 2818 sedi
1574 2764 1820 2818 Laterani

325 2850 540 2919 restituit;
563 2854 642 2908 sed
665 2855 890 2910 audiens
915 2857 1312 2926 imperatorem,
1339 2873 1499 2927 quem
1528 2855 1668 2910 Urbe
1693 2857 1823 2909 etfa-

324 2948 517 3007 gaverat,
548 2945 800 3013 reparatis
829 2960 893 3000 ex
933 2944 1130 3013 Tuscia
1165 2955 1219 3000 et
1252 2944 1572 3000 Lombardia
1615 2945 1822 2998 viribus

323 3037 420 3080 cum
445 3011 668 3102 antipapa
693 3033 918 3088 Romam
946 3011 1160 3098 reverti,
1176 3034 1441 3103 simulque
1455 3033 1820 3087 Romanorum

324 3114 679 3180 inconstantiam
713 3124 1264 3194 veritus-,poutiticem
1299 3138 1363 3179 ex
1399 3121 1541 3178 Urbe
1570 3123 1821 3178 cluetum

323 3217 472 3260 secum
504 3208 766 3267 Salernum
790 3213 976 3266 urbem
1003 3213 1417 3268 munitissimam
1455 3213 1727 3283 perduxit,
1767 3223 1827 3267 ut

323 3289 500 3362 ibidem,
522 3290 786 3372 quousqiie
810 3319 913 3372 pax
928 3303 1145 3357 daretur
1167 3302 1440 3368 Ecclesiae,
1465 3314 1820 3372 permaneret.
1851 3303 1891 3359 C

323 3378 422 3450 Ubi,
450 3395 553 3443 toto
588 3405 724 3446 anno
765 3392 903 3446 1084
931 3398 987 3446 et
1021 3400 1173 3460 parte
1208 3393 1334 3445 anni
1373 3373 1718 3460 4085"’usque
1753 3391 1820 3445 ad

322 3475 436 3531 diem
461 3482 631 3538 mortis
662 3499 774 3538 sure
813 3493 1180 3539 commoratus
1201 3492 1322 3552 ,est,
1376 3498 1499 3536 cum
1534 3483 1823 3552 imperator

321 3575 366 3618 et
389 3568 612 3642 antipapa
646 3571 894 3642 Romam,
922 3588 988 3630 eo
1032 3551 1247 3640 interim
1274 3559 1535 3643 tempore,
1569 3551 1622 3627 et
1666 3588 1825 3627 omne

319 3652 553 3716 Ecclesia?
557 3665 927 3733 patrimonium
955 3663 1329 3736 occupassent.

378 3744 560 3812 Quibus
591 3751 740 3809 factis
784 3756 1077 3824 imperator
1108 3745 1163 3809 i’n
1201 3752 1544 3809 Germaniam
1576 3771 1825 3810 reversus

323 3838 584 3908 autipapam
608 3859 799 3915 magna
833 3860 954 3900 cum
991 3846 1220 3901 militum
1261 3847 1447 3914 copia,
1475 3856 1528 3900 et
1565 3845 1824 3900 Romanis

321 3931 701 3987 commendatum
728 3933 782 3987 in
808 3932 951 3987 Urbe
972 3934 1206 4010 reliquit.

380 4017 513 4074 Anno
539 4021 734 4101 deinde,
770 4024 863 4094 qui
894 4031 1111 4078 secutus
1150 4032 1236 4077 est
1288 4023 1443 4089 1085,
1477 4026 1555 4078 vir
1586 4025 1695 4077 vita
1737 4024 1847 4077 ee;

323 4111 1022 4210 nersﬁthentissimus,
1044 4114 1376 4184 catholicus,
1422 4114 1529 4168 Deo
1559 4114 1824 4179 amabilis,

324 4198 639 4258 hereticorum
657 4198 900 4261 ‘anallcus
945 4207 1264 4276 indefessus,
1305 4206 1647 4281 ecclesiastici
1683 4206 1825 4274 juris

324 4289 572 4361 redemptor
602 4313 661 4349 ac
702 4285 1034 4350 conicrvator
1061 4296 1452 4360 solertissimus,
1486 4303 1827 4363 perpetuaque

324 4383 539 4435 umoris
574 4383 753 4456 dignus
798 4383 1076 4454 Gregorius
1104 4400 1238 4453 papa
1281 4381 1410 4449 VII,
1445 4397 1568 4437 cum
1601 4397 1695 4451 per
1724 4382 1825 4436 ali-

323 4480 434 4538 quot
449 4489 638 4532 menses
665 4476 874 4532 Salerni
914 4475 1124 4541 fuisset,
1151 4489 1344 4546 magna
1377 4473 1551 4528 morbi
1578 4473 1626 4525 vi
1655 4471 1824 4543 premi

323 4561 478 4630 capit,
500 4565 764 4637 exitusque
792 4565 858 4620 de
888 4566 992 4620 hoc
1018 4565 1232 4622 mundo
1257 4572 1466 4632 tempus
1500 4563 1602 4617 sibi
1636 4563 1822 4616 adesse

324 4661 630 4722 cognoscens,
676 4627 802 4712 ante
838 4657 1055 4711 tertium
1090 4655 1174 4710 sui
1211 4655 1393 4709 obitus
1421 4654 1568 4726 diem
1609 4664 1828 4726 rogatus
1857 4627 1904 4685 θ

322 4732 382 4790 ὦ
416 4741 656 4813 episcopis
693 4754 748 4799 et
775 4743 1159 4807 cardinalibus,
1203 4740 1297 4810 qui
1343 4739 1480 4794 forte
1525 4749 1654 4795 tunc
1702 4739 1825 4794 eum
1899 4733 1906 4740 “

323 4826 488 4882 abbate
527 4828 823 4888 Cassinensi
865 4831 1140 4886 Desiderio
1171 4829 1422 4894 aderant,
1458 4829 1587 4899 quid
1619 4830 1685 4884 de
1716 4829 1826 4885 Ro-

324 4933 475 4976 mana
498 4922 624 4980 sedis
655 4935 776 4995 post
805 4924 1010 4979 obitum
1045 4937 1204 4999 suum
1227 4920 1565 4975 ordinatione
1593 4920 1824 4990 juberet,

324 5026 490 5070 cum
509 5014 737 5093 hortatus
776 5026 861 5072 est
901 5026 962 5069 ut
995 5013 1183 5085 procul
1212 5011 1376 5066 dubio
1406 5025 1606 5064 novum
1653 5011 1706 5063 in
1741 5011 1824 5064 sui

326 5099 480 5154 locum
518 5106 806 5172 pontiﬁcem
858 5112 1132 5169 crearent,
1173 5099 1532 5169 omnibusque
1575 5099 1820 5153 abbatem

323 5183 617 5254 Desiderium
642 5193 920 5264 proposuit
950 5179 1102 5248 tanto
1135 5190 1344 5245 muneri
1379 5205 1585 5259 parem.
1625 5187 1826 5244 Prmter

320 5271 372 5331 id
389 5279 540 5347 enim,
560 5284 688 5352 quod
715 5284 762 5338 is
787 5281 845 5335 S.
881 5280 944 5335 R.
972 5279 1032 5334 Ε.
1054 5281 1332 5351 presbyter
1351 5279 1641 5335 cardinalis
1663 5289 1823 5344 esset,

324 5365 576 5432 ridentia
603 5388 812 5444 quoque
859 5383 1069 5426 summa
1119 5379 1174 5424 et
1215 5369 1473 5444 religione
1518 5368 1822 5442 praecipua,

324 5448 554 5525 Singulari
577 5464 863 5533 principum
893 5459 1258 5516 benevolentia
1283 5445 1624 5528 amicitiaque
1655 5459 1822 5529 polle-

323 5536 466 5597 Ῑθιί·
505 5543 645 5611 Quor!
675 5553 719 5607 si
750 5552 895 5605 hunc
929 5550 1138 5605 flectere
1173 5548 1476 5602 nullatenus
1506 5557 1744 5616 possent,
1770 5556 1829 5599 ut

327 5629 659 5718 Mllth
704 5641 1008 5710 Romanum
1051 5640 1331 5709 πιαίνει-ει,
1372 5643 1468 5692 aut
1500 5634 1825 5704 Lugdunen-

389 5759 646 5839 αῖῆβοιι
669 5771 938 5835 omnibus,
970 5771 1063 5828 sed
1085 5773 1374 5838 nonnullis,
1400 5771 1557 5839 idque
1576 5766 1824 5839 delacto,

330 5830 658 5905 ιοιῖὼᾶατω
686 5840 738 5893 vi
765 5830 821 5894 et
841 5830 1141 5910 tyrannide,
1166 5830 1410 5918 non'leg'e
1435 5830 1486 5896 ei
1518 5837 1786 5909 aequitate.

1907 715 2050 764 sein,
2085 701 2196 756 sive
2236 701 2546 755 Anseluium
2575 701 2867 756 Lucenscni
2917 704 3197 772 episcopos
3236 705 3460 774 eligere,

1908 805 2068 858 quam
2101 791 2211 858 ipse
2246 791 2476 858 primum
2511 790 2793 843 defunctas
2829 801 2968 845 esset
2990 833 3002 853 ,
3033 793 3325 851 studerent.

1981 877 2071 931 llis
2102 879 2380 941 ordinatis,
2413 895 2532 932 cum
2570 889 2777 946 li‘tttplts
2809 880 2986 932 obitus
3019 881 3099 933 sui
3121 881 3339 948 jamjam
3367 897 3462 950 ap-

1912 968 2274 1037 propinquare
2303 979 2679 1032 cogitosccrct,
2720 970 2969 1021 clamavit
3005 987 3015 1019 :
3054 988 3069 1018 ι
3106 970 3463 1036 l.’ilc.t'ijiisti-
3532 1016 3540 1025 .

1915 1057 2064 1117 tium,
2091 1067 2137 1108 et
2182 1056 2502 1121 iniquitatem
2530 1057 2647 1107 odio
2679 1056 2950 1118 Imlmi,‘cl
2991 1068 3268 1125 proptr-rea
3311 1059 3463 1109 ("sui

1917 1145 2136 1198 morior.
2172 1162 2187 1192 ι
2214 1143 2306 1196 llis
2329 1145 2504 1207 dictis,
2533 1154 2580 1198 ct
2607 1147 2855 1198 ontuilsus
2878 1148 3003 1198 «ια-ιι
3026 1147 3258 1200 siasticis
3285 1163 3463 1200 sacra-

1917 1233 2110 1287 mentis
2133 1235 2500 1302 pra-munitus,
2525 1236 2789 1302 gloriosus
2812 1245 2861 1286 ct
2890 1235 2944 1287 Β.
2973 1235 3204 1304 pontifex
3233 1252 3322 1291 vni
3351 1235 3462 1287 lial.

1915 1321 2078 1388 Junii,
2120 1324 2204 1375 die.
2248 1323 2543 1384 Dotniuico,
2573 1325 2861 1378 indictione
2902 1328 2962 1389 8,
2997 1342 3139 1378 anno
3174 1325 3322 1387 1035,
3349 1327 3465 1376 ani—

1916 1429 2057 1466 mam
2070 1415 2205 1466 creto
2225 1414 2449 1466 reddidit
2472 1434 2481 1466 :
2501 1415 2798 1484 ibidemque
2818 1416 2868 1467 in
2888 1415 3113 1468 ecclesia
3134 1415 3312 1468 Sancti
3335 1412 3465 1463 διεξι-

1915 1503 2058 1565 thwi,
2083 1518 2200 1571 qua:
2224 1502 2430 1554 Salerni
2458 1502 2783 1556 callicdralis
2803 1513 2904 1574 est,
2928 1502 3468 1558 honoriﬁci-iitissime

1913 1588 2284 1661 cst'scpultns.
2332 1591 2550 1647 Vacavit
2591 1611 2655 1647 co
2702 1607 2915 1651 mortuo
2959 1609 3174 1666 propter
3219 1603 3470 1666 temporis

1918 1693 2203 1749 rerumque
2225 1682 2585 1758 dillieultatcm
2615 1683 2852 1737 Romana
2879 1689 3032 1739 sedes
3054 1703 3252 1740 annum
3279 1703 3464 1740 nume.

1986 1769 2122 1824 Cum
2174 1771 2338 1839 igitur
2380 1773 2431 1824 in
2475 1773 2716 1842 principe
2777 1774 3020 1828 Romano
3074 1777 3355 1844 imperium
3408 1779 3472 1828 ab

1919 1860 2161 1936 Ecclesia
2186 1863 2467 1931 prmcisuin
2507 1865 2739 1932 graviter
2769 1880 3082 1932 percussum
3114 1865 3321 1924 fuiss'd,
3369 1865 3438 1916 lic
3460 1898 3474 1909 .

1916 1954 2078 2009 clesia
2133 1969 2345 2023 quoque
2389 1953 2629 2006 Romana
2683 1964 2834 2007 tanto
2879 1967 3132 2024 pastore,
3187 1957 3278 2024 qui
3337 1958 3473 2033 inter

1916 2059 2103 2099 omnes
2138 2043 2404 2112 principes
2433 2045 2680 2112 proripui
2726 2044 2821 2096 zeli
2855 2061 2916 2096 ac
2961 2046 3294 2097 atti‘fori.‘tztis
3338 2057 3470 2100 erat.

1916 2135 2124 2198 orbata,
2160 2135 2399 2188 dolorem
2434 2151 2538 2186 non
2567 2134 2836 2188 modicum
2861 2134 3049 2189 sensit.
3077 2132 3194 2186 Fuit
3221 2135 3362 2208 cnim
3393 2136 3473 2184 hic

1917 2225 2153 2296 pontifex
2205 2225 2280 2277 rir
2322 2220 2795 2289 constantissimus,
2836 2226 2959 2278 recti
3008 2226 3259 2294 propositi
3298 2236 3471 2284 lt'ltth,

1915 2328 1962 2371 et
1994 2318 2082 2386 qui
2114 2335 2144 2370 α
2175 2324 2312 2370 recta
2347 2317 2426 2368 rio
2456 2332 2543 2368 nec
2576 2317 2750 2380 minis,
2779 2334 2868 2368 nec
2904 2318 3138 2385 pri-cibus
3167 2333 3389 2384 unquam
3417 2333 3476 2365 ne

1916 2408 2082 2462 latum
2128 2409 2355 2477 quidrm.
2414 2416 2468 2460 ut
2496 2409 2710 2473 dicitur,
2748 2426 2966 2478 unguem
3002 2410 3259 2461 discessit.
3310 2407 3476 2460 Homo

1919 2499 2119 2566 antiqui
2153 2498 2394 2564 exempli,
2418 2506 2464 2549 et
2497 2498 2682 2566 priscis
2711 2497 2818 2550 illis
2853 2498 3096 2551 Romanis
3119 2498 3472 2567 pontiﬁcibus,

1919 2591 2004 2658 qui
2040 2591 2241 2640 diccrsu
2279 2605 2370 2657 pro
2395 2588 2604 2640 Christo
2639 2590 2962 2641 rruciatuum
2993 2607 3174 2661 genera
3199 2586 3474 2658 pertulere,

1920 2679 2332 2748 comparandus,
2360 2679 2559 2743 audax,
2584 2679 2830 2748 prudens,
2868 2690 3073 2743 cautus,
3128 2690 3176 2731 et
3215 2682 3479 2732 maximus

1919 2767 2282 2820 ecclesiastico
2305 2767 2563 2819 libertatis
2587 2777 2829 2837 assertor.
2847 2765 2980 2819 lluii:
3003 2769 3117 2833 uni,
3143 2784 3265 2822 Clllll
3288 2784 3480 2821 omnes

1925 2859 2126 2913 Latinae
2159 2859 2428 2924 Ecclesiae,
2476 2869 2587 2913 tum
2623 2862 2890 2929 prmcipae
2932 2860 3170 2914 Romana
3199 2842 3488 2931 acceptum

1923 2951 2126 3008 referre
2161 2951 2346 3016 debet,
2391 2952 2534 3020 quod
2592 2952 2757 3004 libera
2782 2951 2851 3004 sit
2881 2961 2950 3004 ‘et
2990 2953 3058 3005 ab
3093 2953 3475 3020 imperatorum

1925 3057 2085 3095 manu
2118 3050 2292 3106 eruta,
2325 3041 2466 3110 quod
2512 3049 2590 3093 tot
2651 3039 2882 3103 divitiis,
2914 3040 3108 3108 opibus
3152 3050 3201 3093 tl
3254 3039 3479 3109 profana

1924 3129 2127 3182 ditione
2153 3127 2501 3197 locupletato;
2529 3128 2670 3198 quod
2710 3128 2941 3196 regibus,
2968 3128 3399 3197 imperatoribus,
3427 3138 3484 3180 et

1928 3218 2180 3273 muribus
2207 3211 2528 3272 Christianis
2564 3218 2894 3287 principibus
2917 3219 2986 3272 sit
3014 3216 3289 3287 prchecta;
3314 3233 3343 3271 a
3371 3231 3482 3284 quo

1925 3313 2218 3376 pistremo,
2247 3315 2307 3375 ut
2348 3307 2526 3358 omnia
2573 3305 2737 3359 verbo
2768 3320 2878 3357 uno
2910 3304 3258 3374 complectar,
3304 3304 3476 3358 maxi-

1922 3409 2046 3449 mus
2071 3394 2171 3449 iste
2193 3394 2528 3462 eximiusqne
2553 3403 2744 3458 status,
2774 3393 2826 3445 iu
2851 3409 2960 3462 quo
2982 3391 3215 3446 lieelcsia
3240 3391 3480 3447 Romana

1921 3499 2004 3546 est
2046 3491 2288 3545 omnium
2341 3488 2776 3543 Christianorum
2822 3489 3068 3548 domina:
3115 3502 3237 3542 cum
3289 3497 3481 3546 antea.

1922 3587 2179 3647 tanquam
2210 3576 2332 3631 vilis
2358 3577 2570 3638 ancilla,
2605 3590 2711 3629 non
2760 3576 2828 3628 ab
2855 3574 3267 3643 imperatoribus
3298 3574 3478 3636 modo,

1923 3667 2014 3729 scd
2039 3683 2069 3726 a
2100 3665 2292 3742 quovis
2322 3665 2563 3742 principe
2592 3662 2815 3724 Romani
2858 3662 3197 3740 imperatoris
3223 3660 3485 3742 przesiiiiis

1923 3762 2081 3828 fulto,
2127 3771 2478 3832 premeretur,
2512 3761 2580 3815 ab
2623 3761 2726 3815 hoc
2771 3760 3004 3814 maxime
3051 3761 3214 3824 illius,
3246 3770 3298 3812 et
3337 3737 3499 3813 omni

1923 3851 2120 3905 saeculo
2149 3851 2437 3904 tremenda:
2468 3850 2892 3916 veneramlwi‘jue
2932 3848 3157 3900 Romani
3191 3847 3480 3916 pontificis.

1923 3951 1978 3998 et
2022 3942 2242 3996 inﬁnita:
2286 3957 2420 4011 pene
2468 3941 2752 4010 potestatis
2781 3941 2872 4008 jus
2904 3941 3157 3993 manavit.
3207 3937 3338 3992 Nam
3379 3940 3483 4011 etsi

1923 4041 2046 4088 ante
2088 4031 2322 4085 Romani
2357 4030 2637 4099 pontifices
2688 4039 2944 4097 tanquam
2994 4028 3268 4098 religionis
3320 4028 3478 4081 (ibri-

1925 4121 2114 4176 stiana:
2147 4119 2320 4188 capita
2343 4117 2653 4187 Christique
2680 4117 2864 4171 vicarii
2890 4126 2940 4171 et
2967 4116 3107 4170 Petri
3144 4130 3483 4171 successores

1925 4211 2248 4272 colerentur,
2280 4217 2384 4259 non
2423 4195 2602 4258 tamen
2645 4221 2831 4258 eorum
2860 4205 3153 4260 auctoritas
3185 4205 3322 4258 ultra
3358 4218 3482 4273 pro-

1927 4298 2241 4352 tendebatur
2265 4311 2428 4364 quam
2461 4294 2514 4348 in
2537 4293 2658 4348 ﬁdei
2687 4295 3030 4364 dogmatibus
3061 4295 3143 4348 vel
3168 4295 3483 4349 assert-udis

1925 4384 2004 4444 vel
2031 4388 2258 4443 tuendis.
2293 4387 2558 4441 Cancrum
2586 4385 2999 4454 imperatoribus
3025 4386 3283 4440 suberant
3303 4386 3478 4455 (’278);

1926 4478 1992 4532 ad
2037 4493 2223 4531 eorum
2259 4485 2448 4530 nutum
2491 4476 2675 4529 omnia
2719 4476 2916 4528 ﬁebant
2949 4493 2961 4526 :
3007 4475 3075 4528 ab
3113 4475 3190 4528 eis
3225 4475 3480 4528 creaban-

1927 4579 2054 4624 tur:
2089 4568 2154 4622 de
2180 4568 2257 4622 eis
2279 4567 2555 4636 judicare,
2593 4566 2677 4620 vel
2707 4564 3002 4634 quidquam
3043 4565 3333 4618 decernere
3370 4578 3478 4618 non

1932 4657 2162 4713 audebat
2184 4672 2319 4726 papa
2349 4655 2625 4709 Romanus
2669 4654 2837 4722 (279).
2873 4652 3086 4708 Primus
3107 4654 3347 4705 omnium
3377 4652 3484 4707 Ro-

1931 4763 2215 4806 manorum
2262 4745 2572 4817 pontiﬁcum
2615 4743 2909 4812 Gregorius
2942 4741 3061 4804 γη,
3111 4743 3277 4797 armis
3322 4741 3481 4795 Nort-
3517 4765 3521 4768 ·

1929 4855 2252 4894 marinorum
2287 4837 2474 4899 fretus,
2503 4835 2696 4904 opibus
2727 4833 3018 4888 eomitissac
3047 4831 3335 4894 Matliildis,
3361 4847 3480 4884 mu-

1929 4927 2073 4981 lieris
2107 4941 2201 4998 per
2234 4923 2442 4978 italiam
2475 4923 2859 4992 potentissima:
2885 4920 3141 4983 conﬁsus,
3182 4920 3484 4974 discordia-

1929 5031 2034 5085 que
2057 5013 2445 5068 Germanorum
2471 5013 2772 5083 principum
2799 5009 2936 5062 bello
2957 5009 3100 5063 civili
3123 5009 3481 5064 laborantium
3502 5079 3508 5085 ἢ

1927 5105 2316 5167 inﬂammatus,
2351 5114 2543 5173 printer
2586 5100 2849 5168 majorum
2892 5114 3126 5164 morem,
3175 5108 3480 5168 contempta

1927 5194 2265 5263 imperatoris
2295 5192 2616 5247 auctoritate
2638 5199 2697 5244 et
2728 5199 3010 5259 potestate,
3042 5205 3162 5244 cum
3206 5205 3477 5243 sunnnnm

1925 5283 2296 5352 pontiﬁcatum
2331 5280 2674 5346 obtinuisset,
2717 5281 2983 5335 Ctesarem
3017 5279 3213 5347 ipsum,
3241 5293 3272 5333 a
3295 5294 3403 5347 quo
3429 5281 3470 5332 si

1925 5385 2030 5423 non
2077 5371 2298 5437 electus,
2345 5373 2535 5426 saltem
2579 5371 2931 5440 conﬁrmatus
2957 5366 3160 5432 fuerat,
3199 5383 3306 5422 non
3351 5369 3472 5422 dico

1931 5460 2432 5533 excommunicare,
2474 5460 2568 5514 sed
2611 5458 2772 5510 etiam
2806 5435 2970 5526 re’gno
3002 5453 3332 5524 imperioque
3366 5454 3478 5521 pri-

1933 5565 2057 5604 vare
2089 5565 2253 5605 ausus
2273 5559 2374 5603 est.
2420 5549 2524 5602 Res
2564 5555 2688 5600 ante
2718 5562 2785 5610 ea
2825 5545 3022 5600 sarcula
3057 5542 3313 5596 inaudita.
3339 5539 3474 5595 Nam

1931 5644 2166 5708 fabulas,
2202 5657 2323 5710 quae
2346 5641 2412 5693 de
2433 5637 2692 5702 Arcadio,
2727 5632 3035 5698 Anastasio,
3077 5643 3128 5686 et
3150 5630 3328 5684 Leone
3359 5629 3475 5686 Ico-

2002 5771 2285 5861 (279)180n
2322 5782 2403 5826 cst
2432 5786 2636 5825 verum.
2701 5776 2710 5790 ’
