  <div class='ocr_page' id='page_1' title='image "/cluster/home/n/w/nwhite01/storage/ocr_20150623/148/uva.x000829792/097.png"; bbox 0 0 4098 6438; ppageno 0'>
   <div class='ocr_carea' id='block_1_1' title="bbox 670 534 769 589">
    <p class='ocr_par' dir='ltr' id='par_1_1' title="bbox 670 534 769 589">
     <span class='ocr_line' id='line_1_1' title="bbox 670 534 769 589; baseline 0.04 -4"><span class='ocrx_word' id='word_1_1' title='bbox 670 534 769 589; x_wconf 71' lang='grc'><strong>179</strong></span> 
     </span>
    </p>
   </div>
   <div class='ocr_carea' id='block_1_2' title="bbox 1839 506 2685 592">
    <p class='ocr_par' dir='ltr' id='par_1_2' title="bbox 1839 506 2685 592">
     <span class='ocr_line' id='line_1_2' title="bbox 1839 506 2685 592; baseline -0.007 -2"><span class='ocrx_word' id='word_1_2' title='bbox 1839 535 1896 592; x_wconf 91' lang='lat' dir='ltr'><strong>s.</strong></span> <span class='ocrx_word' id='word_1_3' title='bbox 1934 506 2326 592; x_wconf 70' lang='lat' dir='ltr'><strong>cessemus</strong></span> <span class='ocrx_word' id='word_1_4' title='bbox 2357 528 2451 584; x_wconf 87' lang='lat' dir='ltr'><strong>vn</strong></span> <span class='ocrx_word' id='word_1_5' title='bbox 2485 528 2685 585; x_wconf 65' lang='lat' dir='ltr'><strong>pars.</strong></span> 
     </span>
    </p>
   </div>
   <div class='ocr_carea' id='block_1_3' title="bbox 3765 526 3863 584">
    <p class='ocr_par' dir='ltr' id='par_1_3' title="bbox 3765 526 3863 584">
     <span class='ocr_line' id='line_1_3' title="bbox 3765 526 3863 584; baseline 0.01 -1"><span class='ocrx_word' id='word_1_6' title='bbox 3765 526 3863 584; x_wconf 63' lang='lat'><strong>£80</strong></span> 
     </span>
    </p>
   </div>
   <div class='ocr_carea' id='block_1_4' title="bbox 665 637 3864 717">
    <p class='ocr_par' dir='ltr' id='par_1_4' title="bbox 665 637 3864 717">
     <span class='ocr_line' id='line_1_4' title="bbox 665 637 3864 717; baseline -0.001 -17"><span class='ocrx_word' id='word_1_7' title='bbox 665 648 929 703; x_wconf 85' lang='lat' dir='ltr'><strong>nomacho</strong></span> <span class='ocrx_word' id='word_1_8' title='bbox 962 637 1430 711; x_wconf 78' lang='lat' dir='ltr'><strong>circumferuntur,</strong></span> <span class='ocrx_word' id='word_1_9' title='bbox 1478 649 1611 703; x_wconf 83' lang='lat' dir='ltr'><strong>nihil</strong></span> <span class='ocrx_word' id='word_1_10' title='bbox 1639 664 1823 704; x_wconf 89' lang='lat' dir='ltr'><strong>moror</strong></span> <span class='ocrx_word' id='word_1_11' title='bbox 1852 649 2019 717; x_wconf 88' lang='lat'><strong>(280).</strong></span> <span class='ocrx_word' id='word_1_12' title='bbox 2052 646 2205 702; x_wconf 85' lang='lat' dir='ltr'>Unde</span> <span class='ocrx_word' id='word_1_13' title='bbox 2231 647 2277 703; x_wconf 78' lang='grc' dir='ltr'><strong>Α</strong></span> <span class='ocrx_word' id='word_1_14' title='bbox 2293 640 2530 713; x_wconf 63' lang='grc' dir='ltr'><strong>Ῑανηήοη</strong></span> <span class='ocrx_word' id='word_1_15' title='bbox 2550 640 2803 697; x_wconf 84' lang='lat' dir='ltr'><strong>secundus</strong></span> <span class='ocrx_word' id='word_1_16' title='bbox 2837 640 2945 707; x_wconf 82' lang='lat' dir='ltr'><strong>ille,</strong></span> <span class='ocrx_word' id='word_1_17' title='bbox 2969 640 3059 694; x_wconf 86' lang='lat' dir='ltr'><strong>sed</strong></span> <span class='ocrx_word' id='word_1_18' title='bbox 3081 638 3255 694; x_wconf 83' lang='lat' dir='ltr'><strong>nullus</strong></span> <span class='ocrx_word' id='word_1_19' title='bbox 3281 647 3377 707; x_wconf 85' lang='lat' dir='ltr'><strong>est,</strong></span> <span class='ocrx_word' id='word_1_20' title='bbox 3400 649 3503 696; x_wconf 89' lang='lat' dir='ltr'><strong>etc.</strong></span> <span class='ocrx_word' id='word_1_21' title='bbox 3527 639 3671 697; x_wconf 72' lang='lat' dir='ltr'><strong>Idem</strong></span> <span class='ocrx_word' id='word_1_22' title='bbox 3693 649 3750 697; x_wconf 86' lang='lat' dir='ltr'><strong>et</strong></span> <span class='ocrx_word' id='word_1_23' title='bbox 3774 642 3864 697; x_wconf 89' lang='lat' dir='ltr'><strong>alii</strong></span> 
     </span>
    </p>
   </div>
   <div class='ocr_carea' id='block_1_5' title="bbox 667 730 2204 815">
    <p class='ocr_par' dir='ltr' id='par_1_5' title="bbox 667 730 2204 815">
     <span class='ocr_line' id='line_1_5' title="bbox 667 730 2204 815; baseline -0.003 -21"><span class='ocrx_word' id='word_1_24' title='bbox 667 740 805 795; x_wconf 86' lang='lat' dir='ltr'><strong>Otho</strong></span> <span class='ocrx_word' id='word_1_25' title='bbox 863 730 1255 815; x_wconf 70' lang='lat' dir='ltr'><strong>Frisingensis,</strong></span> <span class='ocrx_word' id='word_1_26' title='bbox 1310 741 1502 794; x_wconf 89' lang='lat' dir='ltr'><strong>horum</strong></span> <span class='ocrx_word' id='word_1_27' title='bbox 1564 749 1865 810; x_wconf 75' lang='lat' dir='ltr'><strong>temporum</strong></span> <span class='ocrx_word' id='word_1_28' title='bbox 1934 739 2204 809; x_wconf 80' lang='lat' dir='ltr'><strong>scriptor:</strong></span> 
     </span>
    </p>
   </div>
   <div class='ocr_carea' id='block_1_6' title="bbox 666 829 2207 901">
    <p class='ocr_par' dir='ltr' id='par_1_6' title="bbox 666 829 2207 901">
     <span class='ocr_line' id='line_1_6' title="bbox 666 829 2207 901; baseline -0.001 -17"><span class='ocrx_word' id='word_1_29' title='bbox 666 829 821 900; x_wconf 82' lang='lat' dir='ltr'><strong>Lego,</strong></span> <span class='ocrx_word' id='word_1_30' title='bbox 849 831 1040 900; x_wconf 90' lang='lat' dir='ltr'><strong>inquit,</strong></span> <span class='ocrx_word' id='word_1_31' title='bbox 1073 840 1122 885; x_wconf 90' lang='lat' dir='ltr'><strong>et</strong></span> <span class='ocrx_word' id='word_1_32' title='bbox 1152 831 1317 901; x_wconf 86' lang='lat' dir='ltr'><strong>relego</strong></span> <span class='ocrx_word' id='word_1_33' title='bbox 1341 832 1692 885; x_wconf 77' lang='lat' dir='ltr'><strong>Romanorum</strong></span> <span class='ocrx_word' id='word_1_34' title='bbox 1716 831 2020 901; x_wconf 79' lang='lat' dir='ltr'><strong>pontiﬁcum</strong></span> <span class='ocrx_word' id='word_1_35' title='bbox 2044 839 2207 899; x_wconf 87' lang='lat' dir='ltr'><strong>gesta,</strong></span> 
     </span>
    </p>
   </div>
   <div class='ocr_carea' id='block_1_7' title="bbox 665 917 2208 994">
    <p class='ocr_par' dir='ltr' id='par_1_7' title="bbox 665 917 2208 994">
     <span class='ocr_line' id='line_1_7' title="bbox 665 917 2208 994; baseline 0 -22"><span class='ocrx_word' id='word_1_36' title='bbox 665 928 714 972; x_wconf 83' lang='lat' dir='ltr'><strong>ct</strong></span> <span class='ocrx_word' id='word_1_37' title='bbox 739 935 991 989; x_wconf 78' lang='lat' dir='ltr'><strong>nusquam</strong></span> <span class='ocrx_word' id='word_1_38' title='bbox 1020 920 1221 994; x_wconf 75' lang='lat' dir='ltr'><strong>invenio</strong></span> <span class='ocrx_word' id='word_1_39' title='bbox 1248 920 1470 989; x_wconf 76' lang='lat' dir='ltr'><strong>aliquem</strong></span> <span class='ocrx_word' id='word_1_40' title='bbox 1500 936 1677 973; x_wconf 88' lang='lat' dir='ltr'><strong>eorum</strong></span> <span class='ocrx_word' id='word_1_41' title='bbox 1704 929 1825 973; x_wconf 85' lang='lat' dir='ltr'><strong>ante</strong></span> <span class='ocrx_word' id='word_1_42' title='bbox 1852 920 1985 972; x_wconf 85' lang='lat' dir='ltr'><strong>hunc</strong></span> <span class='ocrx_word' id='word_1_43' title='bbox 2013 917 2208 972; x_wconf 80' lang='lat' dir='ltr'><strong>Henri-</strong></span> 
     </span>
    </p>
   </div>
   <div class='ocr_carea' id='block_1_8' title="bbox 665 994 2210 1079">
    <p class='ocr_par' dir='ltr' id='par_1_8' title="bbox 665 994 2210 1079">
     <span class='ocr_line' id='line_1_8' title="bbox 665 994 2210 1079; baseline 0.003 -21"><span class='ocrx_word' id='word_1_44' title='bbox 665 1022 783 1060; x_wconf 83' lang='lat' dir='ltr'><strong>cnm</strong></span> <span class='ocrx_word' id='word_1_45' title='bbox 808 994 859 1060; x_wconf 72' lang='grc' dir='ltr'><strong>ἀ</strong></span> <span class='ocrx_word' id='word_1_46' title='bbox 899 1007 1130 1063; x_wconf 83' lang='lat' dir='ltr'><strong>Romano</strong></span> <span class='ocrx_word' id='word_1_47' title='bbox 1165 1010 1403 1079; x_wconf 72' lang='lat' dir='ltr'><strong>pontiﬁce</strong></span> <span class='ocrx_word' id='word_1_48' title='bbox 1424 1010 1922 1065; x_wconf 66' lang='lat' dir='ltr'><strong>excommunicatum</strong></span> <span class='ocrx_word' id='word_1_49' title='bbox 1955 1007 2031 1062; x_wconf 79' lang='lat' dir='ltr'><strong>rel</strong></span> <span class='ocrx_word' id='word_1_50' title='bbox 2057 1025 2210 1079; x_wconf 85' lang='lat' dir='ltr'><strong>regno</strong></span> 
     </span>
    </p>
   </div>
   <div class='ocr_carea' id='block_1_9' title="bbox 667 1099 1938 1167">
    <p class='ocr_par' dir='ltr' id='par_1_9' title="bbox 667 1099 1938 1167">
     <span class='ocr_line' id='line_1_9' title="bbox 667 1099 1938 1167; baseline 0.006 -19"><span class='ocrx_word' id='word_1_51' title='bbox 667 1099 948 1167; x_wconf 68' lang='lat' dir='ltr'><strong>privatum,</strong></span> <span class='ocrx_word' id='word_1_52' title='bbox 974 1109 1075 1153; x_wconf 83' lang='lat' dir='ltr'><strong>etc.</strong></span> <span class='ocrx_word' id='word_1_53' title='bbox 1933 1149 1938 1155; x_wconf 90' lang='lat'><strong>.</strong></span> 
     </span>
    </p>
   </div>
   <div class='ocr_carea' id='block_1_10' title="bbox 735 1185 2209 1261">
    <p class='ocr_par' dir='ltr' id='par_1_10' title="bbox 735 1185 2209 1261">
     <span class='ocr_line' id='line_1_10' title="bbox 735 1185 2209 1261; baseline 0.002 -20"><span class='ocrx_word' id='word_1_54' title='bbox 735 1185 994 1243; x_wconf 50' lang='lat' dir='ltr'><strong>Ceterum</strong></span> <span class='ocrx_word' id='word_1_55' title='bbox 1015 1204 1076 1243; x_wconf 90' lang='lat' dir='ltr'><strong>ca</strong></span> <span class='ocrx_word' id='word_1_56' title='bbox 1099 1190 1421 1259; x_wconf 74' lang='lat' dir='ltr'><strong>quzehorum</strong></span> <span class='ocrx_word' id='word_1_57' title='bbox 1445 1200 1741 1261; x_wconf 75' lang='lat' dir='ltr'><strong>temporum</strong></span> <span class='ocrx_word' id='word_1_58' title='bbox 1774 1191 2062 1247; x_wconf 84' lang='lat' dir='ltr'><strong>cardinalis</strong></span> <span class='ocrx_word' id='word_1_59' title='bbox 2085 1191 2209 1261; x_wconf 89' lang='lat' dir='ltr'><strong>qui-</strong></span> 
     </span>
    </p>
   </div>
   <div class='ocr_carea' id='block_1_11' title="bbox 668 1276 2210 1353">
    <p class='ocr_par' dir='ltr' id='par_1_11' title="bbox 668 1276 2210 1353">
     <span class='ocr_line' id='line_1_11' title="bbox 668 1276 2210 1353; baseline 0.005 -23"><span class='ocrx_word' id='word_1_60' title='bbox 668 1276 792 1331; x_wconf 81' lang='lat' dir='ltr'><strong>dam</strong></span> <span class='ocrx_word' id='word_1_61' title='bbox 814 1277 1015 1344; x_wconf 86' lang='lat' dir='ltr'><strong>Benno,</strong></span> <span class='ocrx_word' id='word_1_62' title='bbox 1034 1279 1352 1345; x_wconf 85' lang='lat' dir='ltr'><strong>Germanus,</strong></span> <span class='ocrx_word' id='word_1_63' title='bbox 1364 1282 1419 1353; x_wconf 85' lang='lat' dir='ltr'><strong>in</strong></span> <span class='ocrx_word' id='word_1_64' title='bbox 1434 1284 1656 1351; x_wconf 79' lang='lat' dir='ltr'><strong>gratiam</strong></span> <span class='ocrx_word' id='word_1_65' title='bbox 1671 1283 2008 1351; x_wconf 80' lang='lat' dir='ltr'><strong>imperatoris</strong></span> <span class='ocrx_word' id='word_1_66' title='bbox 2022 1291 2210 1338; x_wconf 88' lang='lat' dir='ltr'><strong>contra</strong></span> 
     </span>
    </p>
   </div>
   <div class='ocr_carea' id='block_1_12' title="bbox 671 1369 2208 1444">
    <p class='ocr_par' dir='ltr' id='par_1_12' title="bbox 671 1369 2208 1444">
     <span class='ocr_line' id='line_1_12' title="bbox 671 1369 2208 1444; baseline 0.007 -22"><span class='ocrx_word' id='word_1_67' title='bbox 671 1369 983 1441; x_wconf 81' lang='lat' dir='ltr'><strong>Gregorium</strong></span> <span class='ocrx_word' id='word_1_68' title='bbox 998 1371 1084 1425; x_wconf 69' lang='grc' dir='ltr'><strong>ΥΠ</strong></span> <span class='ocrx_word' id='word_1_69' title='bbox 1097 1374 1324 1443; x_wconf 82' lang='lat' dir='ltr'><strong>scripsit,</strong></span> <span class='ocrx_word' id='word_1_70' title='bbox 1339 1374 1550 1431; x_wconf 79' lang='lat' dir='ltr'><strong>animus</strong></span> <span class='ocrx_word' id='word_1_71' title='bbox 1565 1391 1671 1430; x_wconf 86' lang='lat' dir='ltr'><strong>non</strong></span> <span class='ocrx_word' id='word_1_72' title='bbox 1685 1386 1767 1432; x_wconf 92' lang='lat' dir='ltr'><strong>est</strong></span> <span class='ocrx_word' id='word_1_73' title='bbox 1781 1378 1938 1432; x_wconf 92' lang='lat' dir='ltr'><strong>modo</strong></span> <span class='ocrx_word' id='word_1_74' title='bbox 1950 1376 2208 1444; x_wconf 77' lang='lat' dir='ltr'><strong>refellere,</strong></span> 
     </span>
    </p>
   </div>
   <div class='ocr_carea' id='block_1_13' title="bbox 668 1462 2207 1538">
    <p class='ocr_par' dir='ltr' id='par_1_13' title="bbox 668 1462 2207 1538">
     <span class='ocr_line' id='line_1_13' title="bbox 668 1462 2207 1538; baseline 0.007 -26"><span class='ocrx_word' id='word_1_75' title='bbox 668 1475 790 1514; x_wconf 85' lang='lat' dir='ltr'><strong>cum</strong></span> <span class='ocrx_word' id='word_1_76' title='bbox 806 1477 893 1517; x_wconf 88' lang='lat' dir='ltr'><strong>res</strong></span> <span class='ocrx_word' id='word_1_77' title='bbox 918 1462 1045 1532; x_wconf 58' lang='lat' dir='ltr'><strong>ipse</strong></span> <span class='ocrx_word' id='word_1_78' title='bbox 1069 1479 1206 1533; x_wconf 83' lang='lat' dir='ltr'><strong>quas</strong></span> <span class='ocrx_word' id='word_1_79' title='bbox 1220 1465 1342 1519; x_wconf 75' lang='lat' dir='ltr'><strong>huic</strong></span> <span class='ocrx_word' id='word_1_80' title='bbox 1352 1467 1588 1535; x_wconf 82' lang='lat' dir='ltr'><strong>pontifici</strong></span> <span class='ocrx_word' id='word_1_81' title='bbox 1611 1468 1815 1537; x_wconf 84' lang='lat' dir='ltr'><strong>objicit,</strong></span> <span class='ocrx_word' id='word_1_82' title='bbox 1830 1469 2026 1538; x_wconf 85' lang='lat' dir='ltr'><strong>partim</strong></span> <span class='ocrx_word' id='word_1_83' title='bbox 2041 1468 2207 1536; x_wconf 62' lang='lat' dir='ltr'><strong>falsae,</strong></span> 
     </span>
    </p>
   </div>
   <div class='ocr_carea' id='block_1_14' title="bbox 669 1547 2210 1632">
    <p class='ocr_par' dir='ltr' id='par_1_14' title="bbox 669 1547 2210 1632">
     <span class='ocr_line' id='line_1_14' title="bbox 669 1547 2210 1632; baseline 0.008 -31"><span class='ocrx_word' id='word_1_84' title='bbox 669 1549 864 1617; x_wconf 82' lang='lat' dir='ltr'><strong>partim</strong></span> <span class='ocrx_word' id='word_1_85' title='bbox 901 1547 1287 1619; x_wconf 67' lang='lat' dir='ltr'><strong>i-idicmresint,</strong></span> <span class='ocrx_word' id='word_1_86' title='bbox 1310 1562 1363 1608; x_wconf 80' lang='lat' dir='ltr'><strong>‘ct</strong></span> <span class='ocrx_word' id='word_1_87' title='bbox 1396 1556 1605 1632; x_wconf 31' lang='lat' dir='ltr'><strong>nullius.</strong></span> <span class='ocrx_word' id='word_1_88' title='bbox 1621 1558 1877 1613; x_wconf 89' lang='lat' dir='ltr'><strong>momenti</strong></span> <span class='ocrx_word' id='word_1_89' title='bbox 1905 1578 1917 1613; x_wconf 89' lang='lat'><strong>:</strong></span> <span class='ocrx_word' id='word_1_90' title='bbox 1956 1559 2044 1613; x_wconf 91' lang='lat' dir='ltr'><strong>cui</strong></span> <span class='ocrx_word' id='word_1_91' title='bbox 2074 1568 2210 1626; x_wconf 89' lang='lat' dir='ltr'><strong>tum,</strong></span> 
     </span>
    </p>
   </div>
   <div class='ocr_carea' id='block_1_15' title="bbox 668 1636 2211 1718">
    <p class='ocr_par' dir='ltr' id='par_1_15' title="bbox 668 1636 2211 1718">
     <span class='ocr_line' id='line_1_15' title="bbox 668 1636 2211 1718; baseline 0.005 -21"><span class='ocrx_word' id='word_1_92' title='bbox 668 1636 813 1713; x_wconf 72' lang='lat' dir='ltr'><strong>quod</strong></span> <span class='ocrx_word' id='word_1_93' title='bbox 844 1638 1015 1713; x_wconf 78' lang='lat' dir='ltr'><strong>hostis</strong></span> <span class='ocrx_word' id='word_1_94' title='bbox 1043 1646 1338 1702; x_wconf 85' lang='lat' dir='ltr'><strong>acerrimus</strong></span> <span class='ocrx_word' id='word_1_95' title='bbox 1358 1645 1595 1717; x_wconf 81' lang='lat' dir='ltr'><strong>Gregorii</strong></span> <span class='ocrx_word' id='word_1_96' title='bbox 1618 1664 1766 1718; x_wconf 72' lang='lat' dir='ltr'><strong>papa:</strong></span> <span class='ocrx_word' id='word_1_97' title='bbox 1788 1647 1966 1715; x_wconf 86' lang='lat' dir='ltr'><strong>fuerit,</strong></span> <span class='ocrx_word' id='word_1_98' title='bbox 1998 1654 2111 1704; x_wconf 83' lang='lat' dir='ltr'><strong>tum</strong></span> <span class='ocrx_word' id='word_1_99' title='bbox 2146 1664 2211 1704; x_wconf 85' lang='lat' dir='ltr'><strong>ex</strong></span> 
     </span>
    </p>
   </div>
   <div class='ocr_carea' id='block_1_16' title="bbox 671 1732 2209 1803">
    <p class='ocr_par' dir='ltr' id='par_1_16' title="bbox 671 1732 2209 1803">
     <span class='ocr_line' id='line_1_16' title="bbox 671 1732 2209 1803; baseline 0.008 -21"><span class='ocrx_word' id='word_1_100' title='bbox 671 1732 755 1787; x_wconf 77' lang='lat' dir='ltr'><strong>his</strong></span> <span class='ocrx_word' id='word_1_101' title='bbox 780 1748 899 1803; x_wconf 82' lang='lat' dir='ltr'><strong>quae</strong></span> <span class='ocrx_word' id='word_1_102' title='bbox 928 1734 1034 1789; x_wconf 81' lang='lat' dir='ltr'><strong>dixi</strong></span> <span class='ocrx_word' id='word_1_103' title='bbox 1081 1736 1382 1791; x_wconf 76' lang='lat' dir='ltr'><strong>nullatenus</strong></span> <span class='ocrx_word' id='word_1_104' title='bbox 1414 1737 1565 1791; x_wconf 80' lang='lat' dir='ltr'><strong>{idem</strong></span> <span class='ocrx_word' id='word_1_105' title='bbox 1611 1740 1963 1795; x_wconf 85' lang='lat' dir='ltr'><strong>adhibendam</strong></span> <span class='ocrx_word' id='word_1_106' title='bbox 1995 1755 2209 1796; x_wconf 87' lang='lat' dir='ltr'><strong>censeo.</strong></span> 
     </span>
    </p>
   </div>
   <div class='ocr_carea' id='block_1_17' title="bbox 671 1820 2212 1899">
    <p class='ocr_par' dir='ltr' id='par_1_17' title="bbox 671 1820 2212 1899">
     <span class='ocr_line' id='line_1_17' title="bbox 671 1820 2212 1899; baseline 0.008 -26"><span class='ocrx_word' id='word_1_107' title='bbox 671 1820 847 1876; x_wconf 75' lang='lat' dir='ltr'><strong>Meam</strong></span> <span class='ocrx_word' id='word_1_108' title='bbox 876 1823 1015 1880; x_wconf 85' lang='lat' dir='ltr'><strong>hanc</strong></span> <span class='ocrx_word' id='word_1_109' title='bbox 1054 1826 1374 1879; x_wconf 85' lang='lat' dir='ltr'><strong>sententiam</strong></span> <span class='ocrx_word' id='word_1_110' title='bbox 1417 1828 1732 1883; x_wconf 76' lang='lat' dir='ltr'><strong>confirmare</strong></span> <span class='ocrx_word' id='word_1_111' title='bbox 1766 1840 1991 1899; x_wconf 89' lang='lat' dir='ltr'><strong>possunt</strong></span> <span class='ocrx_word' id='word_1_112' title='bbox 2018 1831 2212 1885; x_wconf 83' lang='lat' dir='ltr'><strong>horum</strong></span> 
     </span>
    </p>
   </div>
   <div class='ocr_carea' id='block_1_18' title="bbox 674 1913 2211 1989">
    <p class='ocr_par' dir='ltr' id='par_1_18' title="bbox 674 1913 2211 1989">
     <span class='ocr_line' id='line_1_18' title="bbox 674 1913 2211 1989; baseline 0.007 -26"><span class='ocrx_word' id='word_1_113' title='bbox 674 1918 974 1979; x_wconf 85' lang='lat' dir='ltr'><strong>temporum</strong></span> <span class='ocrx_word' id='word_1_114' title='bbox 1006 1913 1310 1982; x_wconf 88' lang='lat' dir='ltr'><strong>scriptores,</strong></span> <span class='ocrx_word' id='word_1_115' title='bbox 1336 1924 1444 1969; x_wconf 88' lang='lat' dir='ltr'><strong>tam</strong></span> <span class='ocrx_word' id='word_1_116' title='bbox 1468 1915 1717 1971; x_wconf 85' lang='lat' dir='ltr'><strong>Germani</strong></span> <span class='ocrx_word' id='word_1_117' title='bbox 1757 1934 1918 1987; x_wconf 89' lang='lat' dir='ltr'><strong>quam</strong></span> <span class='ocrx_word' id='word_1_118' title='bbox 1951 1918 2086 1984; x_wconf 87' lang='lat' dir='ltr'><strong>ltali,</strong></span> <span class='ocrx_word' id='word_1_119' title='bbox 2118 1920 2211 1989; x_wconf 88' lang='lat' dir='ltr'><strong>qui</strong></span> 
     </span>
    </p>
   </div>
   <div class='ocr_carea' id='block_1_19' title="bbox 671 1995 2210 2074">
    <p class='ocr_par' dir='ltr' id='par_1_19' title="bbox 671 1995 2210 2074">
     <span class='ocr_line' id='line_1_19' title="bbox 671 1995 2210 2074; baseline 0.008 -25"><span class='ocrx_word' id='word_1_120' title='bbox 671 1995 737 2050; x_wconf 89' lang='lat' dir='ltr'><strong>de</strong></span> <span class='ocrx_word' id='word_1_121' title='bbox 766 1996 1071 2065; x_wconf 86' lang='lat' dir='ltr'><strong>hujusmodi</strong></span> <span class='ocrx_word' id='word_1_122' title='bbox 1096 2000 1392 2067; x_wconf 88' lang='lat' dir='ltr'><strong>perniciosa</strong></span> <span class='ocrx_word' id='word_1_123' title='bbox 1426 2002 1691 2057; x_wconf 78' lang='lat' dir='ltr'><strong>discordia</strong></span> <span class='ocrx_word' id='word_1_124' title='bbox 1715 2012 1828 2059; x_wconf 90' lang='lat' dir='ltr'><strong>tum</strong></span> <span class='ocrx_word' id='word_1_125' title='bbox 1858 2021 1920 2059; x_wconf 84' lang='lat' dir='ltr'><strong>ex</strong></span> <span class='ocrx_word' id='word_1_126' title='bbox 1948 2006 2210 2074; x_wconf 83' lang='lat' dir='ltr'><strong>instituto,</strong></span> 
     </span>
    </p>
   </div>
   <div class='ocr_carea' id='block_1_20' title="bbox 673 2091 2213 2167">
    <p class='ocr_par' dir='ltr' id='par_1_20' title="bbox 673 2091 2213 2167">
     <span class='ocr_line' id='line_1_20' title="bbox 673 2091 2213 2167; baseline 0.008 -25"><span class='ocrx_word' id='word_1_127' title='bbox 673 2099 787 2143; x_wconf 88' lang='lat' dir='ltr'><strong>tum</strong></span> <span class='ocrx_word' id='word_1_128' title='bbox 815 2091 986 2145; x_wconf 87' lang='lat' dir='ltr'><strong>obiter</strong></span> <span class='ocrx_word' id='word_1_129' title='bbox 1016 2092 1181 2148; x_wconf 90' lang='lat' dir='ltr'><strong>libros</strong></span> <span class='ocrx_word' id='word_1_130' title='bbox 1209 2094 1610 2163; x_wconf 83' lang='lat' dir='ltr'><strong>conscripsere;</strong></span> <span class='ocrx_word' id='word_1_131' title='bbox 1638 2096 1775 2150; x_wconf 88' lang='lat' dir='ltr'><strong>inter</strong></span> <span class='ocrx_word' id='word_1_132' title='bbox 1800 2112 1937 2167; x_wconf 85' lang='lat' dir='ltr'><strong>quos</strong></span> <span class='ocrx_word' id='word_1_133' title='bbox 1960 2098 2213 2167; x_wconf 66' lang='lat' dir='ltr'><strong>praecipui</strong></span> 
     </span>
    </p>
   </div>
   <div class='ocr_carea' id='block_1_21' title="bbox 673 2176 2213 2257">
    <p class='ocr_par' dir='ltr' id='par_1_21' title="bbox 673 2176 2213 2257">
     <span class='ocr_line' id='line_1_21' title="bbox 673 2176 2213 2257; baseline 0.007 -26"><span class='ocrx_word' id='word_1_134' title='bbox 673 2176 821 2234; x_wconf 86' lang='lat' dir='ltr'><strong>fuere</strong></span> <span class='ocrx_word' id='word_1_135' title='bbox 848 2179 1047 2236; x_wconf 82' lang='lat' dir='ltr'><strong>Paulus</strong></span> <span class='ocrx_word' id='word_1_136' title='bbox 1065 2181 1467 2239; x_wconf 86' lang='lat' dir='ltr'><strong>Bernriedensis</strong></span> <span class='ocrx_word' id='word_1_137' title='bbox 1484 2184 1654 2254; x_wconf 77' lang='lat'><strong>(281),</strong></span> <span class='ocrx_word' id='word_1_138' title='bbox 1678 2187 1953 2256; x_wconf 79' lang='lat' dir='ltr'><strong>presbyter</strong></span> <span class='ocrx_word' id='word_1_139' title='bbox 1978 2186 2213 2257; x_wconf 77' lang='lat' dir='ltr'><strong>Regino-</strong></span> 
     </span>
    </p>
   </div>
   <div class='ocr_carea' id='block_1_22' title="bbox 673 2267 2210 2348">
    <p class='ocr_par' dir='ltr' id='par_1_22' title="bbox 673 2267 2210 2348">
     <span class='ocr_line' id='line_1_22' title="bbox 673 2267 2210 2348; baseline 0.008 -28"><span class='ocrx_word' id='word_1_140' title='bbox 673 2267 855 2337; x_wconf 84' lang='lat' dir='ltr'><strong>burgi;</strong></span> <span class='ocrx_word' id='word_1_141' title='bbox 880 2268 1154 2325; x_wconf 89' lang='lat' dir='ltr'><strong>Gerocbus</strong></span> <span class='ocrx_word' id='word_1_142' title='bbox 1179 2270 1705 2343; x_wconf 73' lang='lat' dir='ltr'><strong>lteicherspergensis</strong></span> <span class='ocrx_word' id='word_1_143' title='bbox 1738 2276 2021 2344; x_wconf 90' lang='lat' dir='ltr'><strong>episcopus</strong></span> <span class='ocrx_word' id='word_1_144' title='bbox 2043 2277 2210 2348; x_wconf 85' lang='lat'><strong>(282),</strong></span> 
     </span>
    </p>
   </div>
   <div class='ocr_carea' id='block_1_23' title="bbox 675 2356 2211 2430">
    <p class='ocr_par' dir='ltr' id='par_1_23' title="bbox 675 2356 2211 2430">
     <span class='ocr_line' id='line_1_23' title="bbox 675 2356 2211 2430; baseline 0.008 -21"><span class='ocrx_word' id='word_1_145' title='bbox 675 2356 992 2415; x_wconf 85' lang='lat' dir='ltr'><strong>Lambertus</strong></span> <span class='ocrx_word' id='word_1_146' title='bbox 1041 2359 1573 2430; x_wconf 70' lang='lat' dir='ltr'><strong>Schalfnaburgensis</strong></span> <span class='ocrx_word' id='word_1_147' title='bbox 1616 2362 2060 2421; x_wconf 86' lang='lat' dir='ltr'><strong>Hirsenfeldensis</strong></span> <span class='ocrx_word' id='word_1_148' title='bbox 2094 2382 2211 2421; x_wconf 83' lang='lat' dir='ltr'><strong>mo-</strong></span> 
     </span>
    </p>
   </div>
   <div class='ocr_carea' id='block_1_24' title="bbox 675 2447 2217 2519">
    <p class='ocr_par' dir='ltr' id='par_1_24' title="bbox 675 2447 2217 2519">
     <span class='ocr_line' id='line_1_24' title="bbox 675 2447 2217 2519; baseline 0.008 -20"><span class='ocrx_word' id='word_1_149' title='bbox 675 2447 912 2513; x_wconf 87' lang='lat' dir='ltr'><strong>nachus,</strong></span> <span class='ocrx_word' id='word_1_150' title='bbox 954 2447 1278 2506; x_wconf 84' lang='lat' dir='ltr'><strong>Chunradus</strong></span> <span class='ocrx_word' id='word_1_151' title='bbox 1336 2450 1403 2505; x_wconf 91' lang='lat' dir='ltr'><strong>de</strong></span> <span class='ocrx_word' id='word_1_152' title='bbox 1444 2450 1801 2519; x_wconf 78' lang='lat' dir='ltr'><strong>Liechtenavr,</strong></span> <span class='ocrx_word' id='word_1_153' title='bbox 1859 2469 2048 2511; x_wconf 86' lang='lat' dir='ltr'><strong>omnes</strong></span> <span class='ocrx_word' id='word_1_154' title='bbox 2083 2455 2217 2512; x_wconf 88' lang='lat' dir='ltr'><strong>Ger-</strong></span> 
     </span>
    </p>
   </div>
   <div class='ocr_carea' id='block_1_25' title="bbox 676 2537 2214 2615">
    <p class='ocr_par' dir='ltr' id='par_1_25' title="bbox 676 2537 2214 2615">
     <span class='ocr_line' id='line_1_25' title="bbox 676 2537 2214 2615; baseline 0.008 -26"><span class='ocrx_word' id='word_1_155' title='bbox 676 2537 844 2590; x_wconf 85' lang='lat' dir='ltr'><strong>mani.</strong></span> <span class='ocrx_word' id='word_1_156' title='bbox 881 2537 960 2592; x_wconf 77' lang='lat' dir='ltr'><strong>Ex</strong></span> <span class='ocrx_word' id='word_1_157' title='bbox 1002 2538 1147 2597; x_wconf 83' lang='lat' dir='ltr'><strong>italis</strong></span> <span class='ocrx_word' id='word_1_158' title='bbox 1198 2540 1324 2595; x_wconf 85' lang='lat' dir='ltr'><strong>item</strong></span> <span class='ocrx_word' id='word_1_159' title='bbox 1373 2540 1482 2596; x_wconf 88' lang='lat' dir='ltr'><strong>Leo</strong></span> <span class='ocrx_word' id='word_1_160' title='bbox 1526 2540 1882 2610; x_wconf 82' lang='lat' dir='ltr'><strong>Marsicanus,</strong></span> <span class='ocrx_word' id='word_1_161' title='bbox 1929 2545 2214 2615; x_wconf 88' lang='lat' dir='ltr'><strong>episcopus</strong></span> 
     </span>
    </p>
   </div>
   <div class='ocr_carea' id='block_1_26' title="bbox 676 2623 2215 2703">
    <p class='ocr_par' dir='ltr' id='par_1_26' title="bbox 676 2623 2215 2703">
     <span class='ocr_line' id='line_1_26' title="bbox 676 2623 2215 2703; baseline 0.008 -26"><span class='ocrx_word' id='word_1_162' title='bbox 676 2623 969 2693; x_wconf 80' lang='lat' dir='ltr'><strong>Ostiensis;</strong></span> <span class='ocrx_word' id='word_1_163' title='bbox 993 2626 1229 2684; x_wconf 84' lang='lat' dir='ltr'><strong>incertus</strong></span> <span class='ocrx_word' id='word_1_164' title='bbox 1253 2637 1440 2684; x_wconf 81' lang='lat' dir='ltr'><strong>auctor</strong></span> <span class='ocrx_word' id='word_1_165' title='bbox 1464 2628 1802 2685; x_wconf 71' lang='lat' dir='ltr'><strong>Bibliotbeeee</strong></span> <span class='ocrx_word' id='word_1_166' title='bbox 1822 2630 2098 2700; x_wconf 68' lang='lat' dir='ltr'><strong>Palatinae,</strong></span> <span class='ocrx_word' id='word_1_167' title='bbox 2120 2634 2215 2703; x_wconf 78' lang='lat' dir='ltr'><strong>qui</strong></span> 
     </span>
    </p>
   </div>
   <div class='ocr_carea' id='block_1_27' title="bbox 677 2713 2215 2790">
    <p class='ocr_par' dir='ltr' id='par_1_27' title="bbox 677 2713 2215 2790">
     <span class='ocr_line' id='line_1_27' title="bbox 677 2713 2215 2790; baseline 0.009 -25"><span class='ocrx_word' id='word_1_168' title='bbox 677 2713 838 2783; x_wconf 82' lang='lat' dir='ltr'><strong>hujus</strong></span> <span class='ocrx_word' id='word_1_169' title='bbox 856 2718 1123 2786; x_wconf 83' lang='lat' dir='ltr'><strong>pontiﬁcis</strong></span> <span class='ocrx_word' id='word_1_170' title='bbox 1143 2718 1319 2773; x_wconf 82' lang='lat' dir='ltr'><strong>Vitam</strong></span> <span class='ocrx_word' id='word_1_171' title='bbox 1341 2722 1680 2790; x_wconf 79' lang='lat' dir='ltr'><strong>conscripsit,</strong></span> <span class='ocrx_word' id='word_1_172' title='bbox 1706 2731 1760 2776; x_wconf 87' lang='lat' dir='ltr'><strong>et</strong></span> <span class='ocrx_word' id='word_1_173' title='bbox 1789 2723 2082 2778; x_wconf 78' lang='lat' dir='ltr'><strong>novissime</strong></span> <span class='ocrx_word' id='word_1_174' title='bbox 2100 2725 2215 2778; x_wconf 75' lang='lat' dir='ltr'><strong>An—</strong></span> 
     </span>
    </p>
   </div>
   <div class='ocr_carea' id='block_1_28' title="bbox 678 2795 2215 2886">
    <p class='ocr_par' dir='ltr' id='par_1_28' title="bbox 678 2795 2215 2886">
     <span class='ocr_line' id='line_1_28' title="bbox 678 2795 2215 2886; baseline 0.008 -28"><span class='ocrx_word' id='word_1_175' title='bbox 678 2805 879 2861; x_wconf 84' lang='lat' dir='ltr'><strong>selmus</strong></span> <span class='ocrx_word' id='word_1_176' title='bbox 908 2808 1192 2878; x_wconf 89' lang='lat' dir='ltr'><strong>episcopus</strong></span> <span class='ocrx_word' id='word_1_177' title='bbox 1230 2810 1504 2877; x_wconf 85' lang='lat' dir='ltr'><strong>Lucensis,</strong></span> <span class='ocrx_word' id='word_1_178' title='bbox 1532 2795 1771 2881; x_wconf 80' lang='lat' dir='ltr'><strong>Gregorii</strong></span> <span class='ocrx_word' id='word_1_179' title='bbox 1807 2814 1976 2883; x_wconf 89' lang='lat' dir='ltr'><strong>ipsius</strong></span> <span class='ocrx_word' id='word_1_180' title='bbox 2016 2831 2215 2886; x_wconf 85' lang='lat' dir='ltr'><strong>coepe-</strong></span> 
     </span>
    </p>
   </div>
   <div class='ocr_carea' id='block_1_29' title="bbox 678 2892 2217 2972">
    <p class='ocr_par' dir='ltr' id='par_1_29' title="bbox 678 2892 2217 2972">
     <span class='ocr_line' id='line_1_29' title="bbox 678 2892 2217 2972; baseline 0.008 -25"><span class='ocrx_word' id='word_1_181' title='bbox 678 2901 828 2948; x_wconf 89' lang='lat' dir='ltr'><strong>rator</strong></span> <span class='ocrx_word' id='word_1_182' title='bbox 859 2894 1186 2963; x_wconf 85' lang='lat' dir='ltr'><strong>indefessus;</strong></span> <span class='ocrx_word' id='word_1_183' title='bbox 1216 2899 1309 2968; x_wconf 87' lang='lat' dir='ltr'><strong>qui</strong></span> <span class='ocrx_word' id='word_1_184' title='bbox 1341 2900 1568 2969; x_wconf 85' lang='lat' dir='ltr'><strong>hymnos</strong></span> <span class='ocrx_word' id='word_1_185' title='bbox 1588 2910 1642 2955; x_wconf 91' lang='lat' dir='ltr'><strong>et</strong></span> <span class='ocrx_word' id='word_1_186' title='bbox 1668 2902 1770 2956; x_wconf 89' lang='lat' dir='ltr'><strong>alia</strong></span> <span class='ocrx_word' id='word_1_187' title='bbox 1792 2919 1913 2972; x_wconf 65' lang='lat' dir='ltr'><strong>quae</strong></span> <span class='ocrx_word' id='word_1_188' title='bbox 1933 2905 2000 2958; x_wconf 93' lang='lat' dir='ltr'><strong>de</strong></span> <span class='ocrx_word' id='word_1_189' title='bbox 2028 2892 2217 2960; x_wconf 51' lang='lat' dir='ltr'><strong>Salva?</strong></span> 
     </span>
    </p>
   </div>
   <div class='ocr_carea' id='block_1_30' title="bbox 678 2987 2219 3067">
    <p class='ocr_par' dir='ltr' id='par_1_30' title="bbox 678 2987 2219 3067">
     <span class='ocr_line' id='line_1_30' title="bbox 678 2987 2219 3067; baseline 0.008 -27"><span class='ocrx_word' id='word_1_190' title='bbox 678 2987 812 3044; x_wconf 89' lang='lat' dir='ltr'><strong>toris</strong></span> <span class='ocrx_word' id='word_1_191' title='bbox 842 2988 1013 3044; x_wconf 84' lang='lat' dir='ltr'><strong>nostri</strong></span> <span class='ocrx_word' id='word_1_192' title='bbox 1036 2991 1361 3046; x_wconf 88' lang='lat' dir='ltr'><strong>cruciatibus</strong></span> <span class='ocrx_word' id='word_1_193' title='bbox 1376 2994 1670 3064; x_wconf 89' lang='lat' dir='ltr'><strong>perscripta</strong></span> <span class='ocrx_word' id='word_1_194' title='bbox 1706 3005 1850 3061; x_wconf 92' lang='lat' dir='ltr'><strong>sunt,</strong></span> <span class='ocrx_word' id='word_1_195' title='bbox 1874 2997 1939 3051; x_wconf 88' lang='lat' dir='ltr'><strong>de</strong></span> <span class='ocrx_word' id='word_1_196' title='bbox 1961 2996 2219 3067; x_wconf 82' lang='lat' dir='ltr'><strong>Gregorio</strong></span> 
     </span>
    </p>
   </div>
   <div class='ocr_carea' id='block_1_31' title="bbox 607 3072 2219 3159">
    <p class='ocr_par' dir='ltr' id='par_1_31' title="bbox 607 3072 2219 3159">
     <span class='ocr_line' id='line_1_31' title="bbox 607 3072 2219 3159; baseline 0.008 -29"><span class='ocrx_word' id='word_1_197' title='bbox 607 3072 616 3077; x_wconf 74' lang='grc'><strong>’</strong></span> <span class='ocrx_word' id='word_1_198' title='bbox 680 3077 798 3147; x_wconf 90' lang='lat' dir='ltr'><strong>ipso</strong></span> <span class='ocrx_word' id='word_1_199' title='bbox 835 3079 1215 3151; x_wconf 87' lang='lat' dir='ltr'><strong>interpretatus</strong></span> <span class='ocrx_word' id='word_1_200' title='bbox 1249 3092 1350 3150; x_wconf 88' lang='lat' dir='ltr'><strong>est,</strong></span> <span class='ocrx_word' id='word_1_201' title='bbox 1386 3086 1607 3155; x_wconf 90' lang='lat' dir='ltr'><strong>ejusque</strong></span> <span class='ocrx_word' id='word_1_202' title='bbox 1645 3087 1945 3143; x_wconf 85' lang='lat' dir='ltr'><strong>doctrinam</strong></span> <span class='ocrx_word' id='word_1_203' title='bbox 1987 3090 2219 3159; x_wconf 81' lang='lat' dir='ltr'><strong>eleganti</strong></span> 
     </span>
    </p>
   </div>
   <div class='ocr_carea' id='block_1_32' title="bbox 680 3161 2216 3244">
    <p class='ocr_par' dir='ltr' id='par_1_32' title="bbox 680 3161 2216 3244">
     <span class='ocr_line' id='line_1_32' title="bbox 680 3161 2216 3244; baseline 0.008 -23"><span class='ocrx_word' id='word_1_204' title='bbox 680 3168 818 3224; x_wconf 86' lang='lat' dir='ltr'><strong>libro</strong></span> <span class='ocrx_word' id='word_1_205' title='bbox 869 3170 1123 3239; x_wconf 86' lang='lat' dir='ltr'><strong>scriptam</strong></span> <span class='ocrx_word' id='word_1_206' title='bbox 1162 3161 1501 3228; x_wconf 81' lang='lat' dir='ltr'><strong>confirmavit</strong></span> <span class='ocrx_word' id='word_1_207' title='bbox 1536 3194 1549 3228; x_wconf 91' lang='lat'><strong>:</strong></span> <span class='ocrx_word' id='word_1_208' title='bbox 1590 3176 1676 3229; x_wconf 88' lang='lat' dir='ltr'><strong>vir</strong></span> <span class='ocrx_word' id='word_1_209' title='bbox 1721 3177 1910 3232; x_wconf 83' lang='lat' dir='ltr'><strong>litteris</strong></span> <span class='ocrx_word' id='word_1_210' title='bbox 1953 3180 2216 3244; x_wconf 87' lang='lat' dir='ltr'><strong>eruditus,</strong></span> 
     </span>
    </p>
   </div>
   <div class='ocr_carea' id='block_1_33' title="bbox 683 3252 2219 3339">
    <p class='ocr_par' dir='ltr' id='par_1_33' title="bbox 683 3252 2219 3339">
     <span class='ocr_line' id='line_1_33' title="bbox 683 3252 2219 3339; baseline 0.008 -27"><span class='ocrx_word' id='word_1_211' title='bbox 683 3259 897 3328; x_wconf 75' lang='lat' dir='ltr'><strong>ingenio</strong></span> <span class='ocrx_word' id='word_1_212' title='bbox 932 3252 1302 3327; x_wconf 88' lang='lat' dir='ltr'><strong>acutissimus,</strong></span> <span class='ocrx_word' id='word_1_213' title='bbox 1348 3263 1593 3320; x_wconf 78' lang='lat' dir='ltr'><strong>facundia</strong></span> <span class='ocrx_word' id='word_1_214' title='bbox 1616 3268 1948 3337; x_wconf 64' lang='lat' dir='ltr'><strong>praecipuus,</strong></span> <span class='ocrx_word' id='word_1_215' title='bbox 1984 3279 2039 3323; x_wconf 87' lang='lat' dir='ltr'><strong>et</strong></span> <span class='ocrx_word' id='word_1_216' title='bbox 2075 3271 2219 3339; x_wconf 89' lang='lat' dir='ltr'><strong>quod</strong></span> 
     </span>
    </p>
   </div>
   <div class='ocr_carea' id='block_1_34' title="bbox 681 3349 2221 3420">
    <p class='ocr_par' dir='ltr' id='par_1_34' title="bbox 681 3349 2221 3420">
     <span class='ocr_line' id='line_1_34' title="bbox 681 3349 2221 3420; baseline 0.008 -17"><span class='ocrx_word' id='word_1_217' title='bbox 681 3349 935 3405; x_wconf 90' lang='lat' dir='ltr'><strong>omnibus</strong></span> <span class='ocrx_word' id='word_1_218' title='bbox 957 3350 1131 3420; x_wconf 80' lang='lat' dir='ltr'><strong>majus</strong></span> <span class='ocrx_word' id='word_1_219' title='bbox 1155 3361 1256 3417; x_wconf 90' lang='lat' dir='ltr'><strong>est,</strong></span> <span class='ocrx_word' id='word_1_220' title='bbox 1292 3352 1346 3405; x_wconf 92' lang='lat' dir='ltr'><strong>in</strong></span> <span class='ocrx_word' id='word_1_221' title='bbox 1370 3352 1463 3408; x_wconf 90' lang='lat' dir='ltr'><strong>Dei</strong></span> <span class='ocrx_word' id='word_1_222' title='bbox 1486 3355 1674 3410; x_wconf 90' lang='lat' dir='ltr'><strong>timore</strong></span> <span class='ocrx_word' id='word_1_223' title='bbox 1699 3366 1753 3412; x_wconf 92' lang='lat' dir='ltr'><strong>et</strong></span> <span class='ocrx_word' id='word_1_224' title='bbox 1787 3367 1971 3412; x_wconf 88' lang='lat' dir='ltr'><strong>sancta</strong></span> <span class='ocrx_word' id='word_1_225' title='bbox 1994 3374 2221 3414; x_wconf 87' lang='lat' dir='ltr'><strong>conver-</strong></span> 
     </span>
    </p>
   </div>
   <div class='ocr_carea' id='block_1_35' title="bbox 681 3439 2226 3521">
    <p class='ocr_par' dir='ltr' id='par_1_35' title="bbox 681 3439 2226 3521">
     <span class='ocr_line' id='line_1_35' title="bbox 681 3439 2226 3521; baseline 0.008 -28"><span class='ocrx_word' id='word_1_226' title='bbox 681 3440 889 3494; x_wconf 87' lang='lat' dir='ltr'><strong>satione</strong></span> <span class='ocrx_word' id='word_1_227' title='bbox 909 3439 1305 3506; x_wconf 84' lang='lat' dir='ltr'><strong>cclebcrrimus,</strong></span> <span class='ocrx_word' id='word_1_228' title='bbox 1350 3441 1421 3497; x_wconf 88' lang='lat' dir='ltr'><strong>ita</strong></span> <span class='ocrx_word' id='word_1_229' title='bbox 1448 3453 1507 3497; x_wconf 92' lang='lat' dir='ltr'><strong>ut</strong></span> <span class='ocrx_word' id='word_1_230' title='bbox 1536 3452 1643 3498; x_wconf 91' lang='lat' dir='ltr'><strong>tam</strong></span> <span class='ocrx_word' id='word_1_231' title='bbox 1679 3446 1731 3500; x_wconf 93' lang='lat' dir='ltr'><strong>in</strong></span> <span class='ocrx_word' id='word_1_232' title='bbox 1765 3446 1872 3501; x_wconf 86' lang='lat' dir='ltr'><strong>vita</strong></span> <span class='ocrx_word' id='word_1_233' title='bbox 1912 3463 2073 3517; x_wconf 85' lang='lat' dir='ltr'><strong>quam</strong></span> <span class='ocrx_word' id='word_1_234' title='bbox 2103 3458 2226 3521; x_wconf 87' lang='lat' dir='ltr'><strong>post</strong></span> 
     </span>
    </p>
   </div>
   <div class='ocr_carea' id='block_1_36' title="bbox 684 3529 1875 3589">
    <p class='ocr_par' dir='ltr' id='par_1_36' title="bbox 684 3529 1875 3589">
     <span class='ocr_line' id='line_1_36' title="bbox 684 3529 1875 3589; baseline 0.005 -7"><span class='ocrx_word' id='word_1_235' title='bbox 684 3536 910 3584; x_wconf 88' lang='lat' dir='ltr'><strong>mortem</strong></span> <span class='ocrx_word' id='word_1_236' title='bbox 936 3529 1209 3587; x_wconf 81' lang='lat' dir='ltr'><strong>miraculis</strong></span> <span class='ocrx_word' id='word_1_237' title='bbox 1241 3530 1499 3588; x_wconf 86' lang='lat' dir='ltr'><strong>claruisse</strong></span> <span class='ocrx_word' id='word_1_238' title='bbox 1533 3543 1875 3589; x_wconf 87' lang='lat' dir='ltr'><strong>memoretur.</strong></span> 
     </span>
    </p>
   </div>
   <div class='ocr_carea' id='block_1_37' title="bbox 757 3609 2240 3694">
    <p class='ocr_par' dir='ltr' id='par_1_37' title="bbox 757 3609 2240 3694">
     <span class='ocr_line' id='line_1_37' title="bbox 757 3609 2240 3694; baseline 0.008 -25"><span class='ocrx_word' id='word_1_239' title='bbox 757 3617 806 3673; x_wconf 90' lang='lat' dir='ltr'><strong>ls</strong></span> <span class='ocrx_word' id='word_1_240' title='bbox 826 3620 1065 3675; x_wconf 87' lang='lat' dir='ltr'><strong>scribens</strong></span> <span class='ocrx_word' id='word_1_241' title='bbox 1099 3622 1165 3675; x_wconf 89' lang='lat' dir='ltr'><strong>ad</strong></span> <span class='ocrx_word' id='word_1_242' title='bbox 1192 3622 1495 3691; x_wconf 89' lang='lat' dir='ltr'><strong>antipapam</strong></span> <span class='ocrx_word' id='word_1_243' title='bbox 1524 3623 1839 3679; x_wconf 87' lang='lat' dir='ltr'><strong>Guibertum</strong></span> <span class='ocrx_word' id='word_1_244' title='bbox 1863 3626 2141 3694; x_wconf 86' lang='lat' dir='ltr'><strong>epistolam</strong></span> <span class='ocrx_word' id='word_1_245' title='bbox 2169 3609 2240 3681; x_wconf 30' lang='lat' dir='ltr'><strong>in]</strong></span> 
     </span>
    </p>
   </div>
   <div class='ocr_carea' id='block_1_38' title="bbox 686 3706 2228 3785">
    <p class='ocr_par' dir='ltr' id='par_1_38' title="bbox 686 3706 2228 3785">
     <span class='ocr_line' id='line_1_38' title="bbox 686 3706 2228 3785; baseline 0.009 -29"><span class='ocrx_word' id='word_1_246' title='bbox 686 3721 793 3777; x_wconf 67' lang='lat' dir='ltr'><strong>qua</strong></span> <span class='ocrx_word' id='word_1_247' title='bbox 818 3706 963 3761; x_wconf 91' lang='lat' dir='ltr'><strong>illum</strong></span> <span class='ocrx_word' id='word_1_248' title='bbox 989 3708 1451 3778; x_wconf 82' lang='lat' dir='ltr'><strong>praevaricatorem</strong></span> <span class='ocrx_word' id='word_1_249' title='bbox 1476 3724 1539 3766; x_wconf 90' lang='lat' dir='ltr'><strong>ac</strong></span> <span class='ocrx_word' id='word_1_250' title='bbox 1563 3712 1852 3782; x_wconf 87' lang='lat' dir='ltr'><strong>superbum</strong></span> <span class='ocrx_word' id='word_1_251' title='bbox 1872 3722 2046 3781; x_wconf 91' lang='lat' dir='ltr'><strong>vocat,</strong></span> <span class='ocrx_word' id='word_1_252' title='bbox 2067 3722 2228 3785; x_wconf 88' lang='lat' dir='ltr'><strong>atque</strong></span> 
     </span>
    </p>
   </div>
   <div class='ocr_carea' id='block_1_39' title="bbox 689 3797 2227 3868">
    <p class='ocr_par' dir='ltr' id='par_1_39' title="bbox 689 3797 2227 3868">
     <span class='ocr_line' id='line_1_39' title="bbox 689 3797 2227 3868; baseline 0.005 -19"><span class='ocrx_word' id='word_1_253' title='bbox 689 3798 827 3851; x_wconf 88' lang='lat' dir='ltr'><strong>inter</strong></span> <span class='ocrx_word' id='word_1_254' title='bbox 877 3797 979 3851; x_wconf 90' lang='lat' dir='ltr'><strong>alia</strong></span> <span class='ocrx_word' id='word_1_255' title='bbox 1010 3816 1022 3851; x_wconf 90' lang='lat'><strong>:</strong></span> <span class='ocrx_word' id='word_1_256' title='bbox 1062 3797 1130 3852; x_wconf 81' lang='lat' dir='ltr'><strong>Ut</strong></span> <span class='ocrx_word' id='word_1_257' title='bbox 1168 3815 1308 3868; x_wconf 86' lang='lat' dir='ltr'><strong>ergo,</strong></span> <span class='ocrx_word' id='word_1_258' title='bbox 1352 3800 1542 3867; x_wconf 89' lang='lat' dir='ltr'><strong>inquit,</strong></span> <span class='ocrx_word' id='word_1_259' title='bbox 1578 3802 1640 3854; x_wconf 87' lang='lat' dir='ltr'><strong>de</strong></span> <span class='ocrx_word' id='word_1_260' title='bbox 1680 3802 1826 3856; x_wconf 83' lang='lat' dir='ltr'><strong>beato</strong></span> <span class='ocrx_word' id='word_1_261' title='bbox 1854 3802 2015 3857; x_wconf 82' lang='lat' dir='ltr'><strong>Patre</strong></span> <span class='ocrx_word' id='word_1_262' title='bbox 2052 3813 2227 3857; x_wconf 90' lang='lat' dir='ltr'><strong>nostro</strong></span> 
     </span>
    </p>
   </div>
   <div class='ocr_carea' id='block_1_40' title="bbox 692 3886 2227 3961">
    <p class='ocr_par' dir='ltr' id='par_1_40' title="bbox 692 3886 2227 3961">
     <span class='ocr_line' id='line_1_40' title="bbox 692 3886 2227 3961; baseline 0.003 -20"><span class='ocrx_word' id='word_1_263' title='bbox 692 3886 947 3956; x_wconf 82' lang='lat' dir='ltr'><strong>Gregorio</strong></span> <span class='ocrx_word' id='word_1_264' title='bbox 969 3888 1174 3953; x_wconf 91' lang='lat' dir='ltr'><strong>dicam,</strong></span> <span class='ocrx_word' id='word_1_265' title='bbox 1213 3890 1348 3957; x_wconf 87' lang='lat' dir='ltr'><strong>quod</strong></span> <span class='ocrx_word' id='word_1_266' title='bbox 1396 3890 1458 3941; x_wconf 88' lang='lat' dir='ltr'><strong>de</strong></span> <span class='ocrx_word' id='word_1_267' title='bbox 1497 3890 1735 3944; x_wconf 86' lang='lat' dir='ltr'><strong>Cornelio</strong></span> <span class='ocrx_word' id='word_1_268' title='bbox 1784 3893 1996 3961; x_wconf 79' lang='lat' dir='ltr'><strong>scripsit</strong></span> <span class='ocrx_word' id='word_1_269' title='bbox 2049 3893 2227 3946; x_wconf 86' lang='lat' dir='ltr'><strong>beatus</strong></span> 
     </span>
    </p>
   </div>
   <div class='ocr_carea' id='block_1_41' title="bbox 692 3977 2229 4052">
    <p class='ocr_par' dir='ltr' id='par_1_41' title="bbox 692 3977 2229 4052">
     <span class='ocr_line' id='line_1_41' title="bbox 692 3977 2229 4052; baseline 0.003 -20"><span class='ocrx_word' id='word_1_270' title='bbox 692 3978 983 4047; x_wconf 78' lang='lat' dir='ltr'><strong>Cyprianus</strong></span> <span class='ocrx_word' id='word_1_271' title='bbox 1016 3994 1033 4030; x_wconf 92' lang='lat'><strong><em>:</em></strong></span> <span class='ocrx_word' id='word_1_272' title='bbox 1066 3977 1261 4032; x_wconf 77' lang='lat' dir='ltr'><strong>Factus</strong></span> <span class='ocrx_word' id='word_1_273' title='bbox 1303 3990 1378 4033; x_wconf 87' lang='lat' dir='ltr'><strong>est</strong></span> <span class='ocrx_word' id='word_1_274' title='bbox 1412 3978 1698 4051; x_wconf 80' lang='lat' dir='ltr'><strong>Gregorius</strong></span> <span class='ocrx_word' id='word_1_275' title='bbox 1734 3983 1999 4052; x_wconf 86' lang='lat' dir='ltr'><strong>episcopus</strong></span> <span class='ocrx_word' id='word_1_276' title='bbox 2038 3983 2101 4036; x_wconf 86' lang='lat' dir='ltr'><strong>de</strong></span> <span class='ocrx_word' id='word_1_277' title='bbox 2132 3983 2229 4036; x_wconf 87' lang='lat' dir='ltr'><strong>Dei</strong></span> 
     </span>
    </p>
   </div>
   <div class='ocr_carea' id='block_1_42' title="bbox 688 4065 2229 4140">
    <p class='ocr_par' dir='ltr' id='par_1_42' title="bbox 688 4065 2229 4140">
     <span class='ocr_line' id='line_1_42' title="bbox 688 4065 2229 4140; baseline 0.005 -22"><span class='ocrx_word' id='word_1_278' title='bbox 688 4076 739 4118; x_wconf 87' lang='lat' dir='ltr'><strong>et</strong></span> <span class='ocrx_word' id='word_1_279' title='bbox 794 4065 991 4119; x_wconf 81' lang='lat' dir='ltr'><strong>Christi</strong></span> <span class='ocrx_word' id='word_1_280' title='bbox 1038 4065 1149 4134; x_wconf 86' lang='lat' dir='ltr'><strong>ejus</strong></span> <span class='ocrx_word' id='word_1_281' title='bbox 1180 4067 1417 4135; x_wconf 83' lang='lat' dir='ltr'><strong>judicia,</strong></span> <span class='ocrx_word' id='word_1_282' title='bbox 1456 4069 1519 4121; x_wconf 92' lang='lat' dir='ltr'><strong>de</strong></span> <span class='ocrx_word' id='word_1_283' title='bbox 1572 4068 1873 4123; x_wconf 86' lang='lat' dir='ltr'><strong>clericorum</strong></span> <span class='ocrx_word' id='word_1_284' title='bbox 1932 4088 2057 4140; x_wconf 86' lang='lat' dir='ltr'><strong>pene</strong></span> <span class='ocrx_word' id='word_1_285' title='bbox 2115 4089 2229 4125; x_wconf 56' lang='lat' dir='ltr'><strong>omv</strong></span> 
     </span>
    </p>
   </div>
   <div class='ocr_carea' id='block_1_43' title="bbox 691 4156 2233 4226">
    <p class='ocr_par' dir='ltr' id='par_1_43' title="bbox 691 4156 2233 4226">
     <span class='ocr_line' id='line_1_43' title="bbox 691 4156 2233 4226; baseline 0.005 -19"><span class='ocrx_word' id='word_1_286' title='bbox 691 4156 855 4219; x_wconf 82' lang='lat' dir='ltr'><strong>nium,</strong></span> <span class='ocrx_word' id='word_1_287' title='bbox 896 4165 964 4221; x_wconf 89' lang='lat' dir='ltr'><strong>et,</strong></span> <span class='ocrx_word' id='word_1_288' title='bbox 1016 4164 1073 4208; x_wconf 85' lang='lat' dir='ltr'><strong>ut</strong></span> <span class='ocrx_word' id='word_1_289' title='bbox 1116 4156 1282 4209; x_wconf 81' lang='lat' dir='ltr'><strong>rerius</strong></span> <span class='ocrx_word' id='word_1_290' title='bbox 1310 4158 1501 4222; x_wconf 87' lang='lat' dir='ltr'><strong>dicam,</strong></span> <span class='ocrx_word' id='word_1_291' title='bbox 1538 4159 1769 4211; x_wconf 87' lang='lat' dir='ltr'><strong>omnium</strong></span> <span class='ocrx_word' id='word_1_292' title='bbox 1812 4161 2134 4226; x_wconf 84' lang='lat' dir='ltr'><strong>testimonio,</strong></span> <span class='ocrx_word' id='word_1_293' title='bbox 2169 4161 2233 4214; x_wconf 91' lang='lat' dir='ltr'><strong>de</strong></span> 
     </span>
    </p>
   </div>
   <div class='ocr_carea' id='block_1_44' title="bbox 691 4242 2232 4317">
    <p class='ocr_par' dir='ltr' id='par_1_44' title="bbox 691 4242 2232 4317">
     <span class='ocr_line' id='line_1_44' title="bbox 691 4242 2232 4317; baseline 0.005 -22"><span class='ocrx_word' id='word_1_294' title='bbox 691 4242 874 4309; x_wconf 81' lang='lat' dir='ltr'><strong>plebis,</strong></span> <span class='ocrx_word' id='word_1_295' title='bbox 906 4260 1019 4313; x_wconf 77' lang='lat' dir='ltr'><strong>qua:</strong></span> <span class='ocrx_word' id='word_1_296' title='bbox 1051 4253 1170 4298; x_wconf 87' lang='lat' dir='ltr'><strong>tunc</strong></span> <span class='ocrx_word' id='word_1_297' title='bbox 1193 4245 1394 4313; x_wconf 84' lang='lat' dir='ltr'><strong>aderat,</strong></span> <span class='ocrx_word' id='word_1_298' title='bbox 1421 4246 1692 4317; x_wconf 72' lang='lat' dir='ltr'><strong>su/I‘ragio,</strong></span> <span class='ocrx_word' id='word_1_299' title='bbox 1715 4248 1777 4301; x_wconf 89' lang='lat' dir='ltr'><strong>de</strong></span> <span class='ocrx_word' id='word_1_300' title='bbox 1795 4249 2118 4302; x_wconf 77' lang='lat' dir='ltr'><strong>sacerdotum</strong></span> <span class='ocrx_word' id='word_1_301' title='bbox 2139 4249 2232 4303; x_wconf 86' lang='lat' dir='ltr'><strong>bo-</strong></span> 
     </span>
    </p>
   </div>
   <div class='ocr_carea' id='block_1_45' title="bbox 694 4334 2232 4407">
    <p class='ocr_par' dir='ltr' id='par_1_45' title="bbox 694 4334 2232 4407">
     <span class='ocr_line' id='line_1_45' title="bbox 694 4334 2232 4407; baseline 0.007 -25"><span class='ocrx_word' id='word_1_302' title='bbox 694 4347 879 4384; x_wconf 85' lang='lat' dir='ltr'><strong>norum</strong></span> <span class='ocrx_word' id='word_1_303' title='bbox 918 4334 1144 4386; x_wconf 81' lang='lat' dir='ltr'><strong>virorum</strong></span> <span class='ocrx_word' id='word_1_304' title='bbox 1185 4344 1234 4387; x_wconf 85' lang='lat' dir='ltr'><strong>et</strong></span> <span class='ocrx_word' id='word_1_305' title='bbox 1271 4336 1605 4405; x_wconf 86' lang='lat' dir='ltr'><strong>antiquorum</strong></span> <span class='ocrx_word' id='word_1_306' title='bbox 1644 4336 1887 4407; x_wconf 85' lang='lat' dir='ltr'><strong>collegio,</strong></span> <span class='ocrx_word' id='word_1_307' title='bbox 1933 4356 2049 4392; x_wconf 90' lang='lat' dir='ltr'><strong>cum</strong></span> <span class='ocrx_word' id='word_1_308' title='bbox 2088 4356 2232 4394; x_wconf 87' lang='lat' dir='ltr'><strong>nemo</strong></span> 
     </span>
    </p>
   </div>
   <div class='ocr_carea' id='block_1_46' title="bbox 695 4420 2232 4492">
    <p class='ocr_par' dir='ltr' id='par_1_46' title="bbox 695 4420 2232 4492">
     <span class='ocr_line' id='line_1_46' title="bbox 695 4420 2232 4492; baseline 0.009 -23"><span class='ocrx_word' id='word_1_309' title='bbox 695 4428 816 4471; x_wconf 83' lang='lat' dir='ltr'><strong>ante</strong></span> <span class='ocrx_word' id='word_1_310' title='bbox 839 4435 893 4472; x_wconf 90' lang='lat' dir='ltr'><strong>se</strong></span> <span class='ocrx_word' id='word_1_311' title='bbox 915 4420 1083 4487; x_wconf 82' lang='lat' dir='ltr'><strong>factus</strong></span> <span class='ocrx_word' id='word_1_312' title='bbox 1102 4431 1260 4486; x_wconf 85' lang='lat' dir='ltr'><strong>esset;</strong></span> <span class='ocrx_word' id='word_1_313' title='bbox 1291 4440 1406 4474; x_wconf 91' lang='lat' dir='ltr'><strong>cum</strong></span> <span class='ocrx_word' id='word_1_314' title='bbox 1428 4424 1713 4480; x_wconf 74' lang='lat' dir='ltr'><strong>Alexandri</strong></span> <span class='ocrx_word' id='word_1_315' title='bbox 1734 4426 1895 4492; x_wconf 85' lang='lat' dir='ltr'><strong>locus,</strong></span> <span class='ocrx_word' id='word_1_316' title='bbox 1914 4429 1969 4480; x_wconf 91' lang='lat' dir='ltr'><strong>id</strong></span> <span class='ocrx_word' id='word_1_317' title='bbox 1989 4438 2064 4481; x_wconf 82' lang='lat' dir='ltr'><strong>est</strong></span> <span class='ocrx_word' id='word_1_318' title='bbox 2085 4428 2232 4483; x_wconf 88' lang='lat' dir='ltr'><strong>Petri</strong></span> 
     </span>
    </p>
   </div>
   <div class='ocr_carea' id='block_1_47' title="bbox 696 4504 2232 4587">
    <p class='ocr_par' dir='ltr' id='par_1_47' title="bbox 696 4504 2232 4587">
     <span class='ocr_line' id='line_1_47' title="bbox 696 4504 2232 4587; baseline 0.008 -28"><span class='ocrx_word' id='word_1_319' title='bbox 696 4504 859 4572; x_wconf 80' lang='lat' dir='ltr'><strong>locus,</strong></span> <span class='ocrx_word' id='word_1_320' title='bbox 886 4516 936 4559; x_wconf 90' lang='lat' dir='ltr'><strong>et</strong></span> <span class='ocrx_word' id='word_1_321' title='bbox 966 4508 1174 4577; x_wconf 82' lang='lat' dir='ltr'><strong>gradus</strong></span> <span class='ocrx_word' id='word_1_322' title='bbox 1199 4509 1454 4563; x_wconf 68' lang='lat' dir='ltr'><strong>cathedra:</strong></span> <span class='ocrx_word' id='word_1_323' title='bbox 1486 4514 1821 4567; x_wconf 73' lang='lat' dir='ltr'><strong>sacerdotalis</strong></span> <span class='ocrx_word' id='word_1_324' title='bbox 1862 4527 2094 4581; x_wconf 83' lang='lat' dir='ltr'><strong>vacaret;</strong></span> <span class='ocrx_word' id='word_1_325' title='bbox 2134 4535 2232 4587; x_wconf 88' lang='lat' dir='ltr'><strong>quo</strong></span> 
     </span>
    </p>
   </div>
   <div class='ocr_carea' id='block_1_48' title="bbox 2245 1975 2287 2029">
    <p class='ocr_par' dir='ltr' id='par_1_48' title="bbox 2245 1975 2287 2029">
     <span class='ocr_line' id='line_1_48' title="bbox 2245 1975 2287 2029; baseline 0 0"><span class='ocrx_word' id='word_1_326' title='bbox 2245 1975 2287 2029; x_wconf 88' lang='lat' dir='ltr'><strong>B</strong></span> 
     </span>
    </p>
   </div>
   <div class='ocr_carea' id='block_1_49' title="bbox 2251 3290 2292 3345">
    <p class='ocr_par' dir='ltr' id='par_1_49' title="bbox 2251 3290 2292 3345">
     <span class='ocr_line' id='line_1_49' title="bbox 2251 3290 2292 3345; baseline 0 0"><span class='ocrx_word' id='word_1_327' title='bbox 2251 3290 2292 3345; x_wconf 90' lang='lat' dir='ltr'><strong>C</strong></span> 
     </span>
    </p>
   </div>
   <div class='ocr_carea' id='block_1_50' title="bbox 2311 728 3304 807">
    <p class='ocr_par' dir='ltr' id='par_1_50' title="bbox 2311 728 3304 807">
     <span class='ocr_line' id='line_1_50' title="bbox 2311 728 3304 807; baseline -0.004 -22"><span class='ocrx_word' id='word_1_328' title='bbox 2311 732 2464 786; x_wconf 91' lang='lat' dir='ltr'><strong>multi</strong></span> <span class='ocrx_word' id='word_1_329' title='bbox 2490 732 2782 800; x_wconf 85' lang='lat' dir='ltr'><strong>scriptores</strong></span> <span class='ocrx_word' id='word_1_330' title='bbox 2807 728 3105 799; x_wconf 81' lang='lat' dir='ltr'><strong>prodidere.</strong></span> <span class='ocrx_word' id='word_1_331' title='bbox 3302 804 3304 807; x_wconf 15' lang='grc' dir='ltr'><strong><em>τ</em></strong></span> 
     </span>
    </p>
   </div>
   <div class='ocr_carea' id='block_1_51' title="bbox 2376 809 3863 907">
    <p class='ocr_par' dir='ltr' id='par_1_51' title="bbox 2376 809 3863 907">
     <span class='ocr_line' id='line_1_51' title="bbox 2376 809 3863 907; baseline -0.001 -30"><span class='ocrx_word' id='word_1_332' title='bbox 2376 820 2664 885; x_wconf 69' lang='lat' dir='ltr'><strong>Caeterum,</strong></span> <span class='ocrx_word' id='word_1_333' title='bbox 2701 829 2760 873; x_wconf 91' lang='lat' dir='ltr'><strong>ut</strong></span> <span class='ocrx_word' id='word_1_334' title='bbox 2784 820 2923 874; x_wconf 90' lang='lat' dir='ltr'><strong>hanc</strong></span> <span class='ocrx_word' id='word_1_335' title='bbox 2954 834 3067 873; x_wconf 88' lang='lat' dir='ltr'><strong>rem</strong></span> <span class='ocrx_word' id='word_1_336' title='bbox 3097 819 3263 873; x_wconf 87' lang='lat' dir='ltr'><strong>semel</strong></span> <span class='ocrx_word' id='word_1_337' title='bbox 3298 819 3505 887; x_wconf 80' lang='lat' dir='ltr'><strong>finiam,</strong></span> <span class='ocrx_word' id='word_1_338' title='bbox 3552 809 3863 907; x_wconf 44' lang='lat' dir='ltr'><strong>hujusmOQi</strong></span> 
     </span>
    </p>
   </div>
   <div class='ocr_carea' id='block_1_52' title="bbox 2308 907 3865 978">
    <p class='ocr_par' dir='ltr' id='par_1_52' title="bbox 2308 907 3865 978">
     <span class='ocr_line' id='line_1_52' title="bbox 2308 907 3865 978; baseline -0.001 -12"><span class='ocrx_word' id='word_1_339' title='bbox 2308 926 2494 967; x_wconf 89' lang='lat' dir='ltr'><strong>rerum</strong></span> <span class='ocrx_word' id='word_1_340' title='bbox 2524 910 2810 965; x_wconf 85' lang='lat' dir='ltr'><strong>occasione</strong></span> <span class='ocrx_word' id='word_1_341' title='bbox 2834 907 3297 978; x_wconf 76' lang='lat' dir='ltr'><strong>perniciosissima</strong></span> <span class='ocrx_word' id='word_1_342' title='bbox 3323 908 3533 974; x_wconf 85' lang='lat' dir='ltr'><strong>seditio,</strong></span> <span class='ocrx_word' id='word_1_343' title='bbox 3560 917 3614 963; x_wconf 87' lang='lat' dir='ltr'><strong>et</strong></span> <span class='ocrx_word' id='word_1_344' title='bbox 3644 909 3865 965; x_wconf 70' lang='lat' dir='ltr'><strong>haeresis</strong></span> 
     </span>
    </p>
   </div>
   <div class='ocr_carea' id='block_1_53' title="bbox 2309 998 3864 1071">
    <p class='ocr_par' dir='ltr' id='par_1_53' title="bbox 2309 998 3864 1071">
     <span class='ocr_line' id='line_1_53' title="bbox 2309 998 3864 1071; baseline 0 -13"><span class='ocrx_word' id='word_1_345' title='bbox 2309 1003 2550 1058; x_wconf 89' lang='lat' dir='ltr'><strong>omnium</strong></span> <span class='ocrx_word' id='word_1_346' title='bbox 2582 1000 3017 1071; x_wconf 60' lang='lat' dir='ltr'><strong>prstilentissima</strong></span> <span class='ocrx_word' id='word_1_347' title='bbox 3058 998 3433 1056; x_wconf 87' lang='lat' dir='ltr'><strong>Christianum</strong></span> <span class='ocrx_word' id='word_1_348' title='bbox 3472 1002 3734 1071; x_wconf 87' lang='lat' dir='ltr'><strong>populum</strong></span> <span class='ocrx_word' id='word_1_349' title='bbox 3764 1003 3864 1058; x_wconf 81' lang='lat' dir='ltr'><strong>hoc</strong></span> 
     </span>
    </p>
   </div>
   <div class='ocr_carea' id='block_1_54' title="bbox 2311 1092 3863 1164">
    <p class='ocr_par' dir='ltr' id='par_1_54' title="bbox 2311 1092 3863 1164">
     <span class='ocr_line' id='line_1_54' title="bbox 2311 1092 3863 1164; baseline -0.002 -15"><span class='ocrx_word' id='word_1_350' title='bbox 2311 1104 2549 1164; x_wconf 89' lang='lat' dir='ltr'><strong>tempore</strong></span> <span class='ocrx_word' id='word_1_351' title='bbox 2576 1093 2807 1148; x_wconf 78' lang='lat' dir='ltr'><strong>maxime</strong></span> <span class='ocrx_word' id='word_1_352' title='bbox 2829 1100 3117 1161; x_wconf 79' lang='lat' dir='ltr'><strong>pervagata</strong></span> <span class='ocrx_word' id='word_1_353' title='bbox 3158 1100 3262 1157; x_wconf 89' lang='lat' dir='ltr'><strong>est,</strong></span> <span class='ocrx_word' id='word_1_354' title='bbox 3305 1101 3360 1146; x_wconf 85' lang='lat' dir='ltr'><strong>et</strong></span> <span class='ocrx_word' id='word_1_355' title='bbox 3383 1092 3532 1148; x_wconf 86' lang='lat' dir='ltr'><strong>orbis</strong></span> <span class='ocrx_word' id='word_1_356' title='bbox 3574 1100 3863 1158; x_wconf 88' lang='lat' dir='ltr'><strong>terrarum,</strong></span> 
     </span>
    </p>
   </div>
   <div class='ocr_carea' id='block_1_55' title="bbox 2307 1181 3864 1253">
    <p class='ocr_par' dir='ltr' id='par_1_55' title="bbox 2307 1181 3864 1253">
     <span class='ocr_line' id='line_1_55' title="bbox 2307 1181 3864 1253; baseline -0.003 -14"><span class='ocrx_word' id='word_1_357' title='bbox 2307 1185 2354 1240; x_wconf 89' lang='lat' dir='ltr'><strong>si</strong></span> <span class='ocrx_word' id='word_1_358' title='bbox 2384 1199 2643 1253; x_wconf 88' lang='lat' dir='ltr'><strong>unquam,</strong></span> <span class='ocrx_word' id='word_1_359' title='bbox 2671 1184 2773 1237; x_wconf 86' lang='lat' dir='ltr'><strong>hac</strong></span> <span class='ocrx_word' id='word_1_360' title='bbox 2806 1189 3122 1252; x_wconf 80' lang='lat' dir='ltr'><strong>tempestate</strong></span> <span class='ocrx_word' id='word_1_361' title='bbox 3150 1196 3181 1235; x_wconf 92' lang='lat' dir='ltr'><strong>a</strong></span> <span class='ocrx_word' id='word_1_362' title='bbox 3206 1181 3425 1236; x_wconf 86' lang='lat' dir='ltr'><strong>cardine</strong></span> <span class='ocrx_word' id='word_1_363' title='bbox 3445 1182 3709 1236; x_wconf 88' lang='lat' dir='ltr'><strong>bellorum</strong></span> <span class='ocrx_word' id='word_1_364' title='bbox 3734 1197 3864 1252; x_wconf 76' lang='lat' dir='ltr'><strong>pro—</strong></span> 
     </span>
    </p>
   </div>
   <div class='ocr_carea' id='block_1_56' title="bbox 2307 1273 3865 1345">
    <p class='ocr_par' dir='ltr' id='par_1_56' title="bbox 2307 1273 3865 1345">
     <span class='ocr_line' id='line_1_56' title="bbox 2307 1273 3865 1345; baseline -0.004 -14"><span class='ocrx_word' id='word_1_365' title='bbox 2307 1276 2455 1331; x_wconf 90' lang='lat' dir='ltr'><strong>cellis</strong></span> <span class='ocrx_word' id='word_1_366' title='bbox 2491 1275 2726 1345; x_wconf 88' lang='lat' dir='ltr'><strong>jactatus</strong></span> <span class='ocrx_word' id='word_1_367' title='bbox 2776 1280 2895 1337; x_wconf 88' lang='lat' dir='ltr'><strong>est;</strong></span> <span class='ocrx_word' id='word_1_368' title='bbox 2938 1280 2993 1327; x_wconf 88' lang='lat' dir='ltr'><strong>et</strong></span> <span class='ocrx_word' id='word_1_369' title='bbox 3044 1286 3229 1340; x_wconf 74' lang='lat' dir='ltr'><strong>genus</strong></span> <span class='ocrx_word' id='word_1_370' title='bbox 3265 1273 3570 1327; x_wconf 85' lang='lat' dir='ltr'><strong>humanum</strong></span> <span class='ocrx_word' id='word_1_371' title='bbox 3622 1273 3865 1341; x_wconf 84' lang='lat' dir='ltr'><strong>undique</strong></span> 
     </span>
    </p>
   </div>
   <div class='ocr_carea' id='block_1_57' title="bbox 2307 1361 3866 1428">
    <p class='ocr_par' dir='ltr' id='par_1_57' title="bbox 2307 1361 3866 1428">
     <span class='ocr_line' id='line_1_57' title="bbox 2307 1361 3866 1428; baseline -0.003 -8"><span class='ocrx_word' id='word_1_372' title='bbox 2307 1381 2583 1420; x_wconf 88' lang='lat' dir='ltr'><strong>armorum</strong></span> <span class='ocrx_word' id='word_1_373' title='bbox 2631 1362 2845 1418; x_wconf 87' lang='lat' dir='ltr'><strong>turbine</strong></span> <span class='ocrx_word' id='word_1_374' title='bbox 2884 1361 3183 1416; x_wconf 89' lang='lat' dir='ltr'><strong>involutum</strong></span> <span class='ocrx_word' id='word_1_375' title='bbox 3240 1361 3383 1428; x_wconf 90' lang='lat' dir='ltr'><strong>fuit,</strong></span> <span class='ocrx_word' id='word_1_376' title='bbox 3432 1362 3505 1417; x_wconf 79' lang='lat' dir='ltr'><strong>ita</strong></span> <span class='ocrx_word' id='word_1_377' title='bbox 3555 1371 3617 1416; x_wconf 89' lang='lat' dir='ltr'><strong>ut</strong></span> <span class='ocrx_word' id='word_1_378' title='bbox 3664 1361 3866 1416; x_wconf 84' lang='lat' dir='ltr'><strong>nullius</strong></span> 
     </span>
    </p>
   </div>
   <div class='ocr_carea' id='block_1_58' title="bbox 2308 1449 3866 1522">
    <p class='ocr_par' dir='ltr' id='par_1_58' title="bbox 2308 1449 3866 1522">
     <span class='ocr_line' id='line_1_58' title="bbox 2308 1449 3866 1522; baseline -0.004 -13"><span class='ocrx_word' id='word_1_379' title='bbox 2308 1453 2615 1509; x_wconf 87' lang='lat' dir='ltr'><strong>schismatis</strong></span> <span class='ocrx_word' id='word_1_380' title='bbox 2643 1460 2885 1521; x_wconf 89' lang='lat' dir='ltr'><strong>tempore</strong></span> <span class='ocrx_word' id='word_1_381' title='bbox 2915 1450 3165 1520; x_wconf 78' lang='lat' dir='ltr'><strong>graviora</strong></span> <span class='ocrx_word' id='word_1_382' title='bbox 3205 1449 3501 1505; x_wconf 80' lang='lat' dir='ltr'><strong>Ecclesiam</strong></span> <span class='ocrx_word' id='word_1_383' title='bbox 3534 1451 3772 1522; x_wconf 86' lang='lat' dir='ltr'><strong>pericula</strong></span> <span class='ocrx_word' id='word_1_384' title='bbox 3814 1459 3866 1504; x_wconf 84' lang='lat' dir='ltr'><strong>et</strong></span> 
     </span>
    </p>
   </div>
   <div class='ocr_carea' id='block_1_59' title="bbox 2308 1540 3895 1616">
    <p class='ocr_par' dir='ltr' id='par_1_59' title="bbox 2308 1540 3895 1616">
     <span class='ocr_line' id='line_1_59' title="bbox 2308 1540 3895 1616; baseline -0.001 -17"><span class='ocrx_word' id='word_1_385' title='bbox 2308 1545 2641 1603; x_wconf 88' lang='lat' dir='ltr'><strong>calamitates</strong></span> <span class='ocrx_word' id='word_1_386' title='bbox 2669 1558 2885 1616; x_wconf 85' lang='lat' dir='ltr'><strong>passam</strong></span> <span class='ocrx_word' id='word_1_387' title='bbox 2924 1540 3090 1605; x_wconf 83' lang='lat' dir='ltr'><strong>fuisse</strong></span> <span class='ocrx_word' id='word_1_388' title='bbox 3115 1544 3374 1610; x_wconf 75' lang='lat' dir='ltr'><strong>legamus.</strong></span> <span class='ocrx_word' id='word_1_389' title='bbox 3892 1596 3895 1598; x_wconf 84' lang='lat'><strong>.</strong></span> 
     </span>
    </p>
   </div>
   <div class='ocr_carea' id='block_1_60' title="bbox 2378 1631 3865 1708">
    <p class='ocr_par' dir='ltr' id='par_1_60' title="bbox 2378 1631 3865 1708">
     <span class='ocr_line' id='line_1_60' title="bbox 2378 1631 3865 1708; baseline -0.005 -16"><span class='ocrx_word' id='word_1_390' title='bbox 2378 1637 2636 1708; x_wconf 78' lang='lat' dir='ltr'><strong>Gregorio</strong></span> <span class='ocrx_word' id='word_1_391' title='bbox 2662 1635 2752 1689; x_wconf 76' lang='lat' dir='ltr'><strong>Vll</strong></span> <span class='ocrx_word' id='word_1_392' title='bbox 2772 1634 3042 1705; x_wconf 82' lang='lat' dir='ltr'><strong>expedito,</strong></span> <span class='ocrx_word' id='word_1_393' title='bbox 3066 1649 3211 1688; x_wconf 90' lang='lat' dir='ltr'><strong>nunc</strong></span> <span class='ocrx_word' id='word_1_394' title='bbox 3242 1634 3365 1703; x_wconf 83' lang='lat' dir='ltr'><strong>quis</strong></span> <span class='ocrx_word' id='word_1_395' title='bbox 3386 1634 3636 1688; x_wconf 84' lang='lat' dir='ltr'><strong>Clemens</strong></span> <span class='ocrx_word' id='word_1_396' title='bbox 3664 1631 3730 1685; x_wconf 84' lang='lat' dir='ltr'><strong>Ill</strong></span> <span class='ocrx_word' id='word_1_397' title='bbox 3765 1646 3865 1685; x_wconf 84' lang='lat' dir='ltr'><strong>an—</strong></span> 
     </span>
    </p>
   </div>
   <div class='ocr_carea' id='block_1_61' title="bbox 2310 1722 3562 1797">
    <p class='ocr_par' dir='ltr' id='par_1_61' title="bbox 2310 1722 3562 1797">
     <span class='ocr_line' id='line_1_61' title="bbox 2310 1722 3562 1797; baseline -0.005 -16"><span class='ocrx_word' id='word_1_398' title='bbox 2310 1726 2486 1797; x_wconf 89' lang='lat' dir='ltr'><strong>tipapa</strong></span> <span class='ocrx_word' id='word_1_399' title='bbox 2518 1725 2698 1791; x_wconf 78' lang='lat' dir='ltr'><strong>fuerit,</strong></span> <span class='ocrx_word' id='word_1_400' title='bbox 2728 1731 2783 1781; x_wconf 90' lang='lat' dir='ltr'><strong>et</strong></span> <span class='ocrx_word' id='word_1_401' title='bbox 2811 1740 2897 1779; x_wconf 88' lang='lat' dir='ltr'><strong>res</strong></span> <span class='ocrx_word' id='word_1_402' title='bbox 2919 1724 2988 1778; x_wconf 88' lang='lat' dir='ltr'><strong>ab</strong></span> <span class='ocrx_word' id='word_1_403' title='bbox 3016 1738 3081 1777; x_wconf 90' lang='lat' dir='ltr'><strong>eo</strong></span> <span class='ocrx_word' id='word_1_404' title='bbox 3104 1732 3284 1792; x_wconf 79' lang='lat' dir='ltr'><strong>gestas</strong></span> <span class='ocrx_word' id='word_1_405' title='bbox 3304 1722 3562 1792; x_wconf 78' lang='lat' dir='ltr'><strong>aperiam.</strong></span> 
     </span>
    </p>
   </div>
   <div class='ocr_carea' id='block_1_62' title="bbox 2464 1829 3701 1899">
    <p class='ocr_par' dir='ltr' id='par_1_62' title="bbox 2464 1829 3701 1899">
     <span class='ocr_line' id='line_1_62' title="bbox 2464 1829 3701 1899; baseline -0.005 -8"><span class='ocrx_word' id='word_1_406' title='bbox 2464 1834 2851 1899; x_wconf 69' lang='lat' dir='ltr'><strong>CLEMENTIS</strong></span> <span class='ocrx_word' id='word_1_407' title='bbox 2889 1832 2954 1899; x_wconf 85' lang='grc'><strong>111</strong></span> <span class='ocrx_word' id='word_1_408' title='bbox 2992 1832 3353 1887; x_wconf 70' lang='lat' dir='ltr'><strong>ANTIPAPAEJ</strong></span> <span class='ocrx_word' id='word_1_409' title='bbox 3393 1829 3701 1885; x_wconf 81' lang='lat' dir='ltr'><strong>ELECTIO.</strong></span> 
     </span>
    </p>
   </div>
   <div class='ocr_carea' id='block_1_63' title="bbox 2380 1918 3867 1993">
    <p class='ocr_par' dir='ltr' id='par_1_63' title="bbox 2380 1918 3867 1993">
     <span class='ocr_line' id='line_1_63' title="bbox 2380 1918 3867 1993; baseline -0.005 -13"><span class='ocrx_word' id='word_1_410' title='bbox 2380 1926 2630 1980; x_wconf 90' lang='lat' dir='ltr'><strong>Clemens</strong></span> <span class='ocrx_word' id='word_1_411' title='bbox 2668 1923 2756 1990; x_wconf 75' lang='lat' dir='ltr'><strong>lli,</strong></span> <span class='ocrx_word' id='word_1_412' title='bbox 2794 1923 2885 1993; x_wconf 92' lang='lat' dir='ltr'><strong>qui</strong></span> <span class='ocrx_word' id='word_1_413' title='bbox 2914 1922 2967 1975; x_wconf 89' lang='lat' dir='ltr'><strong>in</strong></span> <span class='ocrx_word' id='word_1_414' title='bbox 2995 1920 3286 1976; x_wconf 81' lang='lat' dir='ltr'><strong>schismate</strong></span> <span class='ocrx_word' id='word_1_415' title='bbox 3314 1929 3503 1974; x_wconf 87' lang='lat' dir='ltr'><strong>contra</strong></span> <span class='ocrx_word' id='word_1_416' title='bbox 3547 1918 3867 1987; x_wconf 72' lang='lat' dir='ltr'><strong>Gregorium</strong></span> 
     </span>
    </p>
   </div>
   <div class='ocr_carea' id='block_1_64' title="bbox 2242 2005 3869 2086">
    <p class='ocr_par' dir='ltr' id='par_1_64' title="bbox 2242 2005 3869 2086">
     <span class='ocr_line' id='line_1_64' title="bbox 2242 2005 3869 2086; baseline -0.007 -17"><span class='ocrx_word' id='word_1_417' title='bbox 2242 2005 2287 2077; x_wconf 50' lang='grc' dir='ltr'><strong>ξ’</strong></span> <span class='ocrx_word' id='word_1_418' title='bbox 2311 2030 2505 2086; x_wconf 88' lang='lat' dir='ltr'><strong>papam</strong></span> <span class='ocrx_word' id='word_1_419' title='bbox 2539 2012 2627 2066; x_wconf 83' lang='lat' dir='ltr'><strong>VII</strong></span> <span class='ocrx_word' id='word_1_420' title='bbox 2661 2014 2730 2067; x_wconf 89' lang='lat' dir='ltr'><strong>ab</strong></span> <span class='ocrx_word' id='word_1_421' title='bbox 2765 2010 3087 2082; x_wconf 86' lang='lat' dir='ltr'><strong>imperatore</strong></span> <span class='ocrx_word' id='word_1_422' title='bbox 3131 2008 3363 2063; x_wconf 80' lang='lat' dir='ltr'><strong>Henrico</strong></span> <span class='ocrx_word' id='word_1_423' title='bbox 3390 2006 3455 2060; x_wconf 81' lang='grc' dir='ltr'><strong>ιγ</strong></span> <span class='ocrx_word' id='word_1_424' title='bbox 3491 2015 3549 2060; x_wconf 92' lang='lat' dir='ltr'><strong>ut</strong></span> <span class='ocrx_word' id='word_1_425' title='bbox 3576 2005 3724 2073; x_wconf 80' lang='lat'><strong>(285)</strong></span> <span class='ocrx_word' id='word_1_426' title='bbox 3763 2006 3869 2059; x_wconf 84' lang='lat' dir='ltr'><strong>im-</strong></span> 
     </span>
    </p>
   </div>
   <div class='ocr_carea' id='block_1_65' title="bbox 2312 2095 3871 2176">
    <p class='ocr_par' dir='ltr' id='par_1_65' title="bbox 2312 2095 3871 2176">
     <span class='ocr_line' id='line_1_65' title="bbox 2312 2095 3871 2176; baseline -0.008 -16"><span class='ocrx_word' id='word_1_427' title='bbox 2312 2106 2580 2176; x_wconf 88' lang='lat' dir='ltr'><strong>periijura</strong></span> <span class='ocrx_word' id='word_1_428' title='bbox 2604 2112 2860 2169; x_wconf 84' lang='lat' dir='ltr'><strong>tueretur,</strong></span> <span class='ocrx_word' id='word_1_429' title='bbox 2879 2102 3131 2171; x_wconf 86' lang='lat' dir='ltr'><strong>antipapa</strong></span> <span class='ocrx_word' id='word_1_430' title='bbox 3153 2108 3366 2154; x_wconf 83' lang='lat' dir='ltr'><strong>creatus</strong></span> <span class='ocrx_word' id='word_1_431' title='bbox 3383 2107 3482 2152; x_wconf 90' lang='lat' dir='ltr'><strong>cst.</strong></span> <span class='ocrx_word' id='word_1_432' title='bbox 3508 2096 3632 2150; x_wconf 85' lang='lat' dir='ltr'><strong>Fuit</strong></span> <span class='ocrx_word' id='word_1_433' title='bbox 3654 2095 3871 2161; x_wconf 79' lang='lat' dir='ltr'><strong>natione</strong></span> 
     </span>
    </p>
   </div>
   <div class='ocr_carea' id='block_1_66' title="bbox 2311 2183 3873 2261">
    <p class='ocr_par' dir='ltr' id='par_1_66' title="bbox 2311 2183 3873 2261">
     <span class='ocr_line' id='line_1_66' title="bbox 2311 2183 3873 2261; baseline -0.006 -15"><span class='ocrx_word' id='word_1_434' title='bbox 2311 2192 2495 2257; x_wconf 86' lang='lat' dir='ltr'><strong>Italus,</strong></span> <span class='ocrx_word' id='word_1_435' title='bbox 2528 2192 2700 2261; x_wconf 92' lang='lat' dir='ltr'><strong>patria</strong></span> <span class='ocrx_word' id='word_1_436' title='bbox 2733 2190 3063 2255; x_wconf 87' lang='lat' dir='ltr'><strong>Parmensis,</strong></span> <span class='ocrx_word' id='word_1_437' title='bbox 3088 2204 3302 2243; x_wconf 88' lang='lat' dir='ltr'><strong>summo</strong></span> <span class='ocrx_word' id='word_1_438' title='bbox 3330 2188 3450 2241; x_wconf 91' lang='lat' dir='ltr'><strong>loco</strong></span> <span class='ocrx_word' id='word_1_439' title='bbox 3474 2194 3650 2250; x_wconf 88' lang='lat' dir='ltr'><strong>natus,</strong></span> <span class='ocrx_word' id='word_1_440' title='bbox 3688 2201 3755 2238; x_wconf 72' lang='lat' dir='ltr'><strong>ex</strong></span> <span class='ocrx_word' id='word_1_441' title='bbox 3794 2183 3873 2237; x_wconf 88' lang='lat' dir='ltr'><strong>fa-</strong></span> 
     </span>
    </p>
   </div>
   <div class='ocr_carea' id='block_1_67' title="bbox 2311 2274 3870 2349">
    <p class='ocr_par' dir='ltr' id='par_1_67' title="bbox 2311 2274 3870 2349">
     <span class='ocr_line' id='line_1_67' title="bbox 2311 2274 3870 2349; baseline -0.006 -15"><span class='ocrx_word' id='word_1_442' title='bbox 2311 2281 2459 2335; x_wconf 91' lang='lat' dir='ltr'><strong>milia</strong></span> <span class='ocrx_word' id='word_1_443' title='bbox 2474 2278 2739 2349; x_wconf 81' lang='lat' dir='ltr'><strong>Corrigia,</strong></span> <span class='ocrx_word' id='word_1_444' title='bbox 2754 2294 2875 2348; x_wconf 69' lang='lat' dir='ltr'><strong>qua:</strong></span> <span class='ocrx_word' id='word_1_445' title='bbox 2894 2278 3012 2347; x_wconf 89' lang='lat' dir='ltr'><strong>ejus</strong></span> <span class='ocrx_word' id='word_1_446' title='bbox 3034 2277 3182 2331; x_wconf 86' lang='lat' dir='ltr'><strong>urbis</strong></span> <span class='ocrx_word' id='word_1_447' title='bbox 3204 2275 3492 2344; x_wconf 68' lang='lat' dir='ltr'><strong>aliquando</strong></span> <span class='ocrx_word' id='word_1_448' title='bbox 3507 2274 3870 2342; x_wconf 80' lang='lat' dir='ltr'><strong>principatum</strong></span> 
     </span>
    </p>
   </div>
   <div class='ocr_carea' id='block_1_68' title="bbox 2312 2362 3873 2437">
    <p class='ocr_par' dir='ltr' id='par_1_68' title="bbox 2312 2362 3873 2437">
     <span class='ocr_line' id='line_1_68' title="bbox 2312 2362 3873 2437; baseline -0.008 -12"><span class='ocrx_word' id='word_1_449' title='bbox 2312 2370 2505 2437; x_wconf 86' lang='lat' dir='ltr'><strong>tenuit,</strong></span> <span class='ocrx_word' id='word_1_450' title='bbox 2552 2368 2845 2423; x_wconf 88' lang='lat' dir='ltr'><strong>Guibertus</strong></span> <span class='ocrx_word' id='word_1_451' title='bbox 2900 2374 3057 2421; x_wconf 88' lang='lat' dir='ltr'><strong>antea</strong></span> <span class='ocrx_word' id='word_1_452' title='bbox 3103 2374 3347 2419; x_wconf 84' lang='lat' dir='ltr'><strong>vocatus.</strong></span> <span class='ocrx_word' id='word_1_453' title='bbox 3391 2362 3489 2417; x_wconf 86' lang='lat' dir='ltr'><strong>llic</strong></span> <span class='ocrx_word' id='word_1_454' title='bbox 3540 2363 3608 2416; x_wconf 86' lang='lat' dir='ltr'><strong>ab</strong></span> <span class='ocrx_word' id='word_1_455' title='bbox 3650 2363 3873 2421; x_wconf 84' lang='lat' dir='ltr'><strong>ineunte</strong></span> 
     </span>
    </p>
   </div>
   <div class='ocr_carea' id='block_1_69' title="bbox 2312 2452 3873 2526">
    <p class='ocr_par' dir='ltr' id='par_1_69' title="bbox 2312 2452 3873 2526">
     <span class='ocr_line' id='line_1_69' title="bbox 2312 2452 3873 2526; baseline -0.008 -12"><span class='ocrx_word' id='word_1_456' title='bbox 2312 2468 2469 2514; x_wconf 68' lang='lat' dir='ltr'><strong>aetate</strong></span> <span class='ocrx_word' id='word_1_457' title='bbox 2511 2460 2577 2514; x_wconf 89' lang='lat' dir='ltr'><strong>ad</strong></span> <span class='ocrx_word' id='word_1_458' title='bbox 2609 2458 2818 2514; x_wconf 91' lang='lat' dir='ltr'><strong>curiam</strong></span> <span class='ocrx_word' id='word_1_459' title='bbox 2859 2456 3204 2526; x_wconf 86' lang='lat' dir='ltr'><strong>imperatoris</strong></span> <span class='ocrx_word' id='word_1_460' title='bbox 3249 2454 3394 2525; x_wconf 73' lang='lat' dir='ltr'><strong>(qua:</strong></span> <span class='ocrx_word' id='word_1_461' title='bbox 3442 2452 3873 2507; x_wconf 86' lang='lat' dir='ltr'><strong>sacerdotiorum</strong></span> 
     </span>
    </p>
   </div>
   <div class='ocr_carea' id='block_1_70' title="bbox 2310 2532 3874 2616">
    <p class='ocr_par' dir='ltr' id='par_1_70' title="bbox 2310 2532 3874 2616">
     <span class='ocr_line' id='line_1_70' title="bbox 2310 2532 3874 2616; baseline -0.007 -15"><span class='ocrx_word' id='word_1_462' title='bbox 2310 2546 2814 2616; x_wconf 83' lang='lat' dir='ltr'><strong>conscquendorum</strong></span> <span class='ocrx_word' id='word_1_463' title='bbox 2856 2559 3019 2598; x_wconf 91' lang='lat' dir='ltr'><strong>causa</strong></span> <span class='ocrx_word' id='word_1_464' title='bbox 3046 2532 3236 2613; x_wconf 70' lang='lat'><strong>(284),</strong></span> <span class='ocrx_word' id='word_1_465' title='bbox 3289 2536 3348 2594; x_wconf 85' lang='lat' dir='ltr'><strong>ut</strong></span> <span class='ocrx_word' id='word_1_466' title='bbox 3390 2548 3580 2594; x_wconf 86' lang='lat' dir='ltr'><strong>nostro</strong></span> <span class='ocrx_word' id='word_1_467' title='bbox 3631 2547 3874 2607; x_wconf 66' lang='lat' dir='ltr'><strong>tempore</strong></span> 
     </span>
    </p>
   </div>
   <div class='ocr_carea' id='block_1_71' title="bbox 2303 2626 3872 2699">
    <p class='ocr_par' dir='ltr' id='par_1_71' title="bbox 2303 2626 3872 2699">
     <span class='ocr_line' id='line_1_71' title="bbox 2303 2626 3872 2699; baseline -0.005 -12"><span class='ocrx_word' id='word_1_468' title='bbox 2303 2634 2499 2689; x_wconf 55' lang='lat' dir='ltr'><strong>Romae</strong></span> <span class='ocrx_word' id='word_1_469' title='bbox 2522 2649 2640 2689; x_wconf 93' lang='lat' dir='ltr'><strong>mos</strong></span> <span class='ocrx_word' id='word_1_470' title='bbox 2659 2641 2762 2699; x_wconf 88' lang='lat' dir='ltr'><strong>est,</strong></span> <span class='ocrx_word' id='word_1_471' title='bbox 2786 2641 2914 2687; x_wconf 93' lang='lat' dir='ltr'><strong>tunc</strong></span> <span class='ocrx_word' id='word_1_472' title='bbox 2940 2647 3004 2686; x_wconf 81' lang='lat' dir='ltr'><strong>cx</strong></span> <span class='ocrx_word' id='word_1_473' title='bbox 3030 2639 3143 2686; x_wconf 92' lang='lat' dir='ltr'><strong>toto</strong></span> <span class='ocrx_word' id='word_1_474' title='bbox 3163 2630 3292 2685; x_wconf 91' lang='lat' dir='ltr'><strong>orbe</strong></span> <span class='ocrx_word' id='word_1_475' title='bbox 3315 2638 3577 2683; x_wconf 76' lang='lat' dir='ltr'><strong>terrarum</strong></span> <span class='ocrx_word' id='word_1_476' title='bbox 3614 2626 3872 2696; x_wconf 85' lang='lat' dir='ltr'><strong>frequen-</strong></span> 
     </span>
    </p>
   </div>
   <div class='ocr_carea' id='block_1_72' title="bbox 2312 2718 3872 2793">
    <p class='ocr_par' dir='ltr' id='par_1_72' title="bbox 2312 2718 3872 2793">
     <span class='ocr_line' id='line_1_72' title="bbox 2312 2718 3872 2793; baseline -0.006 -13"><span class='ocrx_word' id='word_1_477' title='bbox 2312 2726 2585 2793; x_wconf 72' lang='lat' dir='ltr'><strong>tabatur),</strong></span> <span class='ocrx_word' id='word_1_478' title='bbox 2632 2734 2691 2779; x_wconf 91' lang='lat' dir='ltr'><strong>ut</strong></span> <span class='ocrx_word' id='word_1_479' title='bbox 2740 2724 3010 2778; x_wconf 78' lang='lat' dir='ltr'><strong>fortunam</strong></span> <span class='ocrx_word' id='word_1_480' title='bbox 3044 2737 3197 2778; x_wconf 87' lang='lat' dir='ltr'><strong>suam</strong></span> <span class='ocrx_word' id='word_1_481' title='bbox 3230 2721 3582 2792; x_wconf 73' lang='lat' dir='ltr'><strong>experiretur,</strong></span> <span class='ocrx_word' id='word_1_482' title='bbox 3625 2718 3872 2781; x_wconf 84' lang='lat' dir='ltr'><strong>accessit,</strong></span> 
     </span>
    </p>
   </div>
   <div class='ocr_carea' id='block_1_73' title="bbox 2313 2804 3872 2879">
    <p class='ocr_par' dir='ltr' id='par_1_73' title="bbox 2313 2804 3872 2879">
     <span class='ocr_line' id='line_1_73' title="bbox 2313 2804 3872 2879; baseline -0.004 -14"><span class='ocrx_word' id='word_1_483' title='bbox 2313 2810 2605 2868; x_wconf 83' lang='lat' dir='ltr'><strong>Chunrado</strong></span> <span class='ocrx_word' id='word_1_484' title='bbox 2637 2811 2852 2865; x_wconf 83' lang='lat' dir='ltr'><strong>llenrici</strong></span> <span class='ocrx_word' id='word_1_485' title='bbox 2901 2810 2967 2863; x_wconf 89' lang='lat' dir='ltr'><strong>Ill</strong></span> <span class='ocrx_word' id='word_1_486' title='bbox 3010 2804 3165 2879; x_wconf 86' lang='lat' dir='ltr'><strong>patre</strong></span> <span class='ocrx_word' id='word_1_487' title='bbox 3212 2825 3397 2864; x_wconf 87' lang='lat' dir='ltr'><strong>rerum</strong></span> <span class='ocrx_word' id='word_1_488' title='bbox 3443 2808 3699 2878; x_wconf 80' lang='lat' dir='ltr'><strong>potiente.</strong></span> <span class='ocrx_word' id='word_1_489' title='bbox 3733 2805 3872 2861; x_wconf 88' lang='lat' dir='ltr'><strong>Cum</strong></span> 
     </span>
    </p>
   </div>
   <div class='ocr_carea' id='block_1_74' title="bbox 2315 2897 3875 2966">
    <p class='ocr_par' dir='ltr' id='par_1_74' title="bbox 2315 2897 3875 2966">
     <span class='ocr_line' id='line_1_74' title="bbox 2315 2897 3875 2966; baseline -0.003 -13"><span class='ocrx_word' id='word_1_490' title='bbox 2315 2909 2493 2953; x_wconf 89' lang='lat' dir='ltr'><strong>autem</strong></span> <span class='ocrx_word' id='word_1_491' title='bbox 2545 2900 2855 2954; x_wconf 83' lang='lat' dir='ltr'><strong>adolescens</strong></span> <span class='ocrx_word' id='word_1_492' title='bbox 2904 2898 3166 2952; x_wconf 84' lang='lat' dir='ltr'><strong>evasisset</strong></span> <span class='ocrx_word' id='word_1_493' title='bbox 3213 2898 3459 2966; x_wconf 77' lang='lat' dir='ltr'><strong>ingenio,</strong></span> <span class='ocrx_word' id='word_1_494' title='bbox 3507 2897 3761 2951; x_wconf 77' lang='lat' dir='ltr'><strong>facundia</strong></span> <span class='ocrx_word' id='word_1_495' title='bbox 3819 2905 3875 2949; x_wconf 86' lang='lat' dir='ltr'><strong>et</strong></span> 
     </span>
    </p>
   </div>
   <div class='ocr_carea' id='block_1_75' title="bbox 2315 2986 3870 3059">
    <p class='ocr_par' dir='ltr' id='par_1_75' title="bbox 2315 2986 3870 3059">
     <span class='ocr_line' id='line_1_75' title="bbox 2315 2986 3870 3059; baseline -0.003 -17"><span class='ocrx_word' id='word_1_496' title='bbox 2315 2990 2595 3059; x_wconf 88' lang='lat' dir='ltr'><strong>prudentia</strong></span> <span class='ocrx_word' id='word_1_497' title='bbox 2621 2989 2799 3049; x_wconf 86' lang='lat' dir='ltr'><strong>clarus</strong></span> <span class='ocrx_word' id='word_1_498' title='bbox 2822 2996 2876 3042; x_wconf 89' lang='lat' dir='ltr'><strong>et</strong></span> <span class='ocrx_word' id='word_1_499' title='bbox 2908 2986 3183 3041; x_wconf 85' lang='lat' dir='ltr'><strong>nobilitate</strong></span> <span class='ocrx_word' id='word_1_500' title='bbox 3211 2986 3516 3055; x_wconf 67' lang='lat' dir='ltr'><strong>praecipuus</strong></span> <span class='ocrx_word' id='word_1_501' title='bbox 3561 2986 3870 3049; x_wconf 75' lang='lat' dir='ltr'><strong>haberetur,</strong></span> 
     </span>
    </p>
   </div>
   <div class='ocr_carea' id='block_1_76' title="bbox 2316 3075 3876 3149">
    <p class='ocr_par' dir='ltr' id='par_1_76' title="bbox 2316 3075 3876 3149">
     <span class='ocr_line' id='line_1_76' title="bbox 2316 3075 3876 3149; baseline -0.004 -15"><span class='ocrx_word' id='word_1_502' title='bbox 2316 3079 2577 3149; x_wconf 85' lang='lat' dir='ltr'><strong>paulatim</strong></span> <span class='ocrx_word' id='word_1_503' title='bbox 2625 3080 2679 3134; x_wconf 91' lang='lat' dir='ltr'><strong>in</strong></span> <span class='ocrx_word' id='word_1_504' title='bbox 2720 3078 2968 3149; x_wconf 79' lang='lat' dir='ltr'><strong>gratiam-</strong></span> <span class='ocrx_word' id='word_1_505' title='bbox 3006 3076 3219 3131; x_wconf 77' lang='lat' dir='ltr'><strong>llcnrici</strong></span> <span class='ocrx_word' id='word_1_506' title='bbox 3263 3075 3328 3128; x_wconf 82' lang='grc' dir='ltr'><strong>ΠΙ</strong></span> <span class='ocrx_word' id='word_1_507' title='bbox 3372 3075 3642 3145; x_wconf 76' lang='lat' dir='ltr'><strong>pervenit;</strong></span> <span class='ocrx_word' id='word_1_508' title='bbox 3692 3090 3876 3143; x_wconf 28' lang='lat' dir='ltr'><strong>axqzzo</strong></span> 
     </span>
    </p>
   </div>
   <div class='ocr_carea' id='block_1_77' title="bbox 2318 3161 3875 3238">
    <p class='ocr_par' dir='ltr' id='par_1_77' title="bbox 2318 3161 3875 3238">
     <span class='ocr_line' id='line_1_77' title="bbox 2318 3161 3875 3238; baseline -0.004 -15"><span class='ocrx_word' id='word_1_509' title='bbox 2318 3168 2695 3238; x_wconf 79' lang='lat' dir='ltr'><strong>permagnificc</strong></span> <span class='ocrx_word' id='word_1_510' title='bbox 2742 3184 2953 3237; x_wconf 85' lang='lat' dir='ltr'><strong>semper</strong></span> <span class='ocrx_word' id='word_1_511' title='bbox 2996 3175 3267 3221; x_wconf 16' lang='lat' dir='ltr'><strong>tractatus.</strong></span> <span class='ocrx_word' id='word_1_512' title='bbox 3300 3161 3402 3220; x_wconf 77' lang='lat' dir='ltr'><strong>est.</strong></span> <span class='ocrx_word' id='word_1_513' title='bbox 3452 3165 3607 3234; x_wconf 80' lang='lat' dir='ltr'><strong>Apud</strong></span> <span class='ocrx_word' id='word_1_514' title='bbox 3651 3181 3875 3218; x_wconf 76' lang='lat' dir='ltr'><strong>uxorein</strong></span> 
     </span>
    </p>
   </div>
   <div class='ocr_carea' id='block_1_78' title="bbox 2322 3254 3955 3324">
    <p class='ocr_par' dir='ltr' id='par_1_78' title="bbox 2322 3254 3955 3324">
     <span class='ocr_line' id='line_1_78' title="bbox 2322 3254 3955 3324; baseline -0.002 -15"><span class='ocrx_word' id='word_1_515' title='bbox 2322 3271 2452 3309; x_wconf 88' lang='lat' dir='ltr'><strong>vero</strong></span> <span class='ocrx_word' id='word_1_516' title='bbox 2481 3256 2598 3324; x_wconf 88' lang='lat' dir='ltr'><strong>ejus</strong></span> <span class='ocrx_word' id='word_1_517' title='bbox 2622 3255 2879 3323; x_wconf 78' lang='lat' dir='ltr'><strong>Agnctcm</strong></span> <span class='ocrx_word' id='word_1_518' title='bbox 2911 3262 3117 3307; x_wconf 90' lang='lat' dir='ltr'><strong>tantum</strong></span> <span class='ocrx_word' id='word_1_519' title='bbox 3142 3254 3311 3323; x_wconf 83' lang='lat' dir='ltr'><strong>gratia</strong></span> <span class='ocrx_word' id='word_1_520' title='bbox 3344 3262 3399 3307; x_wconf 85' lang='lat' dir='ltr'><strong>et</strong></span> <span class='ocrx_word' id='word_1_521' title='bbox 3436 3254 3755 3306; x_wconf 83' lang='lat' dir='ltr'><strong>auctoritate</strong></span> <span class='ocrx_word' id='word_1_522' title='bbox 3779 3269 3875 3306; x_wconf 80' lang='lat' dir='ltr'><strong>va-</strong></span> <span class='ocrx_word' id='word_1_523' title='bbox 3952 3312 3955 3313; x_wconf 22' lang='grc' dir='ltr'><em>ν</em></span> 
     </span>
    </p>
   </div>
   <div class='ocr_carea' id='block_1_79' title="bbox 2322 3341 3877 3413">
    <p class='ocr_par' dir='ltr' id='par_1_79' title="bbox 2322 3341 3877 3413">
     <span class='ocr_line' id='line_1_79' title="bbox 2322 3341 3877 3413; baseline -0.002 -16"><span class='ocrx_word' id='word_1_524' title='bbox 2322 3345 2442 3409; x_wconf 87' lang='lat' dir='ltr'><strong>luit,</strong></span> <span class='ocrx_word' id='word_1_525' title='bbox 2470 3352 2530 3397; x_wconf 90' lang='lat' dir='ltr'><strong>ut</strong></span> <span class='ocrx_word' id='word_1_526' title='bbox 2558 3344 2734 3413; x_wconf 89' lang='lat' dir='ltr'><strong>ipsum</strong></span> <span class='ocrx_word' id='word_1_527' title='bbox 2758 3341 2926 3396; x_wconf 87' lang='lat' dir='ltr'><strong>ltalici</strong></span> <span class='ocrx_word' id='word_1_528' title='bbox 2958 3341 3108 3411; x_wconf 79' lang='lat' dir='ltr'><strong>regni</strong></span> <span class='ocrx_word' id='word_1_529' title='bbox 3132 3342 3511 3395; x_wconf 89' lang='lat' dir='ltr'><strong>cancellarium</strong></span> <span class='ocrx_word' id='word_1_530' title='bbox 3542 3342 3715 3395; x_wconf 87' lang='lat' dir='ltr'><strong>creari</strong></span> <span class='ocrx_word' id='word_1_531' title='bbox 3750 3354 3877 3410; x_wconf 82' lang='lat' dir='ltr'><strong>pro-</strong></span> 
     </span>
    </p>
   </div>
   <div class='ocr_carea' id='block_1_80' title="bbox 2323 3432 3873 3502">
    <p class='ocr_par' dir='ltr' id='par_1_80' title="bbox 2323 3432 3873 3502">
     <span class='ocr_line' id='line_1_80' title="bbox 2323 3432 3873 3502; baseline -0.005 -11"><span class='ocrx_word' id='word_1_532' title='bbox 2323 3434 2543 3491; x_wconf 88' lang='lat' dir='ltr'><strong>curarit.</strong></span> <span class='ocrx_word' id='word_1_533' title='bbox 2577 3432 2713 3487; x_wconf 86' lang='lat' dir='ltr'><strong>Eum</strong></span> <span class='ocrx_word' id='word_1_534' title='bbox 2734 3433 2877 3487; x_wconf 91' lang='lat' dir='ltr'><strong>enim</strong></span> <span class='ocrx_word' id='word_1_535' title='bbox 2904 3432 3208 3502; x_wconf 88' lang='lat' dir='ltr'><strong>providum,</strong></span> <span class='ocrx_word' id='word_1_536' title='bbox 3243 3440 3522 3486; x_wconf 90' lang='lat' dir='ltr'><strong>strenuum</strong></span> <span class='ocrx_word' id='word_1_537' title='bbox 3562 3440 3616 3485; x_wconf 82' lang='lat' dir='ltr'><strong>et</strong></span> <span class='ocrx_word' id='word_1_538' title='bbox 3639 3432 3873 3499; x_wconf 80' lang='lat' dir='ltr'><strong>pruden-</strong></span> 
     </span>
    </p>
   </div>
   <div class='ocr_carea' id='block_1_81' title="bbox 2322 3517 3871 3590">
    <p class='ocr_par' dir='ltr' id='par_1_81' title="bbox 2322 3517 3871 3590">
     <span class='ocr_line' id='line_1_81' title="bbox 2322 3517 3871 3590; baseline -0.005 -11"><span class='ocrx_word' id='word_1_539' title='bbox 2322 3534 2432 3579; x_wconf 85' lang='lat' dir='ltr'><strong>tem</strong></span> <span class='ocrx_word' id='word_1_540' title='bbox 2455 3524 2630 3577; x_wconf 88' lang='lat' dir='ltr'><strong>virum</strong></span> <span class='ocrx_word' id='word_1_541' title='bbox 2654 3522 2709 3575; x_wconf 93' lang='lat' dir='ltr'><strong>in</strong></span> <span class='ocrx_word' id='word_1_542' title='bbox 2736 3522 2921 3576; x_wconf 88' lang='lat' dir='ltr'><strong>multis</strong></span> <span class='ocrx_word' id='word_1_543' title='bbox 2945 3520 3129 3575; x_wconf 88' lang='lat' dir='ltr'><strong>arduis</strong></span> <span class='ocrx_word' id='word_1_544' title='bbox 3159 3520 3387 3590; x_wconf 76' lang='lat' dir='ltr'><strong>negotiis</strong></span> <span class='ocrx_word' id='word_1_545' title='bbox 3425 3530 3645 3589; x_wconf 78' lang='lat' dir='ltr'><strong>experta</strong></span> <span class='ocrx_word' id='word_1_546' title='bbox 3679 3517 3871 3573; x_wconf 71' lang='lat' dir='ltr'><strong>fuerat.</strong></span> 
     </span>
    </p>
   </div>
   <div class='ocr_carea' id='block_1_82' title="bbox 2322 3596 3873 3681">
    <p class='ocr_par' dir='ltr' id='par_1_82' title="bbox 2322 3596 3873 3681">
     <span class='ocr_line' id='line_1_82' title="bbox 2322 3596 3873 3681; baseline -0.005 -13"><span class='ocrx_word' id='word_1_547' title='bbox 2322 3613 2445 3679; x_wconf 83' lang='lat' dir='ltr'><strong>Quo</strong></span> <span class='ocrx_word' id='word_1_548' title='bbox 2476 3622 2717 3681; x_wconf 87' lang='lat' dir='ltr'><strong>tempore</strong></span> <span class='ocrx_word' id='word_1_549' title='bbox 2756 3612 2823 3665; x_wconf 88' lang='lat' dir='ltr'><strong>ad</strong></span> <span class='ocrx_word' id='word_1_550' title='bbox 2852 3596 3207 3679; x_wconf 82' lang='lat' dir='ltr'><strong>ejusnutum,</strong></span> <span class='ocrx_word' id='word_1_551' title='bbox 3250 3619 3306 3663; x_wconf 91' lang='lat' dir='ltr'><strong>et</strong></span> <span class='ocrx_word' id='word_1_552' title='bbox 3338 3610 3667 3664; x_wconf 73' lang='lat' dir='ltr'><strong>voluntatem</strong></span> <span class='ocrx_word' id='word_1_553' title='bbox 3703 3618 3873 3663; x_wconf 83' lang='lat' dir='ltr'><strong>totum</strong></span> 
     </span>
    </p>
   </div>
   <div class='ocr_carea' id='block_1_83' title="bbox 2324 3699 3874 3773">
    <p class='ocr_par' dir='ltr' id='par_1_83' title="bbox 2324 3699 3874 3773">
     <span class='ocr_line' id='line_1_83' title="bbox 2324 3699 3874 3773; baseline -0.004 -15"><span class='ocrx_word' id='word_1_554' title='bbox 2324 3702 2535 3773; x_wconf 90' lang='lat' dir='ltr'><strong>imperii</strong></span> <span class='ocrx_word' id='word_1_555' title='bbox 2583 3702 2797 3771; x_wconf 90' lang='lat' dir='ltr'><strong>pondus</strong></span> <span class='ocrx_word' id='word_1_556' title='bbox 2839 3701 3182 3766; x_wconf 87' lang='lat' dir='ltr'><strong>vertebatur;</strong></span> <span class='ocrx_word' id='word_1_557' title='bbox 3220 3700 3277 3753; x_wconf 89' lang='lat' dir='ltr'><strong>in</strong></span> <span class='ocrx_word' id='word_1_558' title='bbox 3317 3716 3427 3769; x_wconf 88' lang='lat' dir='ltr'><strong>quo</strong></span> <span class='ocrx_word' id='word_1_559' title='bbox 3460 3716 3686 3754; x_wconf 87' lang='lat' dir='ltr'><strong>munere</strong></span> <span class='ocrx_word' id='word_1_560' title='bbox 3728 3699 3874 3753; x_wconf 62' lang='grc'><strong>111111-</strong></span> 
     </span>
    </p>
   </div>
   <div class='ocr_carea' id='block_1_84' title="bbox 2326 3792 3877 3852">
    <p class='ocr_par' dir='ltr' id='par_1_84' title="bbox 2326 3792 3877 3852">
     <span class='ocr_line' id='line_1_84' title="bbox 2326 3792 3877 3852; baseline -0.005 -1"><span class='ocrx_word' id='word_1_561' title='bbox 2326 3798 2442 3852; x_wconf 90' lang='lat' dir='ltr'><strong>rico</strong></span> <span class='ocrx_word' id='word_1_562' title='bbox 2471 3796 2537 3849; x_wconf 91' lang='lat' dir='ltr'><strong>lll</strong></span> <span class='ocrx_word' id='word_1_563' title='bbox 2558 3796 2769 3849; x_wconf 85' lang='lat' dir='ltr'><strong>Caesare</strong></span> <span class='ocrx_word' id='word_1_564' title='bbox 2796 3793 3057 3848; x_wconf 87' lang='lat' dir='ltr'><strong>Cadolum</strong></span> <span class='ocrx_word' id='word_1_565' title='bbox 3080 3792 3468 3846; x_wconf 86' lang='lat' dir='ltr'><strong>Pallavicinum</strong></span> <span class='ocrx_word' id='word_1_566' title='bbox 3490 3792 3545 3844; x_wconf 90' lang='lat' dir='ltr'><strong>in</strong></span> <span class='ocrx_word' id='word_1_567' title='bbox 3587 3792 3877 3846; x_wconf 84' lang='lat' dir='ltr'><strong>schismate</strong></span> 
     </span>
    </p>
   </div>
   <div class='ocr_carea' id='block_1_85' title="bbox 2327 3880 3877 3965">
    <p class='ocr_par' dir='ltr' id='par_1_85' title="bbox 2327 3880 3877 3965">
     <span class='ocr_line' id='line_1_85' title="bbox 2327 3880 3877 3965; baseline -0.005 -24"><span class='ocrx_word' id='word_1_568' title='bbox 2327 3895 2514 3943; x_wconf 89' lang='lat' dir='ltr'><strong>contra</strong></span> <span class='ocrx_word' id='word_1_569' title='bbox 2550 3884 2911 3938; x_wconf 76' lang='lat' dir='ltr'><strong>Alexandrum</strong></span> <span class='ocrx_word' id='word_1_570' title='bbox 2948 3882 2992 3935; x_wconf 88' lang='lat' dir='ltr'><strong>ll</strong></span> <span class='ocrx_word' id='word_1_571' title='bbox 3026 3882 3329 3953; x_wconf 87' lang='lat' dir='ltr'><strong>pontificem</strong></span> <span class='ocrx_word' id='word_1_572' title='bbox 3364 3890 3605 3965; x_wconf 75' lang='lat' dir='ltr'><strong>creatum</strong></span> <span class='ocrx_word' id='word_1_573' title='bbox 3644 3880 3877 3965; x_wconf 75' lang='lat' dir='ltr'><strong>maxime</strong></span> 
     </span>
    </p>
   </div>
   <div class='ocr_carea' id='block_1_86' title="bbox 2328 3957 3874 4042">
    <p class='ocr_par' dir='ltr' id='par_1_86' title="bbox 2328 3957 3874 4042">
     <span class='ocr_line' id='line_1_86' title="bbox 2328 3957 3874 4042; baseline -0.005 -13"><span class='ocrx_word' id='word_1_574' title='bbox 2328 3975 2564 4041; x_wconf 77' lang='lat' dir='ltr'><strong>fovit,et,</strong></span> <span class='ocrx_word' id='word_1_575' title='bbox 2588 3974 2717 4028; x_wconf 90' lang='lat' dir='ltr'><strong>dum</strong></span> <span class='ocrx_word' id='word_1_576' title='bbox 2746 3967 2940 4042; x_wconf 89' lang='lat' dir='ltr'><strong>potuit,</strong></span> <span class='ocrx_word' id='word_1_577' title='bbox 2963 3972 3017 4025; x_wconf 92' lang='lat' dir='ltr'><strong>in</strong></span> <span class='ocrx_word' id='word_1_578' title='bbox 3048 3971 3319 4042; x_wconf 81' lang='lat' dir='ltr'><strong>pontiﬁcia</strong></span> <span class='ocrx_word' id='word_1_579' title='bbox 3349 3957 3607 4041; x_wconf 78' lang='lat' dir='ltr'><strong>dignitate</strong></span> <span class='ocrx_word' id='word_1_580' title='bbox 3624 3957 3874 4039; x_wconf 73' lang='lat' dir='ltr'><strong>protexit.</strong></span> 
     </span>
    </p>
   </div>
   <div class='ocr_carea' id='block_1_87' title="bbox 2395 4060 3876 4133">
    <p class='ocr_par' dir='ltr' id='par_1_87' title="bbox 2395 4060 3876 4133">
     <span class='ocr_line' id='line_1_87' title="bbox 2395 4060 3876 4133; baseline -0.005 -13"><span class='ocrx_word' id='word_1_581' title='bbox 2395 4064 2660 4120; x_wconf 65' lang='lat' dir='ltr'><strong>Caeterum</strong></span> <span class='ocrx_word' id='word_1_582' title='bbox 2691 4062 2895 4133; x_wconf 80' lang='lat' dir='ltr'><strong>Agnete</strong></span> <span class='ocrx_word' id='word_1_583' title='bbox 2926 4061 3268 4130; x_wconf 88' lang='lat' dir='ltr'><strong>imperatrice</strong></span> <span class='ocrx_word' id='word_1_584' title='bbox 3302 4076 3332 4114; x_wconf 88' lang='lat' dir='ltr'><strong>a</strong></span> <span class='ocrx_word' id='word_1_585' title='bbox 3364 4074 3549 4114; x_wconf 88' lang='lat' dir='ltr'><strong>rerum</strong></span> <span class='ocrx_word' id='word_1_586' title='bbox 3584 4074 3715 4113; x_wconf 90' lang='lat' dir='ltr'><strong>cura</strong></span> <span class='ocrx_word' id='word_1_587' title='bbox 3742 4060 3876 4113; x_wconf 86' lang='lat' dir='ltr'><strong>sub-</strong></span> 
     </span>
    </p>
   </div>
   <div class='ocr_carea' id='block_1_88' title="bbox 2330 4149 3876 4225">
    <p class='ocr_par' dir='ltr' id='par_1_88' title="bbox 2330 4149 3876 4225">
     <span class='ocr_line' id='line_1_88' title="bbox 2330 4149 3876 4225; baseline -0.005 -15"><span class='ocrx_word' id='word_1_588' title='bbox 2330 4164 2508 4221; x_wconf 89' lang='lat' dir='ltr'><strong>mota,</strong></span> <span class='ocrx_word' id='word_1_589' title='bbox 2545 4154 2741 4225; x_wconf 86' lang='lat' dir='ltr'><strong>quibus</strong></span> <span class='ocrx_word' id='word_1_590' title='bbox 2770 4154 2859 4206; x_wconf 89' lang='lat' dir='ltr'><strong>diu</strong></span> <span class='ocrx_word' id='word_1_591' title='bbox 2904 4161 3026 4222; x_wconf 85' lang='lat' dir='ltr'><strong>post</strong></span> <span class='ocrx_word' id='word_1_592' title='bbox 3057 4150 3271 4205; x_wconf 83' lang='lat' dir='ltr'><strong>llenrici</strong></span> <span class='ocrx_word' id='word_1_593' title='bbox 3299 4149 3363 4203; x_wconf 87' lang='lat' dir='ltr'><strong>lll</strong></span> <span class='ocrx_word' id='word_1_594' title='bbox 3399 4150 3579 4204; x_wconf 87' lang='lat' dir='ltr'><strong>mariti</strong></span> <span class='ocrx_word' id='word_1_595' title='bbox 3615 4150 3699 4203; x_wconf 90' lang='lat' dir='ltr'><strong>sui</strong></span> <span class='ocrx_word' id='word_1_596' title='bbox 3730 4164 3876 4202; x_wconf 85' lang='lat' dir='ltr'><strong>mor-</strong></span> 
     </span>
    </p>
   </div>
   <div class='ocr_carea' id='block_1_89' title="bbox 2332 4235 3874 4318">
    <p class='ocr_par' dir='ltr' id='par_1_89' title="bbox 2332 4235 3874 4318">
     <span class='ocr_line' id='line_1_89' title="bbox 2332 4235 3874 4318; baseline -0.006 -16"><span class='ocrx_word' id='word_1_597' title='bbox 2332 4235 2460 4313; x_wconf 84' lang='lat' dir='ltr'><strong>tem,</strong></span> <span class='ocrx_word' id='word_1_598' title='bbox 2497 4247 2642 4318; x_wconf 90' lang='lat' dir='ltr'><strong>quod</strong></span> <span class='ocrx_word' id='word_1_599' title='bbox 2669 4261 2801 4315; x_wconf 86' lang='lat' dir='ltr'><strong>puer</strong></span> <span class='ocrx_word' id='word_1_600' title='bbox 2834 4252 2949 4298; x_wconf 90' lang='lat' dir='ltr'><strong>erat</strong></span> <span class='ocrx_word' id='word_1_601' title='bbox 2980 4244 3155 4297; x_wconf 90' lang='lat' dir='ltr'><strong>adhuc</strong></span> <span class='ocrx_word' id='word_1_602' title='bbox 3190 4244 3209 4297; x_wconf 84' lang='lat' dir='ltr'><strong>f</strong></span> <span class='ocrx_word' id='word_1_603' title='bbox 3228 4244 3333 4297; x_wconf 84' lang='lat' dir='ltr'><strong>lius</strong></span> <span class='ocrx_word' id='word_1_604' title='bbox 3363 4242 3483 4312; x_wconf 87' lang='lat' dir='ltr'><strong>ejus</strong></span> <span class='ocrx_word' id='word_1_605' title='bbox 3516 4240 3701 4296; x_wconf 60' lang='lat' dir='ltr'><strong>Caesar</strong></span> <span class='ocrx_word' id='word_1_606' title='bbox 3727 4239 3874 4295; x_wconf 86' lang='lat' dir='ltr'><strong>Hen-</strong></span> 
     </span>
    </p>
   </div>
   <div class='ocr_carea' id='block_1_90' title="bbox 2330 4328 3877 4407">
    <p class='ocr_par' dir='ltr' id='par_1_90' title="bbox 2330 4328 3877 4407">
     <span class='ocr_line' id='line_1_90' title="bbox 2330 4328 3877 4407; baseline -0.008 -12"><span class='ocrx_word' id='word_1_607' title='bbox 2330 4340 2511 4404; x_wconf 89' lang='lat' dir='ltr'><strong>ricus,</strong></span> <span class='ocrx_word' id='word_1_608' title='bbox 2568 4336 2897 4407; x_wconf 61' lang='lat' dir='ltr'><strong>praefuerat;</strong></span> <span class='ocrx_word' id='word_1_609' title='bbox 2949 4328 3074 4390; x_wconf 76' lang='lat' dir='ltr'><strong>cum</strong></span> <span class='ocrx_word' id='word_1_610' title='bbox 3128 4335 3465 4401; x_wconf 69' lang='lat' dir='ltr'><strong>ne:,otiorum</strong></span> <span class='ocrx_word' id='word_1_611' title='bbox 3522 4332 3877 4405; x_wconf 66' lang='lat' dir='ltr'><strong>impaialium</strong></span> 
     </span>
    </p>
   </div>
   <div class='ocr_carea' id='block_1_91' title="bbox 2331 4413 3879 4495">
    <p class='ocr_par' dir='ltr' id='par_1_91' title="bbox 2331 4413 3879 4495">
     <span class='ocr_line' id='line_1_91' title="bbox 2331 4413 3879 4495; baseline -0.008 -10"><span class='ocrx_word' id='word_1_612' title='bbox 2331 4444 2537 4485; x_wconf 86' lang='lat' dir='ltr'><strong>morem</strong></span> <span class='ocrx_word' id='word_1_613' title='bbox 2564 4428 2900 4484; x_wconf 86' lang='lat' dir='ltr'><strong>tractandum</strong></span> <span class='ocrx_word' id='word_1_614' title='bbox 2924 4430 3022 4495; x_wconf 89' lang='lat' dir='ltr'><strong>pro</strong></span> <span class='ocrx_word' id='word_1_615' title='bbox 3056 4441 3179 4494; x_wconf 79' lang='lat' dir='ltr'><strong>rege</strong></span> <span class='ocrx_word' id='word_1_616' title='bbox 3213 4439 3380 4494; x_wconf 76' lang='lat' dir='ltr'><strong>puero</strong></span> <span class='ocrx_word' id='word_1_617' title='bbox 3401 4423 3559 4476; x_wconf 82' lang='lat' dir='ltr'><strong>Anno</strong></span> <span class='ocrx_word' id='word_1_618' title='bbox 3591 4413 3879 4485; x_wconf 82' lang='lat' dir='ltr'><strong>Colonien-</strong></span> 
     </span>
    </p>
   </div>
   <div class='ocr_carea' id='block_1_92' title="bbox 2332 4510 3877 4585">
    <p class='ocr_par' dir='ltr' id='par_1_92' title="bbox 2332 4510 3877 4585">
     <span class='ocr_line' id='line_1_92' title="bbox 2332 4510 3877 4585; baseline -0.007 -12"><span class='ocrx_word' id='word_1_619' title='bbox 2332 4521 2409 4574; x_wconf 89' lang='lat' dir='ltr'><strong>sis</strong></span> <span class='ocrx_word' id='word_1_620' title='bbox 2456 4518 2897 4585; x_wconf 83' lang='lat' dir='ltr'><strong>archiepiscopus</strong></span> <span class='ocrx_word' id='word_1_621' title='bbox 2925 4531 2991 4568; x_wconf 87' lang='lat' dir='ltr'><strong>ex</strong></span> <span class='ocrx_word' id='word_1_622' title='bbox 3031 4510 3337 4583; x_wconf 73' lang='lat' dir='ltr'><strong>principum</strong></span> <span class='ocrx_word' id='word_1_623' title='bbox 3371 4526 3642 4564; x_wconf 89' lang='lat' dir='ltr'><strong>consensu</strong></span> <span class='ocrx_word' id='word_1_624' title='bbox 3689 4522 3877 4562; x_wconf 87' lang='lat' dir='ltr'><strong>susce-</strong></span> 
     </span>
    </p>
   </div>
   <div class='ocr_carea' id='block_1_93' title="bbox 700 4595 3880 4678">
    <p class='ocr_par' dir='ltr' id='par_1_93' title="bbox 700 4595 3880 4678">
     <span class='ocr_line' id='line_1_93' title="bbox 700 4595 3880 4678; baseline 0.002 -32"><span class='ocrx_word' id='word_1_625' title='bbox 700 4605 946 4666; x_wconf 85' lang='lat' dir='ltr'><strong>occupato</strong></span> <span class='ocrx_word' id='word_1_626' title='bbox 987 4598 1042 4649; x_wconf 88' lang='lat' dir='ltr'><strong>in</strong></span> <span class='ocrx_word' id='word_1_627' title='bbox 1088 4596 1186 4649; x_wconf 84' lang='lat' dir='ltr'><strong>Dei</strong></span> <span class='ocrx_word' id='word_1_628' title='bbox 1233 4595 1510 4662; x_wconf 81' lang='lat' dir='ltr'><strong>voluntate,</strong></span> <span class='ocrx_word' id='word_1_629' title='bbox 1548 4607 1700 4667; x_wconf 88' lang='lat' dir='ltr'><strong>atque</strong></span> <span class='ocrx_word' id='word_1_630' title='bbox 1732 4601 1961 4678; x_wconf 85' lang='lat' dir='ltr'><strong>onmium</strong></span> <span class='ocrx_word' id='word_1_631' title='bbox 2001 4613 2234 4655; x_wconf 84' lang='lat' dir='ltr'><strong>nostrum</strong></span> <span class='ocrx_word' id='word_1_632' title='bbox 2267 4618 2308 4673; x_wconf 80' lang='grc' dir='ltr'><strong>ο</strong></span> <span class='ocrx_word' id='word_1_633' title='bbox 2333 4610 2521 4678; x_wconf 81' lang='lat' dir='ltr'><strong>piss&#39;et,</strong></span> <span class='ocrx_word' id='word_1_634' title='bbox 2558 4606 2847 4674; x_wconf 73' lang='lat' dir='ltr'><strong>Guibertus</strong></span> <span class='ocrx_word' id='word_1_635' title='bbox 2882 4604 3057 4656; x_wconf 88' lang='lat' dir='ltr'><strong>olIicio</strong></span> <span class='ocrx_word' id='word_1_636' title='bbox 3102 4618 3203 4656; x_wconf 90' lang='lat' dir='ltr'><strong>suo</strong></span> <span class='ocrx_word' id='word_1_637' title='bbox 3238 4602 3484 4670; x_wconf 80' lang='lat' dir='ltr'><strong>privatus</strong></span> <span class='ocrx_word' id='word_1_638' title='bbox 3518 4609 3630 4664; x_wconf 89' lang='lat' dir='ltr'><strong>est;</strong></span> <span class='ocrx_word' id='word_1_639' title='bbox 3667 4598 3880 4654; x_wconf 74' lang='lat' dir='ltr'><strong>Vercel-</strong></span> 
     </span>
    </p>
   </div>
   <div class='ocr_carea' id='block_1_94' title="bbox 698 4674 2237 4761">
    <p class='ocr_par' dir='ltr' id='par_1_94' title="bbox 698 4674 2237 4761">
     <span class='ocr_line' id='line_1_94' title="bbox 698 4674 2237 4761; baseline 0.004 -24"><span class='ocrx_word' id='word_1_640' title='bbox 698 4696 947 4740; x_wconf 78' lang='lat' dir='ltr'><strong>ro‘nsensu</strong></span> <span class='ocrx_word' id='word_1_641' title='bbox 995 4687 1261 4748; x_wconf 88' lang='lat' dir='ltr'><strong>ordinato,</strong></span> <span class='ocrx_word' id='word_1_642' title='bbox 1310 4688 1539 4757; x_wconf 77' lang='lat' dir='ltr'><strong>quisquis</strong></span> <span class='ocrx_word' id='word_1_643' title='bbox 1570 4690 1685 4756; x_wconf 82' lang='lat' dir='ltr'><strong>jam</strong></span> <span class='ocrx_word' id='word_1_644' title='bbox 1720 4674 1985 4761; x_wconf 84' lang='lat' dir='ltr'><strong>episcopus</strong></span> <span class='ocrx_word' id='word_1_645' title='bbox 2018 4692 2237 4745; x_wconf 76' lang='lat' dir='ltr'><strong>voluerit</strong></span> 
     </span>
    </p>
   </div>
   <div class='ocr_carea' id='block_1_95' title="bbox 700 4776 2239 4845">
    <p class='ocr_par' dir='ltr' id='par_1_95' title="bbox 700 4776 2239 4845">
     <span class='ocr_line' id='line_1_95' title="bbox 700 4776 2239 4845; baseline 0.003 -18"><span class='ocrx_word' id='word_1_646' title='bbox 700 4778 838 4843; x_wconf 77' lang='lat' dir='ltr'><strong>fieri,</strong></span> <span class='ocrx_word' id='word_1_647' title='bbox 870 4777 1012 4845; x_wconf 83' lang='lat' dir='ltr'><strong>foras</strong></span> <span class='ocrx_word' id='word_1_648' title='bbox 1046 4776 1161 4844; x_wconf 78' lang='lat' dir='ltr'><strong>ﬁeri</strong></span> <span class='ocrx_word' id='word_1_649' title='bbox 1191 4792 1387 4829; x_wconf 84' lang='lat' dir='ltr'><strong>necesse</strong></span> <span class='ocrx_word' id='word_1_650' title='bbox 1425 4786 1527 4839; x_wconf 85' lang='lat' dir='ltr'><strong>est;</strong></span> <span class='ocrx_word' id='word_1_651' title='bbox 1558 4793 1659 4830; x_wconf 89' lang='lat' dir='ltr'><strong>non</strong></span> <span class='ocrx_word' id='word_1_652' title='bbox 1698 4778 1882 4831; x_wconf 83' lang='lat' dir='ltr'><strong>habeat</strong></span> <span class='ocrx_word' id='word_1_653' title='bbox 1923 4779 2239 4844; x_wconf 73' lang='lat' dir='ltr'><strong>ecclesiasti-</strong></span> 
     </span>
    </p>
   </div>
   <div class='ocr_carea' id='block_1_96' title="bbox 701 4863 2235 4933">
    <p class='ocr_par' dir='ltr' id='par_1_96' title="bbox 701 4863 2235 4933">
     <span class='ocr_line' id='line_1_96' title="bbox 701 4863 2235 4933; baseline 0.001 -16"><span class='ocrx_word' id='word_1_654' title='bbox 701 4882 815 4918; x_wconf 86' lang='lat' dir='ltr'><strong>cam</strong></span> <span class='ocrx_word' id='word_1_655' title='bbox 844 4865 1241 4928; x_wconf 85' lang='lat' dir='ltr'><strong>ordinationem,</strong></span> <span class='ocrx_word' id='word_1_656' title='bbox 1279 4865 1368 4933; x_wconf 87' lang='lat' dir='ltr'><strong>qui</strong></span> <span class='ocrx_word' id='word_1_657' title='bbox 1408 4863 1652 4919; x_wconf 80' lang='lat' dir='ltr'><strong>Ecclesia:</strong></span> <span class='ocrx_word' id='word_1_658' title='bbox 1674 4882 1774 4918; x_wconf 85' lang='lat' dir='ltr'><strong>non</strong></span> <span class='ocrx_word' id='word_1_659' title='bbox 1810 4875 1943 4919; x_wconf 86' lang='lat' dir='ltr'><strong>tenet</strong></span> <span class='ocrx_word' id='word_1_660' title='bbox 1962 4867 2235 4932; x_wconf 80' lang='lat' dir='ltr'><strong>unitatem,</strong></span> 
     </span>
    </p>
   </div>
   <div class='ocr_carea' id='block_1_97' title="bbox 701 4944 2238 5023">
    <p class='ocr_par' dir='ltr' id='par_1_97' title="bbox 701 4944 2238 5023">
     <span class='ocr_line' id='line_1_97' title="bbox 701 4944 2238 5023; baseline 0 -16"><span class='ocrx_word' id='word_1_661' title='bbox 701 4952 933 5023; x_wconf 79' lang='lat' dir='ltr'><strong>quisquis</strong></span> <span class='ocrx_word' id='word_1_662' title='bbox 968 4954 1057 5007; x_wconf 84' lang='lat' dir='ltr'><strong>ille</strong></span> <span class='ocrx_word' id='word_1_663' title='bbox 1086 4955 1263 5020; x_wconf 78' lang='lat' dir='ltr'><strong>fuerit,</strong></span> <span class='ocrx_word' id='word_1_664' title='bbox 1290 4952 1409 5006; x_wconf 84' lang='lat' dir='ltr'><strong>licet</strong></span> <span class='ocrx_word' id='word_1_665' title='bbox 1437 4954 1653 5007; x_wconf 85' lang='lat' dir='ltr'><strong>multum</strong></span> <span class='ocrx_word' id='word_1_666' title='bbox 1686 4944 1749 5008; x_wconf 90' lang='lat' dir='ltr'><strong>de</strong></span> <span class='ocrx_word' id='word_1_667' title='bbox 1781 4971 1833 5009; x_wconf 88' lang='lat' dir='ltr'><strong>se</strong></span> <span class='ocrx_word' id='word_1_668' title='bbox 1858 4955 2090 5023; x_wconf 85' lang='lat' dir='ltr'><strong>jactans,</strong></span> <span class='ocrx_word' id='word_1_669' title='bbox 2136 4954 2238 5008; x_wconf 86' lang='lat' dir='ltr'><strong>sibi</strong></span> 
     </span>
    </p>
   </div>
   <div class='ocr_carea' id='block_1_98' title="bbox 703 5042 2237 5112">
    <p class='ocr_par' dir='ltr' id='par_1_98' title="bbox 703 5042 2237 5112">
     <span class='ocr_line' id='line_1_98' title="bbox 703 5042 2237 5112; baseline 0.001 -19"><span class='ocrx_word' id='word_1_670' title='bbox 703 5044 984 5109; x_wconf 78' lang='lat' dir='ltr'><strong>plurimum</strong></span> <span class='ocrx_word' id='word_1_671' title='bbox 1018 5044 1302 5108; x_wconf 74' lang='lat' dir='ltr'><strong>vindicans,</strong></span> <span class='ocrx_word' id='word_1_672' title='bbox 1327 5043 1576 5112; x_wconf 80' lang='lat' dir='ltr'><strong>profanus</strong></span> <span class='ocrx_word' id='word_1_673' title='bbox 1614 5053 1709 5109; x_wconf 84' lang='lat' dir='ltr'><strong>est,</strong></span> <span class='ocrx_word' id='word_1_674' title='bbox 1741 5042 1941 5097; x_wconf 84' lang='lat' dir='ltr'><strong>alienus</strong></span> <span class='ocrx_word' id='word_1_675' title='bbox 1972 5052 2068 5108; x_wconf 88' lang='lat' dir='ltr'><strong>est,</strong></span> <span class='ocrx_word' id='word_1_676' title='bbox 2107 5043 2237 5111; x_wconf 80' lang='lat' dir='ltr'><strong>foris</strong></span> 
     </span>
    </p>
   </div>
   <div class='ocr_carea' id='block_1_99' title="bbox 704 5133 2235 5203">
    <p class='ocr_par' dir='ltr' id='par_1_99' title="bbox 704 5133 2235 5203">
     <span class='ocr_line' id='line_1_99' title="bbox 704 5133 2235 5203; baseline 0.001 -21"><span class='ocrx_word' id='word_1_677' title='bbox 704 5140 811 5194; x_wconf 77' lang='lat' dir='ltr'><strong>est;</strong></span> <span class='ocrx_word' id='word_1_678' title='bbox 841 5140 889 5182; x_wconf 87' lang='lat' dir='ltr'><strong>et</strong></span> <span class='ocrx_word' id='word_1_679' title='bbox 922 5147 1038 5183; x_wconf 90' lang='lat' dir='ltr'><strong>cum</strong></span> <span class='ocrx_word' id='word_1_680' title='bbox 1067 5143 1181 5200; x_wconf 87' lang='lat' dir='ltr'><strong>post</strong></span> <span class='ocrx_word' id='word_1_681' title='bbox 1220 5135 1443 5202; x_wconf 89' lang='lat' dir='ltr'><strong>primum</strong></span> <span class='ocrx_word' id='word_1_682' title='bbox 1481 5134 1743 5188; x_wconf 83' lang='lat' dir='ltr'><strong>secundus</strong></span> <span class='ocrx_word' id='word_1_683' title='bbox 1762 5151 1871 5189; x_wconf 80' lang='lat' dir='ltr'><strong>esse</strong></span> <span class='ocrx_word' id='word_1_684' title='bbox 1911 5149 2011 5187; x_wconf 84' lang='lat' dir='ltr'><strong>non</strong></span> <span class='ocrx_word' id='word_1_685' title='bbox 2044 5133 2235 5203; x_wconf 86' lang='lat' dir='ltr'><strong>possit,</strong></span> 
     </span>
    </p>
   </div>
   <div class='ocr_carea' id='block_1_100' title="bbox 706 5220 2234 5295">
    <p class='ocr_par' dir='ltr' id='par_1_100' title="bbox 706 5220 2234 5295">
     <span class='ocr_line' id='line_1_100' title="bbox 706 5220 2234 5295; baseline 0.007 -21"><span class='ocrx_word' id='word_1_686' title='bbox 706 5221 935 5290; x_wconf 86' lang='lat' dir='ltr'><strong>quisquis</strong></span> <span class='ocrx_word' id='word_1_687' title='bbox 966 5232 1080 5289; x_wconf 84' lang='lat' dir='ltr'><strong>post</strong></span> <span class='ocrx_word' id='word_1_688' title='bbox 1104 5239 1283 5289; x_wconf 80' lang='lat' dir='ltr'><strong>unum,</strong></span> <span class='ocrx_word' id='word_1_689' title='bbox 1315 5220 1415 5294; x_wconf 76' lang='lat' dir='ltr'><strong>qui</strong></span> <span class='ocrx_word' id='word_1_690' title='bbox 1441 5225 1580 5279; x_wconf 85' lang='lat' dir='ltr'><strong>solus</strong></span> <span class='ocrx_word' id='word_1_691' title='bbox 1614 5227 1757 5281; x_wconf 81' lang='lat' dir='ltr'><strong>debet</strong></span> <span class='ocrx_word' id='word_1_692' title='bbox 1782 5243 1906 5293; x_wconf 87' lang='lat' dir='ltr'><strong>esse,</strong></span> <span class='ocrx_word' id='word_1_693' title='bbox 1930 5228 2099 5295; x_wconf 80' lang='lat' dir='ltr'><strong>factus</strong></span> <span class='ocrx_word' id='word_1_694' title='bbox 2139 5240 2234 5289; x_wconf 82' lang='lat' dir='ltr'><strong>est.</strong></span> 
     </span>
    </p>
   </div>
   <div class='ocr_carea' id='block_1_101' title="bbox 778 5370 2239 5449">
    <p class='ocr_par' dir='ltr' id='par_1_101' title="bbox 778 5370 2239 5449">
     <span class='ocr_line' id='line_1_101' title="bbox 778 5370 2239 5449; baseline 0.015 -29"><span class='ocrx_word' id='word_1_695' title='bbox 778 5372 925 5449; x_wconf 67' lang='lat'><strong>(9.89)</strong></span> <span class='ocrx_word' id='word_1_696' title='bbox 980 5370 1096 5427; x_wconf 85' lang='lat' dir='ltr'><strong>Non</strong></span> <span class='ocrx_word' id='word_1_697' title='bbox 1136 5383 1272 5449; x_wconf 68' lang='lat' dir='ltr'><strong>sunt</strong></span> <span class='ocrx_word' id='word_1_698' title='bbox 1313 5373 1520 5449; x_wconf 58' lang='lat' dir='ltr'><strong>fabulae.</strong></span> <span class='ocrx_word' id='word_1_699' title='bbox 1575 5378 1714 5449; x_wconf 78' lang='lat' dir='ltr'><strong>Lege</strong></span> <span class='ocrx_word' id='word_1_700' title='bbox 1748 5380 1886 5449; x_wconf 21' lang='lat' dir='ltr'><strong>ABelkl.</strong></span> <span class='ocrx_word' id='word_1_701' title='bbox 1938 5384 2037 5437; x_wconf 85' lang='lat' dir='ltr'><strong>lib.</strong></span> <span class='ocrx_word' id='word_1_702' title='bbox 2085 5403 2122 5440; x_wconf 88' lang='grc'><strong>11</strong></span> <span class='ocrx_word' id='word_1_703' title='bbox 2163 5387 2239 5442; x_wconf 87' lang='lat' dir='ltr'><strong>De</strong></span> 
     </span>
    </p>
   </div>
   <div class='ocr_carea' id='block_1_102' title="bbox 745 5442 2237 5521">
    <p class='ocr_par' dir='ltr' id='par_1_102' title="bbox 745 5442 2237 5521">
     <span class='ocr_line' id='line_1_102' title="bbox 745 5442 2237 5521; baseline 0.009 -25"><span class='ocrx_word' id='word_1_704' title='bbox 745 5442 897 5521; x_wconf 52' lang='lat' dir='ltr'><strong>ostii“.</strong></span> <span class='ocrx_word' id='word_1_705' title='bbox 920 5483 934 5507; x_wconf 92' lang='lat'><strong>,</strong></span> <span class='ocrx_word' id='word_1_706' title='bbox 966 5443 1228 5521; x_wconf 39' lang='lat' dir='ltr'><strong>cap._nl9_,_</strong></span> <span class='ocrx_word' id='word_1_707' title='bbox 1256 5451 1309 5521; x_wconf 81' lang='lat' dir='ltr'><strong>et</strong></span> <span class='ocrx_word' id='word_1_708' title='bbox 1355 5444 1447 5497; x_wconf 92' lang='lat' dir='ltr'><strong>lib.</strong></span> <span class='ocrx_word' id='word_1_709' title='bbox 1488 5460 1548 5497; x_wconf 89' lang='grc'><strong>111</strong></span> <span class='ocrx_word' id='word_1_710' title='bbox 1588 5442 1705 5514; x_wconf 78' lang='lat' dir='ltr'><strong>cap.</strong></span> <span class='ocrx_word' id='word_1_711' title='bbox 1740 5446 1793 5499; x_wconf 87' lang='lat'><strong>2.</strong></span> <span class='ocrx_word' id='word_1_712' title='bbox 1844 5446 1973 5503; x_wconf 88' lang='lat' dir='ltr'><strong>Vide</strong></span> <span class='ocrx_word' id='word_1_713' title='bbox 2011 5469 2132 5521; x_wconf 75' lang='lat' dir='ltr'><strong>quae</strong></span> <span class='ocrx_word' id='word_1_714' title='bbox 2170 5458 2237 5511; x_wconf 85' lang='lat' dir='ltr'><strong>ad</strong></span> 
     </span>
    </p>
   </div>
   <div class='ocr_carea' id='block_1_103' title="bbox 731 5511 1428 5579">
    <p class='ocr_par' dir='ltr' id='par_1_103' title="bbox 731 5511 1428 5579">
     <span class='ocr_line' id='line_1_103' title="bbox 731 5511 1428 5579; baseline -0.003 -13"><span class='ocrx_word' id='word_1_715' title='bbox 731 5514 800 5566; x_wconf 90' lang='lat' dir='ltr'><strong>ib.</strong></span> <span class='ocrx_word' id='word_1_716' title='bbox 840 5529 897 5575; x_wconf 87' lang='grc'><strong>11,</strong></span> <span class='ocrx_word' id='word_1_717' title='bbox 926 5511 1046 5579; x_wconf 69' lang='lat' dir='ltr'><strong>cap.</strong></span> <span class='ocrx_word' id='word_1_718' title='bbox 1072 5512 1154 5571; x_wconf 84' lang='lat' dir='ltr'><strong>l9.</strong></span> <span class='ocrx_word' id='word_1_719' title='bbox 1179 5511 1428 5566; x_wconf 82' lang='lat' dir='ltr'><strong>diximus.</strong></span> 
     </span>
    </p>
   </div>
   <div class='ocr_carea' id='block_1_104' title="bbox 694 5580 1867 5651">
    <p class='ocr_par' dir='ltr' id='par_1_104' title="bbox 694 5580 1867 5651">
     <span class='ocr_line' id='line_1_104' title="bbox 694 5580 1867 5651; baseline 0.003 -18"><span class='ocrx_word' id='word_1_720' title='bbox 694 5592 697 5595; x_wconf 75' lang='lat'><strong><em>&#39;</em></strong></span> <span class='ocrx_word' id='word_1_721' title='bbox 775 5581 919 5651; x_wconf 71' lang='lat'><strong>(281)</strong></span> <span class='ocrx_word' id='word_1_722' title='bbox 942 5580 1232 5651; x_wconf 65' lang='lat' dir='ltr'><strong>Monachus</strong></span> <span class='ocrx_word' id='word_1_723' title='bbox 1254 5581 1369 5633; x_wconf 91' lang='lat' dir='ltr'><strong>ord.</strong></span> <span class='ocrx_word' id='word_1_724' title='bbox 1396 5580 1599 5651; x_wconf 87' lang='lat' dir='ltr'><strong>Canon.</strong></span> <span class='ocrx_word' id='word_1_725' title='bbox 1626 5580 1809 5651; x_wconf 65' lang='lat' dir='ltr'><strong>Regni.</strong></span> <span class='ocrx_word' id='word_1_726' title='bbox 1848 5582 1867 5649; x_wconf 80' lang='grc' dir='ltr'>ξ</span> 
     </span>
    </p>
   </div>
   <div class='ocr_carea' id='block_1_105' title="bbox 780 5648 2045 5786">
    <p class='ocr_par' dir='ltr' id='par_1_105' title="bbox 780 5648 2045 5786">
     <span class='ocr_line' id='line_1_105' title="bbox 780 5648 2045 5786; baseline 0.002 -84"><span class='ocrx_word' id='word_1_727' title='bbox 780 5649 927 5786; x_wconf 64' lang='lat'><strong>(282)</strong></span> <span class='ocrx_word' id='word_1_728' title='bbox 965 5648 1081 5703; x_wconf 84' lang='lat' dir='ltr'><strong>Non</strong></span> <span class='ocrx_word' id='word_1_729' title='bbox 1106 5649 1407 5717; x_wconf 81' lang='lat' dir='ltr'><strong>episcopus,</strong></span> <span class='ocrx_word' id='word_1_730' title='bbox 1433 5650 1523 5703; x_wconf 87' lang='lat' dir='ltr'><strong>sed</strong></span> <span class='ocrx_word' id='word_1_731' title='bbox 1557 5648 1890 5720; x_wconf 69' lang='lat' dir='ltr'><strong>praepositus.</strong></span> <span class='ocrx_word' id='word_1_732' title='bbox 2024 5648 2045 5692; x_wconf 49' lang='grc' dir='ltr'>Ἴ</span> 
     </span>
     <span class='ocr_line' id='line_1_106' title="bbox 781 5718 2045 5786; baseline 0.006 -17"><span class='ocrx_word' id='word_1_733' title='bbox 781 5718 905 5786; x_wconf 76' lang='lat'><strong>(285</strong></span> <span class='ocrx_word' id='word_1_734' title='bbox 963 5718 1076 5773; x_wconf 89' lang='lat' dir='ltr'><strong>lmo</strong></span> <span class='ocrx_word' id='word_1_735' title='bbox 1106 5729 1165 5773; x_wconf 90' lang='lat' dir='ltr'><strong>ut</strong></span> <span class='ocrx_word' id='word_1_736' title='bbox 1199 5718 1471 5773; x_wconf 88' lang='lat' dir='ltr'><strong>libidinem</strong></span> <span class='ocrx_word' id='word_1_737' title='bbox 1500 5735 1650 5773; x_wconf 88' lang='lat' dir='ltr'><strong>suam</strong></span> <span class='ocrx_word' id='word_1_738' title='bbox 1675 5721 1928 5786; x_wconf 85' lang='lat' dir='ltr'><strong>expleret,</strong></span> <span class='ocrx_word' id='word_1_739' title='bbox 1961 5731 2045 5786; x_wconf 65' lang='lat' dir='ltr'><strong>et;</strong></span> 
     </span>
    </p>
   </div>
   <div class='ocr_carea' id='block_1_106' title="bbox 749 5718 2241 5797">
    <p class='ocr_par' dir='ltr' id='par_1_106' title="bbox 749 5718 2241 5797">
     <span class='ocr_line' id='line_1_107' title="bbox 749 5718 2241 5797; baseline 0.005 -27"><span class='ocrx_word' id='word_1_740' title='bbox 749 5718 925 5797; x_wconf 42' lang='lat'><strong>.(285)</strong></span> <span class='ocrx_word' id='word_1_741' title='bbox 963 5718 1076 5773; x_wconf 89' lang='lat' dir='ltr'><strong>lmo</strong></span> <span class='ocrx_word' id='word_1_742' title='bbox 1106 5729 1165 5773; x_wconf 90' lang='lat' dir='ltr'><strong>ut</strong></span> <span class='ocrx_word' id='word_1_743' title='bbox 1199 5718 1471 5773; x_wconf 88' lang='lat' dir='ltr'><strong>libidinem</strong></span> <span class='ocrx_word' id='word_1_744' title='bbox 1500 5735 1650 5773; x_wconf 88' lang='lat' dir='ltr'><strong>suam</strong></span> <span class='ocrx_word' id='word_1_745' title='bbox 1667 5718 1928 5788; x_wconf 75' lang='lat' dir='ltr'><strong>expleret,</strong></span> <span class='ocrx_word' id='word_1_746' title='bbox 1961 5731 2017 5777; x_wconf 90' lang='lat' dir='ltr'><strong>et</strong></span> <span class='ocrx_word' id='word_1_747' title='bbox 2037 5724 2129 5794; x_wconf 90' lang='lat' dir='ltr'><strong>jus</strong></span> <span class='ocrx_word' id='word_1_748' title='bbox 2155 5724 2241 5778; x_wconf 91' lang='lat' dir='ltr'><strong>di-</strong></span> 
     </span>
    </p>
   </div>
   <div class='ocr_carea' id='block_1_107' title="bbox 630 5798 1195 5842">
    <p class='ocr_par' dir='ltr' id='par_1_107' title="bbox 630 5798 1195 5842">
     <span class='ocr_line' id='line_1_108' title="bbox 630 5798 1195 5842; baseline 0.004 -3"><span class='ocrx_word' id='word_1_749' title='bbox 630 5834 636 5839; x_wconf 89' lang='lat'><strong>.</strong></span> <span class='ocrx_word' id='word_1_750' title='bbox 712 5801 893 5842; x_wconf 72' lang='lat' dir='ltr'><strong>Vlﬂllm</strong></span> <span class='ocrx_word' id='word_1_751' title='bbox 916 5798 1195 5841; x_wconf 74' lang='lat' dir='ltr'><strong>everteret.</strong></span> 
     </span>
    </p>
   </div>
   <div class='ocr_carea' id='block_1_108' title="bbox 786 5853 2242 5928">
    <p class='ocr_par' dir='ltr' id='par_1_108' title="bbox 786 5853 2242 5928">
     <span class='ocr_line' id='line_1_109' title="bbox 786 5853 2242 5928; baseline 0.006 -22"><span class='ocrx_word' id='word_1_752' title='bbox 786 5853 929 5921; x_wconf 72' lang='lat'><strong>(284)</strong></span> <span class='ocrx_word' id='word_1_753' title='bbox 970 5854 1156 5927; x_wconf 82' lang='lat' dir='ltr'><strong>Dispar</strong></span> <span class='ocrx_word' id='word_1_754' title='bbox 1188 5858 1343 5924; x_wconf 86' lang='lat' dir='ltr'><strong>ratio,</strong></span> <span class='ocrx_word' id='word_1_755' title='bbox 1378 5873 1500 5911; x_wconf 82' lang='lat' dir='ltr'><strong>ram</strong></span> <span class='ocrx_word' id='word_1_756' title='bbox 1523 5857 1706 5915; x_wconf 63' lang='lat' dir='ltr'><strong>Romae</strong></span> <span class='ocrx_word' id='word_1_757' title='bbox 1724 5858 2017 5928; x_wconf 74' lang='lat' dir='ltr'><strong>legitimum</strong></span> <span class='ocrx_word' id='word_1_758' title='bbox 2039 5872 2124 5915; x_wconf 91' lang='lat' dir='ltr'><strong>est</strong></span> <span class='ocrx_word' id='word_1_759' title='bbox 2142 5862 2242 5915; x_wconf 88' lang='lat' dir='ltr'><strong>tri-</strong></span> 
     </span>
    </p>
   </div>
   <div class='ocr_carea' id='block_1_109' title="bbox 1848 5582 2237 5657">
    <p class='ocr_par' dir='ltr' id='par_1_109' title="bbox 1848 5582 2237 5657">
     <span class='ocr_line' id='line_1_110' title="bbox 1848 5582 2237 5657; baseline 0.015 -21"><span class='ocrx_word' id='word_1_760' title='bbox 1848 5582 1901 5649; x_wconf 79' lang='lat' dir='ltr'><strong>S.</strong></span> <span class='ocrx_word' id='word_1_761' title='bbox 1938 5582 2237 5657; x_wconf 78' lang='lat' dir='ltr'><strong>Augustini.</strong></span> 
     </span>
    </p>
   </div>
   <div class='ocr_carea' id='block_1_110' title="bbox 2336 4690 3879 4763">
    <p class='ocr_par' dir='ltr' id='par_1_110' title="bbox 2336 4690 3879 4763">
     <span class='ocr_line' id='line_1_111' title="bbox 2336 4690 3879 4763; baseline -0.005 -12"><span class='ocrx_word' id='word_1_762' title='bbox 2336 4697 2471 4751; x_wconf 85' lang='lat' dir='ltr'><strong>lensi</strong></span> <span class='ocrx_word' id='word_1_763' title='bbox 2496 4696 2571 4749; x_wconf 90' lang='lat' dir='ltr'><strong>illi</strong></span> <span class='ocrx_word' id='word_1_764' title='bbox 2592 4695 2844 4763; x_wconf 88' lang='lat' dir='ltr'><strong>episcopo</strong></span> <span class='ocrx_word' id='word_1_765' title='bbox 2874 4693 3185 4761; x_wconf 79' lang='lat' dir='ltr'><strong>subrogato,</strong></span> <span class='ocrx_word' id='word_1_766' title='bbox 3208 4708 3332 4745; x_wconf 90' lang='lat' dir='ltr'><strong>cum</strong></span> <span class='ocrx_word' id='word_1_767' title='bbox 3356 4692 3648 4745; x_wconf 86' lang='lat' dir='ltr'><strong>multorum</strong></span> <span class='ocrx_word' id='word_1_768' title='bbox 3671 4690 3879 4759; x_wconf 85' lang='lat' dir='ltr'><strong>imperii</strong></span> 
     </span>
    </p>
   </div>
   <div class='ocr_carea' id='block_1_111' title="bbox 2334 4779 3876 4855">
    <p class='ocr_par' dir='ltr' id='par_1_111' title="bbox 2334 4779 3876 4855">
     <span class='ocr_line' id='line_1_112' title="bbox 2334 4779 3876 4855; baseline -0.004 -16"><span class='ocrx_word' id='word_1_769' title='bbox 2334 4798 2617 4855; x_wconf 89' lang='lat' dir='ltr'><strong>procerum</strong></span> <span class='ocrx_word' id='word_1_770' title='bbox 2638 4782 2892 4835; x_wconf 87' lang='lat' dir='ltr'><strong>invidiam</strong></span> <span class='ocrx_word' id='word_1_771' title='bbox 2913 4782 2984 4834; x_wconf 91' lang='lat' dir='ltr'><strong>ob</strong></span> <span class='ocrx_word' id='word_1_772' title='bbox 3001 4781 3250 4835; x_wconf 86' lang='lat' dir='ltr'><strong>virtutem</strong></span> <span class='ocrx_word' id='word_1_773' title='bbox 3276 4779 3876 4845; x_wconf 75' lang='lat' dir='ltr'><strong>contraxisset.\’erum,</strong></span> 
     </span>
    </p>
   </div>
   <div class='ocr_carea' id='block_1_112' title="bbox 2336 4870 3879 4940">
    <p class='ocr_par' dir='ltr' id='par_1_112' title="bbox 2336 4870 3879 4940">
     <span class='ocr_line' id='line_1_113' title="bbox 2336 4870 3879 4940; baseline -0.003 -10"><span class='ocrx_word' id='word_1_774' title='bbox 2336 4891 2459 4930; x_wconf 91' lang='lat' dir='ltr'><strong>cum</strong></span> <span class='ocrx_word' id='word_1_775' title='bbox 2499 4874 2763 4928; x_wconf 84' lang='lat' dir='ltr'><strong>Henricus</strong></span> <span class='ocrx_word' id='word_1_776' title='bbox 2795 4870 2976 4925; x_wconf 60' lang='lat' dir='ltr'><strong>Caesar</strong></span> <span class='ocrx_word' id='word_1_777' title='bbox 3032 4872 3347 4927; x_wconf 80' lang='lat' dir='ltr'><strong>adolescens</strong></span> <span class='ocrx_word' id='word_1_778' title='bbox 3380 4888 3410 4927; x_wconf 92' lang='lat' dir='ltr'><strong>e</strong></span> <span class='ocrx_word' id='word_1_779' title='bbox 3443 4881 3683 4927; x_wconf 89' lang='lat' dir='ltr'><strong>tutorum</strong></span> <span class='ocrx_word' id='word_1_780' title='bbox 3722 4881 3879 4940; x_wconf 85' lang='lat' dir='ltr'><strong>pote-</strong></span> 
     </span>
    </p>
   </div>
   <div class='ocr_carea' id='block_1_113' title="bbox 2336 4960 3876 5030">
    <p class='ocr_par' dir='ltr' id='par_1_113' title="bbox 2336 4960 3876 5030">
     <span class='ocr_line' id='line_1_114' title="bbox 2336 4960 3876 5030; baseline -0.002 -13"><span class='ocrx_word' id='word_1_781' title='bbox 2336 4971 2473 5018; x_wconf 89' lang='lat' dir='ltr'><strong>state</strong></span> <span class='ocrx_word' id='word_1_782' title='bbox 2503 4962 2744 5026; x_wconf 84' lang='lat' dir='ltr'><strong>exiisset,</strong></span> <span class='ocrx_word' id='word_1_783' title='bbox 2769 4962 2981 5030; x_wconf 80' lang='lat' dir='ltr'><strong>cognita</strong></span> <span class='ocrx_word' id='word_1_784' title='bbox 3000 4960 3250 5016; x_wconf 79' lang='lat' dir='ltr'><strong>Cuiberti</strong></span> <span class='ocrx_word' id='word_1_785' title='bbox 3274 4962 3541 5016; x_wconf 87' lang='lat' dir='ltr'><strong>industria</strong></span> <span class='ocrx_word' id='word_1_786' title='bbox 3574 4971 3629 5015; x_wconf 90' lang='lat' dir='ltr'><strong>et</strong></span> <span class='ocrx_word' id='word_1_787' title='bbox 3659 4962 3876 5026; x_wconf 84' lang='lat' dir='ltr'><strong>virtute,</strong></span> 
     </span>
    </p>
   </div>
   <div class='ocr_carea' id='block_1_114' title="bbox 2335 5050 3878 5117">
    <p class='ocr_par' dir='ltr' id='par_1_114' title="bbox 2335 5050 3878 5117">
     <span class='ocr_line' id='line_1_115' title="bbox 2335 5050 3878 5117; baseline -0.004 -11"><span class='ocrx_word' id='word_1_788' title='bbox 2335 5068 2460 5107; x_wconf 89' lang='lat' dir='ltr'><strong>eum</strong></span> <span class='ocrx_word' id='word_1_789' title='bbox 2497 5050 2635 5105; x_wconf 88' lang='lat' dir='ltr'><strong>inter</strong></span> <span class='ocrx_word' id='word_1_790' title='bbox 2665 5050 2883 5105; x_wconf 89' lang='lat' dir='ltr'><strong>intimos</strong></span> <span class='ocrx_word' id='word_1_791' title='bbox 2911 5050 3134 5117; x_wconf 81' lang='lat' dir='ltr'><strong>amicos,</strong></span> <span class='ocrx_word' id='word_1_792' title='bbox 3158 5051 3588 5105; x_wconf 86' lang='lat' dir='ltr'><strong>etconsiliarios</strong></span> <span class='ocrx_word' id='word_1_793' title='bbox 3620 5063 3749 5102; x_wconf 88' lang='lat' dir='ltr'><strong>suos</strong></span> <span class='ocrx_word' id='word_1_794' title='bbox 3784 5062 3878 5101; x_wconf 88' lang='lat' dir='ltr'><strong>ac-</strong></span> 
     </span>
    </p>
   </div>
   <div class='ocr_carea' id='block_1_115' title="bbox 2337 5132 3880 5210">
    <p class='ocr_par' dir='ltr' id='par_1_115' title="bbox 2337 5132 3880 5210">
     <span class='ocr_line' id='line_1_116' title="bbox 2337 5132 3880 5210; baseline -0.004 -13"><span class='ocrx_word' id='word_1_795' title='bbox 2337 5132 2510 5208; x_wconf 85' lang='lat' dir='ltr'><strong>civit;</strong></span> <span class='ocrx_word' id='word_1_796' title='bbox 2539 5151 2594 5196; x_wconf 89' lang='lat' dir='ltr'><strong>et</strong></span> <span class='ocrx_word' id='word_1_797' title='bbox 2623 5157 2733 5195; x_wconf 90' lang='lat' dir='ltr'><strong>non</strong></span> <span class='ocrx_word' id='word_1_798' title='bbox 2757 5142 2922 5210; x_wconf 78' lang='lat' dir='ltr'><strong>longe</strong></span> <span class='ocrx_word' id='word_1_799' title='bbox 2956 5150 3082 5210; x_wconf 91' lang='lat' dir='ltr'><strong>post</strong></span> <span class='ocrx_word' id='word_1_800' title='bbox 3106 5141 3576 5210; x_wconf 74' lang='lat' dir='ltr'><strong>archiepismpum</strong></span> <span class='ocrx_word' id='word_1_801' title='bbox 3601 5137 3880 5195; x_wconf 76' lang='lat' dir='ltr'><strong>Ravenna-</strong></span> 
     </span>
    </p>
   </div>
   <div class='ocr_carea' id='block_1_116' title="bbox 2337 5226 3878 5305">
    <p class='ocr_par' dir='ltr' id='par_1_116' title="bbox 2337 5226 3878 5305">
     <span class='ocr_line' id='line_1_117' title="bbox 2337 5226 3878 5305; baseline -0.003 -18"><span class='ocrx_word' id='word_1_802' title='bbox 2337 5243 2444 5288; x_wconf 85' lang='lat' dir='ltr'><strong>tem</strong></span> <span class='ocrx_word' id='word_1_803' title='bbox 2470 5231 2798 5305; x_wconf 80' lang='lat' dir='ltr'><strong>designavit.</strong></span> <span class='ocrx_word' id='word_1_804' title='bbox 2844 5230 3059 5285; x_wconf 76' lang='lat' dir='ltr'><strong>Mortuo</strong></span> <span class='ocrx_word' id='word_1_805' title='bbox 3100 5230 3406 5285; x_wconf 71' lang='lat' dir='ltr'><strong>Alexandro</strong></span> <span class='ocrx_word' id='word_1_806' title='bbox 3447 5227 3491 5280; x_wconf 91' lang='lat' dir='ltr'><strong>ll</strong></span> <span class='ocrx_word' id='word_1_807' title='bbox 3528 5236 3633 5296; x_wconf 77' lang='lat' dir='ltr'><strong>per</strong></span> <span class='ocrx_word' id='word_1_808' title='bbox 3662 5226 3878 5297; x_wconf 84' lang='lat' dir='ltr'><strong>aliquod</strong></span> 
     </span>
    </p>
   </div>
   <div class='ocr_carea' id='block_1_117' title="bbox 2334 5380 3878 5455">
    <p class='ocr_par' dir='ltr' id='par_1_117' title="bbox 2334 5380 3878 5455">
     <span class='ocr_line' id='line_1_118' title="bbox 2334 5380 3878 5455; baseline -0.003 -14"><span class='ocrx_word' id='word_1_809' title='bbox 2334 5380 2518 5451; x_wconf 85' lang='lat' dir='ltr'><strong>bunal,</strong></span> <span class='ocrx_word' id='word_1_810' title='bbox 2540 5388 2593 5440; x_wconf 91' lang='lat' dir='ltr'><strong>in</strong></span> <span class='ocrx_word' id='word_1_811' title='bbox 2610 5387 2729 5441; x_wconf 87' lang='lat' dir='ltr'><strong>aula</strong></span> <span class='ocrx_word' id='word_1_812' title='bbox 2744 5384 3099 5455; x_wconf 79' lang='lat' dir='ltr'><strong>illegitimum,</strong></span> <span class='ocrx_word' id='word_1_813' title='bbox 3112 5382 3403 5455; x_wconf 68' lang='lat' dir='ltr'><strong>prtesertim</strong></span> <span class='ocrx_word' id='word_1_814' title='bbox 3415 5396 3536 5435; x_wconf 89' lang='lat' dir='ltr'><strong>cum</strong></span> <span class='ocrx_word' id='word_1_815' title='bbox 3548 5380 3615 5455; x_wconf 66' lang='lat' dir='ltr'><strong>in</strong></span> <span class='ocrx_word' id='word_1_816' title='bbox 3629 5382 3878 5455; x_wconf 39' lang='lat' dir='ltr'><strong>cavomnia</strong></span> 
     </span>
    </p>
   </div>
   <div class='ocr_carea' id='block_1_118' title="bbox 2334 5450 3877 5523">
    <p class='ocr_par' dir='ltr' id='par_1_118' title="bbox 2334 5450 3877 5523">
     <span class='ocr_line' id='line_1_119' title="bbox 2334 5450 3877 5523; baseline -0.004 -12"><span class='ocrx_word' id='word_1_817' title='bbox 2334 5450 2518 5511; x_wconf 87' lang='lat' dir='ltr'><strong>essent</strong></span> <span class='ocrx_word' id='word_1_818' title='bbox 2554 5457 2782 5519; x_wconf 87' lang='lat' dir='ltr'><strong>venalia,</strong></span> <span class='ocrx_word' id='word_1_819' title='bbox 2810 5450 3123 5523; x_wconf 54' lang='lat' dir='ltr'><strong>praeterque</strong></span> <span class='ocrx_word' id='word_1_820' title='bbox 3151 5450 3513 5523; x_wconf 83' lang='lat' dir='ltr'><strong>S__imonem__et_</strong></span> <span class='ocrx_word' id='word_1_821' title='bbox 3538 5450 3683 5505; x_wconf 83' lang='lat' dir='ltr'><strong>Ciezi</strong></span> <span class='ocrx_word' id='word_1_822' title='bbox 3720 5466 3877 5505; x_wconf 86' lang='lat' dir='ltr'><strong>nemo</strong></span> 
     </span>
    </p>
   </div>
   <div class='ocr_carea' id='block_1_119' title="bbox 2333 5518 3881 5593">
    <p class='ocr_par' dir='ltr' id='par_1_119' title="bbox 2333 5518 3881 5593">
     <span class='ocr_line' id='line_1_120' title="bbox 2333 5518 3881 5593; baseline -0.002 -17"><span class='ocrx_word' id='word_1_823' title='bbox 2333 5526 2424 5593; x_wconf 86' lang='lat' dir='ltr'><strong>jus</strong></span> <span class='ocrx_word' id='word_1_824' title='bbox 2452 5525 2669 5593; x_wconf 82' lang='lat' dir='ltr'><strong>diceret.</strong></span> <span class='ocrx_word' id='word_1_825' title='bbox 2696 5518 2956 5593; x_wconf 81' lang='lat' dir='ltr'><strong>Domnizo</strong></span> <span class='ocrx_word' id='word_1_826' title='bbox 2988 5518 3054 5574; x_wconf 80' lang='lat' dir='ltr'><strong>de</strong></span> <span class='ocrx_word' id='word_1_827' title='bbox 3082 5518 3372 5593; x_wconf 64' lang='lat' dir='ltr'><strong>Guiberto:</strong></span> <span class='ocrx_word' id='word_1_828' title='bbox 3402 5518 3593 5593; x_wconf 61' lang='grc' dir='ltr'><strong>ΜαῙοιν⁸</strong></span> <span class='ocrx_word' id='word_1_829' title='bbox 3612 5529 3727 5573; x_wconf 79' lang='lat' dir='ltr'><strong>eral-</strong></span> <span class='ocrx_word' id='word_1_830' title='bbox 3750 5536 3881 5573; x_wconf 72' lang='lat' dir='ltr'><strong>cun-</strong></span> 
     </span>
    </p>
   </div>
   <div class='ocr_carea' id='block_1_120' title="bbox 2338 5587 3877 5657">
    <p class='ocr_par' dir='ltr' id='par_1_120' title="bbox 2338 5587 3877 5657">
     <span class='ocr_line' id='line_1_121' title="bbox 2338 5587 3877 5657; baseline -0.001 -12"><span class='ocrx_word' id='word_1_831' title='bbox 2338 5587 2434 5645; x_wconf 74' lang='lat' dir='ltr'><strong>ctis</strong></span> <span class='ocrx_word' id='word_1_832' title='bbox 2466 5591 2741 5645; x_wconf 83' lang='lat' dir='ltr'><strong>Guibertus</strong></span> <span class='ocrx_word' id='word_1_833' title='bbox 2774 5591 3039 5657; x_wconf 82' lang='lat' dir='ltr'><strong>episcopus</strong></span> <span class='ocrx_word' id='word_1_834' title='bbox 3069 5588 3210 5640; x_wconf 83' lang='lat' dir='ltr'><strong>urbis</strong></span> <span class='ocrx_word' id='word_1_835' title='bbox 3252 5587 3525 5651; x_wconf 64' lang='lat' dir='ltr'><strong>Ravenna,</strong></span> <span class='ocrx_word' id='word_1_836' title='bbox 3557 5588 3757 5653; x_wconf 79' lang='lat' dir='ltr'><strong>doctus,</strong></span> <span class='ocrx_word' id='word_1_837' title='bbox 3787 5605 3877 5643; x_wconf 77' lang='lat' dir='ltr'><strong>sa-</strong></span> 
     </span>
    </p>
   </div>
   <div class='ocr_carea' id='block_1_121' title="bbox 2337 5657 3878 5727">
    <p class='ocr_par' dir='ltr' id='par_1_121' title="bbox 2337 5657 3878 5727">
     <span class='ocr_line' id='line_1_122' title="bbox 2337 5657 3878 5727; baseline -0.001 -17"><span class='ocrx_word' id='word_1_838' title='bbox 2337 5661 2511 5727; x_wconf 88' lang='lat' dir='ltr'><strong>piens,</strong></span> <span class='ocrx_word' id='word_1_839' title='bbox 2549 5669 2597 5712; x_wconf 86' lang='lat' dir='ltr'><strong>et</strong></span> <span class='ocrx_word' id='word_1_840' title='bbox 2623 5659 2811 5712; x_wconf 77' lang='lat' dir='ltr'><strong>nobilis</strong></span> <span class='ocrx_word' id='word_1_841' title='bbox 2852 5668 3025 5718; x_wconf 87' lang='lat' dir='ltr'><strong>ortus,</strong></span> <span class='ocrx_word' id='word_1_842' title='bbox 3060 5657 3333 5727; x_wconf 53' lang='lat' dir='ltr'><strong>exstiterat</strong></span> <span class='ocrx_word' id='word_1_843' title='bbox 3372 5658 3583 5712; x_wconf 66' lang='lat' dir='ltr'><strong>Parma</strong></span> <span class='ocrx_word' id='word_1_844' title='bbox 3623 5659 3878 5727; x_wconf 70' lang='lat' dir='ltr'><strong>civis_sel</strong></span> 
     </span>
    </p>
   </div>
   <div class='ocr_carea' id='block_1_122' title="bbox 2339 5724 3878 5797">
    <p class='ocr_par' dir='ltr' id='par_1_122' title="bbox 2339 5724 3878 5797">
     <span class='ocr_line' id='line_1_123' title="bbox 2339 5724 3878 5797; baseline 0 -18"><span class='ocrx_word' id='word_1_845' title='bbox 2339 5724 2596 5781; x_wconf 78' lang='lat' dir='ltr'><strong>clericus:</strong></span> <span class='ocrx_word' id='word_1_846' title='bbox 2629 5738 2749 5781; x_wconf 84' lang='lat' dir='ltr'><strong>ante</strong></span> <span class='ocrx_word' id='word_1_847' title='bbox 2778 5727 2903 5797; x_wconf 76' lang='lat' dir='ltr'><strong>dum</strong></span> <span class='ocrx_word' id='word_1_848' title='bbox 2938 5727 3038 5794; x_wconf 77' lang='lat' dir='ltr'><strong>fuit</strong></span> <span class='ocrx_word' id='word_1_849' title='bbox 3070 5724 3260 5779; x_wconf 77' lang='lat' dir='ltr'><strong>electus</strong></span> <span class='ocrx_word' id='word_1_850' title='bbox 3292 5725 3566 5797; x_wconf 79' lang='lat' dir='ltr'><strong>Gregorius</strong></span> <span class='ocrx_word' id='word_1_851' title='bbox 3610 5729 3705 5782; x_wconf 86' lang='lat' dir='ltr'><strong>iste</strong></span> <span class='ocrx_word' id='word_1_852' title='bbox 3742 5724 3878 5779; x_wconf 73' lang='lat' dir='ltr'><strong>Gui-</strong></span> 
     </span>
    </p>
   </div>
   <div class='ocr_carea' id='block_1_123' title="bbox 2340 5795 2881 5864">
    <p class='ocr_par' dir='ltr' id='par_1_123' title="bbox 2340 5795 2881 5864">
     <span class='ocr_line' id='line_1_124' title="bbox 2340 5795 2881 5864; baseline -0.002 -16"><span class='ocrx_word' id='word_1_853' title='bbox 2340 5797 2510 5849; x_wconf 77' lang='lat' dir='ltr'><strong>bertus</strong></span> <span class='ocrx_word' id='word_1_854' title='bbox 2540 5798 2642 5864; x_wconf 86' lang='lat' dir='ltr'><strong>ipsi</strong></span> <span class='ocrx_word' id='word_1_855' title='bbox 2662 5795 2881 5864; x_wconf 75' lang='lat' dir='ltr'><strong>jurat&#39;it.</strong></span> 
     </span>
    </p>
   </div>
  </div>
