  <div class='ocr_page' id='page_1' title='image "/cluster/home/n/w/nwhite01/storage/ocr_20150623/148/uva.x000829792/098.png"; bbox 0 0 4098 6378; ppageno 0'>
   <div class='ocr_carea' id='block_1_1' title="bbox 1231 431 2543 489">
    <p class='ocr_par' dir='ltr' id='par_1_1' title="bbox 1231 431 2543 489">
     <span class='ocr_line' id='line_1_1' title="bbox 1231 431 2543 489; baseline 0.002 -5"><span class='ocrx_word' id='word_1_1' title='bbox 1231 431 1758 489; x_wconf 66' lang='lat' dir='ltr'><strong>PROLEGOMENA.</strong></span> <span class='ocrx_word' id='word_1_2' title='bbox 1795 465 1861 474; x_wconf 89' lang='lat'><strong>-—</strong></span> <span class='ocrx_word' id='word_1_3' title='bbox 1899 432 2077 488; x_wconf 80' lang='lat' dir='ltr'><strong>ACTA</strong></span> <span class='ocrx_word' id='word_1_4' title='bbox 2110 434 2165 488; x_wconf 88' lang='lat' dir='ltr'><strong>S.</strong></span> <span class='ocrx_word' id='word_1_5' title='bbox 2202 432 2543 489; x_wconf 79' lang='lat' dir='ltr'><strong>GREGORII.</strong></span> 
     </span>
    </p>
   </div>
   <div class='ocr_carea' id='block_1_2' title="bbox 3387 435 3487 489">
    <p class='ocr_par' dir='ltr' id='par_1_2' title="bbox 3387 435 3487 489">
     <span class='ocr_line' id='line_1_2' title="bbox 3387 435 3487 489; baseline 0 0"><span class='ocrx_word' id='word_1_6' title='bbox 3387 435 3487 489; x_wconf 73' lang='grc'><strong>182</strong></span> 
     </span>
    </p>
   </div>
   <div class='ocr_carea' id='block_1_3' title="bbox 308 541 3489 618">
    <p class='ocr_par' dir='ltr' id='par_1_3' title="bbox 308 541 3489 618">
     <span class='ocr_line' id='line_1_3' title="bbox 308 541 3489 618; baseline 0.001 -20"><span class='ocrx_word' id='word_1_7' title='bbox 308 557 492 613; x_wconf 86' lang='lat' dir='ltr'><strong>tempus</strong></span> <span class='ocrx_word' id='word_1_8' title='bbox 520 544 571 598; x_wconf 88' lang='lat' dir='ltr'><strong>in</strong></span> <span class='ocrx_word' id='word_1_9' title='bbox 603 541 783 597; x_wconf 80' lang='lat' dir='ltr'><strong>cilicio</strong></span> <span class='ocrx_word' id='word_1_10' title='bbox 814 547 1134 613; x_wconf 88' lang='lat' dir='ltr'><strong>permansit,</strong></span> <span class='ocrx_word' id='word_1_11' title='bbox 1159 556 1213 600; x_wconf 88' lang='lat' dir='ltr'><strong>et</strong></span> <span class='ocrx_word' id='word_1_12' title='bbox 1235 547 1496 618; x_wconf 78' lang='lat' dir='ltr'><strong>Gregorio</strong></span> <span class='ocrx_word' id='word_1_13' title='bbox 1517 547 1634 614; x_wconf 60' lang='grc' dir='ltr'><strong>ΥΠ,</strong></span> <span class='ocrx_word' id='word_1_14' title='bbox 1668 549 1762 617; x_wconf 87' lang='lat' dir='ltr'><strong>qui</strong></span> <span class='ocrx_word' id='word_1_15' title='bbox 1791 548 1838 602; x_wconf 90' lang='lat' dir='ltr'><strong>ei</strong></span> <span class='ocrx_word' id='word_1_16' title='bbox 1869 549 1913 605; x_wconf 78' lang='grc' dir='ltr'>Α</span> <span class='ocrx_word' id='word_1_17' title='bbox 1939 557 1998 602; x_wconf 92' lang='lat' dir='ltr'><strong>ut</strong></span> <span class='ocrx_word' id='word_1_18' title='bbox 2025 547 2140 617; x_wconf 85' lang='lat' dir='ltr'><strong>ipse</strong></span> <span class='ocrx_word' id='word_1_19' title='bbox 2161 547 2392 613; x_wconf 89' lang='lat' dir='ltr'><strong>dicebat,</strong></span> <span class='ocrx_word' id='word_1_20' title='bbox 2417 555 2657 613; x_wconf 89' lang='lat' dir='ltr'><strong>coactus,</strong></span> <span class='ocrx_word' id='word_1_21' title='bbox 2677 547 3009 613; x_wconf 84' lang='lat' dir='ltr'><strong>ascendit,ct</strong></span> <span class='ocrx_word' id='word_1_22' title='bbox 3031 551 3203 603; x_wconf 87' lang='lat' dir='ltr'><strong>tribus</strong></span> <span class='ocrx_word' id='word_1_23' title='bbox 3233 548 3489 604; x_wconf 84' lang='lat' dir='ltr'><strong>sibilnvi-</strong></span> 
     </span>
    </p>
   </div>
   <div class='ocr_carea' id='block_1_4' title="bbox 307 634 1834 714">
    <p class='ocr_par' dir='ltr' id='par_1_4' title="bbox 307 634 1834 714">
     <span class='ocr_line' id='line_1_4' title="bbox 307 634 1834 714; baseline 0.004 -26"><span class='ocrx_word' id='word_1_24' title='bbox 307 643 645 699; x_wconf 78' lang='lat' dir='ltr'><strong>successerat,</strong></span> <span class='ocrx_word' id='word_1_25' title='bbox 678 635 902 704; x_wconf 79' lang='lat' dir='ltr'><strong>jparuit.</strong></span> <span class='ocrx_word' id='word_1_26' title='bbox 943 634 1080 696; x_wconf 87' lang='lat' dir='ltr'><strong>Cum</strong></span> <span class='ocrx_word' id='word_1_27' title='bbox 1106 652 1234 692; x_wconf 86' lang='lat' dir='ltr'><strong>vero</strong></span> <span class='ocrx_word' id='word_1_28' title='bbox 1259 638 1380 708; x_wconf 83' lang='lat' dir='ltr'><strong>ejus</strong></span> <span class='ocrx_word' id='word_1_29' title='bbox 1413 639 1483 693; x_wconf 90' lang='lat' dir='ltr'><strong>ab</strong></span> <span class='ocrx_word' id='word_1_30' title='bbox 1501 639 1834 714; x_wconf 82' lang='lat' dir='ltr'><strong>imperatore</strong></span> 
     </span>
    </p>
   </div>
   <div class='ocr_carea' id='block_1_5' title="bbox 307 715 1834 797">
    <p class='ocr_par' dir='ltr' id='par_1_5' title="bbox 307 715 1834 797">
     <span class='ocr_line' id='line_1_5' title="bbox 307 715 1834 797; baseline 0.003 -19"><span class='ocrx_word' id='word_1_31' title='bbox 307 715 845 779; x_wconf 84' lang='lat' dir='ltr'><strong>animialienationem</strong></span> <span class='ocrx_word' id='word_1_32' title='bbox 870 728 1241 796; x_wconf 72' lang='lat' dir='ltr'><strong>cognovisset,</strong></span> <span class='ocrx_word' id='word_1_33' title='bbox 1267 729 1549 797; x_wconf 89' lang='lat' dir='ltr'><strong>pontilice,</strong></span> <span class='ocrx_word' id='word_1_34' title='bbox 1580 729 1667 783; x_wconf 90' lang='lat' dir='ltr'><strong>cui</strong></span> <span class='ocrx_word' id='word_1_35' title='bbox 1703 730 1834 784; x_wconf 81' lang='lat' dir='ltr'><strong>obe-</strong></span> 
     </span>
    </p>
   </div>
   <div class='ocr_carea' id='block_1_6' title="bbox 306 813 1836 886">
    <p class='ocr_par' dir='ltr' id='par_1_6' title="bbox 306 813 1836 886">
     <span class='ocr_line' id='line_1_6' title="bbox 306 813 1836 886; baseline 0.004 -19"><span class='ocrx_word' id='word_1_36' title='bbox 306 813 534 867; x_wconf 80' lang='lat' dir='ltr'><strong>dientiam</strong></span> <span class='ocrx_word' id='word_1_37' title='bbox 567 813 925 882; x_wconf 62' lang='lat' dir='ltr'><strong>praestiterat,</strong></span> <span class='ocrx_word' id='word_1_38' title='bbox 965 815 1212 884; x_wconf 86' lang='lat' dir='ltr'><strong>prodito,</strong></span> <span class='ocrx_word' id='word_1_39' title='bbox 1247 816 1313 871; x_wconf 89' lang='lat' dir='ltr'><strong>ad</strong></span> <span class='ocrx_word' id='word_1_40' title='bbox 1355 817 1734 886; x_wconf 76' lang='lat' dir='ltr'><strong>imperatorem</strong></span> <span class='ocrx_word' id='word_1_41' title='bbox 1777 834 1836 874; x_wconf 90' lang='lat' dir='ltr'><strong>se</strong></span> 
     </span>
    </p>
   </div>
   <div class='ocr_carea' id='block_1_7' title="bbox 308 901 1836 972">
    <p class='ocr_par' dir='ltr' id='par_1_7' title="bbox 308 901 1836 972">
     <span class='ocr_line' id='line_1_7' title="bbox 308 901 1836 972; baseline 0.004 -16"><span class='ocrx_word' id='word_1_42' title='bbox 308 901 528 967; x_wconf 83' lang='lat' dir='ltr'><strong>contulit,</strong></span> <span class='ocrx_word' id='word_1_43' title='bbox 555 917 788 971; x_wconf 90' lang='lat' dir='ltr'><strong>eumque</strong></span> <span class='ocrx_word' id='word_1_44' title='bbox 816 904 1166 972; x_wconf 78' lang='lat' dir='ltr'><strong>vehementer</strong></span> <span class='ocrx_word' id='word_1_45' title='bbox 1199 906 1496 961; x_wconf 75' lang='lat' dir='ltr'><strong>ambitione</strong></span> <span class='ocrx_word' id='word_1_46' title='bbox 1535 906 1836 962; x_wconf 82' lang='lat' dir='ltr'><strong>inﬂamma-</strong></span> 
     </span>
    </p>
   </div>
   <div class='ocr_carea' id='block_1_8' title="bbox 308 992 1833 1065">
    <p class='ocr_par' dir='ltr' id='par_1_8' title="bbox 308 992 1833 1065">
     <span class='ocr_line' id='line_1_8' title="bbox 308 992 1833 1065; baseline 0.004 -21"><span class='ocrx_word' id='word_1_47' title='bbox 308 1001 403 1055; x_wconf 88' lang='lat' dir='ltr'><strong>tus,</strong></span> <span class='ocrx_word' id='word_1_48' title='bbox 424 1000 599 1046; x_wconf 89' lang='lat' dir='ltr'><strong>contra</strong></span> <span class='ocrx_word' id='word_1_49' title='bbox 619 1007 813 1062; x_wconf 83' lang='lat' dir='ltr'><strong>papam</strong></span> <span class='ocrx_word' id='word_1_50' title='bbox 839 992 1157 1063; x_wconf 84' lang='lat' dir='ltr'><strong>Gregorium</strong></span> <span class='ocrx_word' id='word_1_51' title='bbox 1185 995 1497 1050; x_wconf 81' lang='lat' dir='ltr'><strong>concitavit.</strong></span> <span class='ocrx_word' id='word_1_52' title='bbox 1531 993 1650 1060; x_wconf 85' lang='lat' dir='ltr'><strong>Quo</strong></span> <span class='ocrx_word' id='word_1_53' title='bbox 1681 1005 1833 1065; x_wconf 88' lang='lat' dir='ltr'><strong>post-</strong></span> 
     </span>
    </p>
   </div>
   <div class='ocr_carea' id='block_1_9' title="bbox 307 1080 1835 1154">
    <p class='ocr_par' dir='ltr' id='par_1_9' title="bbox 307 1080 1835 1154">
     <span class='ocr_line' id='line_1_9' title="bbox 307 1080 1835 1154; baseline 0.002 -19"><span class='ocrx_word' id='word_1_54' title='bbox 307 1096 438 1135; x_wconf 88' lang='lat' dir='ltr'><strong>remo</strong></span> <span class='ocrx_word' id='word_1_55' title='bbox 471 1080 692 1135; x_wconf 66' lang='lat' dir='ltr'><strong>Brixinaa</strong></span> <span class='ocrx_word' id='word_1_56' title='bbox 724 1095 790 1134; x_wconf 77' lang='lat' dir='ltr'><strong>c1</strong></span> <span class='ocrx_word' id='word_1_57' title='bbox 830 1082 1174 1150; x_wconf 78' lang='lat' dir='ltr'><strong>imperatoris</strong></span> <span class='ocrx_word' id='word_1_58' title='bbox 1237 1085 1560 1138; x_wconf 73' lang='lat' dir='ltr'><strong>aucmritate</strong></span> <span class='ocrx_word' id='word_1_59' title='bbox 1617 1084 1835 1154; x_wconf 85' lang='lat' dir='ltr'><strong>pontiﬁ-</strong></span> 
     </span>
    </p>
   </div>
   <div class='ocr_carea' id='block_1_10' title="bbox 307 1173 1834 1245">
    <p class='ocr_par' dir='ltr' id='par_1_10' title="bbox 307 1173 1834 1245">
     <span class='ocr_line' id='line_1_10' title="bbox 307 1173 1834 1245; baseline 0.002 -18"><span class='ocrx_word' id='word_1_60' title='bbox 307 1182 411 1227; x_wconf 78' lang='lat' dir='ltr'><strong>catu</strong></span> <span class='ocrx_word' id='word_1_61' title='bbox 441 1173 654 1242; x_wconf 89' lang='lat' dir='ltr'><strong>privato,</strong></span> <span class='ocrx_word' id='word_1_62' title='bbox 683 1187 830 1228; x_wconf 88' lang='lat' dir='ltr'><strong>anno</strong></span> <span class='ocrx_word' id='word_1_63' title='bbox 863 1173 1020 1240; x_wconf 61' lang='lat' dir='ltr'><strong>108i,</strong></span> <span class='ocrx_word' id='word_1_64' title='bbox 1056 1175 1405 1244; x_wconf 84' lang='lat' dir='ltr'><strong>pontiﬁcatus</strong></span> <span class='ocrx_word' id='word_1_65' title='bbox 1428 1176 1670 1245; x_wconf 92' lang='lat' dir='ltr'><strong>ejusdem</strong></span> <span class='ocrx_word' id='word_1_66' title='bbox 1698 1175 1834 1231; x_wconf 92' lang='lat' dir='ltr'><strong>Grc-</strong></span> 
     </span>
    </p>
   </div>
   <div class='ocr_carea' id='block_1_11' title="bbox 307 1257 1830 1335">
    <p class='ocr_par' dir='ltr' id='par_1_11' title="bbox 307 1257 1830 1335">
     <span class='ocr_line' id='line_1_11' title="bbox 307 1257 1830 1335; baseline 0.005 -23"><span class='ocrx_word' id='word_1_67' title='bbox 307 1261 426 1330; x_wconf 76' lang='lat' dir='ltr'><strong>gorii</strong></span> <span class='ocrx_word' id='word_1_68' title='bbox 452 1260 559 1326; x_wconf 78' lang='lat' dir='ltr'><strong>\‘ll,</strong></span> <span class='ocrx_word' id='word_1_69' title='bbox 588 1257 884 1317; x_wconf 83' lang='lat' dir='ltr'><strong>Guibertus</strong></span> <span class='ocrx_word' id='word_1_70' title='bbox 911 1262 1024 1332; x_wconf 92' lang='lat' dir='ltr'><strong>ipse</strong></span> <span class='ocrx_word' id='word_1_71' title='bbox 1061 1264 1407 1333; x_wconf 78' lang='lat' dir='ltr'><strong>imperatoris</strong></span> <span class='ocrx_word' id='word_1_72' title='bbox 1433 1265 1590 1335; x_wconf 88' lang='lat' dir='ltr'><strong>jussu</strong></span> <span class='ocrx_word' id='word_1_73' title='bbox 1612 1281 1685 1318; x_wconf 85' lang='lat' dir='ltr'><strong>vn</strong></span> <span class='ocrx_word' id='word_1_74' title='bbox 1713 1264 1830 1320; x_wconf 81' lang='lat' dir='ltr'><strong>Kal.</strong></span> 
     </span>
    </p>
   </div>
   <div class='ocr_carea' id='block_1_12' title="bbox 305 1347 1916 1424">
    <p class='ocr_par' dir='ltr' id='par_1_12' title="bbox 305 1347 1916 1424">
     <span class='ocr_line' id='line_1_12' title="bbox 305 1347 1916 1424; baseline 0.004 -22"><span class='ocrx_word' id='word_1_75' title='bbox 305 1347 434 1415; x_wconf 74' lang='lat' dir='ltr'><strong>Julii,</strong></span> <span class='ocrx_word' id='word_1_76' title='bbox 466 1351 748 1407; x_wconf 88' lang='lat' dir='ltr'><strong>indictione</strong></span> <span class='ocrx_word' id='word_1_77' title='bbox 780 1353 834 1418; x_wconf 77' lang='grc'><strong>5,</strong></span> <span class='ocrx_word' id='word_1_78' title='bbox 856 1353 925 1407; x_wconf 91' lang='lat' dir='ltr'><strong>ab</strong></span> <span class='ocrx_word' id='word_1_79' title='bbox 949 1353 1222 1424; x_wconf 88' lang='lat' dir='ltr'><strong>episc0pis</strong></span> <span class='ocrx_word' id='word_1_80' title='bbox 1257 1355 1351 1424; x_wconf 86' lang='lat' dir='ltr'><strong>qui</strong></span> <span class='ocrx_word' id='word_1_81' title='bbox 1389 1356 1443 1409; x_wconf 93' lang='lat' dir='ltr'><strong>in</strong></span> <span class='ocrx_word' id='word_1_82' title='bbox 1475 1370 1540 1410; x_wconf 92' lang='lat' dir='ltr'><strong>eo</strong></span> <span class='ocrx_word' id='word_1_83' title='bbox 1564 1364 1833 1409; x_wconf 88' lang='lat' dir='ltr'><strong>conventu</strong></span> <span class='ocrx_word' id='word_1_84' title='bbox 1914 1381 1916 1384; x_wconf 55' lang='grc' dir='ltr'>ν</span> 
     </span>
    </p>
   </div>
   <div class='ocr_carea' id='block_1_13' title="bbox 305 1441 1834 1515">
    <p class='ocr_par' dir='ltr' id='par_1_13' title="bbox 305 1441 1834 1515">
     <span class='ocr_line' id='line_1_13' title="bbox 305 1441 1834 1515; baseline 0.004 -22"><span class='ocrx_word' id='word_1_85' title='bbox 305 1441 534 1506; x_wconf 76' lang='lat' dir='ltr'><strong>alerant,</strong></span> <span class='ocrx_word' id='word_1_86' title='bbox 577 1443 750 1496; x_wconf 83' lang='lat' dir='ltr'><strong>eidem</strong></span> <span class='ocrx_word' id='word_1_87' title='bbox 795 1443 1418 1515; x_wconf 79' lang='lat' dir='ltr'><strong>pontiﬁcisubrogatus</strong></span> <span class='ocrx_word' id='word_1_88' title='bbox 1454 1453 1572 1510; x_wconf 88' lang='lat' dir='ltr'><strong>est,</strong></span> <span class='ocrx_word' id='word_1_89' title='bbox 1614 1453 1670 1499; x_wconf 92' lang='lat' dir='ltr'><strong>et</strong></span> <span class='ocrx_word' id='word_1_90' title='bbox 1707 1442 1834 1499; x_wconf 87' lang='lat' dir='ltr'><strong>Cle-</strong></span> 
     </span>
    </p>
   </div>
   <div class='ocr_carea' id='block_1_14' title="bbox 294 1524 1832 1606">
    <p class='ocr_par' dir='ltr' id='par_1_14' title="bbox 294 1524 1832 1606">
     <span class='ocr_line' id='line_1_14' title="bbox 294 1524 1832 1606; baseline 0.003 -21"><span class='ocrx_word' id='word_1_91' title='bbox 294 1546 440 1606; x_wconf 82' lang='lat' dir='ltr'><strong>mens</strong></span> <span class='ocrx_word' id='word_1_92' title='bbox 463 1530 521 1584; x_wconf 87' lang='lat' dir='ltr'><strong>lll</strong></span> <span class='ocrx_word' id='word_1_93' title='bbox 553 1533 885 1602; x_wconf 64' lang='lat' dir='ltr'><strong>apmllatus;</strong></span> <span class='ocrx_word' id='word_1_94' title='bbox 919 1524 1014 1603; x_wconf 81' lang='lat' dir='ltr'><strong>qui</strong></span> <span class='ocrx_word' id='word_1_95' title='bbox 1055 1533 1109 1588; x_wconf 87' lang='lat' dir='ltr'><strong>in</strong></span> <span class='ocrx_word' id='word_1_96' title='bbox 1145 1536 1442 1590; x_wconf 84' lang='lat' dir='ltr'><strong>schismate</strong></span> <span class='ocrx_word' id='word_1_97' title='bbox 1474 1545 1665 1590; x_wconf 86' lang='lat' dir='ltr'><strong>contra</strong></span> <span class='ocrx_word' id='word_1_98' title='bbox 1697 1534 1832 1590; x_wconf 88' lang='lat' dir='ltr'><strong>Gre-</strong></span> 
     </span>
    </p>
   </div>
   <div class='ocr_carea' id='block_1_15' title="bbox 306 1619 1833 1690">
    <p class='ocr_par' dir='ltr' id='par_1_15' title="bbox 306 1619 1833 1690">
     <span class='ocr_line' id='line_1_15' title="bbox 306 1619 1833 1690; baseline 0.005 -18"><span class='ocrx_word' id='word_1_99' title='bbox 306 1619 491 1688; x_wconf 75' lang='lat' dir='ltr'><strong>gorium</strong></span> <span class='ocrx_word' id='word_1_100' title='bbox 523 1620 642 1686; x_wconf 69' lang='lat' dir='ltr'><strong>Vll,</strong></span> <span class='ocrx_word' id='word_1_101' title='bbox 670 1620 946 1677; x_wconf 69' lang='lat' dir='ltr'><strong>Victorem</strong></span> <span class='ocrx_word' id='word_1_102' title='bbox 981 1621 1082 1690; x_wconf 81' lang='lat' dir='ltr'><strong>Ill,</strong></span> <span class='ocrx_word' id='word_1_103' title='bbox 1116 1622 1398 1678; x_wconf 79' lang='lat' dir='ltr'><strong>Urbanum</strong></span> <span class='ocrx_word' id='word_1_104' title='bbox 1429 1624 1470 1678; x_wconf 91' lang='lat' dir='ltr'><strong>ll</strong></span> <span class='ocrx_word' id='word_1_105' title='bbox 1500 1635 1554 1679; x_wconf 91' lang='lat' dir='ltr'><strong>et</strong></span> <span class='ocrx_word' id='word_1_106' title='bbox 1590 1624 1833 1680; x_wconf 85' lang='lat' dir='ltr'><strong>Pascha-</strong></span> 
     </span>
    </p>
   </div>
   <div class='ocr_carea' id='block_1_16' title="bbox 306 1706 1834 1784">
    <p class='ocr_par' dir='ltr' id='par_1_16' title="bbox 306 1706 1834 1784">
     <span class='ocr_line' id='line_1_16' title="bbox 306 1706 1834 1784; baseline 0.008 -24"><span class='ocrx_word' id='word_1_107' title='bbox 306 1706 396 1763; x_wconf 85' lang='lat' dir='ltr'><strong>lem</strong></span> <span class='ocrx_word' id='word_1_108' title='bbox 427 1708 497 1773; x_wconf 89' lang='lat' dir='ltr'><strong>ll,</strong></span> <span class='ocrx_word' id='word_1_109' title='bbox 534 1711 671 1766; x_wconf 73' lang='lat' dir='ltr'><strong>sedit</strong></span> <span class='ocrx_word' id='word_1_110' title='bbox 703 1728 880 1768; x_wconf 89' lang='lat' dir='ltr'><strong>annos</strong></span> <span class='ocrx_word' id='word_1_111' title='bbox 919 1714 1042 1784; x_wconf 89' lang='lat' dir='ltr'><strong>plus</strong></span> <span class='ocrx_word' id='word_1_112' title='bbox 1075 1715 1258 1769; x_wconf 90' lang='lat' dir='ltr'><strong>minus</strong></span> <span class='ocrx_word' id='word_1_113' title='bbox 1294 1731 1420 1780; x_wconf 68' lang='lat' dir='ltr'><strong>sui,</strong></span> <span class='ocrx_word' id='word_1_114' title='bbox 1456 1731 1602 1771; x_wconf 89' lang='lat' dir='ltr'><strong>anno</strong></span> <span class='ocrx_word' id='word_1_115' title='bbox 1640 1715 1834 1771; x_wconf 86' lang='lat' dir='ltr'><strong>deinde</strong></span> 
     </span>
    </p>
   </div>
   <div class='ocr_carea' id='block_1_17' title="bbox 256 1798 1829 1874">
    <p class='ocr_par' dir='ltr' id='par_1_17' title="bbox 256 1798 1829 1874">
     <span class='ocr_line' id='line_1_17' title="bbox 256 1798 1829 1874; baseline 0.007 -25"><span class='ocrx_word' id='word_1_116' title='bbox 256 1833 260 1838; x_wconf 61' lang='lat'><strong>.</strong></span> <span class='ocrx_word' id='word_1_117' title='bbox 309 1798 445 1867; x_wconf 78' lang='lat' dir='ltr'><strong>l08i,</strong></span> <span class='ocrx_word' id='word_1_118' title='bbox 475 1799 649 1856; x_wconf 74' lang='lat' dir='ltr'><strong>nonne</strong></span> <span class='ocrx_word' id='word_1_119' title='bbox 677 1819 732 1856; x_wconf 75' lang='lat' dir='ltr'><strong>Il</strong></span> <span class='ocrx_word' id='word_1_120' title='bbox 760 1801 876 1856; x_wconf 79' lang='lat' dir='ltr'><strong>Kal.</strong></span> <span class='ocrx_word' id='word_1_121' title='bbox 905 1804 1136 1874; x_wconf 79' lang='lat' dir='ltr'><strong>Aprilis,</strong></span> <span class='ocrx_word' id='word_1_122' title='bbox 1165 1805 1251 1861; x_wconf 90' lang='lat' dir='ltr'><strong>die</strong></span> <span class='ocrx_word' id='word_1_123' title='bbox 1295 1804 1576 1860; x_wconf 81' lang='lat' dir='ltr'><strong>Dominico</strong></span> <span class='ocrx_word' id='word_1_124' title='bbox 1611 1804 1829 1860; x_wconf 87' lang='lat' dir='ltr'><strong>Palma-</strong></span> 
     </span>
    </p>
   </div>
   <div class='ocr_carea' id='block_1_18' title="bbox 1936 637 3491 709">
    <p class='ocr_par' dir='ltr' id='par_1_18' title="bbox 1936 637 3491 709">
     <span class='ocr_line' id='line_1_18' title="bbox 1936 637 3491 709; baseline 0.003 -17"><span class='ocrx_word' id='word_1_125' title='bbox 1936 653 2052 692; x_wconf 88' lang='lat' dir='ltr'><strong>cem</strong></span> <span class='ocrx_word' id='word_1_126' title='bbox 2086 638 2499 692; x_wconf 86' lang='lat' dir='ltr'><strong>succedentibus</strong></span> <span class='ocrx_word' id='word_1_127' title='bbox 2525 637 2820 706; x_wconf 76' lang='lat' dir='ltr'><strong>supervixit</strong></span> <span class='ocrx_word' id='word_1_128' title='bbox 2845 655 2857 690; x_wconf 92' lang='lat'>:</span> <span class='ocrx_word' id='word_1_129' title='bbox 2885 637 3116 692; x_wconf 81' lang='lat' dir='ltr'><strong>extorris</strong></span> <span class='ocrx_word' id='word_1_130' title='bbox 3136 638 3226 693; x_wconf 92' lang='lat' dir='ltr'><strong>diu</strong></span> <span class='ocrx_word' id='word_1_131' title='bbox 3261 646 3491 709; x_wconf 82' lang='lat' dir='ltr'><strong>utraque</strong></span> 
     </span>
    </p>
   </div>
   <div class='ocr_carea' id='block_1_19' title="bbox 1935 727 3488 799">
    <p class='ocr_par' dir='ltr' id='par_1_19' title="bbox 1935 727 3488 799">
     <span class='ocr_line' id='line_1_19' title="bbox 1935 727 3488 799; baseline 0.002 -17"><span class='ocrx_word' id='word_1_132' title='bbox 1935 727 2081 792; x_wconf 84' lang='lat' dir='ltr'><strong>sede,</strong></span> <span class='ocrx_word' id='word_1_133' title='bbox 2112 736 2170 782; x_wconf 88' lang='lat' dir='ltr'><strong>et</strong></span> <span class='ocrx_word' id='word_1_134' title='bbox 2195 727 2440 782; x_wconf 83' lang='lat' dir='ltr'><strong>Romana</strong></span> <span class='ocrx_word' id='word_1_135' title='bbox 2461 736 2515 783; x_wconf 90' lang='lat' dir='ltr'><strong>et</strong></span> <span class='ocrx_word' id='word_1_136' title='bbox 2537 727 2866 788; x_wconf 81' lang='lat' dir='ltr'><strong>Ravennate.</strong></span> <span class='ocrx_word' id='word_1_137' title='bbox 2891 729 3126 794; x_wconf 87' lang='lat' dir='ltr'><strong>malens,</strong></span> <span class='ocrx_word' id='word_1_138' title='bbox 3159 738 3220 784; x_wconf 91' lang='lat' dir='ltr'><strong>ut</strong></span> <span class='ocrx_word' id='word_1_139' title='bbox 3238 744 3377 799; x_wconf 66' lang='lat' dir='ltr'><strong>saepe</strong></span> <span class='ocrx_word' id='word_1_140' title='bbox 3407 729 3488 785; x_wconf 86' lang='lat' dir='ltr'><strong>di-</strong></span> 
     </span>
    </p>
   </div>
   <div class='ocr_carea' id='block_1_20' title="bbox 1933 819 3489 892">
    <p class='ocr_par' dir='ltr' id='par_1_20' title="bbox 1933 819 3489 892">
     <span class='ocr_line' id='line_1_20' title="bbox 1933 819 3489 892; baseline 0.004 -21"><span class='ocrx_word' id='word_1_141' title='bbox 1933 831 2058 871; x_wconf 89' lang='lat' dir='ltr'><strong>cere</strong></span> <span class='ocrx_word' id='word_1_142' title='bbox 2101 819 2298 873; x_wconf 85' lang='lat' dir='ltr'><strong>solitus</strong></span> <span class='ocrx_word' id='word_1_143' title='bbox 2343 827 2494 886; x_wconf 88' lang='lat' dir='ltr'><strong>erat,</strong></span> <span class='ocrx_word' id='word_1_144' title='bbox 2544 835 2604 874; x_wconf 89' lang='lat' dir='ltr'><strong>se</strong></span> <span class='ocrx_word' id='word_1_145' title='bbox 2641 820 2925 889; x_wconf 88' lang='lat' dir='ltr'><strong>apostolici</strong></span> <span class='ocrx_word' id='word_1_146' title='bbox 2962 835 3160 874; x_wconf 89' lang='lat' dir='ltr'><strong>nomen</strong></span> <span class='ocrx_word' id='word_1_147' title='bbox 3209 837 3489 892; x_wconf 87' lang='lat' dir='ltr'><strong>nunquam</strong></span> 
     </span>
    </p>
   </div>
   <div class='ocr_carea' id='block_1_21' title="bbox 1934 907 3492 978">
    <p class='ocr_par' dir='ltr' id='par_1_21' title="bbox 1934 907 3492 978">
     <span class='ocr_line' id='line_1_21' title="bbox 1934 907 3492 978; baseline 0.003 -18"><span class='ocrx_word' id='word_1_148' title='bbox 1934 907 2256 976; x_wconf 89' lang='lat' dir='ltr'><strong>suscepisse.</strong></span> <span class='ocrx_word' id='word_1_149' title='bbox 2303 907 2472 976; x_wconf 87' lang='lat' dir='ltr'><strong>Cujus</strong></span> <span class='ocrx_word' id='word_1_150' title='bbox 2507 909 2736 963; x_wconf 84' lang='lat' dir='ltr'><strong>cadaver</strong></span> <span class='ocrx_word' id='word_1_151' title='bbox 2769 909 3109 978; x_wconf 88' lang='lat' dir='ltr'><strong>postmodum</strong></span> <span class='ocrx_word' id='word_1_152' title='bbox 3132 950 3147 974; x_wconf 95' lang='lat'><strong>,</strong></span> <span class='ocrx_word' id='word_1_153' title='bbox 3191 925 3320 978; x_wconf 90' lang='lat' dir='ltr'><strong>pace</strong></span> <span class='ocrx_word' id='word_1_154' title='bbox 3351 910 3492 966; x_wconf 89' lang='lat' dir='ltr'><strong>inter</strong></span> 
     </span>
    </p>
   </div>
   <div class='ocr_carea' id='block_1_22' title="bbox 1935 993 3487 1067">
    <p class='ocr_par' dir='ltr' id='par_1_22' title="bbox 1935 993 3487 1067">
     <span class='ocr_line' id='line_1_22' title="bbox 1935 993 3487 1067; baseline 0.005 -21"><span class='ocrx_word' id='word_1_155' title='bbox 1935 993 2226 1048; x_wconf 86' lang='lat' dir='ltr'><strong>llenrieum</strong></span> <span class='ocrx_word' id='word_1_156' title='bbox 2259 994 2300 1047; x_wconf 83' lang='lat' dir='ltr'><strong>V</strong></span> <span class='ocrx_word' id='word_1_157' title='bbox 2345 1004 2398 1049; x_wconf 90' lang='lat' dir='ltr'><strong>et</strong></span> <span class='ocrx_word' id='word_1_158' title='bbox 2456 994 2775 1060; x_wconf 86' lang='lat' dir='ltr'><strong>Paschalem</strong></span> <span class='ocrx_word' id='word_1_159' title='bbox 2812 995 2856 1049; x_wconf 87' lang='lat' dir='ltr'><strong>ll</strong></span> <span class='ocrx_word' id='word_1_160' title='bbox 2894 998 3067 1063; x_wconf 87' lang='lat' dir='ltr'><strong>laeta,</strong></span> <span class='ocrx_word' id='word_1_161' title='bbox 3107 997 3172 1051; x_wconf 92' lang='lat' dir='ltr'><strong>de</strong></span> <span class='ocrx_word' id='word_1_162' title='bbox 3207 999 3487 1067; x_wconf 89' lang='lat' dir='ltr'><strong>sepulcro,</strong></span> 
     </span>
    </p>
   </div>
   <div class='ocr_carea' id='block_1_23' title="bbox 1935 1082 3490 1152">
    <p class='ocr_par' dir='ltr' id='par_1_23' title="bbox 1935 1082 3490 1152">
     <span class='ocr_line' id='line_1_23' title="bbox 1935 1082 3490 1152; baseline 0.005 -17"><span class='ocrx_word' id='word_1_163' title='bbox 1935 1083 2025 1136; x_wconf 91' lang='lat' dir='ltr'><strong>ubi</strong></span> <span class='ocrx_word' id='word_1_164' title='bbox 2049 1083 2427 1152; x_wconf 89' lang='lat' dir='ltr'><strong>quinquennio</strong></span> <span class='ocrx_word' id='word_1_165' title='bbox 2463 1082 2744 1152; x_wconf 89' lang='lat' dir='ltr'><strong>jacuerat,</strong></span> <span class='ocrx_word' id='word_1_166' title='bbox 2787 1085 3157 1151; x_wconf 87' lang='lat' dir='ltr'><strong>abstractum,</strong></span> <span class='ocrx_word' id='word_1_167' title='bbox 3192 1095 3490 1142; x_wconf 87' lang='lat' dir='ltr'><strong>crematum</strong></span> 
     </span>
    </p>
   </div>
   <div class='ocr_carea' id='block_1_24' title="bbox 1932 1171 3491 1248">
    <p class='ocr_par' dir='ltr' id='par_1_24' title="bbox 1932 1171 3491 1248">
     <span class='ocr_line' id='line_1_24' title="bbox 1932 1171 3491 1248; baseline 0.004 -23"><span class='ocrx_word' id='word_1_168' title='bbox 1932 1180 2016 1226; x_wconf 89' lang='lat' dir='ltr'><strong>est</strong></span> <span class='ocrx_word' id='word_1_169' title='bbox 2038 1171 2197 1240; x_wconf 89' lang='lat' dir='ltr'><strong>jussu</strong></span> <span class='ocrx_word' id='word_1_170' title='bbox 2232 1171 2512 1227; x_wconf 88' lang='lat' dir='ltr'><strong>Paschalis</strong></span> <span class='ocrx_word' id='word_1_171' title='bbox 2538 1171 2615 1238; x_wconf 90' lang='lat' dir='ltr'><strong>ll,</strong></span> <span class='ocrx_word' id='word_1_172' title='bbox 2667 1173 2962 1244; x_wconf 89' lang='lat' dir='ltr'><strong>omniaque</strong></span> <span class='ocrx_word' id='word_1_173' title='bbox 2993 1174 3114 1244; x_wconf 88' lang='lat' dir='ltr'><strong>ejus</strong></span> <span class='ocrx_word' id='word_1_174' title='bbox 3153 1184 3274 1230; x_wconf 90' lang='lat' dir='ltr'><strong>acta</strong></span> <span class='ocrx_word' id='word_1_175' title='bbox 3312 1176 3368 1230; x_wconf 92' lang='lat' dir='ltr'><strong>in</strong></span> <span class='ocrx_word' id='word_1_176' title='bbox 3402 1192 3491 1248; x_wconf 79' lang='lat' dir='ltr'><strong>sy-</strong></span> 
     </span>
    </p>
   </div>
   <div class='ocr_carea' id='block_1_25' title="bbox 1934 1259 3258 1334">
    <p class='ocr_par' dir='ltr' id='par_1_25' title="bbox 1934 1259 3258 1334">
     <span class='ocr_line' id='line_1_25' title="bbox 1934 1259 3258 1334; baseline 0.005 -20"><span class='ocrx_word' id='word_1_177' title='bbox 1934 1261 2077 1326; x_wconf 87' lang='lat' dir='ltr'><strong>nodo</strong></span> <span class='ocrx_word' id='word_1_178' title='bbox 2103 1259 2356 1316; x_wconf 80' lang='lat' dir='ltr'><strong>Laterani</strong></span> <span class='ocrx_word' id='word_1_179' title='bbox 2390 1273 2717 1334; x_wconf 79' lang='lat' dir='ltr'><strong>eongregata</strong></span> <span class='ocrx_word' id='word_1_180' title='bbox 2754 1263 2907 1318; x_wconf 88' lang='lat' dir='ltr'><strong>irrita</strong></span> <span class='ocrx_word' id='word_1_181' title='bbox 2942 1264 3083 1319; x_wconf 81' lang='lat' dir='ltr'><strong>facta</strong></span> <span class='ocrx_word' id='word_1_182' title='bbox 3112 1276 3258 1320; x_wconf 89' lang='lat' dir='ltr'><strong>sunt.</strong></span> 
     </span>
    </p>
   </div>
   <div class='ocr_carea' id='block_1_26' title="bbox 2007 1350 3492 1426">
    <p class='ocr_par' dir='ltr' id='par_1_26' title="bbox 2007 1350 3492 1426">
     <span class='ocr_line' id='line_1_26' title="bbox 2007 1350 3492 1426; baseline 0.005 -23"><span class='ocrx_word' id='word_1_183' title='bbox 2007 1350 2081 1406; x_wconf 91' lang='lat' dir='ltr'><strong>De</strong></span> <span class='ocrx_word' id='word_1_184' title='bbox 2104 1367 2170 1406; x_wconf 90' lang='lat' dir='ltr'><strong>eo</strong></span> <span class='ocrx_word' id='word_1_185' title='bbox 2198 1352 2272 1406; x_wconf 89' lang='lat' dir='ltr'><strong>ita</strong></span> <span class='ocrx_word' id='word_1_186' title='bbox 2294 1353 2514 1422; x_wconf 85' lang='lat' dir='ltr'><strong>quidam</strong></span> <span class='ocrx_word' id='word_1_187' title='bbox 2547 1354 2741 1408; x_wconf 86' lang='lat' dir='ltr'><strong>borum</strong></span> <span class='ocrx_word' id='word_1_188' title='bbox 2778 1364 3085 1426; x_wconf 89' lang='lat' dir='ltr'><strong>temporum</strong></span> <span class='ocrx_word' id='word_1_189' title='bbox 3123 1365 3315 1411; x_wconf 89' lang='lat' dir='ltr'><strong>auctor</strong></span> <span class='ocrx_word' id='word_1_190' title='bbox 3357 1358 3492 1413; x_wconf 89' lang='lat' dir='ltr'><strong>scri-</strong></span> 
     </span>
    </p>
   </div>
   <div class='ocr_carea' id='block_1_27' title="bbox 1933 1442 3494 1516">
    <p class='ocr_par' dir='ltr' id='par_1_27' title="bbox 1933 1442 3494 1516">
     <span class='ocr_line' id='line_1_27' title="bbox 1933 1442 3494 1516; baseline 0.006 -20"><span class='ocrx_word' id='word_1_191' title='bbox 1933 1443 2012 1497; x_wconf 83' lang='lat' dir='ltr'><strong>bit</strong></span> <span class='ocrx_word' id='word_1_192' title='bbox 2040 1463 2053 1496; x_wconf 93' lang='lat'>:</span> <span class='ocrx_word' id='word_1_193' title='bbox 2089 1442 2365 1498; x_wconf 82' lang='lat' dir='ltr'><strong>Cuibertus</strong></span> <span class='ocrx_word' id='word_1_194' title='bbox 2384 1487 2398 1512; x_wconf 92' lang='lat'><strong>,</strong></span> <span class='ocrx_word' id='word_1_195' title='bbox 2427 1445 2516 1516; x_wconf 97' lang='lat' dir='ltr'><strong>qui</strong></span> <span class='ocrx_word' id='word_1_196' title='bbox 2554 1456 2667 1515; x_wconf 87' lang='lat' dir='ltr'><strong>post</strong></span> <span class='ocrx_word' id='word_1_197' title='bbox 2692 1449 2929 1516; x_wconf 76' lang='lat' dir='ltr'><strong>prwstita</strong></span> <span class='ocrx_word' id='word_1_198' title='bbox 2965 1447 3177 1502; x_wconf 86' lang='lat' dir='ltr'><strong>domino</strong></span> <span class='ocrx_word' id='word_1_199' title='bbox 3215 1465 3307 1503; x_wconf 89' lang='lat' dir='ltr'><strong>suo</strong></span> <span class='ocrx_word' id='word_1_200' title='bbox 3330 1449 3494 1506; x_wconf 74' lang='lat' dir='ltr'><strong>beata:</strong></span> 
     </span>
    </p>
   </div>
   <div class='ocr_carea' id='block_1_28' title="bbox 1933 1533 3493 1608">
    <p class='ocr_par' dir='ltr' id='par_1_28' title="bbox 1933 1533 3493 1608">
     <span class='ocr_line' id='line_1_28' title="bbox 1933 1533 3493 1608; baseline 0.006 -22"><span class='ocrx_word' id='word_1_201' title='bbox 1933 1535 2199 1592; x_wconf 74' lang='lat' dir='ltr'><strong>memoria:</strong></span> <span class='ocrx_word' id='word_1_202' title='bbox 2225 1533 2475 1606; x_wconf 80' lang='lat' dir='ltr'><strong>Gregorio</strong></span> <span class='ocrx_word' id='word_1_203' title='bbox 2521 1535 2629 1590; x_wconf 83' lang='lat' dir='ltr'><strong>VII</strong></span> <span class='ocrx_word' id='word_1_204' title='bbox 2658 1539 2931 1607; x_wconf 82' lang='lat' dir='ltr'><strong>ﬁdelitatis</strong></span> <span class='ocrx_word' id='word_1_205' title='bbox 2949 1539 3274 1608; x_wconf 87' lang='lat' dir='ltr'><strong>juramenta,</strong></span> <span class='ocrx_word' id='word_1_206' title='bbox 3300 1548 3350 1593; x_wconf 91' lang='lat' dir='ltr'><strong>et</strong></span> <span class='ocrx_word' id='word_1_207' title='bbox 3372 1540 3493 1594; x_wconf 86' lang='lat' dir='ltr'><strong>obe-</strong></span> 
     </span>
    </p>
   </div>
   <div class='ocr_carea' id='block_1_29' title="bbox 1933 1625 3494 1699">
    <p class='ocr_par' dir='ltr' id='par_1_29' title="bbox 1933 1625 3494 1699">
     <span class='ocr_line' id='line_1_29' title="bbox 1933 1625 3494 1699; baseline 0.003 -21"><span class='ocrx_word' id='word_1_208' title='bbox 1933 1625 2186 1678; x_wconf 86' lang='lat' dir='ltr'><strong>dientiam</strong></span> <span class='ocrx_word' id='word_1_209' title='bbox 2228 1637 2421 1696; x_wconf 79' lang='lat' dir='ltr'><strong>septem</strong></span> <span class='ocrx_word' id='word_1_210' title='bbox 2458 1630 2610 1682; x_wconf 88' lang='lat' dir='ltr'><strong>annis</strong></span> <span class='ocrx_word' id='word_1_211' title='bbox 2653 1629 2968 1695; x_wconf 74' lang='lat' dir='ltr'><strong>exhibitam,</strong></span> <span class='ocrx_word' id='word_1_212' title='bbox 3005 1631 3194 1683; x_wconf 86' lang='lat' dir='ltr'><strong>invasit</strong></span> <span class='ocrx_word' id='word_1_213' title='bbox 3242 1629 3494 1699; x_wconf 85' lang='lat' dir='ltr'><strong>apostoli-</strong></span> 
     </span>
    </p>
   </div>
   <div class='ocr_carea' id='block_1_30' title="bbox 1931 1716 3521 1791">
    <p class='ocr_par' dir='ltr' id='par_1_30' title="bbox 1931 1716 3521 1791">
     <span class='ocr_line' id='line_1_30' title="bbox 1931 1716 3521 1791; baseline 0.003 -23"><span class='ocrx_word' id='word_1_214' title='bbox 1931 1732 2048 1768; x_wconf 88' lang='lat' dir='ltr'><strong>cam</strong></span> <span class='ocrx_word' id='word_1_215' title='bbox 2087 1716 2292 1782; x_wconf 91' lang='lat' dir='ltr'><strong>sedem,</strong></span> <span class='ocrx_word' id='word_1_216' title='bbox 2335 1716 2722 1789; x_wconf 84' lang='lat' dir='ltr'><strong>Henricumque</strong></span> <span class='ocrx_word' id='word_1_217' title='bbox 2756 1722 3123 1791; x_wconf 80' lang='lat' dir='ltr'><strong>imperatorem</strong></span> <span class='ocrx_word' id='word_1_218' title='bbox 3160 1721 3381 1786; x_wconf 72' lang='lat' dir='ltr'><strong>absolvit</strong></span> <span class='ocrx_word' id='word_1_219' title='bbox 3425 1722 3521 1775; x_wconf 33' lang='lat' dir='ltr'><strong>ab.</strong></span> 
     </span>
    </p>
   </div>
   <div class='ocr_carea' id='block_1_31' title="bbox 1931 1805 3493 1880">
    <p class='ocr_par' dir='ltr' id='par_1_31' title="bbox 1931 1805 3493 1880">
     <span class='ocr_line' id='line_1_31' title="bbox 1931 1805 3493 1880; baseline 0.004 -23"><span class='ocrx_word' id='word_1_220' title='bbox 1931 1805 2286 1860; x_wconf 80' lang='lat' dir='ltr'><strong>observatione</strong></span> <span class='ocrx_word' id='word_1_221' title='bbox 2301 1807 2678 1877; x_wconf 84' lang='lat' dir='ltr'><strong>jurisjurandi,</strong></span> <span class='ocrx_word' id='word_1_222' title='bbox 2699 1811 2836 1879; x_wconf 87' lang='lat' dir='ltr'><strong>quod</strong></span> <span class='ocrx_word' id='word_1_223' title='bbox 2860 1811 2999 1880; x_wconf 89' lang='lat' dir='ltr'><strong>apud</strong></span> <span class='ocrx_word' id='word_1_224' title='bbox 3022 1810 3308 1866; x_wconf 78' lang='lat' dir='ltr'><strong>Canusium</strong></span> <span class='ocrx_word' id='word_1_225' title='bbox 3335 1810 3493 1865; x_wconf 86' lang='lat' dir='ltr'><strong>Lom-</strong></span> 
     </span>
    </p>
   </div>
   <div class='ocr_carea' id='block_1_32' title="bbox 307 1883 3505 1968">
    <p class='ocr_par' dir='ltr' id='par_1_32' title="bbox 307 1883 3505 1968">
     <span class='ocr_line' id='line_1_32' title="bbox 307 1883 3505 1968; baseline 0.003 -26"><span class='ocrx_word' id='word_1_226' title='bbox 307 1903 411 1942; x_wconf 90' lang='lat' dir='ltr'><strong>rum</strong></span> <span class='ocrx_word' id='word_1_227' title='bbox 435 1891 498 1946; x_wconf 82' lang='lat' dir='ltr'><strong>ab</strong></span> <span class='ocrx_word' id='word_1_228' title='bbox 527 1893 790 1963; x_wconf 88' lang='lat' dir='ltr'><strong>episcopis</strong></span> <span class='ocrx_word' id='word_1_229' title='bbox 811 1893 1166 1962; x_wconf 89' lang='lat' dir='ltr'><strong>Bononiensi,</strong></span> <span class='ocrx_word' id='word_1_230' title='bbox 1195 1895 1490 1963; x_wconf 84' lang='lat' dir='ltr'><strong>Mutinensi</strong></span> <span class='ocrx_word' id='word_1_231' title='bbox 1525 1905 1578 1952; x_wconf 91' lang='lat' dir='ltr'><strong>et</strong></span> <span class='ocrx_word' id='word_1_232' title='bbox 1600 1895 1829 1950; x_wconf 89' lang='lat' dir='ltr'><strong>Placen-</strong></span> <span class='ocrx_word' id='word_1_233' title='bbox 1862 1883 1904 1937; x_wconf 84' lang='grc' dir='ltr'><strong>Β</strong></span> <span class='ocrx_word' id='word_1_234' title='bbox 1930 1893 2130 1948; x_wconf 76' lang='lat' dir='ltr'><strong>bardia:</strong></span> <span class='ocrx_word' id='word_1_235' title='bbox 2163 1895 2408 1965; x_wconf 80' lang='lat' dir='ltr'><strong>oppidum</strong></span> <span class='ocrx_word' id='word_1_236' title='bbox 2453 1897 2580 1950; x_wconf 88' lang='lat' dir='ltr'><strong>olim</strong></span> <span class='ocrx_word' id='word_1_237' title='bbox 2633 1895 2881 1967; x_wconf 87' lang='lat' dir='ltr'><strong>Gregorio</strong></span> <span class='ocrx_word' id='word_1_238' title='bbox 2934 1915 3086 1967; x_wconf 64' lang='lat' dir='ltr'><strong>papa</strong></span> <span class='ocrx_word' id='word_1_239' title='bbox 3137 1900 3453 1968; x_wconf 66' lang='lat' dir='ltr'><strong>praestiterat</strong></span> <span class='ocrx_word' id='word_1_240' title='bbox 3473 1942 3505 1968; x_wconf 29' lang='grc' dir='ltr'><strong>,ο</strong></span> 
     </span>
    </p>
   </div>
   <div class='ocr_carea' id='block_1_33' title="bbox 307 1980 1826 2060">
    <p class='ocr_par' dir='ltr' id='par_1_33' title="bbox 307 1980 1826 2060">
     <span class='ocr_line' id='line_1_33' title="bbox 307 1980 1826 2060; baseline 0.005 -27"><span class='ocrx_word' id='word_1_241' title='bbox 307 1980 572 2046; x_wconf 69' lang='grc' dir='ltr'><strong>ϋηο,ι(ςιιω</strong></span> <span class='ocrx_word' id='word_1_242' title='bbox 605 1985 907 2041; x_wconf 86' lang='lat' dir='ltr'><strong>cardinales</strong></span> <span class='ocrx_word' id='word_1_243' title='bbox 927 1987 1201 2054; x_wconf 87' lang='lat' dir='ltr'><strong>deessent,</strong></span> <span class='ocrx_word' id='word_1_244' title='bbox 1233 1988 1612 2060; x_wconf 70' lang='lat' dir='ltr'><strong>inauguratus,</strong></span> <span class='ocrx_word' id='word_1_245' title='bbox 1637 1987 1826 2057; x_wconf 78' lang='lat' dir='ltr'><strong>proxi-</strong></span> 
     </span>
    </p>
   </div>
   <div class='ocr_carea' id='block_1_34' title="bbox 308 2069 1838 2145">
    <p class='ocr_par' dir='ltr' id='par_1_34' title="bbox 308 2069 1838 2145">
     <span class='ocr_line' id='line_1_34' title="bbox 308 2069 1838 2145; baseline 0.006 -23"><span class='ocrx_word' id='word_1_246' title='bbox 308 2085 385 2123; x_wconf 89' lang='lat' dir='ltr'><strong>mo</strong></span> <span class='ocrx_word' id='word_1_247' title='bbox 420 2069 651 2128; x_wconf 79' lang='lat' dir='ltr'><strong>Paschali</strong></span> <span class='ocrx_word' id='word_1_248' title='bbox 709 2075 852 2129; x_wconf 77' lang='lat' dir='ltr'><strong>festo</strong></span> <span class='ocrx_word' id='word_1_249' title='bbox 902 2076 1284 2145; x_wconf 87' lang='lat' dir='ltr'><strong>imperatorem</strong></span> <span class='ocrx_word' id='word_1_250' title='bbox 1348 2076 1643 2132; x_wconf 83' lang='lat' dir='ltr'><strong>Henricum</strong></span> <span class='ocrx_word' id='word_1_251' title='bbox 1703 2092 1838 2131; x_wconf 83' lang='lat' dir='ltr'><strong>cum</strong></span> 
     </span>
    </p>
   </div>
   <div class='ocr_carea' id='block_1_35' title="bbox 308 2161 1832 2222">
    <p class='ocr_par' dir='ltr' id='par_1_35' title="bbox 308 2161 1832 2222">
     <span class='ocr_line' id='line_1_35' title="bbox 308 2161 1832 2222; baseline 0.005 -9"><span class='ocrx_word' id='word_1_252' title='bbox 308 2174 454 2215; x_wconf 82' lang='lat' dir='ltr'><strong>uxore</strong></span> <span class='ocrx_word' id='word_1_253' title='bbox 482 2161 631 2218; x_wconf 80' lang='lat' dir='ltr'><strong>Berta</strong></span> <span class='ocrx_word' id='word_1_254' title='bbox 674 2166 978 2220; x_wconf 79' lang='lat' dir='ltr'><strong>coronavit.</strong></span> <span class='ocrx_word' id='word_1_255' title='bbox 1017 2167 1219 2222; x_wconf 85' lang='lat' dir='ltr'><strong>Audito</strong></span> <span class='ocrx_word' id='word_1_256' title='bbox 1266 2183 1398 2222; x_wconf 90' lang='lat' dir='ltr'><strong>vero</strong></span> <span class='ocrx_word' id='word_1_257' title='bbox 1439 2165 1660 2221; x_wconf 80' lang='lat' dir='ltr'><strong>Robcrti</strong></span> <span class='ocrx_word' id='word_1_258' title='bbox 1700 2165 1832 2221; x_wconf 88' lang='lat' dir='ltr'><strong>Gui-</strong></span> 
     </span>
    </p>
   </div>
   <div class='ocr_carea' id='block_1_36' title="bbox 307 2252 1832 2338">
    <p class='ocr_par' dir='ltr' id='par_1_36' title="bbox 307 2252 1832 2338">
     <span class='ocr_line' id='line_1_36' title="bbox 307 2252 1832 2338; baseline 0.005 -33"><span class='ocrx_word' id='word_1_259' title='bbox 307 2253 458 2307; x_wconf 80' lang='lat' dir='ltr'><strong>seardi</strong></span> <span class='ocrx_word' id='word_1_260' title='bbox 479 2252 930 2312; x_wconf 80' lang='lat' dir='ltr'><strong>Nortmannorum</strong></span> <span class='ocrx_word' id='word_1_261' title='bbox 978 2258 1134 2314; x_wconf 84' lang='lat' dir='ltr'><strong>ducis</strong></span> <span class='ocrx_word' id='word_1_262' title='bbox 1169 2259 1402 2315; x_wconf 89' lang='lat' dir='ltr'><strong>adventu</strong></span> <span class='ocrx_word' id='word_1_263' title='bbox 1422 2303 1437 2328; x_wconf 94' lang='lat'><strong>,</strong></span> <span class='ocrx_word' id='word_1_264' title='bbox 1462 2259 1556 2338; x_wconf 80' lang='lat' dir='ltr'><strong>qui</strong></span> <span class='ocrx_word' id='word_1_265' title='bbox 1591 2261 1644 2312; x_wconf 91' lang='lat' dir='ltr'><strong>in</strong></span> <span class='ocrx_word' id='word_1_266' title='bbox 1677 2258 1832 2314; x_wconf 77' lang='lat' dir='ltr'><strong>auxi-</strong></span> 
     </span>
    </p>
   </div>
   <div class='ocr_carea' id='block_1_37' title="bbox 305 2342 1832 2423">
    <p class='ocr_par' dir='ltr' id='par_1_37' title="bbox 305 2342 1832 2423">
     <span class='ocr_line' id='line_1_37' title="bbox 305 2342 1832 2423; baseline 0.004 -25"><span class='ocrx_word' id='word_1_267' title='bbox 305 2342 418 2398; x_wconf 90' lang='lat' dir='ltr'><strong>lium</strong></span> <span class='ocrx_word' id='word_1_268' title='bbox 441 2345 671 2418; x_wconf 78' lang='lat' dir='ltr'><strong>Gregorii</strong></span> <span class='ocrx_word' id='word_1_269' title='bbox 703 2347 794 2402; x_wconf 69' lang='lat' dir='ltr'><strong>Vll</strong></span> <span class='ocrx_word' id='word_1_270' title='bbox 823 2348 878 2404; x_wconf 91' lang='lat' dir='ltr'><strong>in</strong></span> <span class='ocrx_word' id='word_1_271' title='bbox 900 2366 1026 2406; x_wconf 89' lang='lat' dir='ltr'><strong>arce</strong></span> <span class='ocrx_word' id='word_1_272' title='bbox 1057 2350 1241 2406; x_wconf 89' lang='lat' dir='ltr'><strong>Sancti</strong></span> <span class='ocrx_word' id='word_1_273' title='bbox 1264 2351 1451 2423; x_wconf 77' lang='lat' dir='ltr'><strong>Angeli</strong></span> <span class='ocrx_word' id='word_1_274' title='bbox 1477 2350 1720 2407; x_wconf 90' lang='lat' dir='ltr'><strong>conclusi</strong></span> <span class='ocrx_word' id='word_1_275' title='bbox 1741 2365 1832 2404; x_wconf 78' lang='lat' dir='ltr'><strong>ve-</strong></span> 
     </span>
    </p>
   </div>
   <div class='ocr_carea' id='block_1_38' title="bbox 306 2433 1828 2517">
    <p class='ocr_par' dir='ltr' id='par_1_38' title="bbox 306 2433 1828 2517">
     <span class='ocr_line' id='line_1_38' title="bbox 306 2433 1828 2517; baseline 0.004 -30"><span class='ocrx_word' id='word_1_276' title='bbox 306 2433 462 2490; x_wconf 80' lang='lat' dir='ltr'><strong>niebat</strong></span> <span class='ocrx_word' id='word_1_277' title='bbox 483 2479 502 2502; x_wconf 91' lang='lat'><strong>,</strong></span> <span class='ocrx_word' id='word_1_278' title='bbox 538 2439 821 2509; x_wconf 89' lang='lat' dir='ltr'><strong>imperator</strong></span> <span class='ocrx_word' id='word_1_279' title='bbox 861 2450 916 2496; x_wconf 92' lang='lat' dir='ltr'><strong>et</strong></span> <span class='ocrx_word' id='word_1_280' title='bbox 949 2443 1206 2512; x_wconf 88' lang='lat' dir='ltr'><strong>antipapa</strong></span> <span class='ocrx_word' id='word_1_281' title='bbox 1244 2441 1396 2517; x_wconf 43' lang='lat' dir='ltr'><strong>&#39;Urbe</strong></span> <span class='ocrx_word' id='word_1_282' title='bbox 1432 2448 1786 2497; x_wconf 74' lang='lat' dir='ltr'><strong>excesserunt</strong></span> <span class='ocrx_word' id='word_1_283' title='bbox 1815 2459 1828 2493; x_wconf 87' lang='lat'><strong>:</strong></span> 
     </span>
    </p>
   </div>
   <div class='ocr_carea' id='block_1_39' title="bbox 306 2519 1832 2602">
    <p class='ocr_par' dir='ltr' id='par_1_39' title="bbox 306 2519 1832 2602">
     <span class='ocr_line' id='line_1_39' title="bbox 306 2519 1832 2602; baseline 0.005 -24"><span class='ocrx_word' id='word_1_284' title='bbox 306 2521 571 2584; x_wconf 85' lang='lat' dir='ltr'><strong>Guibertus</strong></span> <span class='ocrx_word' id='word_1_285' title='bbox 590 2519 801 2601; x_wconf 83' lang='lat' dir='ltr'><strong>quidem</strong></span> <span class='ocrx_word' id='word_1_286' title='bbox 838 2533 893 2586; x_wconf 92' lang='lat' dir='ltr'><strong>in</strong></span> <span class='ocrx_word' id='word_1_287' title='bbox 924 2532 1308 2589; x_wconf 85' lang='lat' dir='ltr'><strong>Lombardiam</strong></span> <span class='ocrx_word' id='word_1_288' title='bbox 1328 2575 1342 2599; x_wconf 95' lang='lat'><strong>,</strong></span> <span class='ocrx_word' id='word_1_289' title='bbox 1371 2534 1672 2602; x_wconf 86' lang='lat' dir='ltr'><strong>imperator</strong></span> <span class='ocrx_word' id='word_1_290' title='bbox 1701 2545 1832 2588; x_wconf 71' lang='lat' dir='ltr'><strong>vero</strong></span> 
     </span>
    </p>
   </div>
   <div class='ocr_carea' id='block_1_40' title="bbox 309 2615 1834 2694">
    <p class='ocr_par' dir='ltr' id='par_1_40' title="bbox 309 2615 1834 2694">
     <span class='ocr_line' id='line_1_40' title="bbox 309 2615 1834 2694; baseline 0.006 -27"><span class='ocrx_word' id='word_1_291' title='bbox 309 2615 354 2668; x_wconf 92' lang='lat' dir='ltr'><strong>in</strong></span> <span class='ocrx_word' id='word_1_292' title='bbox 376 2617 731 2691; x_wconf 74' lang='lat' dir='ltr'><strong>Germaniam,</strong></span> <span class='ocrx_word' id='word_1_293' title='bbox 768 2623 862 2677; x_wconf 90' lang='lat' dir='ltr'><strong>ubi</strong></span> <span class='ocrx_word' id='word_1_294' title='bbox 898 2638 1044 2677; x_wconf 92' lang='lat' dir='ltr'><strong>anno</strong></span> <span class='ocrx_word' id='word_1_295' title='bbox 1081 2625 1328 2694; x_wconf 87' lang='lat' dir='ltr'><strong>sequenti</strong></span> <span class='ocrx_word' id='word_1_296' title='bbox 1373 2623 1510 2677; x_wconf 83' lang='grc'><strong>1085</strong></span> <span class='ocrx_word' id='word_1_297' title='bbox 1543 2620 1834 2692; x_wconf 63' lang='lat' dir='ltr'><strong>Moguntina</strong></span> 
     </span>
    </p>
   </div>
   <div class='ocr_carea' id='block_1_41' title="bbox 309 2706 1834 2784">
    <p class='ocr_par' dir='ltr' id='par_1_41' title="bbox 309 2706 1834 2784">
     <span class='ocr_line' id='line_1_41' title="bbox 309 2706 1834 2784; baseline 0.003 -22"><span class='ocrx_word' id='word_1_298' title='bbox 309 2706 645 2778; x_wconf 80' lang='lat' dir='ltr'><strong>episcoporum</strong></span> <span class='ocrx_word' id='word_1_299' title='bbox 677 2710 980 2768; x_wconf 65' lang='lat' dir='ltr'><strong>Germanice</strong></span> <span class='ocrx_word' id='word_1_300' title='bbox 1008 2714 1216 2784; x_wconf 76' lang='lat' dir='ltr'><strong>synodo</strong></span> <span class='ocrx_word' id='word_1_301' title='bbox 1236 2721 1583 2784; x_wconf 79' lang='lat' dir='ltr'><strong>congregata,</strong></span> <span class='ocrx_word' id='word_1_302' title='bbox 1615 2711 1834 2767; x_wconf 83' lang='lat' dir='ltr'><strong>ordina-</strong></span> 
     </span>
    </p>
   </div>
   <div class='ocr_carea' id='block_1_42' title="bbox 311 2796 1833 2876">
    <p class='ocr_par' dir='ltr' id='par_1_42' title="bbox 311 2796 1833 2876">
     <span class='ocr_line' id='line_1_42' title="bbox 311 2796 1833 2876; baseline 0.007 -28"><span class='ocrx_word' id='word_1_303' title='bbox 311 2796 484 2852; x_wconf 87' lang='lat' dir='ltr'><strong>tionem</strong></span> <span class='ocrx_word' id='word_1_304' title='bbox 514 2799 800 2857; x_wconf 87' lang='lat' dir='ltr'><strong>Clementis</strong></span> <span class='ocrx_word' id='word_1_305' title='bbox 832 2802 898 2856; x_wconf 89' lang='lat' dir='ltr'><strong>lll</strong></span> <span class='ocrx_word' id='word_1_306' title='bbox 935 2813 988 2858; x_wconf 92' lang='lat' dir='ltr'><strong>et</strong></span> <span class='ocrx_word' id='word_1_307' title='bbox 1031 2805 1440 2876; x_wconf 82' lang='lat' dir='ltr'><strong>abrogationem</strong></span> <span class='ocrx_word' id='word_1_308' title='bbox 1477 2803 1719 2874; x_wconf 85' lang='lat' dir='ltr'><strong>Gregorii</strong></span> <span class='ocrx_word' id='word_1_309' title='bbox 1745 2803 1833 2858; x_wconf 84' lang='lat' dir='ltr'><strong>Vll</strong></span> 
     </span>
    </p>
   </div>
   <div class='ocr_carea' id='block_1_43' title="bbox 308 2889 1830 2968">
    <p class='ocr_par' dir='ltr' id='par_1_43' title="bbox 308 2889 1830 2968">
     <span class='ocr_line' id='line_1_43' title="bbox 308 2889 1830 2968; baseline 0.006 -27"><span class='ocrx_word' id='word_1_310' title='bbox 308 2889 582 2968; x_wconf 80' lang='lat' dir='ltr'><strong>coptirmari</strong></span> <span class='ocrx_word' id='word_1_311' title='bbox 603 2894 786 2964; x_wconf 64' lang='lat' dir='ltr'><strong>jussit.</strong></span> <span class='ocrx_word' id='word_1_312' title='bbox 812 2893 932 2962; x_wconf 86' lang='lat' dir='ltr'><strong>Quo</strong></span> <span class='ocrx_word' id='word_1_313' title='bbox 960 2904 1202 2967; x_wconf 90' lang='lat' dir='ltr'><strong>tempore</strong></span> <span class='ocrx_word' id='word_1_314' title='bbox 1223 2895 1551 2954; x_wconf 81' lang='lat' dir='ltr'><strong>Heritnanno</strong></span> <span class='ocrx_word' id='word_1_315' title='bbox 1573 2895 1830 2965; x_wconf 88' lang='lat' dir='ltr'><strong>primum,</strong></span> 
     </span>
    </p>
   </div>
   <div class='ocr_carea' id='block_1_44' title="bbox 309 2977 1853 3058">
    <p class='ocr_par' dir='ltr' id='par_1_44' title="bbox 309 2977 1853 3058">
     <span class='ocr_line' id='line_1_44' title="bbox 309 2977 1853 3058; baseline 0.007 -26"><span class='ocrx_word' id='word_1_316' title='bbox 309 2977 491 3048; x_wconf 88' lang='lat' dir='ltr'><strong>deinde,</strong></span> <span class='ocrx_word' id='word_1_317' title='bbox 511 2999 576 3039; x_wconf 87' lang='lat' dir='ltr'><strong>eo</strong></span> <span class='ocrx_word' id='word_1_318' title='bbox 594 2995 827 3050; x_wconf 81' lang='lat' dir='ltr'><strong>mortuo,</strong></span> <span class='ocrx_word' id='word_1_319' title='bbox 843 2986 1075 3058; x_wconf 83' lang='lat' dir='ltr'><strong>Egberto</strong></span> <span class='ocrx_word' id='word_1_320' title='bbox 1101 2989 1209 3041; x_wconf 89' lang='lat' dir='ltr'><strong>alio</strong></span> <span class='ocrx_word' id='word_1_321' title='bbox 1231 2988 1450 3058; x_wconf 80' lang='lat' dir='ltr'><strong>regibus</strong></span> <span class='ocrx_word' id='word_1_322' title='bbox 1470 3002 1500 3039; x_wconf 90' lang='lat' dir='ltr'><strong>a</strong></span> <span class='ocrx_word' id='word_1_323' title='bbox 1525 2985 1853 3043; x_wconf 81' lang='lat' dir='ltr'><strong>SaxonibuS&#39;</strong></span> 
     </span>
    </p>
   </div>
   <div class='ocr_carea' id='block_1_45' title="bbox 311 3077 1834 3146">
    <p class='ocr_par' dir='ltr' id='par_1_45' title="bbox 311 3077 1834 3146">
     <span class='ocr_line' id='line_1_45' title="bbox 311 3077 1834 3146; baseline 0.006 -23"><span class='ocrx_word' id='word_1_324' title='bbox 311 3081 469 3127; x_wconf 83' lang='lat' dir='ltr'><strong>contra</strong></span> <span class='ocrx_word' id='word_1_325' title='bbox 494 3090 547 3129; x_wconf 90' lang='lat' dir='ltr'><strong>se</strong></span> <span class='ocrx_word' id='word_1_326' title='bbox 576 3077 789 3142; x_wconf 85' lang='lat' dir='ltr'><strong>creatis,</strong></span> <span class='ocrx_word' id='word_1_327' title='bbox 815 3078 888 3131; x_wconf 90' lang='lat' dir='ltr'><strong>ita</strong></span> <span class='ocrx_word' id='word_1_328' title='bbox 918 3078 1075 3132; x_wconf 87' lang='lat' dir='ltr'><strong>novis</strong></span> <span class='ocrx_word' id='word_1_329' title='bbox 1097 3078 1254 3132; x_wconf 68' lang='lat' dir='ltr'><strong>bellis</strong></span> <span class='ocrx_word' id='word_1_330' title='bbox 1281 3077 1537 3132; x_wconf 87' lang='lat' dir='ltr'><strong>civilibus</strong></span> <span class='ocrx_word' id='word_1_331' title='bbox 1562 3077 1834 3146; x_wconf 84' lang='lat' dir='ltr'><strong>implicari</strong></span> 
     </span>
    </p>
   </div>
   <div class='ocr_carea' id='block_1_46' title="bbox 311 3163 1835 3239">
    <p class='ocr_par' dir='ltr' id='par_1_46' title="bbox 311 3163 1835 3239">
     <span class='ocr_line' id='line_1_46' title="bbox 311 3163 1835 3239; baseline 0.006 -25"><span class='ocrx_word' id='word_1_332' title='bbox 311 3163 464 3231; x_wconf 58' lang='lat' dir='ltr'><strong>carpit,</strong></span> <span class='ocrx_word' id='word_1_333' title='bbox 494 3174 549 3218; x_wconf 93' lang='lat' dir='ltr'><strong>ut</strong></span> <span class='ocrx_word' id='word_1_334' title='bbox 567 3166 723 3221; x_wconf 87' lang='lat' dir='ltr'><strong>rebus</strong></span> <span class='ocrx_word' id='word_1_335' title='bbox 753 3166 954 3223; x_wconf 87' lang='lat' dir='ltr'><strong>Italicis</strong></span> <span class='ocrx_word' id='word_1_336' title='bbox 987 3169 1222 3239; x_wconf 87' lang='lat' dir='ltr'><strong>amplius</strong></span> <span class='ocrx_word' id='word_1_337' title='bbox 1247 3169 1328 3224; x_wconf 89' lang='lat' dir='ltr'><strong>sic</strong></span> <span class='ocrx_word' id='word_1_338' title='bbox 1359 3183 1554 3224; x_wconf 77' lang='lat' dir='ltr'><strong>vacare</strong></span> <span class='ocrx_word' id='word_1_339' title='bbox 1575 3184 1684 3223; x_wconf 92' lang='lat' dir='ltr'><strong>non</strong></span> <span class='ocrx_word' id='word_1_340' title='bbox 1707 3182 1835 3238; x_wconf 91' lang='lat' dir='ltr'><strong>pos-</strong></span> 
     </span>
    </p>
   </div>
   <div class='ocr_carea' id='block_1_47' title="bbox 311 3251 1831 3322">
    <p class='ocr_par' dir='ltr' id='par_1_47' title="bbox 311 3251 1831 3322">
     <span class='ocr_line' id='line_1_47' title="bbox 311 3251 1831 3322; baseline 0.005 -18"><span class='ocrx_word' id='word_1_341' title='bbox 311 3261 395 3305; x_wconf 86' lang='lat' dir='ltr'><strong>set.</strong></span> <span class='ocrx_word' id='word_1_342' title='bbox 418 3251 572 3310; x_wconf 86' lang='lat' dir='ltr'><strong>Porro</strong></span> <span class='ocrx_word' id='word_1_343' title='bbox 607 3267 784 3322; x_wconf 87' lang='lat' dir='ltr'><strong>autem</strong></span> <span class='ocrx_word' id='word_1_344' title='bbox 822 3257 1059 3314; x_wconf 79' lang='lat' dir='ltr'><strong>Roberto</strong></span> <span class='ocrx_word' id='word_1_345' title='bbox 1089 3259 1392 3314; x_wconf 88' lang='lat' dir='ltr'><strong>Guiscardo</strong></span> <span class='ocrx_word' id='word_1_346' title='bbox 1423 3275 1488 3314; x_wconf 83' lang='lat' dir='ltr'><strong>ex</strong></span> <span class='ocrx_word' id='word_1_347' title='bbox 1529 3257 1674 3313; x_wconf 89' lang='lat' dir='ltr'><strong>Urbe</strong></span> <span class='ocrx_word' id='word_1_348' title='bbox 1705 3273 1831 3312; x_wconf 90' lang='lat' dir='ltr'><strong>cum</strong></span> 
     </span>
    </p>
   </div>
   <div class='ocr_carea' id='block_1_48' title="bbox 312 3340 1832 3415">
    <p class='ocr_par' dir='ltr' id='par_1_48' title="bbox 312 3340 1832 3415">
     <span class='ocr_line' id='line_1_48' title="bbox 312 3340 1832 3415; baseline 0.003 -18"><span class='ocrx_word' id='word_1_349' title='bbox 312 3340 538 3415; x_wconf 78' lang='lat' dir='ltr'><strong>Gregorio</strong></span> <span class='ocrx_word' id='word_1_350' title='bbox 559 3347 641 3401; x_wconf 78' lang='lat' dir='ltr'><strong>VII</strong></span> <span class='ocrx_word' id='word_1_351' title='bbox 670 3349 998 3415; x_wconf 86' lang='lat' dir='ltr'><strong>discedente,</strong></span> <span class='ocrx_word' id='word_1_352' title='bbox 1027 3349 1319 3404; x_wconf 90' lang='lat' dir='ltr'><strong>Guibertus</strong></span> <span class='ocrx_word' id='word_1_353' title='bbox 1344 3349 1412 3403; x_wconf 88' lang='lat' dir='ltr'><strong>ad</strong></span> <span class='ocrx_word' id='word_1_354' title='bbox 1435 3364 1554 3402; x_wconf 89' lang='lat' dir='ltr'><strong>eam</strong></span> <span class='ocrx_word' id='word_1_355' title='bbox 1579 3363 1832 3403; x_wconf 86' lang='lat' dir='ltr'><strong>reversus</strong></span> 
     </span>
    </p>
   </div>
   <div class='ocr_carea' id='block_1_49' title="bbox 311 3433 1831 3510">
    <p class='ocr_par' dir='ltr' id='par_1_49' title="bbox 311 3433 1831 3510">
     <span class='ocr_line' id='line_1_49' title="bbox 311 3433 1831 3510; baseline 0.006 -24"><span class='ocrx_word' id='word_1_356' title='bbox 311 3447 414 3487; x_wconf 88' lang='lat' dir='ltr'><strong>cum</strong></span> <span class='ocrx_word' id='word_1_357' title='bbox 447 3433 770 3507; x_wconf 79' lang='lat' dir='ltr'><strong>imperatoris</strong></span> <span class='ocrx_word' id='word_1_358' title='bbox 792 3437 1047 3509; x_wconf 73' lang='lat' dir='ltr'><strong>prmfecto</strong></span> <span class='ocrx_word' id='word_1_359' title='bbox 1069 3454 1253 3495; x_wconf 88' lang='lat' dir='ltr'><strong>arcem</strong></span> <span class='ocrx_word' id='word_1_360' title='bbox 1277 3437 1334 3493; x_wconf 86' lang='lat' dir='ltr'><strong>S.</strong></span> <span class='ocrx_word' id='word_1_361' title='bbox 1360 3438 1548 3510; x_wconf 78' lang='lat' dir='ltr'><strong>Angeli</strong></span> <span class='ocrx_word' id='word_1_362' title='bbox 1571 3445 1625 3494; x_wconf 90' lang='lat' dir='ltr'><strong>et</strong></span> <span class='ocrx_word' id='word_1_363' title='bbox 1647 3438 1831 3495; x_wconf 89' lang='lat' dir='ltr'><strong>omnia</strong></span> 
     </span>
    </p>
   </div>
   <div class='ocr_carea' id='block_1_50' title="bbox 312 3519 1578 3594">
    <p class='ocr_par' dir='ltr' id='par_1_50' title="bbox 312 3519 1578 3594">
     <span class='ocr_line' id='line_1_50' title="bbox 312 3519 1578 3594; baseline 0.016 -19"><span class='ocrx_word' id='word_1_364' title='bbox 312 3519 406 3578; x_wconf 83' lang='lat' dir='ltr'><strong>lere</strong></span> <span class='ocrx_word' id='word_1_365' title='bbox 423 3526 530 3594; x_wconf 86' lang='lat' dir='ltr'><strong>ejus</strong></span> <span class='ocrx_word' id='word_1_366' title='bbox 554 3529 666 3584; x_wconf 89' lang='lat' dir='ltr'><strong>loca</strong></span> <span class='ocrx_word' id='word_1_367' title='bbox 688 3530 948 3586; x_wconf 84' lang='lat' dir='ltr'><strong>obtinuit.</strong></span> <span class='ocrx_word' id='word_1_368' title='bbox 1573 3538 1578 3547; x_wconf 86' lang='grc'><em>’</em></span> 
     </span>
    </p>
   </div>
   <div class='ocr_carea' id='block_1_51' title="bbox 367 3617 1831 3770">
    <p class='ocr_par' dir='ltr' id='par_1_51' title="bbox 367 3617 1831 3770">
     <span class='ocr_line' id='line_1_51' title="bbox 367 3617 1831 3770; baseline 0.005 -101"><span class='ocrx_word' id='word_1_369' title='bbox 367 3617 538 3673; x_wconf 75' lang='lat' dir='ltr'><strong>Audita</strong></span> <span class='ocrx_word' id='word_1_370' title='bbox 570 3621 782 3676; x_wconf 82' lang='lat' dir='ltr'><strong>interim</strong></span> <span class='ocrx_word' id='word_1_371' title='bbox 822 3621 1070 3695; x_wconf 74' lang='lat' dir='ltr'><strong>Gregorii</strong></span> <span class='ocrx_word' id='word_1_372' title='bbox 1109 3621 1404 3770; x_wconf 53' lang='grc' dir='ltr'><strong>Ἣί</strong></span> <span class='ocrx_word' id='word_1_373' title='bbox 1437 3622 1517 3678; x_wconf 90' lang='lat' dir='ltr'><strong>illi</strong></span> <span class='ocrx_word' id='word_1_374' title='bbox 1547 3624 1831 3678; x_wconf 80' lang='lat' dir='ltr'><strong>successe-</strong></span> 
     </span>
     <span class='ocr_line' id='line_1_52' title="bbox 367 3708 1831 3770; baseline 0.007 -10"><span class='ocrx_word' id='word_1_375' title='bbox 367 3715 412 3770; x_wconf 92' lang='lat' dir='ltr'><strong>t,</strong></span> <span class='ocrx_word' id='word_1_376' title='bbox 447 3708 662 3769; x_wconf 72' lang='lat' dir='ltr'><strong>Victoris</strong></span> <span class='ocrx_word' id='word_1_377' title='bbox 694 3712 797 3770; x_wconf 89' lang='lat' dir='ltr'><strong>lll.</strong></span> <span class='ocrx_word' id='word_1_378' title='bbox 844 3723 1053 3770; x_wconf 89' lang='lat' dir='ltr'><strong>morte.</strong></span> <span class='ocrx_word' id='word_1_379' title='bbox 1090 3731 1215 3770; x_wconf 91' lang='lat' dir='ltr'><strong>cum</strong></span> <span class='ocrx_word' id='word_1_380' title='bbox 1375 3730 1541 3769; x_wconf 90' lang='lat' dir='ltr'><strong>anum</strong></span> <span class='ocrx_word' id='word_1_381' title='bbox 1588 3712 1632 3767; x_wconf 94' lang='lat' dir='ltr'><strong>ll</strong></span> <span class='ocrx_word' id='word_1_382' title='bbox 1669 3713 1831 3770; x_wconf 79' lang='lat' dir='ltr'><strong>suﬂ&#39;e-</strong></span> 
     </span>
    </p>
   </div>
   <div class='ocr_carea' id='block_1_52' title="bbox 313 3708 1834 3781">
    <p class='ocr_par' dir='ltr' id='par_1_52' title="bbox 313 3708 1834 3781">
     <span class='ocr_line' id='line_1_53' title="bbox 313 3708 1834 3781; baseline 0.006 -21"><span class='ocrx_word' id='word_1_383' title='bbox 313 3715 412 3774; x_wconf 83' lang='lat' dir='ltr'><strong>rat,</strong></span> <span class='ocrx_word' id='word_1_384' title='bbox 447 3708 662 3769; x_wconf 72' lang='lat' dir='ltr'><strong>Victoris</strong></span> <span class='ocrx_word' id='word_1_385' title='bbox 694 3712 797 3780; x_wconf 90' lang='lat' dir='ltr'><strong>lll,</strong></span> <span class='ocrx_word' id='word_1_386' title='bbox 844 3723 1053 3781; x_wconf 89' lang='lat' dir='ltr'><strong>morte,</strong></span> <span class='ocrx_word' id='word_1_387' title='bbox 1090 3731 1215 3770; x_wconf 91' lang='lat' dir='ltr'><strong>cum</strong></span> <span class='ocrx_word' id='word_1_388' title='bbox 1262 3708 1541 3770; x_wconf 75' lang='lat' dir='ltr'><strong>Urbanum</strong></span> <span class='ocrx_word' id='word_1_389' title='bbox 1588 3712 1632 3767; x_wconf 94' lang='lat' dir='ltr'><strong>ll</strong></span> <span class='ocrx_word' id='word_1_390' title='bbox 1669 3713 1834 3770; x_wconf 79' lang='lat' dir='ltr'><strong>suﬂ&#39;e-</strong></span> 
     </span>
    </p>
   </div>
   <div class='ocr_carea' id='block_1_53' title="bbox 311 3804 1832 3875">
    <p class='ocr_par' dir='ltr' id='par_1_53' title="bbox 311 3804 1832 3875">
     <span class='ocr_line' id='line_1_54' title="bbox 311 3804 1832 3875; baseline 0.004 -23"><span class='ocrx_word' id='word_1_391' title='bbox 311 3806 435 3852; x_wconf 74' lang='lat' dir='ltr'><strong>aum</strong></span> <span class='ocrx_word' id='word_1_392' title='bbox 453 3815 562 3855; x_wconf 87' lang='lat' dir='ltr'><strong>esse</strong></span> <span class='ocrx_word' id='word_1_393' title='bbox 581 3805 943 3872; x_wconf 77' lang='lat' dir='ltr'><strong>cognovisset,</strong></span> <span class='ocrx_word' id='word_1_394' title='bbox 967 3814 1080 3858; x_wconf 91' lang='lat' dir='ltr'><strong>tum</strong></span> <span class='ocrx_word' id='word_1_395' title='bbox 1100 3806 1337 3875; x_wconf 87' lang='lat' dir='ltr'><strong>primum</strong></span> <span class='ocrx_word' id='word_1_396' title='bbox 1362 3804 1625 3858; x_wconf 81' lang='lat' dir='ltr'><strong>intellexit</strong></span> <span class='ocrx_word' id='word_1_397' title='bbox 1640 3805 1832 3858; x_wconf 85' lang='lat' dir='ltr'><strong>adver-</strong></span> 
     </span>
    </p>
   </div>
   <div class='ocr_carea' id='block_1_54' title="bbox 313 3889 1830 3966">
    <p class='ocr_par' dir='ltr' id='par_1_54' title="bbox 313 3889 1830 3966">
     <span class='ocr_line' id='line_1_55' title="bbox 313 3889 1830 3966; baseline 0.005 -24"><span class='ocrx_word' id='word_1_398' title='bbox 313 3889 544 3946; x_wconf 86' lang='lat' dir='ltr'><strong>sariorum</strong></span> <span class='ocrx_word' id='word_1_399' title='bbox 568 3909 789 3949; x_wconf 89' lang='lat' dir='ltr'><strong>suorum</strong></span> <span class='ocrx_word' id='word_1_400' title='bbox 823 3896 1010 3950; x_wconf 87' lang='lat' dir='ltr'><strong>odium</strong></span> <span class='ocrx_word' id='word_1_401' title='bbox 1039 3895 1096 3950; x_wconf 92' lang='lat' dir='ltr'><strong>in</strong></span> <span class='ocrx_word' id='word_1_402' title='bbox 1119 3911 1178 3950; x_wconf 92' lang='lat' dir='ltr'><strong>se</strong></span> <span class='ocrx_word' id='word_1_403' title='bbox 1199 3903 1521 3966; x_wconf 91' lang='lat' dir='ltr'><strong>perpetuum</strong></span> <span class='ocrx_word' id='word_1_404' title='bbox 1545 3909 1671 3950; x_wconf 88' lang='lat' dir='ltr'><strong>esse</strong></span> <span class='ocrx_word' id='word_1_405' title='bbox 1689 3935 1704 3960; x_wconf 93' lang='lat'><strong>,</strong></span> <span class='ocrx_word' id='word_1_406' title='bbox 1742 3910 1830 3950; x_wconf 84' lang='lat' dir='ltr'><strong>se-</strong></span> 
     </span>
    </p>
   </div>
   <div class='ocr_carea' id='block_1_55' title="bbox 312 3984 1833 4057">
    <p class='ocr_par' dir='ltr' id='par_1_55' title="bbox 312 3984 1833 4057">
     <span class='ocr_line' id='line_1_56' title="bbox 312 3984 1833 4057; baseline -0.001 -19"><span class='ocrx_word' id='word_1_407' title='bbox 312 3994 399 4049; x_wconf 85' lang='lat' dir='ltr'><strong>que</strong></span> <span class='ocrx_word' id='word_1_408' title='bbox 423 3999 681 4056; x_wconf 85' lang='lat' dir='ltr'><strong>nunquam</strong></span> <span class='ocrx_word' id='word_1_409' title='bbox 722 3987 1102 4057; x_wconf 89' lang='lat' dir='ltr'><strong>pontiﬁcatum</strong></span> <span class='ocrx_word' id='word_1_410' title='bbox 1131 3986 1439 4042; x_wconf 78' lang='lat' dir='ltr'><strong>Romanum</strong></span> <span class='ocrx_word' id='word_1_411' title='bbox 1474 3984 1699 4056; x_wconf 73' lang='lat' dir='ltr'><strong>paciﬂce</strong></span> <span class='ocrx_word' id='word_1_412' title='bbox 1734 3984 1833 4038; x_wconf 87' lang='lat' dir='ltr'><strong>ob-</strong></span> 
     </span>
    </p>
   </div>
   <div class='ocr_carea' id='block_1_56' title="bbox 313 4074 1831 4147">
    <p class='ocr_par' dir='ltr' id='par_1_56' title="bbox 313 4074 1831 4147">
     <span class='ocr_line' id='line_1_57' title="bbox 313 4074 1831 4147; baseline 0.005 -25"><span class='ocrx_word' id='word_1_413' title='bbox 313 4076 566 4129; x_wconf 83' lang='lat' dir='ltr'><strong>tenturum.</strong></span> <span class='ocrx_word' id='word_1_414' title='bbox 578 4075 754 4142; x_wconf 78' lang='lat' dir='ltr'><strong>Quare</strong></span> <span class='ocrx_word' id='word_1_415' title='bbox 769 4087 850 4132; x_wconf 88' lang='lat' dir='ltr'><strong>tot</strong></span> <span class='ocrx_word' id='word_1_416' title='bbox 868 4101 882 4130; x_wconf 65' lang='grc' dir='ltr'><strong><em>ι</em></strong></span> <span class='ocrx_word' id='word_1_417' title='bbox 899 4075 1103 4132; x_wconf 86' lang='lat' dir='ltr'><strong>Urbani</strong></span> <span class='ocrx_word' id='word_1_418' title='bbox 1122 4076 1165 4135; x_wconf 89' lang='lat' dir='ltr'><strong>ll</strong></span> <span class='ocrx_word' id='word_1_419' title='bbox 1182 4077 1496 4147; x_wconf 87' lang='lat' dir='ltr'><strong>pontiﬁcatu</strong></span> <span class='ocrx_word' id='word_1_420' title='bbox 1512 4075 1666 4130; x_wconf 84' lang='lat' dir='ltr'><strong>vario</strong></span> <span class='ocrx_word' id='word_1_421' title='bbox 1683 4074 1831 4146; x_wconf 74' lang='lat'><strong>(285)</strong></span> 
     </span>
    </p>
   </div>
   <div class='ocr_carea' id='block_1_57' title="bbox 310 4161 1833 4234">
    <p class='ocr_par' dir='ltr' id='par_1_57' title="bbox 310 4161 1833 4234">
     <span class='ocr_line' id='line_1_58' title="bbox 310 4161 1833 4234; baseline 0.007 -24"><span class='ocrx_word' id='word_1_422' title='bbox 310 4171 413 4213; x_wconf 88' lang='lat' dir='ltr'><strong>curn</strong></span> <span class='ocrx_word' id='word_1_423' title='bbox 443 4161 843 4221; x_wconf 86' lang='lat' dir='ltr'><strong>Hildebrandina</strong></span> <span class='ocrx_word' id='word_1_424' title='bbox 886 4167 1126 4223; x_wconf 82' lang='lat' dir='ltr'><strong>factione</strong></span> <span class='ocrx_word' id='word_1_425' title='bbox 1162 4166 1331 4222; x_wconf 79' lang='lat' dir='ltr'><strong>Marte</strong></span> <span class='ocrx_word' id='word_1_426' title='bbox 1366 4166 1647 4234; x_wconf 79' lang='lat' dir='ltr'><strong>conﬁixit,</strong></span> <span class='ocrx_word' id='word_1_427' title='bbox 1670 4166 1833 4221; x_wconf 91' lang='lat' dir='ltr'><strong>modo</strong></span> 
     </span>
    </p>
   </div>
   <div class='ocr_carea' id='block_1_58' title="bbox 245 4245 1830 4328">
    <p class='ocr_par' dir='ltr' id='par_1_58' title="bbox 245 4245 1830 4328">
     <span class='ocr_line' id='line_1_59' title="bbox 245 4245 1830 4328; baseline 0.006 -26"><span class='ocrx_word' id='word_1_428' title='bbox 245 4321 248 4326; x_wconf 89' lang='lat'><em>_</em></span> <span class='ocrx_word' id='word_1_429' title='bbox 311 4245 431 4306; x_wconf 77' lang='lat' dir='ltr'><strong>Urbe</strong></span> <span class='ocrx_word' id='word_1_430' title='bbox 457 4255 691 4324; x_wconf 78' lang='lat' dir='ltr'><strong>extorris,</strong></span> <span class='ocrx_word' id='word_1_431' title='bbox 730 4258 894 4313; x_wconf 86' lang='lat' dir='ltr'><strong>modo</strong></span> <span class='ocrx_word' id='word_1_432' title='bbox 922 4273 985 4313; x_wconf 87' lang='lat' dir='ltr'><strong>ea</strong></span> <span class='ocrx_word' id='word_1_433' title='bbox 1025 4259 1208 4328; x_wconf 89' lang='lat' dir='ltr'><strong>potius</strong></span> <span class='ocrx_word' id='word_1_434' title='bbox 1244 4259 1486 4323; x_wconf 89' lang='lat' dir='ltr'><strong>scilicet,</strong></span> <span class='ocrx_word' id='word_1_435' title='bbox 1525 4265 1690 4326; x_wconf 90' lang='lat' dir='ltr'><strong>prout</strong></span> <span class='ocrx_word' id='word_1_436' title='bbox 1728 4257 1830 4311; x_wconf 85' lang='lat' dir='ltr'><strong>sibi</strong></span> 
     </span>
    </p>
   </div>
   <div class='ocr_carea' id='block_1_59' title="bbox 310 4345 1831 4417">
    <p class='ocr_par' dir='ltr' id='par_1_59' title="bbox 310 4345 1831 4417">
     <span class='ocr_line' id='line_1_60' title="bbox 310 4345 1831 4417; baseline 0.003 -22"><span class='ocrx_word' id='word_1_437' title='bbox 310 4345 508 4399; x_wconf 82' lang='lat' dir='ltr'><strong>secunda</strong></span> <span class='ocrx_word' id='word_1_438' title='bbox 531 4349 609 4401; x_wconf 85' lang='lat' dir='ltr'><strong>vel</strong></span> <span class='ocrx_word' id='word_1_439' title='bbox 631 4348 856 4403; x_wconf 87' lang='lat' dir='ltr'><strong>adversa</strong></span> <span class='ocrx_word' id='word_1_440' title='bbox 872 4347 1242 4402; x_wconf 79' lang='lat' dir='ltr'><strong>Romanorum</strong></span> <span class='ocrx_word' id='word_1_441' title='bbox 1261 4355 1316 4402; x_wconf 90' lang='lat' dir='ltr'><strong>et</strong></span> <span class='ocrx_word' id='word_1_442' title='bbox 1338 4347 1684 4417; x_wconf 89' lang='lat' dir='ltr'><strong>imperatoris</strong></span> <span class='ocrx_word' id='word_1_443' title='bbox 1712 4355 1831 4402; x_wconf 88' lang='lat' dir='ltr'><strong>stu-</strong></span> 
     </span>
    </p>
   </div>
   <div class='ocr_carea' id='block_1_60' title="bbox 308 4429 1831 4509">
    <p class='ocr_par' dir='ltr' id='par_1_60' title="bbox 308 4429 1831 4509">
     <span class='ocr_line' id='line_1_61' title="bbox 308 4429 1831 4509; baseline 0.006 -24"><span class='ocrx_word' id='word_1_444' title='bbox 308 4429 552 4504; x_wconf 85' lang='lat' dir='ltr'><strong>diaerant,</strong></span> <span class='ocrx_word' id='word_1_445' title='bbox 583 4454 700 4494; x_wconf 90' lang='lat' dir='ltr'><strong>eam</strong></span> <span class='ocrx_word' id='word_1_446' title='bbox 725 4448 905 4496; x_wconf 83' lang='lat' dir='ltr'><strong>tamen</strong></span> <span class='ocrx_word' id='word_1_447' title='bbox 945 4439 1152 4509; x_wconf 88' lang='lat' dir='ltr'><strong>majore</strong></span> <span class='ocrx_word' id='word_1_448' title='bbox 1171 4437 1378 4493; x_wconf 88' lang='lat' dir='ltr'><strong>Urbani</strong></span> <span class='ocrx_word' id='word_1_449' title='bbox 1403 4437 1446 4491; x_wconf 89' lang='lat' dir='ltr'><strong>ll</strong></span> <span class='ocrx_word' id='word_1_450' title='bbox 1482 4438 1831 4509; x_wconf 86' lang='lat' dir='ltr'><strong>pontiﬁcatus</strong></span> 
     </span>
    </p>
   </div>
   <div class='ocr_carea' id='block_1_61' title="bbox 308 4529 1456 4602">
    <p class='ocr_par' dir='ltr' id='par_1_61' title="bbox 308 4529 1456 4602">
     <span class='ocr_line' id='line_1_62' title="bbox 308 4529 1456 4602; baseline 0.006 -23"><span class='ocrx_word' id='word_1_451' title='bbox 308 4534 436 4591; x_wconf 78' lang='lat' dir='ltr'><strong>parte</strong></span> <span class='ocrx_word' id='word_1_452' title='bbox 461 4529 674 4586; x_wconf 82' lang='lat' dir='ltr'><strong>obtinuit</strong></span> <span class='ocrx_word' id='word_1_453' title='bbox 703 4530 926 4588; x_wconf 86' lang='lat' dir='ltr'><strong>Urbano</strong></span> <span class='ocrx_word' id='word_1_454' title='bbox 947 4532 1065 4602; x_wconf 89' lang='lat' dir='ltr'><strong>ipso</strong></span> <span class='ocrx_word' id='word_1_455' title='bbox 1085 4529 1229 4587; x_wconf 90' lang='lat' dir='ltr'><strong>Urbe</strong></span> <span class='ocrx_word' id='word_1_456' title='bbox 1250 4530 1456 4602; x_wconf 79' lang='lat' dir='ltr'><strong>fugato.</strong></span> 
     </span>
    </p>
   </div>
   <div class='ocr_carea' id='block_1_62' title="bbox 365 4613 1831 4693">
    <p class='ocr_par' dir='ltr' id='par_1_62' title="bbox 365 4613 1831 4693">
     <span class='ocr_line' id='line_1_63' title="bbox 365 4613 1831 4693; baseline 0.005 -24"><span class='ocrx_word' id='word_1_457' title='bbox 365 4613 582 4676; x_wconf 83' lang='lat' dir='ltr'><strong>Paschali</strong></span> <span class='ocrx_word' id='word_1_458' title='bbox 610 4638 772 4693; x_wconf 90' lang='lat' dir='ltr'><strong>porro</strong></span> <span class='ocrx_word' id='word_1_459' title='bbox 801 4621 846 4676; x_wconf 87' lang='lat' dir='ltr'><strong>ll</strong></span> <span class='ocrx_word' id='word_1_460' title='bbox 870 4632 1085 4690; x_wconf 89' lang='lat' dir='ltr'><strong>creato,</strong></span> <span class='ocrx_word' id='word_1_461' title='bbox 1119 4639 1243 4679; x_wconf 88' lang='lat' dir='ltr'><strong>cum</strong></span> <span class='ocrx_word' id='word_1_462' title='bbox 1271 4622 1532 4677; x_wconf 82' lang='lat' dir='ltr'><strong>adversus</strong></span> <span class='ocrx_word' id='word_1_463' title='bbox 1566 4638 1691 4676; x_wconf 91' lang='lat' dir='ltr'><strong>eum</strong></span> <span class='ocrx_word' id='word_1_464' title='bbox 1743 4637 1831 4677; x_wconf 86' lang='lat' dir='ltr'><strong>se-</strong></span> 
     </span>
    </p>
   </div>
   <div class='ocr_carea' id='block_1_63' title="bbox 307 4702 1830 4778">
    <p class='ocr_par' dir='ltr' id='par_1_63' title="bbox 307 4702 1830 4778">
     <span class='ocr_line' id='line_1_64' title="bbox 307 4702 1830 4778; baseline 0.005 -20"><span class='ocrx_word' id='word_1_465' title='bbox 307 4702 530 4764; x_wconf 84' lang='lat' dir='ltr'><strong>ditionem</strong></span> <span class='ocrx_word' id='word_1_466' title='bbox 554 4722 603 4767; x_wconf 91' lang='lat' dir='ltr'><strong>et</strong></span> <span class='ocrx_word' id='word_1_467' title='bbox 620 4714 818 4768; x_wconf 90' lang='lat' dir='ltr'><strong>bellum</strong></span> <span class='ocrx_word' id='word_1_468' title='bbox 837 4713 1001 4768; x_wconf 77' lang='lat' dir='ltr'><strong>civile</strong></span> <span class='ocrx_word' id='word_1_469' title='bbox 1026 4720 1331 4778; x_wconf 88' lang='lat' dir='ltr'><strong>astrueret,</strong></span> <span class='ocrx_word' id='word_1_470' title='bbox 1367 4711 1586 4772; x_wconf 85' lang='lat' dir='ltr'><strong>tandem</strong></span> <span class='ocrx_word' id='word_1_471' title='bbox 1621 4711 1675 4765; x_wconf 93' lang='lat' dir='ltr'><strong>in</strong></span> <span class='ocrx_word' id='word_1_472' title='bbox 1703 4727 1830 4766; x_wconf 90' lang='lat' dir='ltr'><strong>arce</strong></span> 
     </span>
    </p>
   </div>
   <div class='ocr_carea' id='block_1_64' title="bbox 311 4793 1824 4874">
    <p class='ocr_par' dir='ltr' id='par_1_64' title="bbox 311 4793 1824 4874">
     <span class='ocr_line' id='line_1_65' title="bbox 311 4793 1824 4874; baseline 0.006 -25"><span class='ocrx_word' id='word_1_473' title='bbox 311 4793 360 4851; x_wconf 84' lang='lat' dir='ltr'><strong>S.</strong></span> <span class='ocrx_word' id='word_1_474' title='bbox 393 4797 587 4871; x_wconf 81' lang='lat' dir='ltr'><strong>Angeli,</strong></span> <span class='ocrx_word' id='word_1_475' title='bbox 613 4820 734 4874; x_wconf 73' lang='lat' dir='ltr'><strong>quae</strong></span> <span class='ocrx_word' id='word_1_476' title='bbox 767 4805 854 4859; x_wconf 89' lang='lat' dir='ltr'><strong>sui</strong></span> <span class='ocrx_word' id='word_1_477' title='bbox 880 4803 1024 4874; x_wconf 87' lang='lat' dir='ltr'><strong>juris</strong></span> <span class='ocrx_word' id='word_1_478' title='bbox 1055 4805 1233 4860; x_wconf 87' lang='lat' dir='ltr'><strong>adhuc</strong></span> <span class='ocrx_word' id='word_1_479' title='bbox 1258 4811 1406 4870; x_wconf 87' lang='lat' dir='ltr'><strong>erat,</strong></span> <span class='ocrx_word' id='word_1_480' title='bbox 1432 4811 1680 4859; x_wconf 89' lang='lat' dir='ltr'><strong>mortuus</strong></span> <span class='ocrx_word' id='word_1_481' title='bbox 1709 4813 1824 4873; x_wconf 88' lang='lat' dir='ltr'><strong>est,</strong></span> 
     </span>
    </p>
   </div>
   <div class='ocr_carea' id='block_1_65' title="bbox 311 4887 1824 4963">
    <p class='ocr_par' dir='ltr' id='par_1_65' title="bbox 311 4887 1824 4963">
     <span class='ocr_line' id='line_1_66' title="bbox 311 4887 1824 4963; baseline 0.006 -23"><span class='ocrx_word' id='word_1_482' title='bbox 311 4894 358 4940; x_wconf 88' lang='lat' dir='ltr'><strong>et</strong></span> <span class='ocrx_word' id='word_1_483' title='bbox 381 4887 438 4943; x_wconf 86' lang='lat' dir='ltr'><strong>ad</strong></span> <span class='ocrx_word' id='word_1_484' title='bbox 469 4893 734 4949; x_wconf 88' lang='lat' dir='ltr'><strong>ecclesiam</strong></span> <span class='ocrx_word' id='word_1_485' title='bbox 764 4893 1134 4963; x_wconf 70' lang='lat' dir='ltr'><strong>Ravermatem</strong></span> <span class='ocrx_word' id='word_1_486' title='bbox 1156 4937 1172 4960; x_wconf 97' lang='lat'><strong>,</strong></span> <span class='ocrx_word' id='word_1_487' title='bbox 1210 4894 1266 4948; x_wconf 93' lang='lat' dir='ltr'><strong>in</strong></span> <span class='ocrx_word' id='word_1_488' title='bbox 1303 4909 1410 4963; x_wconf 88' lang='lat' dir='ltr'><strong>qua</strong></span> <span class='ocrx_word' id='word_1_489' title='bbox 1440 4893 1684 4963; x_wconf 88' lang='lat' dir='ltr'><strong>sepultus</strong></span> <span class='ocrx_word' id='word_1_490' title='bbox 1708 4904 1824 4962; x_wconf 89' lang='lat' dir='ltr'><strong>est,</strong></span> 
     </span>
    </p>
   </div>
   <div class='ocr_carea' id='block_1_66' title="bbox 310 4955 1821 5071">
    <p class='ocr_par' dir='ltr' id='par_1_66' title="bbox 310 4955 1821 5071">
     <span class='ocr_line' id='line_1_67' title="bbox 310 4955 1821 5071; baseline 0.004 -40"><span class='ocrx_word' id='word_1_491' title='bbox 310 4980 564 5071; x_wconf 67' lang='lat' dir='ltr'><strong>translatus</strong></span> <span class='ocrx_word' id='word_1_492' title='bbox 595 4955 1112 5071; x_wconf 71' lang='lat' dir='ltr'><strong>pontiﬁcatus\anno</strong></span> <span class='ocrx_word' id='word_1_493' title='bbox 1136 4955 1252 5050; x_wconf 56' lang='lat' dir='ltr'><strong>uxr,</strong></span> <span class='ocrx_word' id='word_1_494' title='bbox 1275 4955 1476 5038; x_wconf 81' lang='lat' dir='ltr'><strong>Cbristi</strong></span> <span class='ocrx_word' id='word_1_495' title='bbox 1501 4955 1643 5038; x_wconf 65' lang='lat' dir='ltr'><strong>vero</strong></span> <span class='ocrx_word' id='word_1_496' title='bbox 1667 4955 1821 5038; x_wconf 52' lang='lat' dir='ltr'><strong>“Ol:</strong></span> 
     </span>
    </p>
   </div>
   <div class='ocr_carea' id='block_1_67' title="bbox 311 5061 1828 5144">
    <p class='ocr_par' dir='ltr' id='par_1_67' title="bbox 311 5061 1828 5144">
     <span class='ocr_line' id='line_1_68' title="bbox 311 5061 1828 5144; baseline 0.006 -26"><span class='ocrx_word' id='word_1_497' title='bbox 311 5061 416 5120; x_wconf 70' lang='lat' dir='ltr'><strong>Fuit</strong></span> <span class='ocrx_word' id='word_1_498' title='bbox 433 5067 511 5124; x_wconf 86' lang='lat' dir='ltr'><strong>hic</strong></span> <span class='ocrx_word' id='word_1_499' title='bbox 527 5070 770 5128; x_wconf 87' lang='lat' dir='ltr'><strong>Clemens</strong></span> <span class='ocrx_word' id='word_1_500' title='bbox 797 5074 884 5126; x_wconf 87' lang='lat' dir='ltr'><strong>vir</strong></span> <span class='ocrx_word' id='word_1_501' title='bbox 914 5061 1104 5142; x_wconf 76' lang='lat' dir='ltr'><strong>utique</strong></span> <span class='ocrx_word' id='word_1_502' title='bbox 1135 5073 1424 5139; x_wconf 88' lang='lat' dir='ltr'><strong>litteratus,</strong></span> <span class='ocrx_word' id='word_1_503' title='bbox 1452 5073 1688 5144; x_wconf 81' lang='lat' dir='ltr'><strong>ingenio,</strong></span> <span class='ocrx_word' id='word_1_504' title='bbox 1712 5073 1828 5127; x_wconf 88' lang='lat' dir='ltr'><strong>elo-</strong></span> 
     </span>
    </p>
   </div>
   <div class='ocr_carea' id='block_1_68' title="bbox 313 5152 1830 5232">
    <p class='ocr_par' dir='ltr' id='par_1_68' title="bbox 313 5152 1830 5232">
     <span class='ocr_line' id='line_1_69' title="bbox 313 5152 1830 5232; baseline 0.009 -27"><span class='ocrx_word' id='word_1_505' title='bbox 313 5152 437 5220; x_wconf 82' lang='lat' dir='ltr'><strong>quio,</strong></span> <span class='ocrx_word' id='word_1_506' title='bbox 461 5158 716 5216; x_wconf 83' lang='lat' dir='ltr'><strong>nobilitate</strong></span> <span class='ocrx_word' id='word_1_507' title='bbox 735 5162 1056 5231; x_wconf 63' lang='lat' dir='ltr'><strong>exterisque</strong></span> <span class='ocrx_word' id='word_1_508' title='bbox 1079 5162 1320 5217; x_wconf 90' lang='lat' dir='ltr'><strong>animiet</strong></span> <span class='ocrx_word' id='word_1_509' title='bbox 1340 5163 1588 5232; x_wconf 90' lang='lat' dir='ltr'><strong>corporis</strong></span> <span class='ocrx_word' id='word_1_510' title='bbox 1609 5162 1830 5218; x_wconf 88' lang='lat' dir='ltr'><strong>dotibus</strong></span> 
     </span>
    </p>
   </div>
   <div class='ocr_carea' id='block_1_69' title="bbox 313 5237 1820 5328">
    <p class='ocr_par' dir='ltr' id='par_1_69' title="bbox 313 5237 1820 5328">
     <span class='ocr_line' id='line_1_70' title="bbox 313 5237 1820 5328; baseline 0.005 -29"><span class='ocrx_word' id='word_1_511' title='bbox 313 5237 759 5317; x_wconf 70' lang='lat' dir='ltr'><strong>instructissimus,</strong></span> <span class='ocrx_word' id='word_1_512' title='bbox 803 5261 859 5306; x_wconf 86' lang='lat' dir='ltr'><strong>et</strong></span> <span class='ocrx_word' id='word_1_513' title='bbox 901 5267 1157 5328; x_wconf 71' lang='lat' dir='ltr'><strong>personae</strong></span> <span class='ocrx_word' id='word_1_514' title='bbox 1179 5252 1478 5306; x_wconf 90' lang='lat' dir='ltr'><strong>reverentia</strong></span> <span class='ocrx_word' id='word_1_515' title='bbox 1523 5251 1820 5306; x_wconf 83' lang='lat' dir='ltr'><strong>admodum</strong></span> 
     </span>
    </p>
   </div>
   <div class='ocr_carea' id='block_1_70' title="bbox 314 5329 1828 5412">
    <p class='ocr_par' dir='ltr' id='par_1_70' title="bbox 314 5329 1828 5412">
     <span class='ocr_line' id='line_1_71' title="bbox 314 5329 1828 5412; baseline 0.001 -20"><span class='ocrx_word' id='word_1_516' title='bbox 314 5329 498 5404; x_wconf 69' lang='lat' dir='ltr'><strong>Clarus;</strong></span> <span class='ocrx_word' id='word_1_517' title='bbox 518 5339 686 5412; x_wconf 83' lang='lat' dir='ltr'><strong>et,qui</strong></span> <span class='ocrx_word' id='word_1_518' title='bbox 710 5339 940 5395; x_wconf 86' lang='lat' dir='ltr'><strong>forsitan</strong></span> <span class='ocrx_word' id='word_1_519' title='bbox 965 5340 1076 5396; x_wconf 88' lang='lat' dir='ltr'><strong>Deo</strong></span> <span class='ocrx_word' id='word_1_520' title='bbox 1091 5341 1403 5412; x_wconf 87' lang='lat' dir='ltr'><strong>placuisset,</strong></span> <span class='ocrx_word' id='word_1_521' title='bbox 1420 5339 1526 5392; x_wconf 87' lang='lat' dir='ltr'><strong>nisi</strong></span> <span class='ocrx_word' id='word_1_522' title='bbox 1553 5339 1605 5391; x_wconf 89' lang='lat' dir='ltr'><strong>vi</strong></span> <span class='ocrx_word' id='word_1_523' title='bbox 1623 5346 1678 5392; x_wconf 88' lang='lat' dir='ltr'><strong>et</strong></span> <span class='ocrx_word' id='word_1_524' title='bbox 1707 5355 1828 5393; x_wconf 81' lang='lat' dir='ltr'><strong>am-</strong></span> 
     </span>
    </p>
   </div>
   <div class='ocr_carea' id='block_1_71' title="bbox 314 5419 1827 5503">
    <p class='ocr_par' dir='ltr' id='par_1_71' title="bbox 314 5419 1827 5503">
     <span class='ocr_line' id='line_1_72' title="bbox 314 5419 1827 5503; baseline 0.001 -19"><span class='ocrx_word' id='word_1_525' title='bbox 314 5419 864 5499; x_wconf 85' lang='lat' dir='ltr'><strong>intlammatus,</strong></span> <span class='ocrx_word' id='word_1_526' title='bbox 881 5447 947 5487; x_wconf 90' lang='lat' dir='ltr'><strong>ea</strong></span> <span class='ocrx_word' id='word_1_527' title='bbox 963 5449 1085 5503; x_wconf 73' lang='lat' dir='ltr'><strong>quze</strong></span> <span class='ocrx_word' id='word_1_528' title='bbox 1099 5433 1202 5488; x_wconf 90' lang='lat' dir='ltr'><strong>sibi</strong></span> <span class='ocrx_word' id='word_1_529' title='bbox 1226 5446 1336 5488; x_wconf 89' lang='lat' dir='ltr'><strong>non</strong></span> <span class='ocrx_word' id='word_1_530' title='bbox 1354 5430 1608 5496; x_wconf 88' lang='lat' dir='ltr'><strong>licebant,</strong></span> <span class='ocrx_word' id='word_1_531' title='bbox 1624 5437 1827 5485; x_wconf 77' lang='lat' dir='ltr'><strong>tentas-</strong></span> 
     </span>
    </p>
   </div>
   <div class='ocr_carea' id='block_1_72' title="bbox 318 5513 1822 5592">
    <p class='ocr_par' dir='ltr' id='par_1_72' title="bbox 318 5513 1822 5592">
     <span class='ocr_line' id='line_1_73' title="bbox 318 5513 1822 5592; baseline 0.001 -17"><span class='ocrx_word' id='word_1_532' title='bbox 318 5521 412 5583; x_wconf 74' lang='grc' dir='ltr'><strong>εεῑς</strong></span> <span class='ocrx_word' id='word_1_533' title='bbox 433 5532 522 5574; x_wconf 80' lang='lat' dir='ltr'><strong>nec</strong></span> <span class='ocrx_word' id='word_1_534' title='bbox 538 5523 698 5579; x_wconf 73' lang='lat' dir='ltr'><strong>Roma</strong></span> <span class='ocrx_word' id='word_1_535' title='bbox 724 5513 884 5591; x_wconf 62' lang='lat' dir='ltr'><strong>tunc,</strong></span> <span class='ocrx_word' id='word_1_536' title='bbox 901 5539 1002 5579; x_wconf 84' lang='lat' dir='ltr'><strong>nec</strong></span> <span class='ocrx_word' id='word_1_537' title='bbox 1026 5523 1280 5580; x_wconf 83' lang='lat' dir='ltr'><strong>Ravenna</strong></span> <span class='ocrx_word' id='word_1_538' title='bbox 1301 5524 1438 5578; x_wconf 86' lang='lat' dir='ltr'><strong>bene</strong></span> <span class='ocrx_word' id='word_1_539' title='bbox 1463 5538 1632 5588; x_wconf 89' lang='lat' dir='ltr'><strong>usus;</strong></span> <span class='ocrx_word' id='word_1_540' title='bbox 1659 5531 1714 5576; x_wconf 91' lang='lat' dir='ltr'><strong>et</strong></span> <span class='ocrx_word' id='word_1_541' title='bbox 1726 5522 1822 5592; x_wconf 92' lang='lat' dir='ltr'><strong>qui</strong></span> 
     </span>
    </p>
   </div>
   <div class='ocr_carea' id='block_1_73' title="bbox 318 5613 1822 5688">
    <p class='ocr_par' dir='ltr' id='par_1_73' title="bbox 318 5613 1822 5688">
     <span class='ocr_line' id='line_1_74' title="bbox 318 5613 1822 5688; baseline 0.003 -24"><span class='ocrx_word' id='word_1_542' title='bbox 318 5615 456 5676; x_wconf 64' lang='lat' dir='ltr'><strong>tum</strong></span> <span class='ocrx_word' id='word_1_543' title='bbox 466 5623 616 5668; x_wconf 78' lang='lat' dir='ltr'><strong>auum</strong></span> <span class='ocrx_word' id='word_1_544' title='bbox 630 5629 824 5687; x_wconf 88' lang='lat' dir='ltr'><strong>papam</strong></span> <span class='ocrx_word' id='word_1_545' title='bbox 841 5613 1161 5686; x_wconf 80' lang='lat' dir='ltr'><strong>Gregorium</strong></span> <span class='ocrx_word' id='word_1_546' title='bbox 1174 5618 1466 5688; x_wconf 82' lang='lat' dir='ltr'><strong>viventem,</strong></span> <span class='ocrx_word' id='word_1_547' title='bbox 1484 5629 1822 5687; x_wconf 88' lang='lat' dir='ltr'><strong>quanquam,</strong></span> 
     </span>
    </p>
   </div>
   <div class='ocr_carea' id='block_1_74' title="bbox 1859 3219 1902 3276">
    <p class='ocr_par' dir='ltr' id='par_1_74' title="bbox 1859 3219 1902 3276">
     <span class='ocr_line' id='line_1_75' title="bbox 1859 3219 1902 3276; baseline 0 -3"><span class='ocrx_word' id='word_1_548' title='bbox 1859 3219 1902 3276; x_wconf 93' lang='lat' dir='ltr'><strong>C</strong></span> 
     </span>
    </p>
   </div>
   <div class='ocr_carea' id='block_1_75' title="bbox 377 5759 1156 5835">
    <p class='ocr_par' dir='ltr' id='par_1_75' title="bbox 377 5759 1156 5835">
     <span class='ocr_line' id='line_1_76' title="bbox 377 5759 1156 5835; baseline 0.008 -17"><span class='ocrx_word' id='word_1_549' title='bbox 377 5759 502 5835; x_wconf 53' lang='grc' dir='ltr'><strong>(ἥδ)</strong></span> <span class='ocrx_word' id='word_1_550' title='bbox 534 5764 639 5823; x_wconf 71' lang='lat' dir='ltr'><strong>lino</strong></span> <span class='ocrx_word' id='word_1_551' title='bbox 666 5785 788 5826; x_wconf 82' lang='lat' dir='ltr'><strong>cum</strong></span> <span class='ocrx_word' id='word_1_552' title='bbox 822 5768 1156 5826; x_wconf 80' lang='lat' dir='ltr'><strong>orthodoxis.</strong></span> 
     </span>
    </p>
   </div>
   <div class='ocr_carea' id='block_1_76' title="bbox 1863 4559 1908 4614">
    <p class='ocr_par' dir='ltr' id='par_1_76' title="bbox 1863 4559 1908 4614">
     <span class='ocr_line' id='line_1_77' title="bbox 1863 4559 1908 4614; baseline 0 0"><span class='ocrx_word' id='word_1_553' title='bbox 1863 4559 1908 4614; x_wconf 91' lang='lat' dir='ltr'><strong>D</strong></span> 
     </span>
    </p>
   </div>
   <div class='ocr_carea' id='block_1_77' title="bbox 1930 1985 3492 2058">
    <p class='ocr_par' dir='ltr' id='par_1_77' title="bbox 1930 1985 3492 2058">
     <span class='ocr_line' id='line_1_78' title="bbox 1930 1985 3492 2058; baseline 0.001 -18"><span class='ocrx_word' id='word_1_554' title='bbox 1930 2002 2050 2040; x_wconf 90' lang='lat' dir='ltr'><strong>eum</strong></span> <span class='ocrx_word' id='word_1_555' title='bbox 2083 1985 2301 2040; x_wconf 85' lang='lat' dir='ltr'><strong>Romam</strong></span> <span class='ocrx_word' id='word_1_556' title='bbox 2336 1987 2576 2054; x_wconf 73' lang='lat' dir='ltr'><strong>attraxit,</strong></span> <span class='ocrx_word' id='word_1_557' title='bbox 2604 1996 2654 2041; x_wconf 89' lang='lat' dir='ltr'><strong>et</strong></span> <span class='ocrx_word' id='word_1_558' title='bbox 2693 2004 2811 2041; x_wconf 86' lang='lat' dir='ltr'><strong>cum</strong></span> <span class='ocrx_word' id='word_1_559' title='bbox 2840 2005 2898 2042; x_wconf 90' lang='lat' dir='ltr'><strong>eo</strong></span> <span class='ocrx_word' id='word_1_560' title='bbox 2919 2005 3150 2058; x_wconf 87' lang='lat' dir='ltr'><strong>pugnare</strong></span> <span class='ocrx_word' id='word_1_561' title='bbox 3201 1989 3492 2043; x_wconf 76' lang='lat' dir='ltr'><strong>Ecclesium</strong></span> 
     </span>
    </p>
   </div>
   <div class='ocr_carea' id='block_1_78' title="bbox 1929 2073 3491 2149">
    <p class='ocr_par' dir='ltr' id='par_1_78' title="bbox 1929 2073 3491 2149">
     <span class='ocr_line' id='line_1_79' title="bbox 1929 2073 3491 2149; baseline 0.004 -23"><span class='ocrx_word' id='word_1_562' title='bbox 1929 2073 2224 2127; x_wconf 80' lang='lat' dir='ltr'><strong>Romanam</strong></span> <span class='ocrx_word' id='word_1_563' title='bbox 2289 2076 2459 2146; x_wconf 77' lang='lat' dir='ltr'><strong>cmpit.</strong></span> <span class='ocrx_word' id='word_1_564' title='bbox 2531 2075 2581 2130; x_wconf 85' lang='lat' dir='ltr'><strong>Ii</strong></span> <span class='ocrx_word' id='word_1_565' title='bbox 2639 2094 2756 2131; x_wconf 87' lang='lat' dir='ltr'><strong>vero</strong></span> <span class='ocrx_word' id='word_1_566' title='bbox 2819 2079 2908 2148; x_wconf 86' lang='lat' dir='ltr'><strong>qui</strong></span> <span class='ocrx_word' id='word_1_567' title='bbox 2958 2095 3022 2132; x_wconf 75' lang='lat' dir='ltr'><strong>ea:</strong></span> <span class='ocrx_word' id='word_1_568' title='bbox 3062 2088 3212 2148; x_wconf 90' lang='lat' dir='ltr'><strong>parte</strong></span> <span class='ocrx_word' id='word_1_569' title='bbox 3241 2078 3491 2149; x_wconf 83' lang='lat' dir='ltr'><strong>‘Gregorii</strong></span> 
     </span>
    </p>
   </div>
   <div class='ocr_carea' id='block_1_79' title="bbox 1931 2162 3492 2237">
    <p class='ocr_par' dir='ltr' id='par_1_79' title="bbox 1931 2162 3492 2237">
     <span class='ocr_line' id='line_1_80' title="bbox 1931 2162 3492 2237; baseline 0.003 -22"><span class='ocrx_word' id='word_1_570' title='bbox 1931 2162 2073 2218; x_wconf 75' lang='lat' dir='ltr'><strong>ultra</strong></span> <span class='ocrx_word' id='word_1_571' title='bbox 2101 2173 2296 2217; x_wconf 83' lang='lat' dir='ltr'><strong>montes</strong></span> <span class='ocrx_word' id='word_1_572' title='bbox 2330 2174 2502 2231; x_wconf 86' lang='lat' dir='ltr'><strong>erant,</strong></span> <span class='ocrx_word' id='word_1_573' title='bbox 2534 2183 2651 2219; x_wconf 88' lang='lat' dir='ltr'><strong>cum</strong></span> <span class='ocrx_word' id='word_1_574' title='bbox 2676 2167 3040 2237; x_wconf 85' lang='lat' dir='ltr'><strong>imperatorem</strong></span> <span class='ocrx_word' id='word_1_575' title='bbox 3071 2169 3126 2221; x_wconf 89' lang='lat' dir='ltr'><strong>in</strong></span> <span class='ocrx_word' id='word_1_576' title='bbox 3151 2165 3315 2233; x_wconf 81' lang='lat' dir='ltr'><strong>Italia</strong></span> <span class='ocrx_word' id='word_1_577' title='bbox 3348 2184 3492 2221; x_wconf 85' lang='lat' dir='ltr'><strong>com-</strong></span> 
     </span>
    </p>
   </div>
   <div class='ocr_carea' id='block_1_80' title="bbox 1908 2246 3492 2327">
    <p class='ocr_par' dir='ltr' id='par_1_80' title="bbox 1908 2246 3492 2327">
     <span class='ocr_line' id='line_1_81' title="bbox 1908 2246 3492 2327; baseline 0.005 -24"><span class='ocrx_word' id='word_1_578' title='bbox 1908 2246 2130 2305; x_wconf 21' lang='lat' dir='ltr'><strong>‘morari</strong></span> <span class='ocrx_word' id='word_1_579' title='bbox 2166 2256 2557 2323; x_wconf 86' lang='lat' dir='ltr'><strong>cognovissent,</strong></span> <span class='ocrx_word' id='word_1_580' title='bbox 2597 2257 2840 2317; x_wconf 73' lang='lat' dir='ltr'><strong>adversus</strong></span> <span class='ocrx_word' id='word_1_581' title='bbox 2871 2274 2988 2311; x_wconf 86' lang='lat' dir='ltr'><strong>eum</strong></span> <span class='ocrx_word' id='word_1_582' title='bbox 3025 2257 3273 2312; x_wconf 80' lang='lat' dir='ltr'><strong>rebellare</strong></span> <span class='ocrx_word' id='word_1_583' title='bbox 3311 2257 3492 2327; x_wconf 86' lang='lat' dir='ltr'><strong>dispo-</strong></span> 
     </span>
    </p>
   </div>
   <div class='ocr_carea' id='block_1_81' title="bbox 1931 2340 3492 2416">
    <p class='ocr_par' dir='ltr' id='par_1_81' title="bbox 1931 2340 3492 2416">
     <span class='ocr_line' id='line_1_82' title="bbox 1931 2340 3492 2416; baseline 0.006 -22"><span class='ocrx_word' id='word_1_584' title='bbox 1931 2351 2082 2412; x_wconf 84' lang='lat' dir='ltr'><strong>nunt.</strong></span> <span class='ocrx_word' id='word_1_585' title='bbox 2119 2340 2317 2397; x_wconf 88' lang='lat' dir='ltr'><strong>Contra</strong></span> <span class='ocrx_word' id='word_1_586' title='bbox 2364 2344 2456 2399; x_wconf 86' lang='lat' dir='ltr'><strong>ltos</strong></span> <span class='ocrx_word' id='word_1_587' title='bbox 2503 2347 2790 2416; x_wconf 81' lang='lat' dir='ltr'><strong>imperator</strong></span> <span class='ocrx_word' id='word_1_588' title='bbox 2835 2349 3082 2403; x_wconf 81' lang='lat' dir='ltr'><strong>accedens</strong></span> <span class='ocrx_word' id='word_1_589' title='bbox 3109 2391 3123 2415; x_wconf 95' lang='lat'><strong>,</strong></span> <span class='ocrx_word' id='word_1_590' title='bbox 3173 2347 3316 2403; x_wconf 73' lang='lat' dir='ltr'><strong>vario</strong></span> <span class='ocrx_word' id='word_1_591' title='bbox 3367 2349 3492 2403; x_wconf 87' lang='lat' dir='ltr'><strong>belli</strong></span> 
     </span>
    </p>
   </div>
   <div class='ocr_carea' id='block_1_82' title="bbox 1930 2435 3494 2512">
    <p class='ocr_par' dir='ltr' id='par_1_82' title="bbox 1930 2435 3494 2512">
     <span class='ocr_line' id='line_1_83' title="bbox 1930 2435 3494 2512; baseline 0.005 -24"><span class='ocrx_word' id='word_1_592' title='bbox 1930 2443 2132 2500; x_wconf 87' lang='lat' dir='ltr'><strong>eventu,</strong></span> <span class='ocrx_word' id='word_1_593' title='bbox 2159 2435 2404 2503; x_wconf 83' lang='lat' dir='ltr'><strong>plurimis</strong></span> <span class='ocrx_word' id='word_1_594' title='bbox 2424 2439 2624 2507; x_wconf 76' lang='lat' dir='ltr'><strong>prceliis</strong></span> <span class='ocrx_word' id='word_1_595' title='bbox 2647 2456 2782 2510; x_wconf 70' lang='lat' dir='ltr'><strong>stupe</strong></span> <span class='ocrx_word' id='word_1_596' title='bbox 2807 2442 3077 2510; x_wconf 83' lang='lat' dir='ltr'><strong>pugnavit,</strong></span> <span class='ocrx_word' id='word_1_597' title='bbox 3104 2459 3306 2512; x_wconf 66' lang='lat' dir='ltr'><strong>magna:</strong></span> <span class='ocrx_word' id='word_1_598' title='bbox 3329 2443 3494 2496; x_wconf 82' lang='lat' dir='ltr'><strong>utrin-</strong></span> 
     </span>
    </p>
   </div>
   <div class='ocr_carea' id='block_1_83' title="bbox 1930 2527 3488 2606">
    <p class='ocr_par' dir='ltr' id='par_1_83' title="bbox 1930 2527 3488 2606">
     <span class='ocr_line' id='line_1_84' title="bbox 1930 2527 3488 2606; baseline 0.006 -27"><span class='ocrx_word' id='word_1_599' title='bbox 1930 2544 2027 2597; x_wconf 86' lang='lat' dir='ltr'><strong>que</strong></span> <span class='ocrx_word' id='word_1_600' title='bbox 2041 2527 2225 2594; x_wconf 75' lang='lat' dir='ltr'><strong>cwdes,</strong></span> <span class='ocrx_word' id='word_1_601' title='bbox 2246 2530 2487 2584; x_wconf 88' lang='lat' dir='ltr'><strong>incendia</strong></span> <span class='ocrx_word' id='word_1_602' title='bbox 2511 2531 2740 2600; x_wconf 88' lang='lat' dir='ltr'><strong>plurima</strong></span> <span class='ocrx_word' id='word_1_603' title='bbox 2762 2534 3174 2605; x_wconf 81' lang='lat' dir='ltr'><strong>direptionesque</strong></span> <span class='ocrx_word' id='word_1_604' title='bbox 3207 2537 3488 2606; x_wconf 83' lang='lat' dir='ltr'><strong>contigere.</strong></span> 
     </span>
    </p>
   </div>
   <div class='ocr_carea' id='block_1_84' title="bbox 1931 2613 3492 2693">
    <p class='ocr_par' dir='ltr' id='par_1_84' title="bbox 1931 2613 3492 2693">
     <span class='ocr_line' id='line_1_85' title="bbox 1931 2613 3492 2693; baseline 0.008 -25"><span class='ocrx_word' id='word_1_605' title='bbox 1931 2615 2146 2670; x_wconf 82' lang='lat' dir='ltr'><strong>Relictis</strong></span> <span class='ocrx_word' id='word_1_606' title='bbox 2183 2619 2393 2672; x_wconf 85' lang='lat' dir='ltr'><strong>tandem</strong></span> <span class='ocrx_word' id='word_1_607' title='bbox 2427 2621 2479 2673; x_wconf 91' lang='lat' dir='ltr'><strong>in</strong></span> <span class='ocrx_word' id='word_1_608' title='bbox 2511 2619 2793 2677; x_wconf 84' lang='lat' dir='ltr'><strong>Germania</strong></span> <span class='ocrx_word' id='word_1_609' title='bbox 2833 2613 2996 2693; x_wconf 77' lang='lat' dir='ltr'><strong>copiis</strong></span> <span class='ocrx_word' id='word_1_610' title='bbox 3031 2625 3100 2678; x_wconf 86' lang='lat' dir='ltr'><strong>ad</strong></span> <span class='ocrx_word' id='word_1_611' title='bbox 3135 2626 3492 2680; x_wconf 80' lang='lat' dir='ltr'><strong>obsistendum</strong></span> 
     </span>
    </p>
   </div>
   <div class='ocr_carea' id='block_1_85' title="bbox 1932 2713 3493 2788">
    <p class='ocr_par' dir='ltr' id='par_1_85' title="bbox 1932 2713 3493 2788">
     <span class='ocr_line' id='line_1_86' title="bbox 1932 2713 3493 2788; baseline 0.008 -31"><span class='ocrx_word' id='word_1_612' title='bbox 1932 2715 2142 2788; x_wconf 74' lang='lat' dir='ltr'><strong>sumptu</strong></span> <span class='ocrx_word' id='word_1_613' title='bbox 2172 2716 2283 2762; x_wconf 88' lang='lat' dir='ltr'><strong>tum</strong></span> <span class='ocrx_word' id='word_1_614' title='bbox 2307 2726 2401 2764; x_wconf 88' lang='lat' dir='ltr'><strong>suo</strong></span> <span class='ocrx_word' id='word_1_615' title='bbox 2421 2752 2435 2776; x_wconf 94' lang='lat'><strong>,</strong></span> <span class='ocrx_word' id='word_1_616' title='bbox 2471 2720 2583 2765; x_wconf 89' lang='lat' dir='ltr'><strong>tum</strong></span> <span class='ocrx_word' id='word_1_617' title='bbox 2618 2713 2943 2768; x_wconf 87' lang='lat' dir='ltr'><strong>conductitio</strong></span> <span class='ocrx_word' id='word_1_618' title='bbox 2970 2715 3169 2784; x_wconf 89' lang='lat' dir='ltr'><strong>milite,</strong></span> <span class='ocrx_word' id='word_1_619' title='bbox 3197 2715 3416 2770; x_wconf 85' lang='lat' dir='ltr'><strong>Romam</strong></span> <span class='ocrx_word' id='word_1_620' title='bbox 3443 2727 3493 2770; x_wconf 85' lang='lat' dir='ltr'><strong>et</strong></span> 
     </span>
    </p>
   </div>
   <div class='ocr_carea' id='block_1_86' title="bbox 1932 2797 3491 2877">
    <p class='ocr_par' dir='ltr' id='par_1_86' title="bbox 1932 2797 3491 2877">
     <span class='ocr_line' id='line_1_87' title="bbox 1932 2797 3491 2877; baseline 0.008 -28"><span class='ocrx_word' id='word_1_621' title='bbox 1932 2797 2235 2852; x_wconf 86' lang='lat' dir='ltr'><strong>suburbana</strong></span> <span class='ocrx_word' id='word_1_622' title='bbox 2282 2802 2459 2854; x_wconf 86' lang='lat' dir='ltr'><strong>omnia</strong></span> <span class='ocrx_word' id='word_1_623' title='bbox 2490 2805 2720 2872; x_wconf 85' lang='lat' dir='ltr'><strong>rapinis,</strong></span> <span class='ocrx_word' id='word_1_624' title='bbox 2757 2806 3111 2877; x_wconf 82' lang='lat' dir='ltr'><strong>incendiisque</strong></span> <span class='ocrx_word' id='word_1_625' title='bbox 3154 2816 3204 2861; x_wconf 89' lang='lat' dir='ltr'><strong>et</strong></span> <span class='ocrx_word' id='word_1_626' title='bbox 3239 2808 3491 2875; x_wconf 76' lang='lat' dir='ltr'><strong>aedibus,</strong></span> 
     </span>
    </p>
   </div>
   <div class='ocr_carea' id='block_1_87' title="bbox 1931 2891 3492 2958">
    <p class='ocr_par' dir='ltr' id='par_1_87' title="bbox 1931 2891 3492 2958">
     <span class='ocr_line' id='line_1_88' title="bbox 1931 2891 3492 2958; baseline 0.008 -19"><span class='ocrx_word' id='word_1_627' title='bbox 1931 2896 2129 2958; x_wconf 87' lang='lat' dir='ltr'><strong>quanta</strong></span> <span class='ocrx_word' id='word_1_628' title='bbox 2169 2891 2370 2957; x_wconf 77' lang='lat' dir='ltr'><strong>potuit;</strong></span> <span class='ocrx_word' id='word_1_629' title='bbox 2424 2893 2708 2948; x_wconf 85' lang='lat' dir='ltr'><strong>acerbitate</strong></span> <span class='ocrx_word' id='word_1_630' title='bbox 2745 2897 2989 2949; x_wconf 71' lang='lat' dir='ltr'><strong>vexavit:</strong></span> <span class='ocrx_word' id='word_1_631' title='bbox 3033 2897 3243 2950; x_wconf 86' lang='lat' dir='ltr'><strong>tandem</strong></span> <span class='ocrx_word' id='word_1_632' title='bbox 3279 2895 3492 2952; x_wconf 76' lang='lat' dir='ltr'><strong>Simone</strong></span> 
     </span>
    </p>
   </div>
   <div class='ocr_carea' id='block_1_88' title="bbox 1931 2978 3490 3052">
    <p class='ocr_par' dir='ltr' id='par_1_88' title="bbox 1931 2978 3490 3052">
     <span class='ocr_line' id='line_1_89' title="bbox 1931 2978 3490 3052; baseline 0.005 -24"><span class='ocrx_word' id='word_1_633' title='bbox 1931 2992 2060 3042; x_wconf 89' lang='lat' dir='ltr'><strong>suo,</strong></span> <span class='ocrx_word' id='word_1_634' title='bbox 2096 2978 2264 3046; x_wconf 84' lang='lat' dir='ltr'><strong>pretio</strong></span> <span class='ocrx_word' id='word_1_635' title='bbox 2300 2980 2466 3048; x_wconf 88' lang='lat' dir='ltr'><strong>magis</strong></span> <span class='ocrx_word' id='word_1_636' title='bbox 2501 2997 2659 3050; x_wconf 89' lang='lat' dir='ltr'><strong>quam</strong></span> <span class='ocrx_word' id='word_1_637' title='bbox 2691 2983 2916 3048; x_wconf 84' lang='lat' dir='ltr'><strong>virtute,</strong></span> <span class='ocrx_word' id='word_1_638' title='bbox 2953 2984 3007 3035; x_wconf 88' lang='lat' dir='ltr'><strong>in</strong></span> <span class='ocrx_word' id='word_1_639' title='bbox 3045 2985 3332 3052; x_wconf 89' lang='lat' dir='ltr'><strong>apostolica</strong></span> <span class='ocrx_word' id='word_1_640' title='bbox 3370 2985 3490 3037; x_wconf 83' lang='lat' dir='ltr'><strong>sede</strong></span> 
     </span>
    </p>
   </div>
   <div class='ocr_carea' id='block_1_89' title="bbox 1933 3069 3488 3144">
    <p class='ocr_par' dir='ltr' id='par_1_89' title="bbox 1933 3069 3488 3144">
     <span class='ocr_line' id='line_1_90' title="bbox 1933 3069 3488 3144; baseline 0.003 -21"><span class='ocrx_word' id='word_1_641' title='bbox 1933 3069 2104 3124; x_wconf 89' lang='lat' dir='ltr'><strong>locato</strong></span> <span class='ocrx_word' id='word_1_642' title='bbox 2125 3113 2140 3138; x_wconf 98' lang='lat'><strong>,</strong></span> <span class='ocrx_word' id='word_1_643' title='bbox 2181 3072 2384 3142; x_wconf 86' lang='lat' dir='ltr'><strong>imperii</strong></span> <span class='ocrx_word' id='word_1_644' title='bbox 2416 3073 2480 3126; x_wconf 90' lang='lat' dir='ltr'><strong>ab</strong></span> <span class='ocrx_word' id='word_1_645' title='bbox 2511 3090 2570 3127; x_wconf 87' lang='lat' dir='ltr'><strong>eo</strong></span> <span class='ocrx_word' id='word_1_646' title='bbox 2593 3076 2789 3144; x_wconf 87' lang='lat' dir='ltr'><strong>accepit</strong></span> <span class='ocrx_word' id='word_1_647' title='bbox 2833 3091 3078 3128; x_wconf 81' lang='lat' dir='ltr'><strong>coronant</strong></span> <span class='ocrx_word' id='word_1_648' title='bbox 3098 3117 3112 3138; x_wconf 91' lang='lat'><strong>,</strong></span> <span class='ocrx_word' id='word_1_649' title='bbox 3139 3085 3247 3128; x_wconf 85' lang='lat' dir='ltr'><strong>tant</strong></span> <span class='ocrx_word' id='word_1_650' title='bbox 3281 3092 3380 3128; x_wconf 88' lang='lat' dir='ltr'><strong>non</strong></span> <span class='ocrx_word' id='word_1_651' title='bbox 3404 3076 3488 3144; x_wconf 81' lang='lat' dir='ltr'><strong>fa—</strong></span> 
     </span>
    </p>
   </div>
   <div class='ocr_carea' id='block_1_90' title="bbox 1933 3169 3493 3242">
    <p class='ocr_par' dir='ltr' id='par_1_90' title="bbox 1933 3169 3493 3242">
     <span class='ocr_line' id='line_1_91' title="bbox 1933 3169 3493 3242; baseline -0.001 -19"><span class='ocrx_word' id='word_1_652' title='bbox 1933 3169 2168 3223; x_wconf 81' lang='lat' dir='ltr'><strong>ventibus</strong></span> <span class='ocrx_word' id='word_1_653' title='bbox 2193 3169 2295 3223; x_wconf 88' lang='lat' dir='ltr'><strong>sibi</strong></span> <span class='ocrx_word' id='word_1_654' title='bbox 2319 3171 2527 3242; x_wconf 80' lang='lat' dir='ltr'><strong>suisque</strong></span> <span class='ocrx_word' id='word_1_655' title='bbox 2548 3171 2885 3240; x_wconf 81' lang='lat' dir='ltr'><strong>complicibus</strong></span> <span class='ocrx_word' id='word_1_656' title='bbox 2910 3169 3181 3234; x_wconf 84' lang='lat' dir='ltr'><strong>Romanis,</strong></span> <span class='ocrx_word' id='word_1_657' title='bbox 3208 3186 3362 3240; x_wconf 80' lang='lat' dir='ltr'><strong>quam</strong></span> <span class='ocrx_word' id='word_1_658' title='bbox 3389 3185 3493 3222; x_wconf 87' lang='lat' dir='ltr'><strong>non</strong></span> 
     </span>
    </p>
   </div>
   <div class='ocr_carea' id='block_1_91' title="bbox 1934 3249 3487 3337">
    <p class='ocr_par' dir='ltr' id='par_1_91' title="bbox 1934 3249 3487 3337">
     <span class='ocr_line' id='line_1_92' title="bbox 1934 3249 3487 3337; baseline 0.002 -28"><span class='ocrx_word' id='word_1_659' title='bbox 1934 3249 2410 3314; x_wconf 70' lang='lat' dir='ltr'><strong>contradicentibus</strong></span> <span class='ocrx_word' id='word_1_660' title='bbox 2425 3302 2440 3326; x_wconf 96' lang='lat'><strong>,</strong></span> <span class='ocrx_word' id='word_1_661' title='bbox 2474 3261 2859 3314; x_wconf 81' lang='lat' dir='ltr'><strong>atrocissimam</strong></span> <span class='ocrx_word' id='word_1_662' title='bbox 2880 3261 3038 3313; x_wconf 76' lang='lat' dir='ltr'><strong>movit</strong></span> <span class='ocrx_word' id='word_1_663' title='bbox 3061 3259 3487 3337; x_wconf 69' lang='lat' dir='ltr'><strong>persecutionem.</strong></span> 
     </span>
    </p>
   </div>
   <div class='ocr_carea' id='block_1_92' title="bbox 1933 3343 3497 3418">
    <p class='ocr_par' dir='ltr' id='par_1_92' title="bbox 1933 3343 3497 3418">
     <span class='ocr_line' id='line_1_93' title="bbox 1933 3343 3497 3418; baseline 0.004 -22"><span class='ocrx_word' id='word_1_664' title='bbox 1933 3343 2108 3413; x_wconf 80' lang='lat' dir='ltr'><strong>Hujus</strong></span> <span class='ocrx_word' id='word_1_665' title='bbox 2136 3348 2211 3400; x_wconf 88' lang='lat' dir='ltr'><strong>rei</strong></span> <span class='ocrx_word' id='word_1_666' title='bbox 2225 3349 2422 3417; x_wconf 87' lang='lat' dir='ltr'><strong>gratia,</strong></span> <span class='ocrx_word' id='word_1_667' title='bbox 2448 3351 2619 3403; x_wconf 82' lang='lat' dir='ltr'><strong>totius.</strong></span> <span class='ocrx_word' id='word_1_668' title='bbox 2635 3350 2740 3418; x_wconf 82' lang='lat' dir='ltr'><strong>fere</strong></span> <span class='ocrx_word' id='word_1_669' title='bbox 2764 3350 2968 3418; x_wconf 88' lang='lat' dir='ltr'><strong>imperii</strong></span> <span class='ocrx_word' id='word_1_670' title='bbox 2991 3349 3215 3402; x_wconf 71' lang='lat' dir='ltr'><strong>Romani</strong></span> <span class='ocrx_word' id='word_1_671' title='bbox 3245 3348 3497 3402; x_wconf 67' lang='lat' dir='ltr'><strong>Ecclesia!</strong></span> 
     </span>
    </p>
   </div>
   <div class='ocr_carea' id='block_1_93' title="bbox 1929 3434 3496 3510">
    <p class='ocr_par' dir='ltr' id='par_1_93' title="bbox 1929 3434 3496 3510">
     <span class='ocr_line' id='line_1_94' title="bbox 1929 3434 3496 3510; baseline 0.003 -22"><span class='ocrx_word' id='word_1_672' title='bbox 1929 3434 2199 3502; x_wconf 70' lang='lat' dir='ltr'><strong>desolatar,</strong></span> <span class='ocrx_word' id='word_1_673' title='bbox 2217 3446 2266 3490; x_wconf 90' lang='lat' dir='ltr'><strong>et</strong></span> <span class='ocrx_word' id='word_1_674' title='bbox 2292 3438 2473 3508; x_wconf 84' lang='lat' dir='ltr'><strong>religio</strong></span> <span class='ocrx_word' id='word_1_675' title='bbox 2498 3439 2802 3493; x_wconf 88' lang='lat' dir='ltr'><strong>Christiana</strong></span> <span class='ocrx_word' id='word_1_676' title='bbox 2821 3439 3101 3508; x_wconf 84' lang='lat' dir='ltr'><strong>dissipata,</strong></span> <span class='ocrx_word' id='word_1_677' title='bbox 3125 3449 3172 3492; x_wconf 93' lang='lat' dir='ltr'><strong>et</strong></span> <span class='ocrx_word' id='word_1_678' title='bbox 3193 3438 3312 3508; x_wconf 82' lang='lat' dir='ltr'><strong>plus</strong></span> <span class='ocrx_word' id='word_1_679' title='bbox 3333 3455 3496 3510; x_wconf 84' lang='lat' dir='ltr'><strong>quam</strong></span> 
     </span>
    </p>
   </div>
   <div class='ocr_carea' id='block_1_94' title="bbox 1931 3526 3495 3599">
    <p class='ocr_par' dir='ltr' id='par_1_94' title="bbox 1931 3526 3495 3599">
     <span class='ocr_line' id='line_1_95' title="bbox 1931 3526 3495 3599; baseline 0.002 -20"><span class='ocrx_word' id='word_1_680' title='bbox 1931 3527 2116 3596; x_wconf 85' lang='lat' dir='ltr'><strong>viginti</strong></span> <span class='ocrx_word' id='word_1_681' title='bbox 2156 3526 2328 3580; x_wconf 90' lang='lat' dir='ltr'><strong>millia</strong></span> <span class='ocrx_word' id='word_1_682' title='bbox 2362 3526 2630 3582; x_wconf 77' lang='lat' dir='ltr'><strong>hominum</strong></span> <span class='ocrx_word' id='word_1_683' title='bbox 2651 3570 2666 3596; x_wconf 92' lang='lat'><strong>,</strong></span> <span class='ocrx_word' id='word_1_684' title='bbox 2713 3537 2894 3599; x_wconf 85' lang='lat' dir='ltr'><strong>agente</strong></span> <span class='ocrx_word' id='word_1_685' title='bbox 2923 3527 3170 3582; x_wconf 86' lang='lat' dir='ltr'><strong>Guiberto</strong></span> <span class='ocrx_word' id='word_1_686' title='bbox 3190 3544 3212 3594; x_wconf 69' lang='lat'><strong>,‘</strong></span> <span class='ocrx_word' id='word_1_687' title='bbox 3232 3527 3495 3599; x_wconf 78' lang='lat' dir='ltr'><strong>plerisque</strong></span> 
     </span>
    </p>
   </div>
   <div class='ocr_carea' id='block_1_95' title="bbox 1930 3611 3494 3689">
    <p class='ocr_par' dir='ltr' id='par_1_95' title="bbox 1930 3611 3494 3689">
     <span class='ocr_line' id='line_1_96' title="bbox 1930 3611 3494 3689; baseline 0.002 -19"><span class='ocrx_word' id='word_1_688' title='bbox 1930 3617 2060 3671; x_wconf 90' lang='lat' dir='ltr'><strong>locis</strong></span> <span class='ocrx_word' id='word_1_689' title='bbox 2095 3626 2216 3671; x_wconf 89' lang='lat' dir='ltr'><strong>sunt</strong></span> <span class='ocrx_word' id='word_1_690' title='bbox 2241 3634 2398 3673; x_wconf 65' lang='lat' dir='ltr'><strong>cassa.</strong></span> <span class='ocrx_word' id='word_1_691' title='bbox 2439 3618 2543 3684; x_wconf 84' lang='lat' dir='ltr'><strong>Qui</strong></span> <span class='ocrx_word' id='word_1_692' title='bbox 2568 3621 2763 3686; x_wconf 85' lang='lat' dir='ltr'><strong>etiam,</strong></span> <span class='ocrx_word' id='word_1_693' title='bbox 2799 3619 2966 3689; x_wconf 86' lang='lat' dir='ltr'><strong>pulsis</strong></span> <span class='ocrx_word' id='word_1_694' title='bbox 2990 3619 3265 3673; x_wconf 82' lang='lat' dir='ltr'><strong>catholicis</strong></span> <span class='ocrx_word' id='word_1_695' title='bbox 3291 3611 3494 3689; x_wconf 87' lang='lat' dir='ltr'><strong>episco-</strong></span> 
     </span>
    </p>
   </div>
   <div class='ocr_carea' id='block_1_96' title="bbox 1929 3705 3495 3784">
    <p class='ocr_par' dir='ltr' id='par_1_96' title="bbox 1929 3705 3495 3784">
     <span class='ocr_line' id='line_1_97' title="bbox 1929 3705 3495 3784; baseline 0 -17"><span class='ocrx_word' id='word_1_696' title='bbox 1929 3715 2011 3784; x_wconf 90' lang='lat' dir='ltr'><strong>pis</strong></span> <span class='ocrx_word' id='word_1_697' title='bbox 2043 3721 2095 3769; x_wconf 89' lang='lat' dir='ltr'><strong>et</strong></span> <span class='ocrx_word' id='word_1_698' title='bbox 2133 3714 2442 3780; x_wconf 84' lang='lat' dir='ltr'><strong>abbatibus,</strong></span> <span class='ocrx_word' id='word_1_699' title='bbox 2493 3712 2716 3784; x_wconf 83' lang='lat' dir='ltr'><strong>aliisque</strong></span> <span class='ocrx_word' id='word_1_700' title='bbox 2761 3705 3123 3770; x_wconf 79' lang='lat' dir='ltr'><strong>Ecclesiarum</strong></span> <span class='ocrx_word' id='word_1_701' title='bbox 3163 3713 3495 3784; x_wconf 74' lang='lat' dir='ltr'><strong>prwpositis,</strong></span> 
     </span>
    </p>
   </div>
   <div class='ocr_carea' id='block_1_97' title="bbox 1929 3802 3499 3873">
    <p class='ocr_par' dir='ltr' id='par_1_97' title="bbox 1929 3802 3499 3873">
     <span class='ocr_line' id='line_1_98' title="bbox 1929 3802 3499 3873; baseline 0 -17"><span class='ocrx_word' id='word_1_702' title='bbox 1929 3803 2171 3857; x_wconf 85' lang='lat' dir='ltr'><strong>doctrina</strong></span> <span class='ocrx_word' id='word_1_703' title='bbox 2193 3812 2242 3857; x_wconf 88' lang='lat' dir='ltr'><strong>et</strong></span> <span class='ocrx_word' id='word_1_704' title='bbox 2265 3802 2514 3873; x_wconf 79' lang='lat' dir='ltr'><strong>religione</strong></span> <span class='ocrx_word' id='word_1_705' title='bbox 2526 3803 2916 3871; x_wconf 70' lang='lat' dir='ltr'><strong>prastantibu&#39;s,</strong></span> <span class='ocrx_word' id='word_1_706' title='bbox 2935 3802 3210 3855; x_wconf 85' lang='lat' dir='ltr'><strong>sceleratos</strong></span> <span class='ocrx_word' id='word_1_707' title='bbox 3234 3812 3283 3855; x_wconf 88' lang='lat' dir='ltr'><strong>et</strong></span> <span class='ocrx_word' id='word_1_708' title='bbox 3309 3802 3499 3857; x_wconf 86' lang='lat' dir='ltr'><strong>illitte-</strong></span> 
     </span>
    </p>
   </div>
   <div class='ocr_carea' id='block_1_98' title="bbox 1931 3893 3496 3965">
    <p class='ocr_par' dir='ltr' id='par_1_98' title="bbox 1931 3893 3496 3965">
     <span class='ocr_line' id='line_1_99' title="bbox 1931 3893 3496 3965; baseline 0 -17"><span class='ocrx_word' id='word_1_709' title='bbox 1931 3904 2075 3948; x_wconf 90' lang='lat' dir='ltr'><strong>ratos</strong></span> <span class='ocrx_word' id='word_1_710' title='bbox 2097 3895 2321 3965; x_wconf 88' lang='lat' dir='ltr'><strong>singulis</strong></span> <span class='ocrx_word' id='word_1_711' title='bbox 2358 3894 2604 3960; x_wconf 87' lang='lat' dir='ltr'><strong>urbibus,</strong></span> <span class='ocrx_word' id='word_1_712' title='bbox 2642 3894 2973 3946; x_wconf 87' lang='lat' dir='ltr'><strong>monasteriis</strong></span> <span class='ocrx_word' id='word_1_713' title='bbox 3002 3893 3335 3963; x_wconf 88' lang='lat' dir='ltr'><strong>ecclesiisque</strong></span> <span class='ocrx_word' id='word_1_714' title='bbox 3355 3911 3496 3964; x_wconf 75' lang='lat' dir='ltr'><strong>prie-</strong></span> 
     </span>
    </p>
   </div>
   <div class='ocr_carea' id='block_1_99' title="bbox 1931 3983 3497 4058">
    <p class='ocr_par' dir='ltr' id='par_1_99' title="bbox 1931 3983 3497 4058">
     <span class='ocr_line' id='line_1_100' title="bbox 1931 3983 3497 4058; baseline -0.001 -17"><span class='ocrx_word' id='word_1_715' title='bbox 1931 3988 2095 4058; x_wconf 80' lang='lat' dir='ltr'><strong>fecit;</strong></span> <span class='ocrx_word' id='word_1_716' title='bbox 2121 4003 2256 4057; x_wconf 64' lang='lat' dir='ltr'><strong>saepe</strong></span> <span class='ocrx_word' id='word_1_717' title='bbox 2282 3985 2516 4057; x_wconf 89' lang='lat' dir='ltr'><strong>singulos</strong></span> <span class='ocrx_word' id='word_1_718' title='bbox 2535 4027 2550 4052; x_wconf 94' lang='lat'><strong>,</strong></span> <span class='ocrx_word' id='word_1_719' title='bbox 2577 3983 2877 4056; x_wconf 81' lang='lat' dir='ltr'><strong>plerumque</strong></span> <span class='ocrx_word' id='word_1_720' title='bbox 2904 3985 3072 4051; x_wconf 90' lang='lat' dir='ltr'><strong>binos,</strong></span> <span class='ocrx_word' id='word_1_721' title='bbox 3098 3986 3249 4039; x_wconf 87' lang='lat' dir='ltr'><strong>annis</strong></span> <span class='ocrx_word' id='word_1_722' title='bbox 3274 3985 3497 4055; x_wconf 83' lang='lat' dir='ltr'><strong>singulis</strong></span> 
     </span>
    </p>
   </div>
   <div class='ocr_carea' id='block_1_100' title="bbox 1933 4073 3498 4149">
    <p class='ocr_par' dir='ltr' id='par_1_100' title="bbox 1933 4073 3498 4149">
     <span class='ocr_line' id='line_1_101' title="bbox 1933 4073 3498 4149; baseline -0.006 -18"><span class='ocrx_word' id='word_1_723' title='bbox 1933 4077 2176 4149; x_wconf 86' lang='lat' dir='ltr'><strong>magistri</strong></span> <span class='ocrx_word' id='word_1_724' title='bbox 2210 4077 2293 4130; x_wconf 84' lang='lat' dir='ltr'><strong>sui</strong></span> <span class='ocrx_word' id='word_1_725' title='bbox 2320 4073 2550 4130; x_wconf 87' lang='lat' dir='ltr'><strong>Simonis</strong></span> <span class='ocrx_word' id='word_1_726' title='bbox 2581 4075 2916 4128; x_wconf 88' lang='lat' dir='ltr'><strong>mercimonio</strong></span> <span class='ocrx_word' id='word_1_727' title='bbox 2963 4075 3277 4127; x_wconf 69' lang='lat' dir='ltr'><strong>exsecranda</strong></span> <span class='ocrx_word' id='word_1_728' title='bbox 3303 4073 3498 4126; x_wconf 83' lang='lat' dir='ltr'><strong>substi-</strong></span> 
     </span>
    </p>
   </div>
   <div class='ocr_carea' id='block_1_101' title="bbox 1933 4163 3494 4238">
    <p class='ocr_par' dir='ltr' id='par_1_101' title="bbox 1933 4163 3494 4238">
     <span class='ocr_line' id='line_1_102' title="bbox 1933 4163 3494 4238; baseline -0.006 -13"><span class='ocrx_word' id='word_1_729' title='bbox 1933 4181 2082 4226; x_wconf 86' lang='lat' dir='ltr'><strong>tucns</strong></span> <span class='ocrx_word' id='word_1_730' title='bbox 2107 4171 2163 4224; x_wconf 91' lang='lat' dir='ltr'><strong>in</strong></span> <span class='ocrx_word' id='word_1_731' title='bbox 2195 4168 2557 4238; x_wconf 72' lang='lat' dir='ltr'><strong>deprwdandis</strong></span> <span class='ocrx_word' id='word_1_732' title='bbox 2583 4167 2712 4220; x_wconf 87' lang='lat' dir='ltr'><strong>locis</strong></span> <span class='ocrx_word' id='word_1_733' title='bbox 2737 4167 2934 4219; x_wconf 87' lang='lat' dir='ltr'><strong>sanctis</strong></span> <span class='ocrx_word' id='word_1_734' title='bbox 2964 4165 3162 4233; x_wconf 85' lang='lat' dir='ltr'><strong>sibique</strong></span> <span class='ocrx_word' id='word_1_735' title='bbox 3186 4179 3288 4215; x_wconf 87' lang='lat' dir='ltr'><strong>non</strong></span> <span class='ocrx_word' id='word_1_736' title='bbox 3313 4163 3494 4231; x_wconf 78' lang='lat' dir='ltr'><strong>faven-</strong></span> 
     </span>
    </p>
   </div>
   <div class='ocr_carea' id='block_1_102' title="bbox 1933 4251 3496 4324">
    <p class='ocr_par' dir='ltr' id='par_1_102' title="bbox 1933 4251 3496 4324">
     <span class='ocr_line' id='line_1_103' title="bbox 1933 4251 3496 4324; baseline -0.006 -9"><span class='ocrx_word' id='word_1_737' title='bbox 1933 4259 2070 4314; x_wconf 87' lang='lat' dir='ltr'><strong>tibus</strong></span> <span class='ocrx_word' id='word_1_738' title='bbox 2095 4259 2414 4314; x_wconf 82' lang='lat' dir='ltr'><strong>Christianis</strong></span> <span class='ocrx_word' id='word_1_739' title='bbox 2434 4298 2448 4323; x_wconf 89' lang='lat'><strong>,</strong></span> <span class='ocrx_word' id='word_1_740' title='bbox 2489 4257 2596 4309; x_wconf 90' lang='lat' dir='ltr'><strong>irno</strong></span> <span class='ocrx_word' id='word_1_741' title='bbox 2619 4256 2746 4324; x_wconf 89' lang='lat' dir='ltr'><strong>ipsis</strong></span> <span class='ocrx_word' id='word_1_742' title='bbox 2776 4269 2974 4324; x_wconf 88' lang='lat' dir='ltr'><strong>quoque</strong></span> <span class='ocrx_word' id='word_1_743' title='bbox 3012 4251 3335 4321; x_wconf 77' lang='lat' dir='ltr'><strong>faventibus,</strong></span> <span class='ocrx_word' id='word_1_744' title='bbox 3369 4253 3496 4307; x_wconf 88' lang='lat' dir='ltr'><strong>dum</strong></span> 
     </span>
    </p>
   </div>
   <div class='ocr_carea' id='block_1_103' title="bbox 1935 4342 3498 4421">
    <p class='ocr_par' dir='ltr' id='par_1_103' title="bbox 1935 4342 3498 4421">
     <span class='ocr_line' id='line_1_104' title="bbox 1935 4342 3498 4421; baseline -0.006 -14"><span class='ocrx_word' id='word_1_745' title='bbox 1935 4371 2035 4407; x_wconf 88' lang='lat' dir='ltr'><strong>non</strong></span> <span class='ocrx_word' id='word_1_746' title='bbox 2057 4360 2225 4406; x_wconf 88' lang='lat' dir='ltr'><strong>essent</strong></span> <span class='ocrx_word' id='word_1_747' title='bbox 2245 4351 2334 4421; x_wconf 89' lang='lat' dir='ltr'><strong>qui</strong></span> <span class='ocrx_word' id='word_1_748' title='bbox 2359 4357 2565 4403; x_wconf 89' lang='lat' dir='ltr'><strong>armato</strong></span> <span class='ocrx_word' id='word_1_749' title='bbox 2592 4347 2921 4410; x_wconf 87' lang='lat' dir='ltr'><strong>resisterent,</strong></span> <span class='ocrx_word' id='word_1_750' title='bbox 2947 4343 3096 4414; x_wconf 90' lang='lat' dir='ltr'><strong>longe</strong></span> <span class='ocrx_word' id='word_1_751' title='bbox 3119 4342 3322 4414; x_wconf 83' lang='lat' dir='ltr'><strong>lateque</strong></span> <span class='ocrx_word' id='word_1_752' title='bbox 3340 4345 3498 4398; x_wconf 67' lang='lat' dir='ltr'><strong>saevi-</strong></span> 
     </span>
    </p>
   </div>
   <div class='ocr_carea' id='block_1_104' title="bbox 1931 4435 3494 4508">
    <p class='ocr_par' dir='ltr' id='par_1_104' title="bbox 1931 4435 3494 4508">
     <span class='ocr_line' id='line_1_105' title="bbox 1931 4435 3494 4508; baseline -0.004 -12"><span class='ocrx_word' id='word_1_753' title='bbox 1931 4444 2007 4496; x_wconf 89' lang='lat' dir='ltr'><strong>tia</strong></span> <span class='ocrx_word' id='word_1_754' title='bbox 2039 4441 2266 4495; x_wconf 83' lang='lat' dir='ltr'><strong>Neronis</strong></span> <span class='ocrx_word' id='word_1_755' title='bbox 2295 4448 2344 4494; x_wconf 92' lang='lat' dir='ltr'><strong>et</strong></span> <span class='ocrx_word' id='word_1_756' title='bbox 2377 4439 2524 4493; x_wconf 87' lang='lat' dir='ltr'><strong>Decii</strong></span> <span class='ocrx_word' id='word_1_757' title='bbox 2552 4437 2754 4508; x_wconf 84' lang='lat' dir='ltr'><strong>perdita</strong></span> <span class='ocrx_word' id='word_1_758' title='bbox 2788 4435 3053 4490; x_wconf 88' lang='lat' dir='ltr'><strong>voluntate</strong></span> <span class='ocrx_word' id='word_1_759' title='bbox 3099 4444 3370 4505; x_wconf 86' lang='lat' dir='ltr'><strong>grassatus</strong></span> <span class='ocrx_word' id='word_1_760' title='bbox 3395 4443 3494 4489; x_wconf 84' lang='lat' dir='ltr'><strong>est.</strong></span> 
     </span>
    </p>
   </div>
   <div class='ocr_carea' id='block_1_105' title="bbox 1935 4518 3495 4602">
    <p class='ocr_par' dir='ltr' id='par_1_105' title="bbox 1935 4518 3495 4602">
     <span class='ocr_line' id='line_1_106' title="bbox 1935 4518 3495 4602; baseline -0.005 -16"><span class='ocrx_word' id='word_1_761' title='bbox 1935 4533 2082 4587; x_wconf 82' lang='lat' dir='ltr'><strong>Idem</strong></span> <span class='ocrx_word' id='word_1_762' title='bbox 2122 4548 2270 4596; x_wconf 82' lang='lat' dir='ltr'><strong>vero,</strong></span> <span class='ocrx_word' id='word_1_763' title='bbox 2308 4532 2397 4602; x_wconf 88' lang='lat' dir='ltr'><strong>qui</strong></span> <span class='ocrx_word' id='word_1_764' title='bbox 2444 4532 2608 4584; x_wconf 88' lang='lat' dir='ltr'><strong>multo</strong></span> <span class='ocrx_word' id='word_1_765' title='bbox 2648 4528 2837 4582; x_wconf 88' lang='lat' dir='ltr'><strong>rectius</strong></span> <span class='ocrx_word' id='word_1_766' title='bbox 2875 4526 3082 4580; x_wconf 87' lang='lat' dir='ltr'><strong>demens</strong></span> <span class='ocrx_word' id='word_1_767' title='bbox 3119 4541 3293 4594; x_wconf 89' lang='lat' dir='ltr'><strong>papa,</strong></span> <span class='ocrx_word' id='word_1_768' title='bbox 3335 4518 3495 4596; x_wconf 85' lang='lat' dir='ltr'><strong>quam</strong></span> 
     </span>
    </p>
   </div>
   <div class='ocr_carea' id='block_1_106' title="bbox 1935 4615 3494 4688">
    <p class='ocr_par' dir='ltr' id='par_1_106' title="bbox 1935 4615 3494 4688">
     <span class='ocr_line' id='line_1_107' title="bbox 1935 4615 3494 4688; baseline -0.008 -10"><span class='ocrx_word' id='word_1_769' title='bbox 1935 4623 2171 4679; x_wconf 88' lang='lat' dir='ltr'><strong>Clemens</strong></span> <span class='ocrx_word' id='word_1_770' title='bbox 2195 4623 2366 4688; x_wconf 86' lang='lat' dir='ltr'><strong>dictus</strong></span> <span class='ocrx_word' id='word_1_771' title='bbox 2397 4631 2549 4684; x_wconf 86' lang='lat' dir='ltr'><strong>esset,</strong></span> <span class='ocrx_word' id='word_1_772' title='bbox 2577 4621 2634 4673; x_wconf 90' lang='lat' dir='ltr'><strong>in</strong></span> <span class='ocrx_word' id='word_1_773' title='bbox 2663 4619 2990 4688; x_wconf 83' lang='lat' dir='ltr'><strong>oppido-suo,</strong></span> <span class='ocrx_word' id='word_1_774' title='bbox 3026 4615 3163 4686; x_wconf 89' lang='lat' dir='ltr'><strong>quod</strong></span> <span class='ocrx_word' id='word_1_775' title='bbox 3194 4624 3494 4686; x_wconf 87' lang='lat' dir='ltr'><strong>argenteum</strong></span> 
     </span>
    </p>
   </div>
   <div class='ocr_carea' id='block_1_107' title="bbox 1934 4705 3494 4781">
    <p class='ocr_par' dir='ltr' id='par_1_107' title="bbox 1934 4705 3494 4781">
     <span class='ocr_line' id='line_1_108' title="bbox 1934 4705 3494 4781; baseline -0.008 -12"><span class='ocrx_word' id='word_1_776' title='bbox 1934 4717 2149 4779; x_wconf 88' lang='lat' dir='ltr'><strong>dicitur,</strong></span> <span class='ocrx_word' id='word_1_777' title='bbox 2176 4714 2380 4768; x_wconf 66' lang='lat' dir='ltr'><strong>excelsa</strong></span> <span class='ocrx_word' id='word_1_778' title='bbox 2403 4713 2665 4781; x_wconf 78' lang='lat' dir='ltr'><strong>fabricata</strong></span> <span class='ocrx_word' id='word_1_779' title='bbox 2697 4719 2839 4770; x_wconf 86' lang='lat' dir='ltr'><strong>turre</strong></span> <span class='ocrx_word' id='word_1_780' title='bbox 2861 4707 3194 4778; x_wconf 66' lang='lat' dir='ltr'><strong>praestolatus</strong></span> <span class='ocrx_word' id='word_1_781' title='bbox 3227 4705 3494 4762; x_wconf 81' lang='lat' dir='ltr'><strong>Simonia-</strong></span> 
     </span>
    </p>
   </div>
   <div class='ocr_carea' id='block_1_108' title="bbox 1933 4795 3493 4872">
    <p class='ocr_par' dir='ltr' id='par_1_108' title="bbox 1933 4795 3493 4872">
     <span class='ocr_line' id='line_1_109' title="bbox 1933 4795 3493 4872; baseline -0.006 -11"><span class='ocrx_word' id='word_1_782' title='bbox 1933 4823 2019 4860; x_wconf 90' lang='lat' dir='ltr'><strong>cos</strong></span> <span class='ocrx_word' id='word_1_783' title='bbox 2046 4803 2277 4872; x_wconf 83' lang='lat' dir='ltr'><strong>angelos,</strong></span> <span class='ocrx_word' id='word_1_784' title='bbox 2311 4819 2428 4855; x_wconf 88' lang='lat' dir='ltr'><strong>cum</strong></span> <span class='ocrx_word' id='word_1_785' title='bbox 2453 4803 2640 4872; x_wconf 87' lang='lat' dir='ltr'><strong>quibus</strong></span> <span class='ocrx_word' id='word_1_786' title='bbox 2663 4801 2889 4856; x_wconf 77' lang='lat' dir='ltr'><strong>volando</strong></span> <span class='ocrx_word' id='word_1_787' title='bbox 2907 4803 2963 4854; x_wconf 87' lang='lat' dir='ltr'><strong>in</strong></span> <span class='ocrx_word' id='word_1_788' title='bbox 2984 4800 3227 4870; x_wconf 87' lang='lat' dir='ltr'><strong>paludem</strong></span> <span class='ocrx_word' id='word_1_789' title='bbox 3251 4795 3493 4867; x_wconf 84' lang='lat' dir='ltr'><strong>Stygiam</strong></span> 
     </span>
    </p>
   </div>
   <div class='ocr_carea' id='block_1_109' title="bbox 1933 4889 3493 4963">
    <p class='ocr_par' dir='ltr' id='par_1_109' title="bbox 1933 4889 3493 4963">
     <span class='ocr_line' id='line_1_110' title="bbox 1933 4889 3493 4963; baseline -0.004 -14"><span class='ocrx_word' id='word_1_790' title='bbox 1933 4905 2124 4960; x_wconf 87' lang='lat' dir='ltr'><strong>rueret,</strong></span> <span class='ocrx_word' id='word_1_791' title='bbox 2157 4895 2286 4960; x_wconf 89' lang='lat' dir='ltr'><strong>Deo,</strong></span> <span class='ocrx_word' id='word_1_792' title='bbox 2315 4910 2406 4963; x_wconf 87' lang='lat' dir='ltr'><strong>per</strong></span> <span class='ocrx_word' id='word_1_793' title='bbox 2437 4895 2614 4946; x_wconf 88' lang='lat' dir='ltr'><strong>omnia</strong></span> <span class='ocrx_word' id='word_1_794' title='bbox 2633 4935 2648 4959; x_wconf 96' lang='lat'><strong>,</strong></span> <span class='ocrx_word' id='word_1_795' title='bbox 2678 4892 2925 4961; x_wconf 87' lang='lat' dir='ltr'><strong>Gregorio</strong></span> <span class='ocrx_word' id='word_1_796' title='bbox 2954 4905 3103 4959; x_wconf 79' lang='lat' dir='ltr'><strong>papa:</strong></span> <span class='ocrx_word' id='word_1_797' title='bbox 3122 4889 3342 4958; x_wconf 81' lang='lat' dir='ltr'><strong>favente,</strong></span> <span class='ocrx_word' id='word_1_798' title='bbox 3367 4905 3493 4943; x_wconf 87' lang='lat' dir='ltr'><strong>cru-</strong></span> 
     </span>
    </p>
   </div>
   <div class='ocr_carea' id='block_1_110' title="bbox 1932 4972 3496 5056">
    <p class='ocr_par' dir='ltr' id='par_1_110' title="bbox 1932 4972 3496 5056">
     <span class='ocr_line' id='line_1_111' title="bbox 1932 4972 3496 5056; baseline -0.002 -16"><span class='ocrx_word' id='word_1_799' title='bbox 1932 4972 2080 5040; x_wconf 86' lang='lat' dir='ltr'><strong>ribus</strong></span> <span class='ocrx_word' id='word_1_800' title='bbox 2107 4987 2216 5041; x_wconf 88' lang='lat' dir='ltr'><strong>suis</strong></span> <span class='ocrx_word' id='word_1_801' title='bbox 2251 4987 2556 5056; x_wconf 82' lang='lat' dir='ltr'><strong>confractis,</strong></span> <span class='ocrx_word' id='word_1_802' title='bbox 2583 5002 2699 5039; x_wconf 89' lang='lat' dir='ltr'><strong>cum</strong></span> <span class='ocrx_word' id='word_1_803' title='bbox 2722 4985 2804 5036; x_wconf 86' lang='lat' dir='ltr'><strong>illi</strong></span> <span class='ocrx_word' id='word_1_804' title='bbox 2831 4997 2977 5035; x_wconf 88' lang='lat' dir='ltr'><strong>nemo</strong></span> <span class='ocrx_word' id='word_1_805' title='bbox 3009 4981 3354 5046; x_wconf 86' lang='lat' dir='ltr'><strong>apostolicam</strong></span> <span class='ocrx_word' id='word_1_806' title='bbox 3376 4982 3496 5038; x_wconf 60' lang='lat' dir='ltr'><strong>obtu-</strong></span> 
     </span>
    </p>
   </div>
   <div class='ocr_carea' id='block_1_111' title="bbox 1931 5072 3493 5142">
    <p class='ocr_par' dir='ltr' id='par_1_111' title="bbox 1931 5072 3493 5142">
     <span class='ocr_line' id='line_1_112' title="bbox 1931 5072 3493 5142; baseline -0.003 -12"><span class='ocrx_word' id='word_1_807' title='bbox 1931 5077 2188 5132; x_wconf 84' lang='lat' dir='ltr'><strong>dientiam</strong></span> <span class='ocrx_word' id='word_1_808' title='bbox 2221 5077 2514 5132; x_wconf 72' lang='lat' dir='ltr'><strong>exhibuerit</strong></span> <span class='ocrx_word' id='word_1_809' title='bbox 2546 5074 2622 5128; x_wconf 84' lang='lat' dir='ltr'><strong>vel</strong></span> <span class='ocrx_word' id='word_1_810' title='bbox 2657 5072 2994 5126; x_wconf 83' lang='lat' dir='ltr'><strong>reverentiam</strong></span> <span class='ocrx_word' id='word_1_811' title='bbox 3015 5113 3029 5136; x_wconf 95' lang='lat'><strong>,</strong></span> <span class='ocrx_word' id='word_1_812' title='bbox 3052 5081 3242 5142; x_wconf 69' lang='lat' dir='ltr'><strong>prater</strong></span> <span class='ocrx_word' id='word_1_813' title='bbox 3264 5073 3493 5140; x_wconf 88' lang='lat' dir='ltr'><strong>impera-</strong></span> 
     </span>
    </p>
   </div>
   <div class='ocr_carea' id='block_1_112' title="bbox 1934 5159 3494 5235">
    <p class='ocr_par' dir='ltr' id='par_1_112' title="bbox 1934 5159 3494 5235">
     <span class='ocr_line' id='line_1_113' title="bbox 1934 5159 3494 5235; baseline -0.005 -14"><span class='ocrx_word' id='word_1_814' title='bbox 1934 5176 2097 5221; x_wconf 84' lang='lat' dir='ltr'><strong>torem</strong></span> <span class='ocrx_word' id='word_1_815' title='bbox 2119 5166 2332 5235; x_wconf 87' lang='lat' dir='ltr'><strong>ejusque</strong></span> <span class='ocrx_word' id='word_1_816' title='bbox 2354 5162 2648 5230; x_wconf 79' lang='lat' dir='ltr'><strong>complices,</strong></span> <span class='ocrx_word' id='word_1_817' title='bbox 2674 5159 2752 5214; x_wconf 89' lang='lat' dir='ltr'><strong>vel</strong></span> <span class='ocrx_word' id='word_1_818' title='bbox 2782 5161 2872 5232; x_wconf 86' lang='lat' dir='ltr'><strong>qui</strong></span> <span class='ocrx_word' id='word_1_819' title='bbox 2894 5177 2948 5214; x_wconf 91' lang='lat' dir='ltr'><strong>se</strong></span> <span class='ocrx_word' id='word_1_820' title='bbox 2977 5159 3060 5212; x_wconf 88' lang='lat' dir='ltr'><strong>illi</strong></span> <span class='ocrx_word' id='word_1_821' title='bbox 3082 5168 3291 5228; x_wconf 86' lang='lat' dir='ltr'><strong>propter</strong></span> <span class='ocrx_word' id='word_1_822' title='bbox 3316 5161 3494 5214; x_wconf 83' lang='lat' dir='ltr'><strong>avari-</strong></span> 
     </span>
    </p>
   </div>
   <div class='ocr_carea' id='block_1_113' title="bbox 1933 5244 3493 5325">
    <p class='ocr_par' dir='ltr' id='par_1_113' title="bbox 1933 5244 3493 5325">
     <span class='ocr_line' id='line_1_114' title="bbox 1933 5244 3493 5325; baseline -0.006 -16"><span class='ocrx_word' id='word_1_823' title='bbox 1933 5259 2062 5309; x_wconf 86' lang='lat' dir='ltr'><strong>tiam</strong></span> <span class='ocrx_word' id='word_1_824' title='bbox 2083 5296 2098 5320; x_wconf 93' lang='lat'><strong>,</strong></span> <span class='ocrx_word' id='word_1_825' title='bbox 2144 5271 2260 5325; x_wconf 69' lang='lat' dir='ltr'><strong>quae</strong></span> <span class='ocrx_word' id='word_1_826' title='bbox 2292 5244 2381 5307; x_wconf 74' lang='lat' dir='ltr'><strong>est</strong></span> <span class='ocrx_word' id='word_1_827' title='bbox 2411 5250 2674 5305; x_wconf 87' lang='lat' dir='ltr'><strong>idolorum</strong></span> <span class='ocrx_word' id='word_1_828' title='bbox 2712 5252 2931 5304; x_wconf 73' lang='lat' dir='ltr'><strong>servitus</strong></span> <span class='ocrx_word' id='word_1_829' title='bbox 2951 5290 2966 5313; x_wconf 93' lang='lat'><strong>,</strong></span> <span class='ocrx_word' id='word_1_830' title='bbox 3007 5246 3085 5300; x_wconf 83' lang='lat' dir='ltr'><strong>vel</strong></span> <span class='ocrx_word' id='word_1_831' title='bbox 3113 5256 3357 5316; x_wconf 87' lang='lat' dir='ltr'><strong>perpetuo</strong></span> <span class='ocrx_word' id='word_1_832' title='bbox 3377 5289 3390 5312; x_wconf 97' lang='lat'><strong>,</strong></span> <span class='ocrx_word' id='word_1_833' title='bbox 3413 5245 3493 5301; x_wconf 81' lang='lat' dir='ltr'><strong>vel</strong></span> 
     </span>
    </p>
   </div>
   <div class='ocr_carea' id='block_1_114' title="bbox 1905 5339 3490 5415">
    <p class='ocr_par' dir='ltr' id='par_1_114' title="bbox 1905 5339 3490 5415">
     <span class='ocr_line' id='line_1_115' title="bbox 1905 5339 3490 5415; baseline -0.006 -16"><span class='ocrx_word' id='word_1_834' title='bbox 1905 5347 2001 5399; x_wconf 67' lang='lat' dir='ltr'><strong>&#39;ad</strong></span> <span class='ocrx_word' id='word_1_835' title='bbox 2027 5355 2226 5415; x_wconf 86' lang='lat' dir='ltr'><strong>tempus</strong></span> <span class='ocrx_word' id='word_1_836' title='bbox 2259 5345 2356 5398; x_wconf 87' lang='lat' dir='ltr'><strong>sub</strong></span> <span class='ocrx_word' id='word_1_837' title='bbox 2385 5344 2743 5415; x_wconf 86' lang='lat' dir='ltr'><strong>jurisjurandi</strong></span> <span class='ocrx_word' id='word_1_838' title='bbox 2765 5349 3090 5395; x_wconf 86' lang='lat' dir='ltr'><strong>sacramento</strong></span> <span class='ocrx_word' id='word_1_839' title='bbox 3115 5339 3445 5392; x_wconf 86' lang='lat' dir='ltr'><strong>crediderunt</strong></span> <span class='ocrx_word' id='word_1_840' title='bbox 3469 5351 3490 5390; x_wconf 88' lang='lat'><strong><em>:</em></strong></span> 
     </span>
    </p>
   </div>
   <div class='ocr_carea' id='block_1_115' title="bbox 1930 5426 3489 5508">
    <p class='ocr_par' dir='ltr' id='par_1_115' title="bbox 1930 5426 3489 5508">
     <span class='ocr_line' id='line_1_116' title="bbox 1930 5426 3489 5508; baseline -0.007 -18"><span class='ocrx_word' id='word_1_841' title='bbox 1930 5453 2151 5508; x_wconf 88' lang='lat' dir='ltr'><strong>quorum</strong></span> <span class='ocrx_word' id='word_1_842' title='bbox 2174 5436 2414 5507; x_wconf 87' lang='lat' dir='ltr'><strong>plurimi,</strong></span> <span class='ocrx_word' id='word_1_843' title='bbox 2441 5436 2627 5506; x_wconf 87' lang='lat' dir='ltr'><strong>quibus</strong></span> <span class='ocrx_word' id='word_1_844' title='bbox 2662 5434 2774 5501; x_wconf 84' lang='lat' dir='ltr'><strong>ejus</strong></span> <span class='ocrx_word' id='word_1_845' title='bbox 2800 5429 3020 5500; x_wconf 81' lang='lat' dir='ltr'><strong>perﬁdia</strong></span> <span class='ocrx_word' id='word_1_846' title='bbox 3047 5427 3340 5488; x_wconf 86' lang='lat' dir='ltr'><strong>claruerat,</strong></span> <span class='ocrx_word' id='word_1_847' title='bbox 3363 5426 3489 5479; x_wconf 86' lang='lat' dir='ltr'><strong>dum</strong></span> 
     </span>
    </p>
   </div>
   <div class='ocr_carea' id='block_1_116' title="bbox 1929 5513 3490 5587">
    <p class='ocr_par' dir='ltr' id='par_1_116' title="bbox 1929 5513 3490 5587">
     <span class='ocr_line' id='line_1_117' title="bbox 1929 5513 3490 5587; baseline -0.01 -3"><span class='ocrx_word' id='word_1_848' title='bbox 1929 5528 2268 5584; x_wconf 75' lang='lat' dir='ltr'><strong>exsecrabilis</strong></span> <span class='ocrx_word' id='word_1_849' title='bbox 2303 5527 2480 5579; x_wconf 80' lang='lat' dir='ltr'><strong>dicina</strong></span> <span class='ocrx_word' id='word_1_850' title='bbox 2522 5523 2815 5576; x_wconf 88' lang='lat' dir='ltr'><strong>immolaret</strong></span> <span class='ocrx_word' id='word_1_851' title='bbox 2852 5518 3150 5587; x_wconf 78' lang='lat' dir='ltr'><strong>sacriﬁcia,</strong></span> <span class='ocrx_word' id='word_1_852' title='bbox 3187 5531 3286 5567; x_wconf 87' lang='lat' dir='ltr'><strong>non</strong></span> <span class='ocrx_word' id='word_1_853' title='bbox 3310 5513 3490 5568; x_wconf 75' lang='lat' dir='ltr'><strong>adesse</strong></span> 
     </span>
    </p>
   </div>
   <div class='ocr_carea' id='block_1_117' title="bbox 1933 5604 3489 5682">
    <p class='ocr_par' dir='ltr' id='par_1_117' title="bbox 1933 5604 3489 5682">
     <span class='ocr_line' id='line_1_118' title="bbox 1933 5604 3489 5682; baseline -0.006 -11"><span class='ocrx_word' id='word_1_854' title='bbox 1933 5619 2243 5682; x_wconf 83' lang='lat' dir='ltr'><strong>tolerabant,</strong></span> <span class='ocrx_word' id='word_1_855' title='bbox 2293 5608 2667 5669; x_wconf 60' lang='lat' dir='ltr'><strong>scientes&#39;eum</strong></span> <span class='ocrx_word' id='word_1_856' title='bbox 2713 5610 2858 5664; x_wconf 89' lang='lat' dir='ltr'><strong>nullo</strong></span> <span class='ocrx_word' id='word_1_857' title='bbox 2907 5608 3138 5679; x_wconf 84' lang='lat' dir='ltr'><strong>Romano</strong></span> <span class='ocrx_word' id='word_1_858' title='bbox 3181 5604 3489 5662; x_wconf 70' lang='lat' dir='ltr'><strong>successisse</strong></span> 
     </span>
    </p>
   </div>
  </div>
