4098 6410
661 463 763 516 185

1851 463 1904 517 8.
1940 459 2330 520 GREGORIL'S
2368 460 2453 512 Vl!
2489 458 2686 512 PAPA;

3793 58 3812 90 ⁷.
3840 52 4051 94 Vw“

3777 449 3800 502 1
3811 452 3879 504 Si

659 571 931 641 oomiﬁci;
962 572 1052 624 sed
1076 573 1354 640 perﬁdum,
1385 575 1674 642 perjurum,
1714 575 2029 637 inrasorcm,
2064 585 2109 626 et
2137 572 2222 627 Si—
2251 581 2296 634 Α
2321 573 2522 628 dientia
2563 571 2716 628 sedes
2751 571 2954 639 aliquot
2988 569 3120 621 dies.
3158 565 3290 619 Nam
3329 566 3384 618 in
3416 564 3708 619 schismate
3749 577 3883 617 con-

661 663 958 714 mom‘acnm
996 657 1244 731 Gregorio
1281 679 1430 731 papa:
1477 663 1873 732 superadditam
1909 665 2088 731 fuisse.
2120 662 2223 717 (7a-

662 753 842 806 tholici
865 769 1002 818 vero,
1026 755 1115 821 qui
1145 752 1253 806 zelo
1281 753 1374 807 Dei
1408 754 1564 822 [idem
1586 770 1646 805 ac
1671 753 1972 823 religionem
2004 757 2220 807 tueban-

663 851 768 906 tur,
803 840 1053 910 Gregorio
1076 859 1244 910 papa',
1279 845 1557 901 sanctitate
1588 859 1649 895 ac
1672 843 1922 912 religione
1948 843 2225 912 prwstanti

660 928 1018 983 adherebant.
1069 929 1146 984 lta
1193 929 1300 984 Leo
1339 933 1622 1002 episcopus
1659 929 1924 986 Ostiensis
1966 931 2104 986 libro
2159 947 2217 985 ιιι

660 1021 798 1090 (cap.
821 1020 911 1089 69)
946 1019 1194 1076 Historia:
1214 1021 1574 1078 Cassincnsis.

731 1109 999 1166 Cmterum
1032 1120 1248 1164 mortuo
1272 1111 1545 1166 Clemente
1569 1108 1636 1164 m
1661 1111 1869 1165 vacavit
1896 1111 1948 1164 in
1973 1127 2072 1166 sua
2094 1111 2222 1165 obe-

716 1252 905 1330 (527‘)
936 1229 1009 1316 De
1038 1264 1237 1331 quibus
1260 1266 1514 1320 omnibus
1534 1266 1645 1335 agit
1669 1275 1856 1335 postea
1878 1263 2219 1334 Onuphrius.

2325 676 2404 721 tra
2430 665 2742 719 Paschalem
2780 677 2970 732 papam
3001 659 3038 712 ll
3077 661 3283 729 aliquot
3320 658 3506 711 habuit
3539 669 3757 710 success
3798 671 3884 709 res

2322 758 2503 813 studio
2535 755 2878 825 imperatoris
2915 751 3131 806 Henriei
3170 752 3226 802 in
3268 748 3416 802 Italia
3453 748 3522 801 ab
3546 747 3665 814 ejus
3692 744 3884 814 prmio—

2323 849 2444 914 ctis,
2476 847 2706 902 ducibus
2731 854 2783 898 et
2830 843 3132 897 fautoribus
3170 839 3371 893 infelici
3407 838 3540 893 satis
3575 837 3707 905 ipsis
3735 835 3884 891 exitu

2271 974 2274 976 η
2325 947 2569 1001 creatos;
2611 950 2840 1004 quorum
2879 933 3087 1002 primus
3122 930 3223 984 fuit
3252 928 3503 983 Albertus
3533 915 3887 996 quidam‘At-

2329 1030 2598 1091 tollamus,
2619 1026 2740 1082 dein
2765 1022 3133 1077 Theudoricus
3156 1029 3210 1073 et
3233 1017 3560 1088 Maginulfus
3587 1015 3780 1086 (537‘).

2931 1438 3784 1468 Μ

1346 1599 1847 1694 NOTITIA
1914 1603 2075 1689 EX
2144 1597 2740 1736 CONCILIIS
2810 1593 3211 1684 MANSI.

1979 1767 2156 1842 (Tom.
2188 1766 2308 1834 XX,
2331 1768 2436 1822 col.
2464 1767 2578 1836 56.)

2101 1921 2415 1943 *⁸-

735 2057 1042 2127 Gregorius,
1066 2058 1229 2129 hujus
1257 2057 1492 2113 nominis
1518 2056 1803 2126 septimus,
1847 2061 2003 2110 antra
2041 2049 2224 2104 ililde-
2259 2053 2298 2106 Β
2325 2057 2408 2102 est
2438 2045 2692 2103 Nicolaus
2726 2047 2808 2111 ιι,
2862 2047 3170 2105 consentire
3201 2060 3309 2099 non
3357 2053 3691 2116 gravaretur.
3741 2043 3908 2110 Quod

668 2150 904 2204 brandus
931 2149 1248 2225 appellatus,
1274 2150 1516 2204 omnium
1538 2161 1804 2201 consensu
1830 2143 2064 2213 legitime
2086 2156 2237 2196 crea-

665 2249 752 2294 tus
786 2248 871 2295 est
899 2238 1137 2310 pontifex
1165 2254 1308 2292 anno
1340 2239 1545 2292 Christi
1576 2236 1726 2291 1075.
1765 2233 1860 2288 llic
1891 2234 2062 2305 patria
2098 2231 2236 2288 Soa-

669 2330 852 2396 ncnsis
885 2340 1045 2385 natus
1075 2339 1158 2385 est
1189 2331 1242 2383 in
1272 2329 1487 2394 Tuscia,
1519 2326 1708 2381 humili
1735 2327 1875 2390 loco,
1912 2332 2134 2395 parente
2158 2322 2241 2376 fa-

666 2420 791 2483 bro;
840 2421 942 2475 sub
980 2422 1309 2489 protectione
1335 2421 1515 2487 sancti
1550 2419 1690 2474 Petri
1724 2419 2001 2474 educatus.
2041 2415 2238 2470 Adole-

665 2527 823 2567 Eeens
869 2518 1060 2566 nactus
1089 2513 1511 2580 estmagistrum
1543 2509 1916 2573 Laurentium,
1962 2506 2240 2576 Amalphi-

670 2608 854 2654 tanum
877 2600 1362 2670 archiepiscopum,
1387 2616 1546 2670 quem
1577 2615 1683 2653 non
1712 2596 2237 2663 maleficiorum,sed

668 2699 977 2746 sanctorum
1015 2691 1312 2760 principem
1343 2693 1462 2760 ejus
1504 2691 1761 2759 temporis
1803 2689 1970 2743 fuisse
2013 2675 2240 2743 testatur

668 2781 1058 2851 irrcfragabilis
1089 2781 1244 2835 testis
1276 2779 1469 2834 Petrus
1490 2779 1756 2833 Damiaui.
1784 2776 1983 2832 Prester
2007 2775 2242 2830 Lauren-

671 2870 806 2924 tium
839 2869 1026 2924 habuit
1052 2885 1268 2940 quoque
1292 2871 1608 2940 magistrum
1634 2867 1896 2923 Joannem
1919 2867 2236 2921 Gratianum

669 2961 1216 3031 archipresbyterum,
1242 2971 1426 3030 postea
1451 2975 1641 3031 papam
1674 2958 1991 3030 Gregorium
2024 2967 2234 3013 sextum

671 3053 1033 3119 nominatum,
1065 3067 1226 3122 quem
1255 3062 1471 3125 secutus
1501 3059 1584 3107 est
1623 3051 1676 3104 in
1724 3048 2072 3119 Germaniam
2110 3063 2233 3105 cum

671 3155 730 3196 sc
754 3141 1065 3207 pontificatu
1089 3136 1411 3208 abdicasset,
1441 3157 1612 3211 eaque
1631 3138 1923 3194 occasione
1946 3138 2084 3209 apud
2104 3136 2237 3192 Clu-

674 3219 953 3286 uiae-enses
978 3223 1292 3300 permansit.
1325 3232 1461 3285 Cum
1509 3231 1689 3285 Leone
1723 3242 1888 3292 nono,
1920 3242 2080 3299 quem
2107 3243 2238 3296 pur-

675 3336 808 3388 pura
844 3316 1135 3390 pontificali
1177 3322 1424 3376 indutum
1451 3364 1466 3388 ,
1506 3331 1560 3376 et
1597 3336 1690 3391 per
1726 3333 1945 3373 manum
1989 3319 2232 3375 laicalem

2337 2155 2460 2194 cum
2506 2139 2730 2194 feliciter
2760 2139 3145 2208 impetrasset,
3200 2151 3365 2206 Opera
3412 2134 3695 2190 Godi-fredi
3745 2135 3907 2190 ducis

2337 2229 2740 2284 schismaticum
2781 2229 3020 2297 expulit,
3062 2237 3116 2280 et
3154 2227 3449 2297 legitimum
3494 2226 3804 2296 pontiﬁcem
3851 2226 3909 2280 in

2333 2320 2734 2389 possessionem
2760 2319 2997 2388 quietam
3019 2318 3340 2372 introduxit.
3374 2316 3637 2385 Ejusdem
3669 2317 3914 2370 consilio

2337 2409 2540 2478 optimo
2563 2416 2683 2478 post
2713 2409 2914 2462 obitum
2939 2406 3141 2462 Nicofai
3170 2408 3372 2460 electus
3395 2416 3476 2462 est
3498 2405 3805 2460 Alexander
3827 2405 3872 2459 ll
3892 2447 3908 2470 ,

2335 2501 2700 2572 cxpulsusque
2746 2508 2828 2553 cst
2870 2497 3139 2553 Cadalous
3187 2496 3495 2552 Parmensis
3527 2498 3819 2567 episcopus
3855 2509 3913 2554 et

2336 2588 2775 2662 pseudOpoutifex
2807 2631 2820 2654 ,
2866 2592 3027 2659 quem
3083 2588 3213 2659 regii
3266 2587 3494 2643 ministri
3551 2596 3603 2641 et
3659 2585 3910 2643 fautores

2337 2683 2593 2736 adversus
2631 2688 2633 2691 '
2670 2671 3033 2734 Alexandrum
3098 2680 3150 2733 in
3228 2679 3482 2732 thronum
3542 2680 3911 2748 apostolicum

2336 2780 2640 2827 evexerant.
2658 2769 2719 2824 Et
2737 2786 3045 2840 quanquam
3066 2778 3271 2824 statura
3294 2770 3521 2838 pusillus
3538 2780 3700 2835 essi't,
3722 2783 3911 2828 tamen

2336 2863 2505 2933 gratia
2531 2863 2990 2916 miraculorunret
3025 2861 3316 2930 prophetiae
3345 2870 3461 2915 erat
3489 2863 3745 2916 omnibus
3810 2865 3914 2919 ad-

2305 2956 2618 3009 .mira‘uills.
2653 2953 2785 3009 Nam
2810 2955 2875 3009 ad
2908 2954 3229 3019 miraculum
3252 2968 3416 3022 supra
3440 2953 3767 3008 recensitum
3804 2956 3911 3011 hoc

2335 3048 2537 3108 addidit
2584 3049 2738 3117 longe
2783 3032 3107 3112 mirabilius,
3161 3045 3302 3115 quod
3330 3059 3504 3109 ,-cum
3551 3043 3620 3095 ab
3673 3042 3912 3114 llugone

2335 3135 2707 3192 Cluuiacensis
2728 3137 3042 3212 monasterii
3077 3135 3267 3192 abbate
3290 3131 3504 3202 longius
3529 3131 3766 3198 abesset,
3806 3147 3908 3190 co-

2335 3227 2580 3302 gnoverit
2605 3220 2956 3298 cogitationes
2979 3225 3203 3279 mentis
3232 3222 3400 3288 iiiius‘,
3449 3222 3646 3292 quibus
3674 3224 3822 3278 intra
3852 3240 3915 3280 se

2334 3321 2438 3384 sibi
2456 3318 2684 3389 loquens
2707 3318 2947 3373 diccbat:
2997 3310 3424 3369 Homuneionem
3455 3312 3612 3367 exilis
3639 3321 3871 3369 statura:
3895 3357 3912 3380 ,

675 3389 870 3466 munus
899 3412 1204 3483 episcopale
1229 3389 1939 3479 assumentemincrepavit,
1959 3411 2231 3480 profectus
2259 3389 2298 3446 (δ
2331 3393 2674 3481 despicabilis
2720 3409 3009 3479 parentclm
3035 3449 3049 3473 ,
3099 3416 3305 3462 tumere
3345 3413 3399 3459 ct
3444 3404 3620 3458 metiri
3667 3404 3868 3460 altiora
3895 3450 3915 3473 ,

673 3509 755 3553 est
790 3499 1037 3568 Romam,
1062 3517 1268 3572 suoque
1290 3503 1516 3559 consilio
1548 3502 1851 3556 Brunonem
1883 3511 2067 3569 postea
2094 3501 2232 3556 Lcov

675 3603 797 3641 nem
819 3592 1150 3645 nominatum
1180 3593 1304 3663 eligi
1335 3593 1615 3662 pracepit;
1641 3591 1815 3645 factus
1846 3588 2101 3646 Romanas
2126 3591 2232 3655 Ec-

677 3679 854 3732 clesiae
902 3682 1282 3738 subdiaconus.
1331 3668 1712 3738 Post‘obitum
1754 3680 1988 3749 praedicti
2037 3679 2234 3737 Leonis

676 3768 955 3838 ablegatus
981 3779 1065 3825 est
1097 3787 1129 3824 a
1159 3773 1301 3826 clero
1334 3772 1577 3826 Romano
1611 3771 1678 3827 ad
1713 3771 2110 3838 imperatorem,
2137 3784 2232 3840 pe-

681 3858 796 3911 tens
829 3858 898 3912 ab
932 3875 997 3913 eo
1035 3868 1114 3923 ut,
1147 3875 1271 3914 cum
1305 3861 1466 3921 rebus
1502 3859 1753 3914 Ecclesiae
1786 3859 2108 3928 perturbatis
2134 3859 2234 3914 sibi

677 3947 730 4002 id
782 3964 884 4002 non
933 3950 1144 4015 licebat,
1188 3949 1488 4004 Romanum
1520 3950 1821 4019 pontificem
1861 3963 1966 4003 non
2012 3963 2111 4004 suo
2142 3949 2234 4004 scd

666 4038 804 4115 .cleri
855 4042 1069 4095 nomine
1097 4042 1316 4110 eligeret
1340 4083 1354 4106 ,
1381 4042 1715 4110 electumque
1741 4049 1926 4094 contra
1955 4040 2234 4099 invasores

667 4131 1005 4208 defenderet.
1042 4133 1085 4186 A
1113 4118 1327 4187 Victore
1353 4175 1368 4200 ,
1409 4149 1568 4202 quem
1594 4132 1714 4202 eligi
1752 4123 2153 4202 postulaverat“,
2179 4131 2234 4184 in

683 4219 907 4276 Galliam
945 4224 1240 4293 ablegatus,
1279 4223 1520 4294 Lugduni
1558 4223 1922 4278 Sitnoniacum
1946 4223 2232 4293 quemdam

686 4312 1145 4380 archiepiscopum
1178 4315 1244 4366 ad
1279 4313 1670 4368 confessionem
1708 4313 1949 4370 criminis
2000 4313 2235 4375 miracu-

683 4397 798 4450 loce
817 4395 991 4467 adegit
1017 4417 1028 4451 :
1059 4400 1152 4468 ιιιιὶ
1178 4415 1299 4456 cum
1329 4403 1380 4454 in
1407 4405 1603 4472 hymno
1629 4404 2049 4474 glorilicaticnis,
2074 4417 2234 4472 quem

685 4484 1076 4542 Htlrtebrandus
1117 4503 1240 4542 eum
1285 4491 1510 4544 recitare
1558 4494 1936 4559 mandaverat,
1977 4492 2235 4563 Spiritum

683 4588 931 4632 sanetum
953 4577 1142 4633 efferre
1163 4593 1270 4633 non
1292 4581 1574 4650 potuisset,
1600 4583 1817 4651 proprio
1839 4598 1933 4636 ore
1957 4583 2238 4639 confessus

2331 3505 2478 3574 quod
2499 3510 2582 3561 tot
2607 3501 2894 3557 mundana:
2924 3506 3216 3569 potestates
3256 3505 3448 3552 nutum
3500 3495 3644 3551 illius
3679 3507 3915 3566 praesto-

2332 3597 2592 3650 larentur.
2637 3591 2774 3647 Cum
2820 3590 3009 3645 eodem
3045 3589 3239 3642 abbate
3273 3601 3437 3642 orans
3472 3585 3751 3642 Christum
3804 3589 3913 3643 sibi

2332 3691 2598 3740 astantem
2624 3721 2639 3745 ,
2667 3679 3026 3750 angelumque
3056 3679 3356 3732 vibrantem
3395 3677 3630 3746 gladium
3654 3678 3792 3731 vidit
3818 3719 3835 3743 ,
3859 3687 3918 3733 ct

2334 3776 2573 3831 futuram
2599 3770 2984 3825 mortalitatem
3010 3767 3275 3838 praedixit.
3310 3766 3470 3821 Petro
3496 3764 3766 3830 Daniiani,
3814 3767 3914 3836 qui

2335 3879 2432 3934 per
2464 3862 2739 3918 somnium
2777 3860 3060 3915 oculorum
3101 3859 3285 3915 lumen
3321 3849 3721 3913 sibi/amisisse
3755 3857 3917 3916 visus

2336 3962 2472 4021 erat,
2497 3953 2767 4008 somnium
2802 3951 3044 4021 ejusdem
3077 3958 3353 4019 estponens
3372 3947 3575 4002 dixisse
3604 3947 3869 4002 scribitur
3901 3968 3914 4001 :

2337 4041 2708 4114 Nequaquam,
2749 4052 2810 4097 ut
2854 4041 3030 4106 times,
3057 4040 3373 4110 prepinquae
3404 4043 3488 4093 est
3540 4038 3733 4092 mortis
3764 4037 3917 4093 indi-

2315 4135 2502 4200 cium,
2549 4133 2642 4189 sed
2687 4133 2970 4188 familiaris
3002 4132 3099 4186 tibi
3144 4130 3339 4200 aliquis
3375 4128 3778 4198 exstinguctur,
3814 4129 3918 4199 qui

2337 4226 2434 4280 tibi
2460 4225 2658 4280 charus
2690 4225 2760 4280 sit
2784 4225 2926 4283 sicut
2945 4224 3155 4278 oculus.
3190 4221 3326 4276 Vere
3353 4221 3455 4277 sibi
3497 4219 3624 4282 illud
3669 4236 3766 4292 per
3801 4221 3920 4276 obi-

2341 4323 2453 4372 tum
2475 4314 2740 4380 Dominici
2762 4315 2998 4370 Loricati
3022 4313 3315 4384 contigisse
3359 4312 3554 4367 fatetur
3581 4309 3782 4366 Petrus
3809 4311 3920 4367 Da-
3949 4360 3956 4370 .

2339 4402 2506 4462 m‘iani
2535 4406 2588 4460 in
2617 4405 2844 4475 epistola
2879 4406 2944 4460 ad
2966 4404 3331 4460 Alexandrum
3384 4417 3600 4474 papam.
3648 4400 3918 4456 Sanctum

2337 4498 2621 4552 Annonem
2642 4496 3018 4552 Coloniensem
3045 4495 3532 4564 archiepiscopum,
3585 4493 3651 4548 de
3670 4493 3796 4561 jure
3827 4506 3920 4548 re-

2341 4589 2428 4657 gio
2464 4587 2518 4643 in
2563 4588 2824 4643 electione
2872 4585 3104 4640 Romani
3139 4583 3410 4654 pontificis
3452 4584 3653 4640 violato
3678 4596 3922 4654 conque-

682 4675 762 4722 ost
806 4684 865 4724 se
899 4666 1154 4741 Simonite
1184 4669 1409 4724 crimine
1452 4671 1712 4739 pollutum
1754 4686 1892 4747 esse.
1935 4671 2134 4724 lLi-Jem
2180 4672 2236 4726 S.
2276 4712 2318 4764 ο
2343 4685 2548 4731 rentem
2585 4676 2659 4731 ita
2701 4675 3036 4740 informavit,
3059 4683 3122 4728 ut
3150 4674 3206 4728 in
3247 4675 3455 4748 synodo
3493 4671 3785 4729 Mantuana
3829 4673 3921 4729 de-

679 4755 895 4833 Hugoni
919 4761 1232 4815 monasterii
1253 4759 1624 4816 Cluniacensis
1645 4745 1823 4816 abbati
1849 4761 2124 4816 Christum
2149 4778 2240 4816 as-

682 4853 877 4918 sidere,
901 4851 1137 4922 quidque
1166 4851 1431 4921 agendum
1459 4852 1540 4906 vel
1565 4852 1849 4908 dicendum
1894 4852 2029 4906 foret
2069 4852 2240 4906 eidem

675 4953 968 5016 suggerere
1001 4943 1150 4997 vidit.
1205 4941 1585 5014 Berengarium
1636 4944 1796 4999 etiam
1843 4943 2244 5013 Andegavensis

691 5026 944 5083 Ecclesia:
986 5022 1424 5089 archidiaconum
1470 5035 1522 5088 in
1551 5035 1781 5090 concilio
1829 5033 2130 5088 Turnuensi
2177 5034 2242 5087 ad

690 5117 960 5173 haereseos
1001 5135 1114 5176 suae
1153 5124 1398 5180 iteratam
1443 5126 1837 5196 abjurationem
1876 5135 1929 5179 et
1968 5121 2246 5179 catholicae

687 5207 809 5263 ﬁdei
844 5209 1232 5279 professionem
1264 5213 1439 5284 adegit
1467 5235 1480 5268 :
1513 5226 1721 5272 tantum
1766 5219 1919 5272 abest
1952 5227 2047 5282 ut,
2101 5217 2246 5285 quod

691 5299 1049 5355 calumniatur
1073 5300 1275 5367 Benno,
1302 5299 1747 5373 Berengariauam
1792 5307 2034 5362 haeresim
2067 5307 2250 5362 defen-

689 5385 826 5445 derit
857 5400 952 5447 aut
977 5401 1216 5448 sectatus
1252 5391 1431 5449 fuerit.
1464 5393 1706 5463 Cumque
1728 5403 1852 5462 post
1885 5396 2086 5451 obitum
2129 5398 2246 5454 Stc-

682 5478 849 5547 phani
890 5481 959 5536 IX
1000 5483 1317 5540 Benedictus
1344 5526 1359 5549 ,
1395 5483 1514 5553 ejus
1539 5483 1774 5538 nominis
1801 5481 1867 5545 X,
1905 5484 2246 5555 pseudOpapa

692 5571 1086 5639 schismaticus,
1120 5576 1300 5631 sedem
1331 5574 1681 5646 apostolicam
1709 5572 2015 5638 invasisset,
2047 5573 2249 5629 missus

693 5668 770 5710 est
793 5661 858 5713 ad
880 5662 1134 5731 Agnetem
1159 5665 1572 5735 imperatricem,
1596 5673 1781 5734 petens
1801 5663 1869 5718 ab
1885 5679 1946 5718 ea
1973 5673 2027 5716 ut
2051 5661 2244 5720 futura:

695 5747 937 5804 ειεξιτιίοηί
961 5751 1179 5810 Gerardi
1203 5754 1492 5814 Florentini
1515 5755 1747 5829 episcopi
1773 5797 1787 5824 ,
1824 5754 1914 5830 qui
1948 5755 2244 5828 appellatus

2347 4783 2510 4836 super
2547 4768 2814 4823 celebrata
2855 4769 2971 4836 ipse
3017 4767 3347 4821 consesserit
3400 4774 3562 4837 atque
3598 4765 3878 4821 definierit
3901 4807 3919 4832 ,

2348 4855 2639 4911 Alexandri
2674 4858 2879 4927 justam
2907 4899 2923 4924 ,
2953 4855 3174 4911 Cadaloi
3214 4857 3472 4926 injustam
3495 4864 3550 4910 et
3577 4855 3920 4925 “legitimam

2349 4945 2664 5000 electionem
2710 4947 2900 5002 fuisse.
2950 4933 3046 5000 [iis
3079 4946 3145 5001 de
3187 4947 3389 5011 causis,
3418 4945 3706 4999 Alexandri
3742 4947 3922 5014 ponti-

2353 5035 2469 5090 ficis
2494 5037 2766 5107 totiusque
2795 5037 2925 5093 cleri
2960 5026 3191 5090 Romani
3232 5037 3437 5107 judicio
3480 5035 3675 5105 dignus
3709 5045 3796 5089 est
3823 5037 3923 5090 ha-

2353 5127 2496 5181 bitus
2525 5127 2640 5196 qui,
2669 5127 2798 5182 dum
2821 5129 3025 5182 viveret
3063 5127 3384 5194 Alexander,
3416 5126 3776 5182 cancellarius
3808 5126 3922 5183 Ro-

2343 5233 2522 5296 mana:
2567 5216 2819 5274 Ecclesiae
2862 5219 3300 5286 constitueretur,
3345 5220 3503 5289 eique
3552 5218 3814 5273 defuncto
3863 5222 3918 5276 in

2346 5309 2470 5363 sede
2500 5310 2773 5378 pontificia
2799 5311 3206 5382 subrogaretur.
3419 5319 3424 5324 ’

2400 5399 2736 5456 Eodcm'ﬁic
2759 5417 2888 5472 equo
2929 5400 3244 5457 Alexander
3276 5402 3485 5456 obierat
3508 5443 3522 5468 ,
3580 5400 3849 5456 nimirum
3887 5419 3916 5456 ι

2349 5489 2612 5546 Kalendas
2654 5491 2776 5547 Maii
2803 5492 3102 5560 ,-omnium
3147 5492 3504 5546 cardinalium
3545 5505 3820 5547 consensu
3864 5503 3916 5548 ct

2344 5580 2777 5650 subscriptione,
2799 5582 3076 5649 totiusque
3109 5581 3292 5650 populi
3317 5590 3371 5635 ct
3404 5581 3532 5634 cleri
3557 5584 3912 5650 approbatio—

2349 5684 2413 5721 ne
2442 5669 2496 5722 in
2527 5673 2833 5739 pontificem
2858 5672 3062 5726 electus
3104 5681 3186 5724 est
3227 5671 3446 5737 invitus,
3476 5687 3598 5727 cum
3633 5675 3914 5743 prmeonio

2348 5757 2607 5819 virtutum
2633 5771 2832 5834 carm,
2862 5775 2986 5830 qua:
3037 5762 3090 5815 in
3131 5763 3345 5824 decreto
3389 5764 3665 5821 electionis
3690 5805 3704 5829 ,
3751 5765 3915 5847 initia
