4098 6438
752 545 849 602 18⁸1

1915 547 1972 601 S.
2023 543 2431 615 GRIZGORIL’S.
2466 543 2551 598 VII
2591 545 2785 600 ΡΑΡΑ.

3875 545 3957 602 I88

741 668 1003 723 tt:a:tt::tt.,
1045 667 1098 712 ct
1141 667 1249 711 tam
1288 659 1523 712 immane
1567 659 1744 713 sec-fus
1787 659 1977 713 ulcisci
2022 646 2271 730 paratum
2299 699 2312 722 ,
2344 659 2388 714 Δ
2414 659 2594 726 erepit,
2619 674 2802 728 quem,
2836 657 2939 713 sibi
2967 671 3175 728 suoque
3199 673 3366 728 regno
3395 658 3613 726 timens,
3637 658 3955 714 hactenusse

739 749 1060 816 eriperetur,
1094 749 1508 818 atquepristime
1535 751 1767 804 libertati
1789 751 2177 806 restitueretur.
2207 749 2315 804 Sed

739 853 863 891 cum
893 837 1142 894 Romano
1175 840 1377 909 populo
1400 841 1611 895 vindice
1646 849 1859 895 tantum
1885 841 2064 896 scelus
2100 841 2313 895 irritum

739 929 1004 999 redditum
1033 941 1198 994 esset,
1238 932 1391 985 .itlem
1421 914 1713 1006 Guibertus
1755 943 1974 1002 accepta
2013 948 2041 986 a
2074 947 2210 1002 papa
2244 930 2312 985 li-

736 1020 916 1074 centia
949 1020 1259 1076 Ravennam
1287 1039 1345 1081 se
1370 1007 1619 1090 contulit,
1641 1025 1825 1093 ibique
1855 1024 2314 1093 conspirationem

737 1107 1016 1164 rebellium
1039 1113 1417 1182 episcoporum
1449 1115 1926 1184 Langobardorum
1973 1116 2314 1180 machinatus

738 1197 859 1261 fuit.
892 1198 1154 1256 llenricus
1187 1204 1380 1257 timore
1406 1203 1683 1260 Saxooum
1736 1207 1951 1260 solutus
1992 1207 2314 1276 contempsit

735 1287 959 1358 implere
989 1307 1051 1345 ea
1079 1308 1199 1362 qum
1232 1295 1544 1362 apostolica:
1598 1297 1744 1351 sedis
1801 1297 1989 1366 legatis
2023 1305 2147 1351 ante
2182 1312 2310 1366 pro-

735 1381 998 1445 miserat,
1026 1392 1188 1452 atque
1229 1387 1730 1441 cxcommunicatos
1764 1403 1794 1441 a
1831 1387 2082 1456 pontifice
2113 1388 2314 1456 recepit

733 1481 784 1524 et
820 1471 968 1525 fovit.
1000 1472 1170 1539 Quem
1194 1486 1564 1545 contemptum
1601 1495 1723 1532 cum
1760 1477 1999 1548 pontifex
2044 1495 2150 1533 non
2186 1474 2310 1534 diu-

731 1562 939 1617 tittstol
973 1566 1203 1618 ranlum
1238 1582 1360 1622 esse
1405 1579 1668 1636 putasset,
1714 1571 1964 1624 eumdem
2013 1586 2190 1640 regem
2242 1570 2310 1625 ad

712 1653 1012 1708 'diceuzlam
1048 1672 1270 1711 causam
1298 1674 1391 1727 per
1419 1660 1624 1729 legatos
1649 1659 1875 1714 Romam
1914 1661 2100 1714 citavit
2123 1661 2188 1717 a.l
2217 1677 2309 1732 sy-

731 1759 802 1796 na
825 1745 933 1798 lum
968 1747 1214 1814 proxima
1239 1750 1656 1820 qua'lz'agesima
1709 1752 2163 1822 congregaudam.
2203 1750 2312 1805 Ex-

729 1837 873 1904 cepit
923 1837 1010 1890 iil:
1063 1839 1408 1908 legationem,
1446 1844 1538 1899 sed
1582 1859 1776 1913 magna
1827 1859 1952 1898 cum
1984 1845 2309 1898 contumelia

730 1926 1002 1995 pontiltcis
1048 1929 1263 2011 eosdem
1301 1942 1490 2001 postea
1530 1934 1746 2002 abjecit,
1794 1934 2104 2005 indictoque
2143 1935 2308 1989 Wor-

730 2017 979 2073 matiensi
999 2006 1373 2076 conventiculo
1404 2025 1708 2090 pontiﬁcem
1738 2023 2016 2078 absentem
2043 2026 2107 2080 de
2128 2026 2308 2084 critni-
2339 2005 2379 2059 Β

729 2107 890 2162 nibus
927 2109 1152 2180 objectis
1178 2113 1595 2168 condemnatam
1620 2132 1715 2185 per
1736 2120 2060 2172 sentmtiam
2086 2117 2302 2186 deponi,

725 2213 956 2268 ca'nque
981 2202 1085 2270 ipsi
1121 2202 1384 2258 insinuari
1422 2207 1649 2260 curavit.
1679 2206 1894 2277 Legatis
1935 2208 2161 2264 Romam
2215 2223 2302 2262 re—

727 2292 919 2355 \‘el‘siS,
960 2292 1142 2348 habita
1176 2304 1258 2349 est
1290 2297 1552 2366 postridie
1604 2300 1864 2368 synolus,
1914 2302 1969 2356 ia
2019 2319 2126 2372 qua
2174 2301 2306 2355 dum

728 2380 804 2435 illi
839 2383 1068 2450 injurias
1121 2387 1223 2440 sibi
1275 2388 1544 2456 irrogatas
1579 2393 1910 2459 retulissent,
1947 2395 2242 2464 littermque
2273 2407 2305 2445 a

727 2488 851 2539 rege
877 2475 1059 2530 missa:
1090 2471 1326 2533 reci-tate
1361 2478 1632 2545 fuissent,
1661 2499 1766 2538 una
1793 2503 1917 2541 cum
1951 2505 2075 2556 rege
2104 2486 2304 2542 IIem-i-

729 2581 795 2616 co
832 2565 1135 2631 Sigclrilus
1170 2568 1516 2639 lloguntinm,
1559 2573 1884 2634 “'illiclmus
1917 2579 2303 2649 Trajectensis,

726 2665 776 2709 et
815 2656 1085 2713 Robcrtus
1116 2659 1550 2742 _Bambergensis
1601 2664 1854 2724 Ecelrsia:
1911 2673 2305 2742 arcliicpiscolai

722 2750 1180 2804 evcatnmunicati
1209 2749 1446 2808 fuerunt.
1478 2754 1666 2810 Latazn
1701 2763 2025 2816 sententiam
2062 2765 2303 2833 pontifex

725 2842 978 2894 onuibus
1027 2843 1648 2913 sublitisajura-nenta
1705 2851 1982 2908 tilelitatis
2035 2857 2305 2913 absolutis

727 2931 1016 2994 imiznavit,
1068 2949 1299 3004 eantque
1361 2935 1503 2991 Deus
1551 2950 1741 2994 contra
1801 2949 2306 3004 excozmnuuicatos

727 3021 941 3077 Ilent'ici
968 3023 1210 3080 fa'ltorcs
1238 3028 1522 3099 episcogias
1564 3032 1869 3088 interventu
1897 3040 2090 3091 mortis
2127 3043 2304 3108 pessi-

725 3129 826 3168 me
859 3125 1148 3169 exsecutus
1199 3117 1317 3172 fuit.
1357 3119 1600 3174 Saxones
1633 3139 1661 3176 a
1705 3141 1827 3195 rege
1873 3127 2220 3196 defecerunt,
2253 3141 2307 3187 et

723 3220 752 3257 a
775 3205 984 3260 lversus
1007 3223 1129 3261 eum
1155 3208 1496 3266 formidanda
1527 3225 1788 3284 apparatu
1839 3220 2023 3285 pz';el°.o
2062 3221 2305 3278 insurre-

724 3307 939 3350 xerunt.
981 3295 1429 3356 Similiterctiazu
1474 3305 1744 3373 principes
1773 3307 2077 3365 Germaniae
2125 3313 2300 3381 majo-
2329 3341 2371 3401 ρ

722 3402 811 3440 res
841 3388 1105 3458 episr-Opi,
1129 3390 1429 3462 omnesque
1464 3393 1662 3458 tiJeI-es,
1699 3413 1858 3467 quos,
1891 3399 2020 3454 dusn
2057 3403 2298 3472 pontifex

724 3490 914 3547 rogatu
961 3479 1253 3537 Ilermanni
1299 3483 1554 3540 )Ietcnsis
1588 3487 1826 3556 episcopi
1874 3495 2302 3550 commonuissct

723 3578 784 3623 ut
828 3586 1005 3640 regem
1043 3573 1110 3626 al
1166 3576 1542 3643 pzeuitentiatn
1602 3578 1976 3651 hortarentur,
2035 3584 2300 3644 Triburize

720 3671 1048 3718 conventum
1117 3665 1467 3739 indixerunt;
1502 3669 1556 3722 in
1607 3686 1738 3740 quo,
1763 3672 1892 3726 dum
1930 3676 1997 3729 de
2031 3679 2138 3732 alio
2174 3695 2299 3750 rege

721 3752 1025 3809 Germanic
1071 3758 1318 3828 eligendo
1342 3770 1613 3830 ageretur,
1659 3761 1924 3819 Henricus
1959 3783 2054 3837 per
2093 3769 2298 3840 legatos

719 3859 908 3914 pacem
943 3849 1151 3918 rogavit
1181 3860 1233 3904 et
1270 3853 1700 3930 emendationem
1753 3871 1966 3911 morum
2007 3863 2294 3929 promisit:

719 3937 1008 4007 aliquoties
1040 3942 1314 4009 repulsam
1345 3960 1561 4012 passus,
1601 3945 1704 3999 hac
1743 3949 1957 4004 tandem
1993 3951 2108 4021 lege
2145 3970 2297 4010 rece-

717 4037 844 4096 ptus
865 4039 968 4094 est,
1003 4033 1339 4095 ut,dimissis
1376 4038 1870 4097 excommunicatis
1901 4057 2040 4109 quos
2058 4042 2294 4112 fovebat,

720 4117 967 4174 Romano
1001 4125 1243 4192 pontiﬁci
1269 4143 1326 4181 se
1353 4129 1714 4194 submitteret,
1766 4147 1932 4201 seque
1963 4150 2058 4204 per
2092 4135 2296 4193 Roma-'-

719 4226 848 4264 num
895 4213 1202 4281 pontiﬁcem
1251 4233 1278 4270 a
1315 4219 1532 4272 vinculo
1582 4211 2160 4284 excommunicationis
2197 4232 2295 4285 ab-

718 4302 854 4357 soivi
873 4317 1206 4372 procuraret.
1243 4307 1427 4363 Paruit
1463 4327 1576 4376 rex,
1627 4314 1960 4385 veniensque
1999 4319 2052 4372 in
2085 4319 2295 4376 Italiam

717 4407 747 4445 a
779 4394 1025 4460 pmtizice
1055 4397 1448 4455 absolutionem
1468 4403 1721 4460 obtinuit.
1757 4405 1957 4464 Verum
2018 4412 2295 4469 schisma-

720 4483 951 4538 ticorum
988 4497 1040 4540 et
1084 4491 1600 4548 concubinarimu'n
1632 4497 2014 4566 episcoporum
2066 4504 2295 4576 instiga-

717 4574 866 4628 tione
895 4577 1092 4630 acei'lit
1121 4588 1180 4632 ut
1212 4582 1298 4634 vix
1327 4583 1379 4636 in
1404 4583 1752 4642 Germaniam
1788 4605 2060 4658 reversus,
2096 4574 2292 4649 iterum

717 4663 771 4718 in
805 4666 1029 4734 pristina
1063 4669 1412 4727 relaberetur.
1443 4674 1576 4730 Nam
1623 4694 1747 4733 cum
1773 4679 2035 4738 Guiberto
2062 4685 2292 4756 aliisque
2326 4683 2369 4736 D

716 4756 1040 4822 quibuslam
1066 4761 1352 4819 rebellibus
1387 4781 1581 4820 novam
1635 4771 2068 4838 coniurationem
2098 4777 2290 4832 adver-

718 4860 813 4900 sus
869 4849 1178 4915 pontificem
1227 4853 1590 4912 notissimam
1633 4863 1923 4916 contraxit.
1963 4863 2118 4930 Quo]
2159 4868 2288 4922 dum

717 4939 989 5022 pri’acip-rs
1016 4941 1317 5024 Germania:
1353 4951 1732 5018 cognovissent
1761 4995 1774 5016 ,
1811 4954 2119 5010 inconsulto
2160 4957 2292 5012 Gre-

717 5029 872 5095 gorio
913 5030 1277 5104 Itudolpbum,
1319 5038 1527 5094 Suevia‘
1563 5043 1776 5107 ducem,
1811 5045 1864 5098 in
1896 5061 2072 5116 regem
2114 5049 2290 5119 elege-

719 5129 869 5183 runt,
897 5122 1230 5195 ductumque
1250 5129 1581 5201 )loguntiam
1606 5148 1634 5185 a
1673 5132 1940 5202 Sigel'rido
1979 5142 2291 5194 consecrari

717 5222 1002 5298 curarunt.
1039 5213 1116 5270 Ile
1140 5216 1330 5274 bellica
1351 5234 1540 5277 contra
1574 5223 1916 5294 Rudolplium
1961 5238 2213 5298 suscrpta
2239 5240 2293 5285 et

718 5296 951 5358 feliciter
974 5313 1126 5377 gesta
1146 5304 1324 5367 factus
1348 5312 1560 5381 elatior,
1589 5313 1908 5386 Gregorium
1944 5296 2292 5376 contemnere

2415 749 2590 803 colere
2633 749 2982 820 etobscquiis
3027 747 3370 820 frequentare
3421 749 3717 804 simulavit.
3775 747 3886 815 Qua
3903 747 3956 803 de

2413 857 2577 896 causa
2607 845 2800 895 iterum
2829 840 3014 895 Romae
3038 840 3282 910 synodali
3313 855 3585 896 consensu
3606 840 3954 896 excommuni~

2413 943 2588 996 catus,
2633 947 2818 1003 regno,
2864 931 3009 1002 quod
3044 930 3333 1000 Rudolplio
3360 933 3612 986 collatuin
3664 932 3788 995 fuit,
3819 932 3956 1002 digne

2412 1025 2610 1094 privari
2647 1023 2962 1092 promeruit.
2992 1021 3083 1076 Ille
3111 1037 3258 1085 vero,
3288 1023 3473 1076 habito
3504 1039 3630 1078 cum
3663 1024 3954 1078 sc-iiismati-
4039 1011 4041 1020 ¹

2411 1115 2491 1170 eis
2545 1113 2903 1170 conciliabula
2944 1111 3213 1168 Brixicnsi
3247 1111 3600 1185 [Brixincnsi]
3627 1155 3642 1180 ,
3693 1115 3746 1168 in
3782 1115 3955 1168 absen-

2413 1215 2518 1260 tem
2549 1206 2902 1275 depositionis
2931 1204 3254 1258 sententiam
3293 1203 3442 1271 ferri,
3471 1205 3630 1274 eique
3655 1203 3953 1259 Guibertum

2410 1297 2721 1352 scbismatis
2775 1305 3094 1359 auctorem,
3149 1310 3289 1366 saepe
3338 1296 3866 1349 exeonuntmieatum
3913 1304 3958 1349 et

2409 1386 2812 1458 depositum,‘-in
2836 1386 3151 1455 pontiﬁcatu
3174 1385 3460 1455 subrogari
3482 1385 3775 1439 mandavit.
3805 1384 3956 1439 Cuiu-

2408 1495 2514 1551 que
2548 1479 2752 1533 interea
2787 1476 3106 1552 Rudolpbus
3148 1491 3240 1529 rex
3282 1475 3527 1540 obiissct,
3563 1475 3791 1546 ejusque
3846 1491 3958 1533 nece

2407 1586 2496 1625 res
2524 1568 2827 1624 Germanize
2854 1570 2908 1622 in
2953 1569 3150 1622 tutiore
3195 1575 3338 1622 statu
3375 1567 3652 1622 collocatae
3684 1575 3882 1631 essent,
3912 1569 3957 1622 ia

2408 1659 2614 1716 Italiam
2655 1662 2864 1730 paravit
2903 1659 3237 1724 adventum,
3273 1666 3333 1712 ut
3375 1657 3694 1727 Gregorium
3739 1675 3921 1730 papam
3944 1701 3959 1728 ,

2408 1767 2567 1821 quem
2595 1752 2700 1807 sibi
2736 1751 3169 1805 infensissimum
3206 1749 3453 1820 putabat,
3479 1765 3510 1805 e
3538 1749 3665 1804 sede
3708 1749 3856 1806 Petri
3881 1752 3961 1807 de-

2407 1852 2650 1912 poneret,
2674 1843 2898 1913 ejusque
2928 1842 3297 1896 azlvcrsarium
3322 1839 3640 1896 Guibertmn
3668 1843 3958 1912 antipapam

2409 1935 2462 1988 in
2484 1949 2547 1988 ea
2595 1934 2904 1989 collocaret.
2957 1931 3204 2001 Cumque
3257 1932 3444 1985 urbem
3494 1931 3791 1987 Leoniuam
3836 1933 3962 1988 binis

2406 2026 2612 2080 vicibus
2644 2023 2845 2079 frustra
2881 2031 3140 2078 tcntatam
3171 2031 3225 2077 et
3250 2022 3528 2078 obsessam
3546 2033 3668 2093 post
3701 2023 3959 2078 biennium

2406 2131 2518 2170 sua:
2550 2116 2946 2185 persecutionis
2975 2123 3361 2185 expugnasset,
3416 2113 3735 2170 Guibertum
3762 2114 3964 2169 Raven-

2406 2215 2583 2261 natem
2615 2206 2916 2276 perjurum,
2969 2205 3275 2275 depositum
3319 2213 3374 2261 et
3417 2205 3922 2260 anatbematizatum
3947 2246 3961 2272 ,

2405 2299 2543 2368 apud
2569 2307 2815 2353 sanctum
2832 2297 3054 2352 Petrum
3081 2313 3175 2366 per
3197 2296 3554 2352 Mutinensem
3581 2305 3636 2352 et
3665 2298 3964 2353 Ariminen-

2405 2405 2517 2445 sem
2545 2373 2828 2460 episeOpos
2849 2390 2962 2460 jam
2995 2389 3183 2443 multis
3232 2397 3357 2443 ante
3413 2389 3573 2442 annis
3613 2389 3892 2458 depositos
3915 2398 3963 2442 et

2403 2481 2901 2536 cxcommunicatos
2951 2478 3352 2542 intlironizavit,
3390 2478 3549 2548 eique
3575 2478 3871 2533 Clementis
3903 2476 3962 2530 111

2407 2587 2603 2626 nomen
2645 2565 2922 2642 imposuit.
2977 2570 3153 2640 Ipsam
3197 2585 3326 2625 vero
3365 2569 3598 2624 Romam
3617 2570 3804 2639 ejusve
3833 2571 3962 2625 cives

2405 2677 2514 2714 non
2551 2662 2653 2714 nisi
2685 2677 2780 2730 per
2820 2660 3140 2714 triennalcm
3187 2658 3524 2714 obsidionem
3571 2673 3709 2713 auro
3758 2658 3961 2712 tandem

2403 2761 2457 2807 ct
2497 2753 2720 2824 pecunia
2743 2751 3090 2822 expugnavit,
3117 2765 3279 2819 quam
3305 2750 3474 2804 armis
3496 2741 3716 2804 vincere
3743 2764 3850 2804 non
3874 2764 3962 2818 po-

2406 2851 2562 2894 terat.
2591 2840 2882 2909 Gregorius
2913 2855 3048 2909 papa
3079 2856 3202 2894 cura
3260 2839 3450 2908 paucis
3481 2839 3756 2893 nobilibus
3796 2839 3849 2893 in
3881 2852 3962 2892 ca-

2406 2929 2617 2982 stellum
2647 2928 2831 2982 Sancti
2857 2927 3042 2997 Angcli
3071 2943 3130 2980 se
3166 2927 3405 2995 recepit:
3456 2926 3661 2980 interea
3715 2941 3960 2981 comitare.

2407 3019 2635 3086 imperii,
2661 3032 2824 3087 quam
2860 3015 3155 3086 Gregorius
3184 3000 3533 3069 scliism'atico
3571 3021 3626 3067 et
3654 3029 3959 3068 excommu-

2405 3107 2588 3160 nicato
2621 3106 2933 3176 imperatori
2968 3105 3195 3158 solemni
3230 3103 3339 3156 ritu
3391 3100 3640 3158 conferre
3690 3117 3863 3172 usque
3901 3101 3960 3156 ad

2406 3197 2722 3265 sanguinem
2749 3203 3110 3257 recusaverat,
3135 3193 3384 3248 Clemens
3406 3193 3657 3263 antipapa
3685 3193 3796 3263 regi
3818 3191 3960 3260 schi-

2407 3287 2634 3340 smasico
2658 3284 2904 3354 imponit,
2928 3293 2980 3338 et
3006 3282 3592 3353 pseudoimperatorem
3625 3281 3958 3354 pscudopon-

2404 3377 2529 3430 til‘ex
2557 3367 2856 3432 constituit.
2893 3375 3140 3445 Cumque
3170 3375 3223 3428 in
3247 3373 3514 3428 Aventino
3547 3383 3732 3429 monte
3753 3390 3814 3428 so
3834 3389 3958 3428 con-

2402 3469 2617 3529 tineret,
2649 3467 2909 3534 urbisque
2931 3465 3270 3519 obsidionem
3314 3463 3587 3519 indefessi)
3617 3464 3801 3518 studio
3840 3476 3960 3532 pro-

2401 3567 2738 3629 sequentur,
2783 3557 3076 3626 Gregorius
3107 3572 3137 3610 a
3181 3553 3417 3610 Roberto
3467 3553 3958 3610 Nortlimannontm
4040 3617 4041 3624 η

2399 3649 2535 3704 duce
2561 3649 2862 3703 subsidium
2887 3688 2900 3712 ,
2926 3647 3071 3716 quod
3121 3645 3381 3701 Romana:
3409 3645 3665 3702 Ecclesiae
3693 3662 3788 3717 per
3813 3645 3960 3715 jura-
4040 3635 4041 3640 “

2399 3749 2639 3793 ruentum
2685 3739 3023 3807 promiserat,
3068 3736 3394 3805 imploravit.
3429 3734 3533 3801 Qui
3582 3736 3766 3789 statim
3812 3733 3957 3787 novis

2398 3830 2567 3899 c0piis
2589 3828 2928 3900 congregatis
2955 3827 3008 3880 in
3033 3825 3240 3880 Italiam
3265 3825 3526 3880 advolans
3567 3822 3858 3879 Henricum
3882 3821 3958 3876 Inc

2397 3904 2562 3992 gavit,
2586 3923 2868 3991 ipsumque
2890 3919 3195 3990 pontiﬁcem
3223 3918 3532 3974 felicissime
3554 3917 3821 3984 liberavit,
3849 3931 3957 3970 om-

2377 4030 2601 4085 ,nesque
2643 4012 3170 4083 pseudocardinales,
3219 4026 3359 4080 quos
3399 4008 3692 4063 Guibertus
3727 4007 3956 4077 pseudo-

2397 4102 2635 4173 poutil‘ex
2664 4107 2970 4164 creaverat,
3003 4099 3086 4168 vel
3118 4098 3308 4153 saltem
3329 4113 3360 4150 a
3395 4111 3524 4151 vero
3557 4094 3812 4165 pontiﬁce
3838 4093 3956 4147 abs-
4040 4143 4041 4152 ι

2398 4201 2655 4255 traxerat,
2691 4192 2824 4244 urbe
2869 4189 3094 4259 expulit.
3123 4186 3332 4254 Quibus
3364 4185 3606 4256 expulsis
3631 4225 3646 4251 ,
3675 4182 3956 4254 Gregorius
4040 4193 4041 4198 ‘

2396 4281 2685 4337 concilium
2710 4280 2894 4333 Roma:
2915 4293 2947 4332 c
2984 4279 3279 4348 ngregavit,
3312 4289 3422 4346 quo
3449 4273 3956 4346 pseudOpoutilicc-m

2396 4389 2518 4427 cum
2543 4371 3077 4442 pseudoimperatore
3104 4365 3336 4420 IIenrico
3366 4367 3563 4419 iterum
3588 4362 3955 4418 excommuni-

2394 4466 2556 4518 cavit.
2590 4462 2783 4515 Postea
2825 4459 2894 4514 ab
2927 4459 3061 4513 urbe
3083 4456 3341 4511 recedens
3375 4453 3665 4529 Cassinum
3707 4442 3953 4514 advenit,

2395 4565 2559 4624 atque
2590 4554 2714 4606 inde
2738 4552 2804 4605 ad
2829 4550 3184 4604 dedicandam
3215 4548 3496 4603 basilicam
3529 4546 3701 4602 sancti
3727 4542 3956 4600 Mattbati

2394 4615 2620 4713 apostoli
2661 4640 2946 4696 Salernum
3000 4653 3060 4693 se
3101 4637 3373 4701 contulit,
3430 4635 3613 4705 ibique
3667 4630 3957 4704 permansit

2393 4735 2660 4806 usquead
2682 4735 2909 4798 obitum,
2941 4732 3034 4802 qui
3055 4731 3280 4801 contigit
3306 4729 3567 4800 vigesimo
3601 4735 3795 4797 quarto
3816 4725 3953 4790 Maii,

2392 4843 2536 4883 anno
2558 4827 2761 4882 Christi
2795 4823 3152 4892 redemptoris
3192 4820 3346 4885 1083,
3376 4834 3502 4875 cum
3534 4817 3762 4874 sedisset
3786 4830 3955 4871 annos
4040 4817 4041 4892 ξ

2392 4917 2704 4982 duodecim,
2734 4928 2977 4969 mensem
3014 4927 3181 4966 unum
3209 4920 3263 4964 et
3283 4911 3402 4965 dies
3428 4920 3560 4964 tres.
3586 4906 3888 4962 Sanctitate
3905 4915 3955 4958 et

2394 5005 2671 5060 miraculis
2720 5013 2844 5074 post
2874 5012 3106 5057 mortem
3169 4999 3508 5054 clarissimus
3531 5039 3547 5063 ,
3603 4996 3848 5066 sepultus
3878 5001 3955 5046 est

2395 5093 2535 5148 intra
2565 5092 2843 5149 basilicam
2889 5090 3066 5146 sancti
3102 5087 3332 5158 apostoli
3360 5095 3415 5140 et
3455 5083 3796 5156 evangelista:
3822 5080 3970 5135 alat--

2397 5184 2544 5250 tbzei,
2581 5199 2744 5254 quam
2770 5183 2932 5254 paulo
2957 5189 3082 5236 ante
3118 5179 3326 5233 obitum
3350 5176 3536 5232 divino
3567 5175 3734 5230 cultui
3764 5184 3954 5227 conse-

2395 5285 2659 5334 oraverat.
