4098 6424
779 521 876 578 i9!

1955 519 2014 574 S.
2051 519 2443 576 GREGORIUS
2479 519 2566 572 V'll
2601 519 2794 574 PAPA.

3911 103 3917 110 '
3927 107 4048 272 vv?

4005 151 4020 162 .

4005 151 4020 162 α

3857 517 3958 572 Ιῢῖ

842 635 1118 700 Memento,
1171 634 1343 704 inquit
1395 633 1451 688 S.
1511 633 1844 704 Augustinus
1892 632 1985 687 lib.
2043 650 2081 688 ιι
2123 633 2322 708 Contra
2354 636 2398 690 Α
2425 643 2533 685 tum
2579 632 2748 685 orbem
2781 631 3118 684 inveniremus
3152 627 3406 696 exempla,
3429 630 3473 681 si
3509 629 3680 681 omnia
3704 630 3880 693 scribi,
3911 638 3959 682 et

770 712 1123 789 Petilianum,
1167 739 1284 792 cap.
1328 721 1396 778 67
1439 732 1492 777 et
1528 717 1618 789 Gl,
1664 721 2004 778 sacramentis
2037 722 2113 775 nil
2151 723 2322 775 obesse

773 829 936 872 mores
972 813 1230 866 malorum
1269 811 1555 876 hominum,
1591 827 1690 881 quo
1733 810 1828 864 illa
1858 812 1937 865 vel
1977 812 2185 865 omnino
2211 826 2323 876 ,non

772 901 914 966 sint,
948 899 1025 953 cel
1059 900 1226 952 minus
1257 908 1440 952 sancta
1475 899 1613 965 sint,
1667 898 1757 952 sed
1799 900 1927 968 ipsis
1958 899 2112 952 malis
2148 898 2319 951 homi-

773 991 943 1056 nibus,
981 1001 1036 1044 ut
1050 991 1157 1044 hac
1191 991 1412 1044 habeant
1447 989 1516 1043 ad
1555 990 1903 1043 testimonium
1936 989 2319 1054 damnationis,

773 1097 875 1135 non
908 1082 975 1134 ad
1002 1081 1323 1150 adjutorium
1345 1081 1610 1134 sanitatis.
1639 1079 1776 1133 Hinc
1797 1088 2004 1150 propter
2024 1078 2325 1144 Pharisceos

771 1173 1103 1229 facinorosos
1144 1181 1197 1228 et
1221 1173 1512 1242 improbos,
1549 1187 1651 1225 non
1678 1172 1920 1241 praecepit
1952 1169 2203 1223 Dominus
2229 1169 2322 1222 de-

771 1266 876 1320 seri
909 1265 1208 1318 cathedram
1236 1263 1426 1334 Moysi,
1452 1265 1507 1317 in
1529 1279 1630 1334 qua
1657 1263 1832 1332 utique
1853 1253 2114 1331 ﬁgurabat
2137 1275 2285 1313 suam
2301 1275 2321 1324 ;

772 1354 945 1407 dicens
992 1353 1174 1423 quippe
1205 1352 1326 1406 illos
1360 1368 1512 1422 super
1553 1351 1851 1404 cathedram
1896 1349 2064 1418 Moysi
2093 1348 2321 1402 sedentes

773 1441 941 1496 dicere
987 1450 1034 1495 et
1070 1457 1170 1494 non
1223 1441 1425 1510 facere;
1473 1427 1642 1493 monet
1681 1447 1853 1492 tamen
1894 1435 2109 1507 populos
2155 1437 2324 1505 facere

771 1549 887 1602 qua
935 1533 1114 1586 dicunt
1157 1542 1206 1586 et
1233 1548 1334 1585 non
1370 1531 1538 1600 facere
1562 1545 1676 1601 qua:
1706 1529 1949 1598 faciunt:
1975 1544 2036 1581 ne
2065 1528 2322 1582 cathedra:

770 1625 1024 1678 sanctitas
1054 1622 1341 1686 deseratur,
1373 1629 1419 1674 et
1456 1630 1663 1690 propter
1687 1628 1916 1688 pastores
1947 1617 2130 1682 malos,
2156 1617 2321 1686 gregis

769 1715 944 1767 unitas
971 1712 1255 1765 dividatur.
1289 1710 1593 1764 Praesertim
1624 1725 1747 1765 cum
1787 1723 1852 1762 ex
1877 1715 1956 1762 tot
1982 1706 2322 1777 pontiﬁcibus

770 1800 1124 1872 paucissimos
1159 1798 1372 1854 sectarii
1403 1798 1717 1867 designent,
1769 1796 1967 1866 quibus
2002 1794 2320 1848 nominatim

771 1892 973 1948 scelera
1004 1900 1057 1944 et
1079 1889 1275 1960 ﬂagitia
1295 1889 1581 1960 objectent,
1614 1889 1772 1958 idque
1795 1903 1902 1942 non
1921 1903 1985 1943 cx
2012 1887 2173 1942 certis
2197 1901 2322 1955 pro-

672 2013 676 2020 α
768 1981 1014 2050 batisque
1040 1980 1265 2051 testibus
1292 1988 1344 2033 et
1382 1979 1712 2042 auctoribus,
1745 1977 1838 2033 sed
1873 1994 1937 2032 ex
1969 1978 2092 2042 illis,
2119 1977 2314 2046 quibus

768 2072 966 2127 veritas
999 2071 1052 2124 in
1085 2070 1372 2140 postremis
1417 2078 1563 2135 erat;
1608 2068 1782 2138 qualis
1833 2077 2017 2121 nostra
2043 2075 2198 2121 aetate
2225 2080 2313 2120 se-

759 2162 926 2243 gtarii
954 2161 1027 2214 illi
1057 2159 1420 2229 potissimum,
1441 2159 1532 2229 qui
1564 2174 1650 2214 res
1666 2167 1842 2229 gestas
1864 2157 2174 2228 pontiﬁcum
2198 2171 2316 2211 sese

768 2236 959 2306 litteris
980 2251 1353 2306 commendare
1372 2248 1596 2319 professi
1621 2257 1764 2311 sunt,
1789 2248 1926 2302 inter
1954 2263 2090 2316 quos
2109 2246 2315 2302 Balteus

769 2341 976 2408 Latine,
1008 2348 1061 2396 et
1079 2340 1332 2410 Nigrinus
1358 2339 1672 2404 Germanice
1699 2338 1812 2393 suis
1841 2338 1895 2392 in
1919 2337 2171 2406 operibus
2193 2337 2314 2406 plu-

768 2447 855 2486 res
893 2430 1332 2485 mendacissimas
1367 2429 1573 2482 fabulas
1597 2427 1666 2481 de
1714 2426 2056 2496 pontiﬁcibus
2103 2426 2312 2480 conﬁn-

769 2530 980 2585 xerunt,
1014 2513 1095 2574 vel
1134 2535 1165 2573 a
1211 2519 1293 2573 sui
1339 2519 1605 2574 similibus
1653 2517 2016 2581 ardelionibus
2060 2516 2314 2570 conﬁctas

768 2611 970 2666 chartis
1011 2611 1370 2676 intexuerunt,
1405 2620 1459 2664 et
1495 2611 1560 2665 ad
1607 2618 1852 2679 posteros
1887 2624 2015 2663 suos
2060 2608 2315 2665 transmi-

768 2710 974 2772 serunt,
1002 2715 1162 2770 quam
1188 2709 1370 2764 noctu,
1397 2717 1517 2755 cum
1544 2701 1736 2756 sudum
1773 2709 1874 2762 est,
1899 2699 2064 2754 stellae
2100 2699 2156 2753 in
2178 2698 2314 2755 coelo

769 2773 1011 2854 luceant;
1049 2789 1243 2857 quibus
1277 2789 1612 2842 contumeliis
1645 2797 1701 2842 et
1725 2786 2188 2842 criminationibus
2215 2787 2315 2840 im-

771 2876 938 2946 pulsa:
963 2885 1018 2931 et
1054 2877 1319 2931 ventilata:
1351 2877 1496 2931 leves
1530 2878 1692 2946 palea
1717 2886 1865 2931 extra
1911 2893 2090 2932 aream
2125 2876 2311 2932 Domi-

769 2966 943 3020 nicam
994 2965 1208 3018 evolant
1250 2973 1305 3018 et
1355 2966 1601 3032 avolant;
1657 2981 1765 3020 non
1809 2965 1935 3020 item
1967 2967 2035 3032 ii,
2083 2981 2313 3036 quorum

767 3057 926 3126 pedes
958 3072 1115 3125 supra
1140 3067 1337 3125 petram
1361 3057 1544 3110 statuti
1567 3064 1620 3110 et
1656 3057 1852 3111 ﬁrmati
1884 3066 2029 3124 sunt,
2059 3073 2179 3127 qua:
2210 3057 2314 3112 cri-

769 3139 911 3196 mina
929 3151 983 3196 et
1009 3143 1231 3209 scelera,
1249 3143 1292 3198 si
1310 3144 1471 3198 etiam
1491 3161 1606 3197 vera
1622 3153 1671 3197 et
1701 3147 1978 3213 prtesentia
2007 3146 2311 3211 videremus,

771 3231 944 3301 inquit
967 3230 1023 3286 S.
1049 3232 1399 3302 Augustinus,
1423 3234 1578 3304 epist.
1604 3233 1725 3299 162,
1749 3234 1814 3288 ad
1836 3236 2115 3304 episcOpos
2138 3235 2315 3290 Dona-

2420 722 2479 773 in
2499 721 2862 774 auctoritatem
2909 720 3072 789 redigi
3107 719 3388 787 potuissent
3419 733 3436 770 :
3469 727 3637 770 tannn
3681 718 3790 771 [nec
3825 718 3959 786 ipsa,

2419 825 2533 878 qua:
2567 809 2830 875 habemus,
2886 808 3155 864 advertite.
3198 807 3403 860 Tolerat
3441 805 3829 875 ipse-Dominus
3856 805 3958 858 Ju-

2419 897 2562 963 dam,
2591 896 2876 964 diabolum,
2903 897 3069 966 furem
3092 905 3141 952 et
3163 897 3474 967 venditorem
3500 914 3648 950 suum
3679 913 3695 950 :
3732 899 3855 949 sinit
3881 913 3962 949 ac-

2420 989 2587 1055 cipere
2616 988 2752 1040 inter
2783 989 3072 1042 innocentes
3113 987 3421 1056 discipulos,
3463 988 3598 1057 quod
3642 987 3819 1055 ﬁdeles
3873 1003 3960 1039 no-

2419 1087 2617 1144 verunt,
2663 1081 2883 1148 pretium
2906 1089 3157 1133 nostrum.
3196 1079 3434 1132 Tolerant
3489 1079 3708 1147 apostoli
3747 1080 3964 1148 pseudo-

2421 1167 2701 1237 apostolos,
2723 1177 2770 1222 et
2802 1169 2936 1222 inter
2965 1185 3060 1222 sua
3086 1177 3367 1238 quwrentes
3395 1185 3492 1226 non
3523 1185 3638 1239 qua:
3656 1167 3782 1221 Jesu
3813 1168 3963 1224 Chri-

2420 1258 2522 1322 sti;
2557 1256 2778 1322 Patlus,
2806 1275 2903 1310 non
2939 1274 3034 1312 sua
3061 1275 3314 1328 quaerens,
3345 1258 3432 1311 sed
3453 1275 3566 1328 qua:
3596 1257 3721 1312 Iesu
3745 1257 3958 1326 Christi,

2421 1361 2538 1398 cum
2583 1345 2959 1416 glorioSissiina
2997 1347 3272 1399 tolerantia
3303 1355 3652 1406 conversatur.
3693 1345 3816 1401 llaec
3841 1344 3960 1417 pul-

2422 1436 2684 1490 cherrime
2715 1434 2771 1488 S.
2798 1436 3148 1506 Augustinus.
3195 1450 3202 1456 ‘

2493 1525 2550 1579 Si
2573 1541 2699 1595 ergo
2730 1525 2950 1580 unitatis
2979 1536 3033 1580 et
3087 1527 3385 1581 concordia:
3412 1528 3601 1598 gratia,
3637 1537 3694 1582 ut
3728 1530 3960 1585 schissu

2423 1616 2636 1680 vitetur,
2681 1615 2833 1669 mal-se
2876 1631 3002 1669 ovcs
3029 1603 3244 1668 tolerari
3273 1617 3496 1681 debent,
3548 1627 3751 1686 quanto
3797 1610 3962 1690 magis

2423 1719 2545 1757 eum
2572 1704 2640 1757 ob
2689 1703 2848 1758 ﬁnem
2879 1702 3018 1758 ferre
3059 1705 3324 1773 oportebit
3352 1706 3550 1759 malum
3583 1715 3877 1775 pastorem,
3917 1706 3960 1761 si

2422 1792 2634 1861 quando
2668 1792 2938 1862 obtingat?

2489 1882 2596 1938 Nec
2625 1885 2800 1938 verbis
2819 1893 2872 1938 et
2904 1885 3055 1940 libris
3089 1885 3260 1939 solum
3287 1885 3720 1954 iujuriosissimis
3757 1896 3812 1940 et
3838 1901 3964 1941 con-

2347 1961 2387 2016 Β
2416 1974 2865 2029 tumeliosissimis
2928 1975 2980 2027 in
3040 1974 3315 2043 pontiﬁces
3374 1974 3647 2029 Romanos
3729 1977 3960 2032 lucretici

2415 2065 2728 2130 desaeviunt,
2774 2066 2864 2119 scd
2907 2072 2959 2119 et
3007 2066 3330 2134 sculpturis,
3396 2068 3682 2131 czelaturis,
3725 2068 3988 2132 statuis,‘

2416 2152 2756 2223 imaginibus,
2785 2154 3008 2224 picturis
3045 2155 3389 2224 turpissimis,
3425 2165 3478 2210 et
3502 2172 3729 2226 quarunt
3757 2157 3964 2225 aliquas

2417 2245 2596 2298 nullus
2620 2245 2878 2298 honestus
2904 2245 3092 2299 oculus
3119 2247 3321 2316 absque
3340 2247 3535 2300 rubore
3563 2247 3744 2302 vultus
3771 2249 3960 2302 intueri

2416 2342 2593 2402 queat.
2637 2331 2899 2387 Nimirum
2947 2333 3161 2387 sectarii
3209 2342 3522 2388 mutuantur
3579 2317 3655 2389 ab
3698 2336 3959 2401 ethnicis,

2415 2423 2682 2479 haereticis
2703 2433 2756 2478 et
2783 2425 3140 2489 schismaticis
3175 2439 3280 2478 non
3319 2433 3522 2478 tantum
3545 2441 3827 2495 perversas
3846 2427 3962 2496 cpio

2415 2513 2603 2567 niones
2623 2522 2675 2567 et
2700 2514 3002 2582 perniciosa
3037 2504 3284 2583 dogmata
3307 2515 3399 2569 sed
3433 2516 3594 2568 etiam
3619 2516 3960 2583 criminandi,

2413 2613 2466 2657 et
2515 2611 2623 2657 tam
2659 2602 2882 2672 profana
2910 2619 3070 2673 quam
3093 2620 3243 2658 sacra
3269 2605 3634 2660 subsannandi
3666 2607 3958 2673 libidinem,

2413 2693 2706 2762 praesertim
2755 2694 2920 2760 illam,
2954 2710 3074 2764 qua:
3101 2693 3350 2750 Ecclesiae
3389 2697 3642 2766 prmsules
3672 2706 3724 2752 et
3746 2699 3960 2755 ordines

2414 2786 2636 2855 picturis
2655 2794 2708 2840 et
2747 2785 3071 2856 imaginibus
3133 2787 3378 2853 incessit;
3403 2787 3591 2862 idque,
3633 2797 3694 2843 ut
3733 2790 3959 2844 demon-

2413 2883 2598 2939 strem,
2624 2888 2734 2928 non
2776 2882 3010 2942 repetam
3049 2883 3281 2929 veterem
3320 2876 3470 2929 illum
3523 2876 3576 2930 in
3637 2876 3958 2932 frustrandis

2413 2962 2600 3018 bestiis
2621 2962 3010 3017 mercenarium
3035 2962 3275 3028 noxium,
3308 2963 3420 3033 qui,
3458 2973 3518 3017 ut
3542 2972 3625 3018 est
3663 2967 3806 3034 apud
3828 2966 3958 3021 Ter-

2413 3052 2693 3107 tullianum
2728 3051 2781 3105 in
2821 3051 3165 3122 Apologctico
3193 3071 3204 3105 :
3235 3051 3508 3105 Picturam
3541 3056 3811 3124 proposuit
3842 3071 3955 3110 cum

2411 3142 2668 3208 ejusmodi
2717 3143 3056 3210 inscriptione
3089 3141 3268 3195 :Deus
3303 3141 3725 3197 Christianorum
3769 3161 3957 3215 θησαυ-

2413 3231 2591 3285 chites.
2624 3231 2679 3283 Is
2706 3241 2820 3285 erat
2850 3234 3064 3285 auribus
3118 3218 3360 3298 asininis,
3392 3234 3557 3287 altero
3578 3236 3704 3303 pede
3733 3234 3955 3306 ungula-

769 3319 1059 3384 tistarum,
1090 3328 1138 3372 et
1189 3321 1410 3374 z‘izaniis
1461 3329 1668 3390 propter
1723 3322 1982 3391 frumenta
2027 3323 2310 3392 parcentes,
2340 3322 2380 3378 C
2413 3327 2494 3372 tus
2519 3361 2533 3386 ,
2560 3319 2748 3374 librum
2776 3330 3001 3392 gestans,
3030 3331 3078 3374 et
3106 3331 3307 3392 togatus
3331 3338 3349 3376 :
3370 3323 3546 3378 dicere
3574 3325 3718 3378 enim
3742 3336 3957 3395 possent

773 3425 866 3478 pro
899 3409 1098 3463 unitate
1130 3409 1484 3477 toleraremus,
1519 3428 1618 3466 non
1654 3410 1820 3465 solum
1865 3411 2010 3465 nulla
2045 3414 2315 3482 reprehen-

771 3503 932 3567 sione,
955 3503 1042 3555 sed
1067 3504 1224 3556 etiam
1256 3518 1356 3556 non
1395 3520 1557 3572 parva
1590 3503 1742 3556 laude
1777 3517 1867 3555 nos
1889 3503 2069 3572 dignos
2104 3505 2314 3569 diceret,

771 3589 1061 3659 quicunque
1085 3588 1404 3660 Scripturas
1446 3599 1653 3644 sanctas
1689 3606 1790 3644 non
1813 3591 1965 3645 corde
1988 3593 2175 3647 surdus
2215 3610 2316 3647 au-

771 3678 927 3732 diret.
967 3676 1174 3731 Tolerat
1215 3679 1390 3733 Aaron
1434 3679 1821 3732 multitudinem
1865 3680 2065 3733 idolum
2115 3683 2318 3750 exigen-

773 3777 898 3834 tem,
946 3775 994 3820 et
1038 3767 1400 3835 fabricantem,
1441 3776 1490 3820 et
1519 3769 1840 3821 adorantem.
1879 3767 2083 3823 Tolerat
2118 3770 2314 3840 Moyses

760 3859 1012 3912 adversus
1040 3858 1206 3935 Deum
1234 3867 1308 3911 tot
1343 3858 1511 3911 millia
1543 3861 1946 3926 murmurantia,
1971 3869 2018 3913 et
2047 3863 2196 3915 toties
2230 3862 2313 3932 of-

772 3947 1034 4015 fendentia
1078 3957 1316 4002 sanctum
1349 3965 1531 4001 nomen
1575 3949 1707 4018 ejus.
1743 3948 1949 4004 Tolerat
1979 3951 2148 4006 David
2175 3951 2324 4006 Sau-.

771 4036 873 4091 lem
901 4047 1275 4106 persecutorem
1305 4055 1476 4104 suum,
1521 4039 1782 4093 sceleratis
1817 4041 2044 4094 moribus
2088 4041 2314 4096 caelestia

769 4127 1103 4191 deserentem,
1139 4127 1355 4196 magicis
1390 4127 1588 4181 artibus
1614 4129 1817 4196 inferna
1840 4140 2147 4198 quaerentem
2185 4133 2317 4191 occi-

769 4231 884 4270 sum
919 4217 1167 4271 vindicat.
1197 4216 1459 4272 Christum
1487 4218 1644 4270 etiam
1671 4217 1880 4272 Domini
1909 4231 2115 4291 propter
2141 4239 2316 4276 sacra-

773 4315 1001 4360 mentum
1046 4307 1346 4362 reneranda:
1394 4309 1653 4361 unctionis
1688 4310 1931 4378 appellat.
1970 4311 2174 4378 Tolerat
2209 4311 2312 4367 Sa-

771 4395 910 4462 muel
966 4397 1215 4466 nefandos
1249 4397 1388 4466 ﬁlios
1423 4397 1543 4452 Heli
1595 4415 1950 4470 perversosque
1988 4401 2125 4468 ﬁlios
2149 4411 2310 4470 suos,

766 4501 896 4556 quos
921 4484 1161 4556 populus,
1193 4486 1316 4555 quia
1343 4487 1559 4542 tolerare
1594 4488 1779 4554 noluit,
1807 4490 1981 4544 divina
2003 4493 2314 4546 auctoritate

768 4570 1066 4642 accusatus,
1101 4577 1280 4631 diuina
1317 4578 1585 4632 severitate
1639 4590 1906 4649 corruptus
1963 4592 2057 4636 est.
2105 4577 2312 4636 Tolerat

2415 3421 2698 3468 novatores
2717 3454 2732 3478 ,
2761 3415 2959 3468 tactum
2984 3415 3085 3469 hoc
3105 3416 3331 3469 cessisse
3354 3417 3405 3468 in
3427 3415 3773 3485 ignominiam
3795 3418 3956 3487 ipsius

2414 3501 2645 3568 Christi;
2669 3503 2849 3582 quasi,
2867 3519 2987 3572 quae
3019 3505 3141 3573 ipsi,
3170 3505 3286 3572 pari
3307 3507 3690 3573 prepemodum
3720 3508 3959 3565 ludiﬁca-

2413 3591 2556 3646 tione
2583 3593 2968 3648 commiserunt
3023 3594 3076 3655 in
3121 3593 3379 3647 vicarium
3413 3603 3466 3648 et
3496 3609 3682 3650 servos
3735 3595 3953 3662 Christi,

2411 3697 2520 3735 non
2552 3683 2849 3737 redundent
2882 3684 2934 3735 in
2960 3692 3322 3752 contemptum
3349 3683 3566 3739 Christi.
3599 3687 3703 3741 Sed
3741 3697 3954 3756 prater-

2413 3769 2521 3836 ibo,
2574 3780 2634 3825 ut
2670 3773 2932 3838 dicebam,
2990 3773 3304 3828 mercenarii
3340 3774 3502 3844 bujus
3555 3775 3872 3844 nequitiam,
3901 3785 3955 3831 ut
4046 3765 4047 3810 Ῡ

2410 3878 2476 3917 ex
2506 3860 2685 3918 Niceta
2714 3863 2875 3916 vitam
2908 3862 3094 3933 lgnatii
3129 3864 3447 3932 patriarchas
3468 3862 3954 3936 Constantinopoli-

2409 3949 2521 4007 tani
2549 3953 2916 4008 conscribente
2954 3953 3169 4021 planum
3221 3951 3432 4017 faciam,
3465 3953 3600 4007 istos
3646 3955 3953 4010 verissimos

2409 4051 2462 4096 et
2495 4042 2651 4111 plane
2687 4057 2972 4111 germanos
3021 4041 3317 4096 imitatores
3365 4057 3485 4096 esse
3531 4041 3707 4096 Photii
3732 4053 3788 4097 et
3816 4043 3953 4099 Pho-

2409 4131 2678 4186 tianorum
2713 4131 3198 4196 schismaticorum,
3224 4131 3275 4184 in
3298 4131 3485 4200 primis
3518 4131 3763 4203 Gregorii
3793 4133 3950 4205 Syra-

2409 4220 2628 4288 cusani,
2680 4221 2809 4290 qui,
2867 4230 2926 4275 ut
2982 4230 3226 4276 sanctum
3290 4221 3585 4293 lgnatium,
3647 4239 3832 4280 verum
3902 4236 3953 4281 et

2408 4310 2702 4382 legitimum
2717 4311 3098 4387 patriarcbam,
3115 4311 3362 4370 omnibus
3380 4327 3603 4367 exosum
3620 4301 3952 4384 invisumque

2408 4400 2692 4454 redderent
2713 4409 2766 4455 et
2787 4401 2853 4455 de
2883 4401 3005 4454 sede
3030 4403 3394 4468 deturbarent,
3435 4402 3675 4459 inﬁnitas
3701 4406 3953 4460 adversus
4046 4399 4047 4412 ¹

2409 4490 2558 4544 illum
2579 4493 2982 4546 criminationes
2999 4493 3285 4547 commenti
3306 4501 3450 4557 sunt,
3470 4496 3774 4563 composito
3793 4496 3950 4550 etiam

2408 4580 2576 4646 libro,
2635 4595 2743 4634 non
2791 4581 2904 4635 sine
2958 4582 3360 4636 contumeliosis
3417 4583 3763 4654 imaginibus,
3793 4599 3951 4655 opera

769 4665 986 4738 denique
1008 4671 1174 4738 ipsum
1198 4669 1442 4740 populum
1464 4671 1756 4740 superbum,
1779 4680 2172 4742 contemptorem
2193 4674 2310 4730 Dei.
2347 4655 2391 4710 ί)
2416 4672 2655 4743 Gregorii
2687 4672 3008 4743 Syracusani
3048 4674 3268 4742 pictoris
3296 4682 3348 4728 et
3370 4674 3571 4730 ﬁctoris
3593 4677 3793 4748 egregii
3821 4692 3950 4732 con-

777 4755 983 4811 Tolerat
1008 4757 1208 4829 Isaias,
1241 4761 1296 4813 in
1335 4777 1471 4830 quos
1490 4771 1594 4816 tam
1622 4761 1788 4815 multa
1819 4779 1935 4816 cera
1973 4763 2193 4828 crimina
2219 4765 2311 4831 ja-

771 4850 996 4904 culatur.
1029 4848 1235 4904 Tolei'at
1264 4850 1539 4919 Ieremias,
1570 4872 1600 4907 a
1632 4856 1816 4925 quibus
1841 4864 1985 4909 tanta
2009 4854 2309 4926 perpetitur.

775 4935 982 4993 Tolerat
1012 4939 1299 4993 Zacharias
1326 4939 1620 4994 Pharisceos
1649 4952 1700 4996 et
1739 4937 1972 5011 Scribas,
2006 4945 2184 5016 quales
2218 4947 2312 5000 illo

774 5034 993 5096 tempore
1019 5029 1190 5097 fuisse
1218 5029 1490 5100 Scriptura
1533 5040 1770 5088 testatur.
1819 5031 1958 5098 Scio,
2006 5052 2084 5088 me
2123 5037 2324 5099 multos-

733 5147 739 5157 ι
771 5118 1165 5184 ρνωιεηηὶιὶεκ
1197 5133 1214 5170 :
1246 5118 1436 5187 legant,
1478 5121 1566 5191 qui
1602 5118 1807 5184 volunt;
1853 5121 2044 5192 legant,
2077 5124 2162 5192 qui
2189 5141 2311 5192 pos-

765 5214 888 5270 sunt
918 5204 1125 5276 eloquia
1159 5206 1421 5270 carlestia;
1467 5211 1720 5264 invenient
1767 5227 1940 5264 omnes
1980 5220 2186 5266 sanctos
2216 5210 2313 5266 Dei

768 5311 957 5361 servos,
981 5305 1031 5348 et
1060 5295 1254 5350 amicos
1282 5312 1479 5366 semper
1499 5293 1756 5365 habuisse,
1784 5317 1909 5370 quos
1937 5302 1991 5354 in
2011 5318 2103 5355 suo
2124 5301 2312 5372 populo

772 5381 1069 5449 tolerarent,
1105 5401 1220 5438 cum
1254 5386 1439 5456 quibus
1477 5395 1667 5452 tamen,
1707 5387 1852 5441 illius
1879 5392 2120 5458 temporis
2142 5408 2316 5445 sacra-

772 5481 942 5526 menta
967 5476 1418 5543 communicantes,
1443 5493 1547 5532 non
1567 5474 1733 5531 solum
1763 5495 1864 5532 non
1885 5481 2305 5550 inquinabantur.

769 5562 857 5618 sed
884 5563 1044 5616 etiam
1083 5563 1420 5621 laudabiliter
1469 5570 1810 5637 sustinebant,
1855 5571 2136 5636 studentes,
2175 5574 2308 5626 sicut

769 5653 844 5710 ait
869 5652 1168 5722 Apostolus,
1209 5673 1225 5706 ι
1267 5656 1741 5713 εενυατείεηίιαηνηι
1767 5660 1983 5728 spiritus
2019 5661 2073 5713 in
2105 5652 2308 5713 cincqu

768 5729 912 5807 pacis
970 5742 1178 5812 (Ephes.
1229 5745 1323 5814 Iv).
1365 5763 1383 5796 s
1422 5745 1705 5799 Attendunt
1747 5747 1905 5800 etiam
1939 5757 2053 5816 post
2097 5746 2309 5801 Domini

777 5829 1068 5901 aduentum,
1097 5835 1181 5886 ubi
1230 5837 1390 5888 multo
1419 5832 1574 5904 plura
1603 5835 1752 5904 hujus
1789 5837 2080 5891 tolerantia:
2109 5855 2200 5907 per
2226 5849 2307 5891 to-

2416 4763 2672 4827 cinnatis,
2714 4763 2780 4820 de
2811 4764 3007 4834 quibus
3037 4765 3182 4830 haec,
3211 4753 3330 4835 qua:
3349 4756 3672 4835 sequuntur,
3701 4767 3810 4838 jam
3837 4768 3947 4840 jam

2414 4849 2722 4905 nominatus
2760 4849 2974 4906 Nicetas
3003 4870 3015 4905 :
3555 4897 3561 4902 .
3844 4852 3847 4855 ’

2491 4937 2556 4992 Ut
2601 4954 2715 4991 vero
2746 4941 2909 4992 omnis
2955 4941 3223 5008 iniquitas,
3259 4957 3374 5010 qua
3403 4949 3584 4994 contra
3621 4951 3856 4996 sanctum
3877 4941 3946 4994 il-

2415 5027 2522 5081 lum
2559 5026 2825 5098 Ignatium
2867 5029 3035 5098 fuerat
3070 5039 3384 5099 perpetrata,
3427 5031 3755 5104 manifestior
3784 5030 3944 5100 ﬁeret,

2415 5117 2574 5186 Deus,
2606 5138 2624 5169 ι
2669 5120 2757 5189 qui
2790 5121 3168 5189 comprehendit
3213 5122 3467 5187 sapientes
3512 5120 3568 5173 in
3619 5120 3816 5185 astutia
3862 5135 3946 5174 eoo

2415 5225 2550 5273 rum,
2579 5218 2628 5262 et
2657 5211 2874 5264 consilia
2895 5227 3171 5278 pravorum
3199 5211 3417 5280 dissipat
3451 5209 3570 5281 (Job
3600 5226 3654 5274 ν,
3696 5209 3804 5278 13),
3827 5211 3864 5260 's
3886 5209 3946 5265 in

2414 5297 2604 5352 Basilii
2625 5300 2949 5368 imperatoris
2975 5299 3206 5351 animum
3231 5298 3504 5353 consilium
3525 5299 3734 5366 ingerit,
3748 5307 3812 5352 'ut
3830 5300 3946 5353 περ.

2415 5398 2492 5445 tat
2518 5389 2586 5443 ad
2607 5387 2874 5454 Photium,
2904 5399 2949 5442 et
2975 5389 3146 5442 omnia
3178 5390 3392 5456 scripta,
3424 5402 3538 5456 qua:
3568 5403 3600 5438 a
3626 5386 3940 5456 patriarchio

2413 5479 2675 5534 discedens
2725 5487 3008 5548 acceperat,
3037 5480 3224 5546 absque
3269 5477 3378 5530 ulla
3423 5475 3663 5544 temporis
3692 5483 3854 5543 mora,
3885 5483 3940 5529 ιι

2409 5570 2652 5634 mitteret,
2683 5571 2728 5621 ei
2752 5571 3066 5638 praeciperet.
3102 5567 3202 5620 Ille
3223 5583 3336 5619 vero
3349 5567 3694 5635 jurejurando
3717 5567 3937 5636 adiuua-

2410 5660 2516 5722 bat,
2545 5657 2665 5710 licet
2711 5657 2866 5726 falso,
2900 5657 3030 5710 nihil
3066 5656 3173 5709 tale
3203 5672 3255 5709 se
3297 5656 3414 5710 inde
3444 5656 3698 5726 accepisse
3739 5661 3942 5725 propter

2410 5749 2789 5816 festinationem
2845 5747 3128 5799 recedendi.
3181 5745 3312 5799 Dum
3354 5761 3471 5800 vero
3508 5747 3624 5802 lucc
3677 5763 3709 5798 a
3753 5743 3938 5814 Phatio

2409 5838 2681 5906 pra-posito
2713 5825 2950 5889 Baltasar:
2991 5836 3299 5900 dicerentur,
3336 5836 3496 5901 ipsius
3544 5826 3723 5889 Photii
3746 5826 3934 5896 famuli
