4098 6386
180 416 258 467 iis
915 393 1439 464 PROLEGOMENA.
1479 440 1546 449 -
1581 408 1918 464 nomen
1956 408 2091 468 rno
2125 409 2470 468 cnccomo
2509 411 2618 470 vn.

3195 478 3200 481 _
3262 419 3364 475 {Si

176 543 336 597 magna
367 543 485 579 cum
533 525 883 595 festinatione
911 533 1103 592 septem
1128 539 1304 576 saccos
1340 525 1718 593 scripturarum
1747 526 1792 580 A
1885 521 2023 589 Quid
2061 522 2234 576 dicam
2265 523 2330 577 de
2360 522 2658 576 Passionali
2704 523 2942 590 Lutheri,
2972 527 3116 595 quod
3149 535 3357 597 exstat,

173 621 343 684 plenos,
376 615 626 684 plumbeo
664 613 846 684 sigillo
879 615 1110 683 signatos
1155 614 1224 666 ad
1265 612 1598 668 Calamonem
1633 612 1714 666 illi

171 708 488 777 propinquum
516 707 704 758 locum
755 704 1151 768 transtulerunt,
1201 704 1500 757 occultandi
1531 720 1709 757 causa.

173 797 301 864 Quod
341 813 459 850 cum
511 796 715 864 famuli
760 795 1029 864 praepositi
1055 795 1329 866 _eidissent,
1363 805 1412 847 et
1439 797 1500 848 ab
1530 811 1714 848 eorum

171 889 384 943 manibus
432 887 560 940 illos
616 887 977 949 abstulissent,
1017 886 1084 938 ad
1117 887 1483 955 imperatorem
1517 886 1715 940 attule‘

171 988 291 1031 mit.
327 975 531 1041 Quibus
581 977 802 1044 apertis,
845 975 1106 1028 inveniunt
1150 974 1279 1028 duos
1309 974 1468 1028 libros
1503 991 1630 1027 auro
1663 983 1714 1028 et

171 1076 358 1139 argento
410 1067 620 1134 deforis
670 1067 989 1128 bracteatos,
1033 1074 1080 1117 et
1129 1066 1293 1117 serico
1331 1057 1517 1131 tectos,
1571 1066 1711 1117 intus
1751 1051 1760 1104 Ϊ

167 1173 268 1209 tero
289 1155 479 1207 litteris
516 1153 674 1206 valde
703 1152 932 1222 pulchris
955 1161 1004 1205 et
1026 1153 1224 1205 ornatis
1255 1151 1570 1219 descriptos;
1592 1168 1716 1222 quo-

169 1261 267 1297 rum
303 1243 435 1297 alter
467 1243 776 1296 continebat
810 1251 998 1310 septem
1027 1243 1255 1294 actiones
1279 1241 1575 1309 synodicas,
1597 1257 1711 1311 qua:

168 1349 411 1403 nunquam
451 1334 771 1386 exstiterunt
817 1347 906 1384 nec
938 1339 1068 1383 actce
1103 1339 1244 1394 sunt,
1271 1330 1515 1382 adversus
1546 1329 1710 1399 Igna-

168 1421 312 1485 tium;
336 1404 427 1473 sed
456 1430 668 1473 tantum
685 1419 942 1472 diabolica
964 1417 1182 1472 consilio
1207 1418 1406 1486 frustra
1429 1428 1712 1471 suntexco-

165 1510 348 1580 citate,
382 1519 432 1562 et
458 1508 793 1579 singularum
816 1508 1079 1560 actionum
1108 1506 1236 1571 htec,
1272 1523 1388 1575 qua:
1407 1506 1709 1577 sequuntur,

166 1601 301 1652 initio
328 1601 543 1668 depicta
593 1599 935 1663 habebantur,
981 1614 1135 1666 opera
1185 1587 1440 1662 videlicet,
1476 1596 1707 1666 Syracu-

163 1688 267 1739 sani
307 1688 454 1739 illius
490 1685 730 1755 Gregorii
766 1696 1098 1755 cognomento
1141 1685 1387 1739 Asbestce.
1420 1683 1548 1737 Erat
1571 1687 1708 1738 enim

164 1777 309 1828 bonus
334 1775 426 1828 ille
449 1776 530 1827 cir
551 1774 798 1843 pingendi
822 1775 1038 1842 peritus,
1075 1782 1198 1842 puto
1230 1791 1323 1841 pro
1348 1775 1703 1828 additamenta

162 1878 359 1915 suorum
393 1862 680 1915 malorum.
721 1861 792 1915 Et
818 1863 1047 1930 depictus
1081 1862 1153 1914 ibi
1191 1871 1300 1915 erat
1335 1862 1596 1932 Ignatius.

224 1951 284 2007 In
313 1954 487 2022 prima
533 1952 742 2022 quidem
767 1953 968 2005 actione
1009 1946 1278 2021 Ignatium
1315 1952 1570 2020 depinxit,
1615 1953 1704 2023 qui

163 2043 455 2096 trahebatur
495 2052 545 2096 et
581 2041 880 2110 rapulabat.
911 2041 1080 2110 Supra
1113 2059 1228 2096 vero
1262 2041 1405 2094 illius
1440 2052 1592 2111 caput
1628 2044 1704 2095 ita

161 2134 353 2202 scripsit
399 2122 828 2186 :IDEABOLUS.
880 2130 999 2185 Non
1070 2133 1323 2186 horruisti
1369 2133 1703 2202 blasphemia

160 2224 450 2276 excessum?
495 2221 555 2278 Si
581 2224 718 2276 enim
753 2222 1188 2300 patremfamilias
1233 2221 1513 2276 Beelzebub
1547 2239 1700 2276 voca-

163 2315 242 2378 rit,
271 2315 391 2384 quid
427 2315 600 2384 facere
649 2313 860 2367 debebat
904 2314 1256 2384 familiaribus
1299 2315 1454 2385 ejus?
1485 2313 1699 2385 (Matth.

164 2419 209 2463 ι,
231 2403 337 2473 25.)

227 2492 283 2544 In
329 2494 557 2547 secunda
615 2495 803 2548 iterum
849 2495 1050 2546 actione
1094 2491 1362 2562 Ignatium
1397 2493 1700 2562 depinxerat

161 2585 313 2649 sputis
343 2593 765 2651 conspurcatum,
804 2600 992 2654 magna
1034 2586 1083 2637 ui
1133 2593 1375 2648 tractum,
1419 2586 1568 2652 cujus
1613 2583 1698 2637 in-

160 2671 359 2740 scriptio
396 2669 518 2723 talis
552 2680 666 2723 erat
698 2686 717 2722 .'
750 2667 1080 2724 PRINCEPS
1113 2668 1417 2724 PECCATI.

222 2757 282 2811 la
342 2761 495 2813 tertia
547 2775 664 2814 vero
725 2760 926 2812 actione
977 2759 1247 2830 Ignatium
1305 2770 1700 2815 exauctoratum

160 2843 404 2906 pinxerat,
441 2855 491 2898 et
517 2844 630 2913 ejus
659 2845 929 2915 inscriptio
969 2847 1078 2900 lucc
1120 2855 1232 2900 erat
1276 2861 1294 2900 :
1325 2845 1549 2901 FILIUS
1577 2837 1698 2900 ΙΝΙέ-

160 2929 486 2994 ρυιτΑτιε.

220 3024 281 3077 In
307 3036 494 3096 quarta
529 3027 713 3080 itidem
758 3027 977 3091 actione,
1000 3027 1236 3080 eumdem
1268 3023 1538 3097 Ignatium
1564 3046 1698 3084 ana-

162 3115 369 3170 themate
405 3127 555 3186 atqne
592 3117 780 3170 exsilio
805 3122 1111 3172 damnatum
1130 3119 1322 3187 posuit,
1346 3127 1396 3172 et
1426 3120 1700 3189 inscriptio

157 3212 261 3253 erat
285 3217 303 3254 :
342 3201 543 3258 SIMON
574 3202 830 3258 MAGUS.

223 3290 281 3344 In
305 3294 558 3362 principio
595 3293 781 3346 deinde
814 3294 1006 3364 quinta:
1031 3294 1254 3348 actionis
1280 3293 1498 3347 vinculis
1531 3293 1695 3365 Igna-

160 3383 280 3436 tium
313 3385 696 3438 circumdatum
739 3385 978 3454 pinxerat
1013 3395 1063 3439 et
1108 3387 1354 3450 vinctum,
1392 3386 1539 3454 cujus
1585 3396 1697 3440 erat

158 3474 419 3542 inscriptio
449 3489 466 3527 :
501 3473 907 3527 EXTOLLENS
935 3473 1015 3527 SE
1046 3473 1268 3527 SUPER
1295 3471 1482 3527 OMNE
1510 3473 1695 3541 QUOD

161 3559 422 3619 θιατυῆ
443 3562 634 3619 DEUS.

225 3655 286 3708 In
317 3665 462 3709 sexta
503 3672 616 3709 vero
652 3655 856 3708 actione
889 3655 1120 3724 depinxit
1156 3652 1423 3724 Ignatium
1473 3656 1695 3709 damna-

163 3746 281 3798 tioni
322 3745 602 3807 traditum;
648 3743 761 3811 ejus
804 3752 879 3797 est
927 3744 1198 3813 inscriptio
1233 3758 1250 3794 :
1282 3740 1697 3798 ΑΒΟΜΙΝΑΤΙΟ

164 3831 656 3888 DESOLATIONIS.
965 3832 968 3833 ⁷

223 3920 284 3975 1η
322 3926 538 3992 septima
581 3922 792 3975 tandem
835 3932 883 3975 et
916 3931 1163 3976 extrema
1213 3923 1416 3976 actione
1462 3922 1698 3993 depinxit

167 4006 418 4079 Ignatium
447 4019 792 4079 protractum,
832 4019 887 4063 ut
917 4010 1000 4063 illi
1041 4020 1195 4078 caput
1225 4020 1613 4079 amputaretur;
1648 4023 1698 4067 et

163 4100 419 4169 inscriptio
456 4100 578 4154 talis
600 4109 716 4153 erat
749 4114 766 4152 :
800 4098 1319 4155 ANTICHRISTUS.

230 4190 306 4245 An
333 4205 442 4245 non
468 4191 638 4257 vides,
671 4190 842 4246 amice
878 4191 1065 4257 lector,
1097 4192 1418 4262 prodromos
1447 4192 1720 4247 sectario--

166 4295 276 4348 rum
315 4291 646 4344 nostrorum,
695 4281 805 4334 imo
841 4280 1089 4335 doctores
1135 4290 1190 4334 et
1242 4283 1566 4350 magistros?
1614 4281 1696 4334 An

167 4367 265 4422 aen
295 4369 518 4424 sicutilli
541 4369 671 4422 olim
701 4367 982 4438 Ignatium,
1005 4369 1077 4422 ita
1105 4367 1351 4441 hodierni
1374 4377 1693 4437 novatores;

168 4452 403 4510 Ecclesia:
441 4455 718 4511 catholicae
759 4457 1032 4525 praesules,
1084 4457 1380 4527 praesertim
1422 4473 1695 4513 summum

168 4546 488 4614 pontiﬁcem,
537 4546 894 4618 ignominioso
942 4555 995 4601 et
1065 4545 1325 4615 probrose
1370 4547 1702 4618 depingunt?

168 4634 488 4704 Picturisque
509 4634 923 4705 probrosissima
938 4648 1164 4705 quaeque
1182 4644 1476 4691 scommata
1504 4638 1567 4690 ad
1569 4637 1698 4705 jun-

170 4720 307 4794 gunt.
342 4723 568 4792 Videsis,
615 4739 735 4790 oro,
803 4725 1106 4801 imaginem,
1144 4714 1288 4781 illam
1338 4742 1527 4797 papte,
1577 4742 1698 4796 quas

171 4819 485 4893 frontispicio
530 4820 648 4891 ejus
692 4819 848 4886 libri,
897 4821 989 4890 qui
1034 4821 1311 4890 Apiariurn
1353 4821 1694 4888 inscribitur,

173 4911 371 4974 prieﬁsa
391 4917 488 4964 est.
530 4908 660 4963 Vide
704 4902 872 4985 illam,
900 4924 1060 4979 quam
1099 4911 1390 4980 prmposuit
1417 4909 1712 4982 Spannen-_

173 4996 440 5068 bergerus,
487 4999 785 5068 praedicans
839 4998 1177 5055 Lutheranus
1231 4999 1440 5056 famoso
1485 5002 1692 5067 libello,

173 5085 250 5142 cui
270 5088 472 5145 titulum
492 5088 617 5144 fecit
643 5087 857 5142 :Wider
876 5090 959 5142 die
977 5091 1129 5144 bosen
1151 5089 1316 5144 Sitten
1340 5091 1420 5143 ins
1450 5091 1700 5160 Ten/fals-

175 5175 613 5251 Kalirnolelspihl.
640 5178 767 5233 ltem
791 5177 957 5244 illam,
983 5196 1101 5249 qua:
1122 5181 1341 5251 apparet
1361 5180 1413 5234 in
1434 5182 1698 5237 vestibulo

176 5265 303 5332 libri,
331 5270 415 5324 cui
441 5284 658 5334 nomen,
693 5267 788 5321 das
816 5266 1183 5340 li’ol/fgcsang.
1213 5270 1268 5324 In
1310 5270 1468 5325 tomis
1497 5269 1700 5325 Latinis

175 5364 222 5408 et
251 5355 569 5415 Germanicis
609 5357 830 5414 Lutheri
875 5358 1114 5415 invenies
1164 5360 1520 5430 Papasellum,
1550 5374 1698 5414 com-

177 5445 434 5500 mentariis
473 5444 702 5516 Philippi
734 5446 1078 5510 illustratum,
1130 5462 1288 5517 quem
1320 5447 1561 5518 lllyricus
1597 5462 1696 5516 pro

176 5533 473 5602 cognatione
490 5541 544 5589 et
568 5533 826 5590 afﬁnitate
850 5550 945 5590 sua
974 5549 1096 5589 cum
1123 5536 1234 5601 illo,
1267 5537 1446 5593 denuo
1475 5552 1698 5606 separa-

178 5616 264 5672 tim
314 5621 697 5692 evulgandum,
760 5631 814 5678 et
883 5625 1036 5679 novis
1098 5625 1323 5701 glossis,
1389 5626 1469 5679 vel
1519 5627 1697 5694 potius

180 5706 440 5766 calumniis
470 5718 525 5764 et
545 5710 838 5770 mendaciis
859 5713 1229 5769 illustrandum
1259 5715 1484 5772 censuit.

1787 611 1999 678 .tom.l
2050 626 2312 666 novorum
2368 627 2590 681 cperum
2642 612 2890 667 German.
2942 614 3191 683 Lutheri,
3237 634 3360 688 qua

1813 699 2096 754 Aurifaber
2130 700 2377 769 collegit?
2418 700 2666 769 Ejusdem
2708 700 2893 757 farina:
2918 711 2999 758 est
3038 703 3228 758 Passio
3263 706 3361 760 illa

1814 787 2029 852 Christi,
2062 788 2151 842 ubi
2181 785 2444 853 Pontifex,
2476 789 2791 856 cardinales,
2824 793 3075 861 episcopi,
3111 795 3359 850 monachi

1811 876 2057 946 Caiphae,
2094 876 2280 943 Annze,
2319 877 2495 942 Pilati,
2537 877 2778 945 Herodis,
2806 880 3052 933 lictorum
3088 890 3142 935 et
3178 883 3358 936 carni-

1811 967 1968 1020 ﬁcum
2003 965 2201 1020 Christi
2231 982 2487 1035 personas
2520 979 2728 1036 gerunt.

1878 1055 2033 1109 Anno
2080 1055 2213 1108 1527
2240 1057 2509 1125 evulgavit
2560 1057 2756 1125 impius
2784 1057 3099 1114 Paracelsus
3136 1061 3356 1132 triginta

1809 1139 2068 1211 imagines
2088 1142 2360 1196 dedecoris
2378 1153 2429 1196 et
2453 1144 2632 1212 probri
2650 1145 2700 1197 in
2725 1146 3027 1213 pontiﬁcem
3047 1147 3356 1203 Romanum

1809 1231 2169 1300 plenissimas.
2223 1231 2448 1287 Exstant
2497 1234 2548 1286 in
2603 1236 2907 1304 Appendice
2959 1238 3024 1292 ad
3061 1235 3266 1294 tomum
3306 1240 3355 1295 Χ

1808 1317 2042 1390 Operum
2071 1320 2355 1375 Parace’lsi.
2373 1321 2616 1387 Quarum
2630 1340 2696 1378 ne
2725 1325 2838 1394 ipse
2855 1328 3352 1393 auctorvideretur,

1807 1422 2144 1467 commentus
2186 1421 2287 1477 est,
2319 1429 2375 1468 se
2422 1430 2514 1469 eas
2544 1415 2726 1473 nescio
2772 1418 2966 1485 quibus
3016 1420 3068 1472 in
3120 1419 3357 1490 antiquis

1807 1502 2168 1553 monumentis
2197 1502 2275 1553 vel
2299 1501 2593 1570 parietibus
2627 1503 2915 1570 invenisse,
2947 1521 3080 1574 quas
3105 1506 3205 1560 hoc
3234 1507 3352 1576 ipso

1806 1605 1948 1643 anno
1989 1586 2121 1642 1608
2151 1588 2410 1644 fanaticus
2433 1591 2649 1658 quidam
2676 1593 2934 1646 sectarius
2957 1592 3187 1649 Joannes
3207 1595 3358 1648 liud-‘

1805 1676 1951 1730 rautl‘
1998 1677 2054 1730 in
2113 1678 2478 1731 commentitio
2534 1680 2625 1732 illo
2674 1696 2774 1733 suo
2837 1682 2900 1734 de
2958 1692 3166 1737 cometa
3227 1685 3354 1739 anni

1805 1764 2098 1833 superioris
2124 1765 2510 1819 commentario
2542 1767 2733 1835 (quem
2757 1769 2879 1835 jure
2907 1771 3084 1825 omnis
3114 1772 3356 1826 stultitia:
3436 1805 3438 1807 ›

1737 1848 1778 1902 Β
1804 1864 1856 1909 et
1883 1855 2113 1910 vesania:
2160 1857 2587 1924 promptuarium
2635 1858 3020 1927 appellaveris)’
3060 1877 3251 1916 rursus
3298 1861 3352 1915 in

1804 1949 1978 2002 lucem
2007 1948 2247 2018 protulit,
2279 1957 2332 2002 et
2358 1948 2663 2004 vanissimis
2690 1951 3002 2019 exegcsibus
3027 1951 3352 2005 illustratum

1802 2037 2004 2092 scilicet
2029 2037 2141 2089 ivit.

1871 2125 2072 2181 Retulit
2114 2125 2329 2180 easdem
2378 2142 2502 2181 cum
2549 2126 2818 2188 Baracclsi
2875 2130 3309 2186 adnotationibus
3337 2171 3352 2197 ,

1801 2217 2050 2286 notisque
2073 2217 2460 2287 marginalibus
2486 2218 2672 2272 Adami
2700 2217 2990 2284 Durischii,
3027 2229 3079 2273 et
3118 2222 3353 2290 exegesi-

1799 2307 1901 2361 bus
1921 2305 2142 2362 Joannis
2163 2292 2468 2373 Adrasderi,
2499 2317 2655 2363 terra:
2693 2309 2804 2375 ﬁlii,
2845 2310 3092 2379 ignobilis
3121 2312 3354 2376 sectarii,

1799 2397 1855 2449 in
1901 2411 2056 2450 suum
2094 2397 2469 2451 duodecimum
2506 2397 2885 2454 Centenarium
2927 2400 3162 2455 Joannes
3212 2400 3357 2454 Wol-

1799 2486 1922 2550 ﬁus,
1946 2487 2038 2555 qui
2065 2487 2117 2541 id
2144 2487 2364 2541 unicum
2393 2504 2536 2542 cura:
2571 2489 2858 2558 studioque
2893 2491 3082 2544 habuit
3113 2500 3172 2544 ut
3196 2492 3352 2560 quid-

1797 2577 1924 2646 quid
1970 2593 2195 2647 usquam
2237 2579 2292 2632 in
2335 2580 2649 2649 pontiﬁces,
2693 2581 2991 2650 cpisc0pos,
3039 2585 3353 2648 monachos,

1798 2666 2078 2732 moniales,
2104 2676 2382 2738 totumque
2405 2669 2887 2726 ecclesiasticarum
2910 2681 2962 2726 et
2986 2669 3354 2744 religiosorum

1798 2765 1997 2811 statum
2043 2765 2098 2812 et
2141 2758 2384 2813 ordinem
2434 2761 2754 2828 probrosum
2803 2777 2865 2816 ac
2910 2766 3354 2820 contumeliosum

1796 2844 2015 2913 legerat,
2049 2845 2291 2899 audierat
2317 2847 2395 2900 vel
2422 2848 2489 2902 ab
2515 2848 2633 2902 aliis
2668 2859 2964 2918 acceperat,
3007 2851 3059 2904 id
3094 2853 3146 2904 in
3188 2870 3356 2906 unum

1797 2933 1996 2988 fascem
2024 2945 2385 3004 comportaret
2411 2953 2472 2992 ac
2502 2939 2793 3007 colligaret,
2828 2950 2887 2993 ut
2923 2942 3124 2995 scurris
3147 2952 3200 2996 et
3224 2958 3352 2996 san-

1797 3025 2051 3079 nionibus
2080 3041 2292 3095 semper
2324 3037 2466 3082 esset
2504 3028 2555 3081 in
2582 3038 2829 3097 promptu
2860 3031 3074 3100 copiosa
3107 3033 3353 3097 materia,

1799 3115 2226 3184 quotiescunque
2256 3117 2490 3185 linguam
2536 3119 2618 3170 vel
2661 3119 2856 3188 stylum
2889 3120 2940 3173 in
2973 3121 3273 3189 pontiﬁcem
3302 3132 3358 3177 et

1799 3202 1931 3255 alios
1951 3204 2212 3271 stringere
2234 3204 2410 3264 lubet;
2437 3207 2652 3274 quando
2677 3217 2854 3260 autem
2889 3223 2992 3260 non
3031 3210 3216 3264 lubet?
3248 3210 3355 3265 Nec

1797 3289 1961 3344 refert
1992 3281 2134 3359 quod
2163 3289 2494 3351 Paracelsus.
2525 3293 2752 3348 Wolﬁus
2786 3307 2838 3349 et
2866 3297 3026 3364 hujus
3063 3300 3234 3353 tribus
3260 3301 3349 3354 alii

1799 3395 1992 3433 nomen
2033 3379 2297 3435 Joacliimi
2338 3383 2547 3436 abbatis
2585 3394 2966 3452 pra-texerunt,
3021 3387 3146 3454 quia
3194 3403 3352 3442 nemo

1797 3470 2008 3539 ignorat
2029 3472 2161 3525 istos
2195 3472 2271 3526 sic
2306 3488 2422 3527 esse
2449 3473 2598 3527 lit-tos
2626 3482 2678 3526 et
2703 3472 2871 3529 factos
2902 3485 2960 3528 ut
2985 3476 3084 3530 sub
3127 3477 3353 3543 aliorum

1795 3561 2123 3625 nominibus,
2175 3547 2331 3631 quasi
2379 3563 2723 3627 velamentis,
2773 3580 2926 3618 suam
2970 3567 3260 3634 nequitiam
3304 3578 3359 3621 et
3433 3603 3436 3605 λ

1798 3650 2211 3718 improbitatem,
2259 3662 2516 3719 quantum
2557 3653 2667 3705 ﬁeri
2706 3662 2898 3721 potest,
2943 3656 3203 3722 operiant.
3250 3655 3360 3711 Nec

1797 3738 2057 3792 dissident
2078 3740 2144 3790 ab
2178 3738 2260 3792 his
2289 3739 2540 3794 vatiCinia
2588 3742 2801 3808 triginta
2826 3740 3086 3795 Joachimi
3125 3745 3354 3807 abbatis,

1797 3837 1856 3880 ut
1899 3836 2056 3881 vocat
2097 3826 2342 3892 Wolﬁus,
2384 3830 2691 3883 centenario
2727 3831 3128 3886 mendaciorum
3155 3833 3356 3887 duode-

1797 3917 1958 3981 cimo,
1998 3919 2400 3973 contumeliosis
2450 3919 2790 3990 imaginibus,
2831 3921 3201 3978 Ιιτρτρῐίοοι-ιιῐιι
3248 3935 3357 3980 stu-

1797 4009 1905 4070 dio.
1943 4022 2214 4076 expressa.
2253 4077 2257 4080 ν

1867 4097 2117 4164 Ejusdem
2143 4096 2352 4165 generis
2378 4106 2459 4150 est
2479 4097 2717 4164 ejusdem
2754 4097 3016 4150 Paracelsi
3042 4097 3351 4165 Prognosti-

1797 4188 1934 4238 catio
1959 4186 2174 4256 triginta
2198 4186 2405 4240 duabus
2421 4187 2602 4255 ﬁguris
2621 4201 2714 4239 seu
2734 4186 3054 4255 imaginibus
3076 4199 3352 4257 constans,

1797 4291 1957 4344 quam
1984 4291 2014 4328 a
2051 4274 2333 4342 Sehiamo,
2376 4276 2697 4346 przedicante
2732 4274 3085 4348 Ncohurgico,
3121 4295 3183 4334 ex
3218 4280 3352 4336 Ger-

1796 4365 2009 4420 manico
2030 4365 2083 4418 in
2107 4364 2356 4420 Latinum
2380 4381 2681 4420 sermonem
2708 4365 3016 4421 translatam
3042 4367 3177 4421 idem
3205 4367 3358 4421 Wol-

1798 4457 1900 4512 ﬁus
1920 4457 2128 4511 decimo
2147 4466 2298 4511 sexto
2318 4457 2716 4511 mendaciorum
2741 4466 2795 4511 et
2816 4457 3205 4532 calumniarum
3228 4473 3354 4512 sua-

1805 4565 1922 4602 rum
1958 4549 2266 4603 centenario
2296 4548 2542 4611 intexuit,
2575 4555 2635 4600 ut
2667 4556 2720 4600 et
2761 4545 3038 4599 until/(eses
3074 4533 3271 4600 Christi
3303 4555 3355 4602 et

1801 4641 2174 4705 Antichristi,a
2191 4638 2372 4693 nescio
2383 4652 2489 4706 quo
2507 4637 2754 4702 sectario,
2771 4635 2988 4691 Simone
3003 4635 3355 4692 Rosariomao

1801 4725 2230 4781 ledicentissimis
2254 4725 2499 4780 versibus
2527 4727 2874 4795 compositas,
2913 4725 3109 4781 additis
3136 4724 3352 4779 nefariis

1797 4826 1852 4872 et
1880 4808 2161 4887 ﬂagitiosis.
2191 4815 2487 4882 iconismis,
2517 4824 2577 4870 ut
2605 4818 2783 4875 odium
2809 4831 2973 4885 papm,
3007 4829 3165 4882 quem
3200 4813 3350 4869 fana-

1797 4910 1935 4965 ticus
1981 4918 2252 4979 poctaster
2297 4925 2507 4980 semper
2558 4911 2930 4962 Anticltristttnt
2975 4916 3029 4960 et
3075 4906 3352 4963 Plutonem
3400 4946 3402 4948 τ

1798 5000 2088 5068 appellitat,
2123 5015 2219 5069 per
2255 5001 2399 5068 ipsos
2440 5000 2624 5053 oculos
2655 4997 2970 5067 profundius
3005 4997 3058 5050 in
3091 4999 3351 5052 lectorum

1797 5097 1851 5141 et
1870 5096 2229 5155 spectatorum
2259 5095 2432 5154 mente
2490 5086 2784 5139 delabatur.
2832 5083 2949 5150 Quo
2989 5087 3146 5139 etiam
3189 5087 3353 5154 perti-

1773 5186 1889 5231 ‘net
1920 5177 2130 5246 gemina
2162 5175 2360 5247 elligies
2389 5175 2513 5229 Julii
2555 5175 2594 5229 ll
2630 5177 2914 5246 pontiﬁcis,
2960 5189 3101 5227 anno
3137 5175 3273 5228 l5l2'
3298 5181 3353 5228 et

1800 5267 1955 5330 1515,
1992 5275 2046 5320 et
2096 5267 2294 5336 duplex
2336 5266 2424 5320 illa
2481 5282 2640 5336 quam
2688 5265 2907 5317 Wolﬁus
2950 5265 3171 5318 exhibet
3209 5277 3353 5317 anno

1798 5359 1999 5413 Christi
2023 5359 2179 5424 1580,
2210 5360 2481 5423 nimirum,
2509 5358 2560 5410 in
2586 5356 2791 5410 decimo
2830 5364 2980 5408 sexto
3011 5352 3352 5422 impudentia:

1799 5450 2061 5520 haeretica:
2086 5448 2412 5512 centenario,
2450 5458 2732 5516 utramque
2756 5446 2955 5500 elliuxit
2997 5443 3241 5505 Wolﬁus,
3282 5447 3358 5496 ex'

1797 5540 2036 5609 epistolis
2061 5540 2228 5595 Bezte.
2266 5538 2415 5593 testis
2441 5538 2542 5592 ﬁde
2568 5537 2888 5608 dignissimi,
2915 5533 3116 5588 scilicet
3151 5529 3263 5598 qui,
3290 5539 3351 5583 ut

1800 5644 2016 5683 omnem
2041 5627 2399 5697 suspicionem
2425 5627 2546 5682 novi
2578 5625 2852 5696 plasmatis
2875 5621 3089 5683 devitet,
3115 5617 3350 5684 antiqui-

1798 5726 1959 5772 tatem
1989 5715 2431 5778 comminiscitur.
2481 5733 2599 5786 qua:
2640 5714 2816 5770 forsan
2863 5720 3069 5770 inlatum
3113 5716 3362 5762 nostram
