4098 6416
744 522 848 579 {95

1926 504 1982 558 s.
2020 485 2410 558 cessemus
2447 462 2765 584 mm.

3840 492 3937 547 {96

745 653 853 693 non
885 630 1250 695 transcendit;
1288 635 1377 681 aut
1403 585 1447 691 si
1483 585 1832 686 transcendit,
1863 619 1931 672 ab
1955 617 2136 686 aliquo
2177 612 2289 668 Wi-
2320 615 2365 670 Α
2391 610 2715 674 sacerdotes,
2741 604 3037 660 monachos
3057 611 3112 659 et
3138 601 3399 658 moniales
3417 602 3666 671 exspuit?
3686 599 3767 655 An
3788 601 3939 657 lectio

745 726 984 786 clevista,
1010 722 1092 775 vel
1113 718 1330 773 llussita
1355 712 1651 769 descendit.

813 815 1005 869 Mirum
1037 812 1177 866 dictu
1202 811 1216 861 ἱ
1246 815 1530 861 novatores
1556 811 1792 864 nostros,
1814 796 2027 868 quando
2050 791 2293 864 sculptu-

749 920 883 966 ram,
909 903 1191 971 picturam,
1221 896 1301 950 vel
1324 894 1632 949 ccelaturam
1656 888 1964 959 quampiam
1994 885 2291 949 inveniunt,

654 1006 657 1009 ‘
747 993 932 1047 oculos
965 1000 1236 1055 nunquam
1272 984 1335 1038 ad
1367 998 1423 1035 se
1454 990 1508 1034 ct
1529 994 1656 1033 suos
1698 977 1986 1038 reﬂectere,
2020 974 2112 1028 secl
2146 988 2177 1027 e
2205 988 2297 1026 ve-

746 1086 904 1155 stigio
925 1082 991 1136 al
1019 1078 1319 1149 pontiﬁcem
1354 1083 1407 1128 et
1437 1070 1671 1141 pontifici
1714 1084 1744 1123 a
1764 1068 1972 1121 ldictos.
2003 1066 2296 1133 pr.esertim
2324 1092 2327 1093 ν

748 1152 1051 1227 sacerdotes
1085 1177 1138 1221 et
1176 1163 1467 1221 monachos
1508 1172 1803 1219 recurrere,
1846 1166 2122 1223 totumque
2169 1152 2294 1205 illud

748 1260 1045 1332 symbolum
1089 1257 1153 1310 de
1196 1255 1301 1319 his,
1348 1267 1454 1305 non
1496 1250 1561 1304 de
1595 1262 1654 1302 se
1690 1256 1746 1299 et
1781 1245 1893 1299 suis
1938 1240 2273 1311 interpretari
2335 1305 2343 1319 ι

749 1351 902 1407 Tales
923 1359 1047 1406 sunt
1072 1349 1173 1401 illa:
1196 1344 1471 1414 imagines,
1502 1356 1637 1409 quas
1659 1338 1712 1390 in
1739 1336 1944 1390 decimo
1967 1343 2118 1389 sexto
2145 1348 2298 1386 men-

747 1443 1022 1509 daciorum
1076 1452 1296 1509 suorum
1345 1430 1671 1492 centenauo,
1723 1435 1777 1481 et
1825 1425 2130 1478 Lutherano
2170 1422 2302 1476 Her-

750 1505 953 1588 brando
995 1503 1237 1583 refertet
1257 1524 1488 1593 explicat
1524 1518 1769 1581 Wolﬁus,
1806 1516 2070 1578 inventas,
2117 1514 2162 1568 si
2192 1528 2299 1567 non

750 1619 1082 1673 mentiuntur
1118 1622 1420 1673 novatores,
1456 1605 1797 1677 Argeator-uti
1820 1597 2146 1672 in‘primario
2165 1610 2301 1655 tem-

750 1706 855 1775 plo.
904 1703 1013 1757 Cur
1053 1700 1195 1755 enim
1248 1698 1432 1752 asinus
1484 1704 1629 1748 stans
1672 1694 1739 1746 ad
1786 1709 1934 1746 aram
1979 1691 2302 1747 catholicum

750 1794 1101 1857 sacerdotem,
1152 1789 1316 1844 divini
1358 1786 1605 1843 sacriﬁcii
1648 1784 1900 1854 mysteria
1942 1790 2302 1854 peragentem,

2392 701 2678 767 recondita,
2715 696 2962 766 colligere
3005 702 3060 750 et
3102 696 3155 749 in
3201 710 3368 748 unum
3411 693 3689 748 cumulum
3729 695 3939 763 conglo-

2391 791 2537 854 bare,
2565 780 2821 858 quidqui]
2847 785 3126 839 infantium
3149 784 3457 839 chartarum
3482 784 3549 837 ab
3570 784 3680 836 ullo
3707 798 3937 853 unquam

2391 878 2776 949 p"opemodum
2820 891 3008 930 scurra
3052 874 3196 929 foras
3228 884 3537 944 protrusum
3564 882 3619 927 et
3661 874 3717 926 in
3756 874 3942 942 vulgus

2392 973 2577 1025 datum
2606 968 2746 1022 fuit?
2786 966 3079 1022 Recondita
3125 981 3252 1020 sane
3294 965 3450 1019 lectio
3483 964 3726 1018 evolvere
3761 965 3939 1017 talium

2394 1060 2763 1115 tenebrionum
2801 1057 2997 1120 ﬁmeta,
3034 1056 3191 1118 eleta,
3223 1055 3453 1119 cloacas,
3476 1063 3530 1107 et
3548 1054 3805 1123 quidquid
3833 1068 3942 1111 sor-

2395 1152 2542 1205 dium
2584 1149 2894 1211 continent;
2927 1147 2977 1200 id
3009 1146 3245 1199 studiose
3282 1159 3519 1214 egerere,
3565 1145 3727 1213 inque
3759 1142 3941 1199 faciem

2396 1250 2450 1295 et
2471 1255 2532 1293 os
2555 1239 2816 1292 lectorum
2842 1246 2895 1290 et
2920 1244 3279 1305 spectatorum
3314 1234 3572 1303 ingerere.

2466 1328 2535 1380 At
2560 1327 2725 1380 misso
2750 1340 2893 1378 nunc
2916 1322 3219 1393 aliquandiu
3246 1323 3468 1376 immani
3504 1324 3607 1378 isto
3647 1322 3821 1393 Lupo,
3856 1340 3942 1379 seu

2399 1415 2613 1477 Wolﬁo,
2638 1416 2702 1469 de
2726 1411 2956 1484 imagine
2979 1412 3310 1483 Babylonica:
3333 1414 3629 1468 meretricis
3652 1414 3837 1468 bestiae
3868 1430 3945 1468 sc-

2400 1514 2544 1575 ptem
2576 1504 2860 1572 capitibus,
2890 1511 2945 1556 et
2964 1503 3147 1556 decem
3176 1502 3426 1556 cornibus
3456 1502 3691 1571 praedite
3717 1502 3945 1557 insi.'en-

2404 1596 2491 1661 tis,
2527 1604 2581 1649 et
2610 1595 2858 1663 poculum
2897 1608 3119 1647 aureum
3145 1607 3305 1645 manu
3337 1591 3587 1655 tenentis,
3630 1606 3780 1645 mora
3809 1606 3945 1644 mera

2404 1684 2566 1739 fuerit
2604 1685 2799 1738 dicere.
2850 1681 2933 1735 Nil
2968 1682 3168 1737 certius
3206 1690 3289 1735 est
3316 1680 3456 1750 apud
3492 1680 3753 1734 sectarios
3793 1696 3945 1750 quam

2405 1776 2505 1829 hae
2541 1773 2709 1843 efﬁgie
2732 1784 2919 1842 papam
2950 1771 3252 1826 Romanum
3275 1771 3341 1826 ad
3361 1770 3539 1823 vivum
3563 1771 3947 1839 repraesentari.

750 1882 1029 1954 signiticet,
1062 1890 1115 1934 et
1158 1894 1265 1933 non
1306 1878 1485 1947 potius
1531 1874 1907 1944 praedicantem
1952 1886 2150 1925 mensae
2195 1884 2306 1924 suae
2337 1942 2375 1954 n
2407 1866 2742 1936 Quapropter
2765 1856 3028 1945 nusquam
3053 1880 3159 1919 non
3185 1873 3266 1919 est
3285 1866 3460 1929 obvia,
3483 1865 3967 1943 procumbentibus.

751 1942 1037 2035 astantem,
1079 1979 1133 2024 et
1174 1942 1492 2021 Lutherame
1518 1942 1602 2018 vel
1636 1963 1961 2017 Calviniante
2000 1975 2167 2014 cmnse
2200 1958 2305 2013 fer-
2337 1942 2377 1995 Β
2403 1964 2525 2009 ante
2560 1970 2698 2019 eam,
2729 1942 3089 2009 venerationis
3132 1962 3186 2007 et
3217 1955 3546 2008 adorationis
3590 1955 3783 2024 gratia,
3830 1956 3952 2024 ipsis

750 2063 870 2118 cula
894 2070 1232 2131 coquentem,
1265 2059 1495 2112 maxime
1539 2056 1700 2109 talem
1743 2054 1856 2123 qui,
1894 2060 1953 2106 ut
1981 2052 2307 2105 oz'tho-loxo-

751 2170 871 2208 rum
924 2153 1263 2209 sacerdotum
1297 2150 1524 2213 .simius,
1571 2132 1809 2200 vestibus
1854 2143 2015 2197 certis
2056 2141 2304 2206 indutus,

754 2242 971 2296 missam
999 2235 1371 2293 Germanicam
1400 2235 1654 2298 celebrat,
1700 2241 1759 2286 ut
1798 2232 1850 2283 in
1897 2229 2167 2283 nonnullis
2216 2228 2306 2281 ubi

754 2328 1197 2384 Lutberanisrnus
1227 2334 1433 2396 regnat,
1465 2324 1688 2377 urbibus
1714 2321 1831 2375 ﬁeri
1858 2320 2011 2374 solet.
2068 2317 2150 2371 Tu
2174 2317 2309 2371 dicis

754 2433 871 2472 esse
896 2418 1211 2485 sacriﬁcum.
1258 2414 1370 2483 Ego
1398 2413 1773 2486 pradicantem
1798 2425 1916 2464 esse
1941 2406 2224 2472 contendo,
2257 2413 2311 2460 et

754 2507 994 2562 evincam
1020 2520 1140 2558 cum
1173 2503 1454 2556 evictionis
1486 2510 1694 2569 tempus
1729 2498 1953 2553 venerit.

724 2646 727 2649 λ
823 2592 943 2646 Pari
982 2592 1140 2645 modo
1175 2591 1386 2645 asinum
1434 2605 1499 2643 ex
1547 2589 1703 2653 libro,
1755 2602 1912 2656 quem
1957 2594 2109 2641 catus
2145 2592 2307 2651 tenet,

756 2682 1027 2750 mysteria,
1076 2695 1196 2749 qua:
1244 2694 1350 2732 non
1393 2693 1513 2748 ego,
1556 2678 1648 2732 sed
1692 2677 2041 2744 pr;e‘.icantes
2090 2683 2308 2738 norunt,

758 2768 1103 2831 lectitantem,
1131 2768 1217 2820 aio
1247 2768 1366 2820 esse
1406 2766 1803 2834 praedicantem,
1825 2757 1919 2818 seu
1945 2762 2310 2816 Lutheranum

758 2874 850 2914 seu
880 2856 1272 2912 Calvinianum.
1315 2853 1422 2909 Nec
1454 2855 1589 2910 alios
1612 2870 1774 2925 quam
1807 2856 1938 2909 istos
1969 2863 2329 2922 repraesentat

748 2948 847 3024 “illa
870 2938 1066 3018 imago,
1107 2947 1160 3001 in
1192 2961 1297 3016 qua
1338 2960 1533 3015 porcus
1561 2954 1615 2999 et
1650 2946 1831 2999 hircus
1874 2951 2083 3013 gestant
2127 2942 2308 3009 funus,

756 3039 970 3109 vulpem
1019 3039 1225 3094 scilicet
1277 3037 1650 3090 dormientem.
1707 3034 1905 3089 Eodem
1964 3042 2169 3103 spectat
2223 3035 2313 3087 illa

656 3119 673 3177 ζ
759 3140 879 3195 qum
908 3141 1095 3179 ursum
1129 3140 1283 3193 aquae
1306 3134 1633 3178 consecratae
1660 3138 1880 3175 urceum
1907 3131 2238 3195 gestantem;
2261 3129 2317 3188 et

761 3213 945 3283 lupum
975 3209 1151 3267 erucis
1183 3212 1443 3279 baiulum,
1467 3217 1530 3265 ac
1551 3212 1782 3279 leporem
1826 3212 2149 3267 daluehum.
2178 3222 2231 3264 et
2257 3219 2315 3264 ut

762 3313 901 3356 voce:
924 3301 1285 3357 ecclesiastica
1323 3309 1463 3363 utar,
1494 3301 1863 3368 ceroferarinm
1900 3301 2052 3355 nobis
2074 3301 2307 3355 exhibet.

759 3391 951 3447 Omnia
980 3393 1092 3445 haec
1126 3390 1402 3461 aptissime
1430 3390 1499 3442 .in
1543 3389 1888 3458 przedicantes
1921 3390 2205 3459 quadram,
2253 3401 2312 3444 ut

760 3478 901 3536 facili
944 3481 1124 3535 labore
1154 3478 1364 3535 ostendi
1406 3488 1605 3548 posset,
1648 3477 1693 3533 si
1730 3493 1822 3534 res
1858 3488 1911 3533 et
1949 3481 2162 3554 occasio
2201 3484 2311 3535 ler-

707 3585 711 3590 '
763 3578 865 3624 ret.

834 3624 1061 3709 Eosdem
1091 3654 1159 3707 ad
1198 3655 1377 3707 vivum
1412 3661 1761 3722 repraesentat
1785 3651 2002 3723 eﬂigies,
2026 3668 2195 3721 quam
2216 3653 2317 3707 ibi-
2344 3714 2348 3729 γ’

763 3742 884 3796 dem
920 3741 1166 3804 Wolﬁus,
1206 3756 1299 3795 seu
1336 3738 1531 3810 Lupus,
1565 3740 1769 3794 nomini
1808 3756 1906 3795 suo
1940 3740 2318 3795 consentaneis

767 3831 1005 3885 moribus
1031 3831 1285 3899 praeditus
1307 3828 1594 3894 fabulator,
1622 3844 1688 3883 ex
1718 3829 2029 3885 Herbrando
2055 3831 2316 3887 lectorum

765 3922 936 3976 oculis
957 3920 1737 3997 contemplandamproposuit.
1774 3920 1948 3992 Lupus
1976 3922 2187 3975 indutus
2222 3939 2335 3983 cu-,.

765 4012 908 4066 culla
943 4010 1230 4064 monastica
1260 4010 1337 4079 (in
1358 4010 1505 4077 cujus
1539 4012 1781 4078 capputio
1804 4010 1865 4062 ab
1886 4010 2112 4062 humeris
2134 4010 2323 4079 depcné

763 4106 914 4158 dente
936 4118 1088 4155 anser
1120 4099 1395 4178 prominet)
1423 4100 1477 4157 in
1500 4109 1739 4169 suggestu
1778 4108 1903 4163 stat,
1936 4100 2195 4167 prioribus
2232 4116 2322 4170 pe-
2356 4112 2361 4121 ‘

764 4195 938 4258 dibus,
962 4192 1111 4262 quasi
1136 4191 1372 4244 matribus
1406 4189 1597 4249 librum
1639 4200 1831 4255 tenens,
1856 4205 1919 4242 ex
1941 4205 2039 4258 quo
2071 4188 2320 4243 nonnulla

770 4282 985 4336 recitare
1010 4281 1231 4345 videtur,
1270 4280 1402 4333 mihi
1431 4279 1676 4348 equidem
1702 4279 1903 4349 ignota,
1931 4279 2024 4333 sed
2046 4277 2241 4333 Wolﬁo
2266 4288 2321 4333 et
2356 4310 2359 4313 -

771 4370 1105 4433 Herbrando,
1120 4370 1364 4438 aliisquze
1381 4369 1579 4437 lupinze
1598 4369 1793 4443 lingme
1814 4369 1993 4439 gnaris
2016 4368 2338 4439 netissimaa

774 4459 927 4528 Infra
962 4456 1262 4510 cathedram
1292 4450 1563 4523 vulpecula
1602 4455 1769 4519 adest,
1806 4458 1955 4525 quasi
1994 4458 2049 4509 in
2090 4456 2316 4510 insidiis.

774 4546 822 4601 E
856 4548 1055 4619 regione
1077 4560 1280 4608 anseres
1312 4541 1618 4611 complures,
1661 4543 1853 4611 singuli
1892 4546 2074 4597 rastris
2104 4546 2213 4597 suis
2238 4561 2321 4597 ro-

772 4638 917 4692 saria
971 4645 1216 4700 tenentes,
1270 4642 1317 4686 et
1371 4632 1515 4701 Lupo
1565 4633 1893 4686 concionanti
1946 4633 2317 4689 auscultantes.

774 4730 924 4784 Astat
970 4736 1020 4782 et
1057 4726 1216 4795 juxta
1248 4716 1451 4777 anieres
1490 4722 1869 4793 quasi‘custos,
1908 4720 2083 4789 fatuus
2126 4723 2182 4774 in
2226 4740 2321 4793 suo

774 4820 973 4874 habitu.
1024 4817 1252 4887 Elegans
1289 4813 1531 4885 profecto
1575 4812 2003 4887 Lutheranorum
2054 4821 2107 4866 et
2148 4810 2325 4867 Calvi—

775 4911 1058 4964 nianorum
1096 4904 1499 4977 prze-licantium
1547 4902 1878 4957 inconismus
1925 4909 1981 4955 et
2017 4900 2320 4960 delineatio.

732 5064 735 5067 _
778 4988 880 5063 Qui
919 4999 1081 5063 volet,
1119 4994 1565 5063 commentarium
1613 4991 1890 5062 adjungat,
1938 4990 2167 5061 reperiet
2196 4992 2325 5047 ube-

775 5080 893 5142 rem
914 5084 1307 5147 commentandi
1332 5084 1633 5137 materiem.

795 5174 803 5181 ’
846 5173 1019 5242 Quam
1059 5170 1199 5227 bene
1245 5172 1470 5247 Wolﬁus
1517 5189 1668 5232 suam
1710 5188 1927 5244 Operam
1971 5172 2224 5239 locasset,
2280 5170 2328 5229 si

778 5266 894 5323 haec
926 5264 1051 5319 talia
1076 5262 1360 5319 τνπῶιιατα
1385 5272 1440 5315 et
1471 5262 1682 5340 ἴκτυπᾳ,
1709 5280 1773 5319 eo
1802 5279 1910 5333 quo
1933 5272 2198 5339 spectant,
2224 5265 2339 5338 hoc,

777 5358 862 5411 est
886 5353 951 5408 ad
974 5366 1103 5407 suos
1134 5347 1503 5419 praedicantes,
1534 5353 1818 5419 retulisset.
1844 5352 1997 5406 Nunc
2031 5354 2157 5425 quid
2182 5352 2327 5405 aliud

776 5444 886 5515 egit
926 5454 1089 5511 quam
1127 5437 1273 5509 quod
1311 5451 1368 5490 se
1409 5436 1699 5493 incredibili
1728 5441 2090 5495 calumniandi
2115 5428 2326 5509 pruritu

778 5525 977 5586 arsisse
1008 5526 1191 5599 palam
1230 5522 1504 5580 ostendit?
1550 5524 1625 5603 Et
1654 5536 1831 5584 tamen
1869 5538 2045 5584 tomos
2072 5544 2201 5584 suos
2234 5526 2329 5581 Lee

776 5620 1005 5675 ctionum
1034 5615 1447 5671 memorabilium
1468 5623 1517 5668 et
1544 5616 1922 5673 reconditarum
1954 5619 2110 5673 titulo
2143 5618 2328 5672 vendi-

778 5708 898 5764 tat?
929 5706 1080 5763 Anne
1101 5707 1260 5764 lectio
1284 5705 1656 5773 memorabilis,
1699 5708 1889 5787 legere,
1913 5718 1968 5765 et
2007 5714 2328 5766 coacervare

778 5810 865 5866 ea,
885 5810 1011 5868 quae,
1028 5796 1203 5865 quivis
1243 5811 1309 5853 ex
1349 5796 1546 5851 intima:
1572 5796 1742 5866 plebis
1761 5808 2021 5855 caemento
2046 5801 2100 5855 in
2130 5815 2322 5871 papas,
2356 5842 2361 5843 κ

2406 2055 2670 2100 terrarum
2687 2044 2902 2114 regibus
2915 2052 2967 2097 et
2984 2043 3415 2112 imperatoribus,
3443 2058 3537 2096 nec
3560 2044 3827 2098 absterret
3844 2060 3948 2105 eos,

2404 2136 2651 2207 quamvis
2688 2136 2740 2189 in
2772 2134 2999 2204 imperio
3022 2135 3290 2203 degentes,
3336 2133 3403 2187 ab
3447 2133 3546 2187 hac
3592 2134 3850 2204 sacrilega
3879 2144 3952 2188 te-

2406 2229 2651 2282 meritate
2685 2226 2936 2281 catholici
2960 2225 3299 2294 imperatoris
3330 2234 3504 2280 metus
3542 2233 3598 2295 et
3643 2228 3951 2289 reverentia,

2405 2315 2531 2385 quia
2550 2316 2660 2385 jam
2692 2312 2897 2382 pridem
2929 2327 3141 2364 omnem
3176 2320 3375 2365 metum
3397 2326 3463 2364 ex
3485 2323 3701 2379 pectore
3723 2329 3953 2367 omnem-

2407 2419 2511 2474 que
2546 2402 2894 2457 reverentiam
2928 2416 2993 2455 ex
3028 2402 3176 2454 vultu
3209 2401 3600 2471 abstersercnt.

2477 2492 2593 2558 ατο
2620 2491 2799 2545 animo
2821 2490 3088 2544 Lutberus
3109 2490 3160 2543 in
3183 2507 3392 2560 papam,
3416 2492 3737 2556 cardinales,
3759 2494 3954 2562 episco-

2407 2597 2505 2651 pos
2532 2590 2811 2649 totumque
2833 2578 3251 2633 ceclesiasticum
3276 2579 3517 2633 ordinent
3541 2579 3722 2641 fuerit,
3747 2569 3953 2650 planum

2411 2681 2767 2740 testatumque
2788 2668 2916 2723 facit
2950 2684 3071 2723 cum
3107 2670 3239 2725 alias
3270 2670 3585 2740 smpissime,
3611 2679 3726 2724 tum
3753 2673 3806 2724 in
3830 2674 3953 2725 libro

2410 2762 2785 2817 iElrrdiaholico
2813 2771 2992 2813 contra
3026 2760 3393 2829 Papatum,~de
3417 2776 3526 2830 quo
3549 2778 3714 2831 supra
3738 2780 3751 2826 ;
3776 2764 3864 2817 ubi
3891 2764 3955 2817 ita

2370 2922 2373 2925 b
2412 2853 2543 2907 furit
2584 2852 2807 2907 lslebius
2857 2848 3153 2922 Furippus,
3200 2848 3487 2921 interprete
3527 2846 3599 2907 ex
3649 2852 3957 2908 Germanico

2411 2942 2662 3020 Matthaso
2682 2940 2886 3003 iudice,
2914 2941 3305 2996 clamosissimo
3326 2952 3380 2995 et
3400 2943 3814 2998 seditiosissimo
3837 2958 3955 3012 prm-

2411 3033 2622 3086 dicante
2647 3049 2662 3085 :
2688 3031 2842 3084 Nunc
2881 3032 3039 3101 agite,
3079 3029 3110 3084 ό
3151 3030 3346 3097 Cmsar,
3390 3048 3549 3102 reges,
3594 3033 3873 3101 principes,
3915 3041 3957 3084 et

2416 3131 2702 3190 magnetes,
2750 3130 2799 3174 et
2842 3122 3129 3189 quicunque
3172 3117 3479 3190 prehendere
3518 3122 3752 3191 potestis,
3796 3135 3958 3190 appre—

2413 3210 2638 3264 henditc.
2696 3209 2977 3263 Maledicta
3022 3211 3090 3263 sit
3130 3227 3311 3264 inanus
3350 3213 3516 3265 otiosa
3561 3222 3611 3264 et
3648 3213 3853 3281 ignaua.
3900 3209 3955 3266 Et

2410 3302 2635 3370 primum
2667 3300 2849 3368 eripite
2875 3299 3108 3367 pontiﬁci
3145 3298 3382 3365 Romam,
3411 3299 3832 3363 Romandiolam,
3864 3297 3955 3353 Ur-

2413 3392 2611 3453 binum,
2643 3391 2953 3453 Bononiam,
2980 3401 3027 3443 et
3063 3392 3385 3461 onmia-quae
3412 3400 3545 3445 tenet
3575 3401 3624 3445 et
3651 3392 3872 3461 possidet
3907 3406 3956 3444 co

2413 3482 2616 3535 nomine
2640 3480 2775 3549 quod
2798 3480 3030 3548 pontifex
3061 3480 3162 3542 sit;
3189 3496 3305 3532 nam
3330 3480 3419 3532 ille
3454 3490 3528 3532 est
3558 3496 3823 3548 ppssessor
3853 3497 3957 3549 pcto

2413 3573 2560 3624 simae
2580 3569 2740 3638 ﬁdei;
2766 3569 3047 3621 mendaciis
3086 3585 3147 3621 ac
3182 3569 3453 3638 fraudibus
3481 3570 3755 3639 acquisivit
3776 3571 3953 3624 omnia-
4034 3604 4035 3607 η

2415 3657 2504 3721 At,
2524 3656 2648 3724 quid
2670 3654 2787 3706 dico
2808 3654 3089 3707 mendaciis
3114 3665 3171 3707 ct
3199 3656 3463 3708 cladibus?
3502 3654 3532 3708 Ι
3537 3671 3618 3707 mo
3641 3654 3956 3724 blasphemiis

2415 3745 2548 3810 suis,
2570 3752 2618 3796 et
2648 3740 2963 3795 idololatriis
2987 3740 3200 3810 imperio
3215 3726 3446 3795 Romano
3476 3742 3762 3806 subtraxit,
3796 3752 3845 3795 et
3875 3743 3957 3795 eri—

2415 3835 2550 3904 puit,
2586 3840 2635 3885 et
2655 3830 2754 3883 sibi
2790 3828 3028 3899 subjecit,
3064 3838 3111 3883 et
3146 3829 3390 3883 mercedis
3437 3829 3567 3901 loc/0.
3589 3845 3688 3883 sua
3721 3832 3955 3899 supersti-

2419 3924 2557 3975 tione
2587 3906 2881 3975 innumeras
2903 3920 3109 3971 animos
3134 3919 3202 3971 ad
3232 3918 3425 3987 inferos
3449 3918 3688 3983 deduxit,
3710 3920 3842 3973 sicut
3865 3906 3956 3987 ipse

2410 4010 2726 4081 jactitat,'d.
2768 4008 2854 4073 40,
2881 4023 2999 4077 cap.
3033 4009 3078 4060 si
3108 4025 3264 4077 papa,
3304 4016 3406 4062 etc.
3454 4006 3669 4075 Deinde,
3703 4012 3957 4080 magistra-

2422 4109 2502 4152 tus
2529 4098 2740 4152 debebat
2774 4092 3095 4167 pontiﬁcent:
3121 4108 3169 4152 et
3193 4098 3504 4165 cardinales,
3538 4109 3587 4153 et
3620 4101 3840 4171 reliquos
3858 4104 3955 4172 ejus

2419 4189 2639 4253 ordinis,
2671 4198 2717 4241 et
2745 4189 3149 4258 superstitionis,
3180 4198 3227 4242 et
3262 4191 3478 4259 impura:
3524 4192 3821 4245 sanctitatis
3846 4208 3954 4245 con-

2419 4288 2581 4333 sortes
2608 4296 2808 4348 capere,
2830 4280 3022 4349 eisque,
3048 4288 3101 4332 ut
3132 4278 3415 4349 blasphemi
3446 4276 3611 4333 solent
3645 4281 3845 4349 puniri,
3863 4280 3953 4332 lin-

2421 4385 2550 4439 guas
2584 4385 2674 4438 per
2703 4348 3306 4422 ceiviccm‘extralierec‘t
3341 4367 3726 4445 praecidere,“
3744 4366 3956 4436 patibulo

2422 4472 2509 4509 eas
2538 4472 2601 4509 ex
2645 4456 2837 4509 ordine.
2872 4456 3118 4525 redigere,
3160 4456 3229 4508 ad
3263 4451 3379 4508 eum
3408 4453 3560 4523 plane
3603 4457 3955 4526 modumque

2422 4548 2525 4617 ipsi
2548 4544 2705 4599 bullis
2727 4545 2836 4597 suis
2857 4545 3006 4613 signa
3031 4544 3528 4613 appenderesolent,
3553 4543 3675 4599 licet
3696 4546 3804 4601 lucc
3825 4538 3956 4617 parte

2425 4636 2572 4705 longe
2607 4633 2827 4702 inferior
2859 4640 2907 4686 et
2943 4633 3118 4685 mitior
3143 4642 3270 4687 esset
3304 4634 3533 4702 ipsorum
3571 4635 3894 4708 blasphemiis
3916 4647 3956 4693 α

2426 4714 2762 4779 idololatriis.
2802 4722 2900 4777 His
2934 4724 3031 4776 rite
3051 4726 3293 4792 peractis,
3316 4736 3484 4793 posset
3517 4727 3591 4781 eis
3613 4746 3739 4784 sane
3771 4728 3956 4785 concedi

2428 4816 2485 4869 ut
2510 4817 2566 4869 in
2583 4814 2813 4885 patibulo
2833 4816 2967 4869 inter
2986 4830 3179 4879 corvos,
3207 4825 3296 4868 aut
3322 4816 3382 4885 in
3402 4804 3611 4887 infcrnd
3636 4821 3771 4875 inter
3796 4821 3958 4875 diabo-

2427 4892 2525 4983 los,
2567 4914 2726 4959 unum
2759 4917 2850 4962 aut
2876 4916 3021 4977 quot,
3050 4922 3143 4976 pro
3186 4892 3446 4963 arbitratu
3474 4927 3590 4978 suo,
3619 4904 3821 4977 réllent,
3850 4910 3959 4964 cele-

2429 4994 2636 5067 brarent
2675 4997 2918 5052 concilia.

2499 5084 2553 5140 [η
2588 5086 2773 5141 eodem
2803 5088 2939 5145 libro
2962 5087 3043 5143 sic
3068 5088 3267 5144 insanit
3298 5102 3531 5144 vesanus
3563 5096 3805 5160 apostata
3828 5107 3840 5144 :
3862 5088 3953 5159 Ego

2427 5183 2565 5242 vero,
2596 5177 2643 5230 si
2673 5174 2896 5231 Cwsaris
2939 5194 3101 5231 essem
3134 5177 3268 5242 loco,
3304 5178 3399 5230 hoc
3448 5186 3683 5237 actutum
3729 5184 3953 5249 agerem:

2426 5276 2633 5319 cunctos
2656 5266 2926 5320 nebulones
2959 5266 3079 5320 illos
3108 5268 3353 5335 nefarios,
3393 5268 3708 5336 pontiﬁcem,
3730 5272 3952 5341 cardina-

2426 5354 2519 5420 les,
2556 5364 2605 5411 et
2640 5356 2861 5425 reliquos
2905 5356 3016 5424 ejus
3050 5356 3238 5423 farina:
3279 5355 3529 5421 homines,
3566 5373 3671 5412 una
3698 5363 3846 5430 quasi
3874 5378 3951 5414 ce-

2425 5450 2543 5496 tena
2572 5460 2823 5499 connexos
2856 5453 2905 5495 et
2936 5443 3243 5507 succinctos,
3287 5443 3427 5496 haud
3466 5443 3669 5516 longius
3713 5466 3865 5521 quam
3896 5448 3952 5501 ad

2425 5531 2529 5586 tria
2554 5533 2828 5599 milliaria,
2855 5531 3057 5587 Ostiam
3076 5534 3341 5599 nimirum,
3367 5534 3641 5607 abigerem,
3666 5541 3824 5596 soluti
3836 5540 3951 5601 enim

2424 5630 2473 5676 et
2513 5614 2778 5700 discincti,
2824 5624 2920 5685 uia
2946 5631 3055 5676 tam
3088 5623 3269 5693 procul
3297 5607 3497 5691 abirent
3530 5645 3589 5683 eo
3617 5646 3718 5702 quo
3758 5619 3948 5688 nollent.

2427 5704 2522 5766 Est
2544 5723 2716 5767 autem
2741 5713 2795 5764 in
2824 5728 2881 5764 eo
2916 5711 3028 5765 loco
3059 5713 3259 5780 piscina
3302 5718 3561 5787 quwdam,
3602 5737 3758 5791 quam
3794 5712 3951 5773 ιιιίά

2426 5818 2567 5855 mare
2619 5800 2935 5869 Tyrrhenum
2976 5813 3154 5856 vocant
3178 5840 3194 5868 η,
3248 5806 3456 5862 salubre
3510 5804 3749 5863 balneum
3793 5812 3949 5861 contra
