4098 6368
235 417 318 471 i9?

972 400 1483 465 PROLEGOMENA.
1541 429 1611 441 ——
1657 397 1991 454 APOLOGIA
2034 392 2171 451 Ρῐιο
2212 390 2561 451 GREGORIO
2595 392 2702 449 Vll.

3338 394 3436 453 198

232 518 386 581 anites
413 521 547 587 lues,
579 520 900 590 languores,
920 524 970 571 et
996 488 1196 569 morbos
1224 508 1505 566 immunda
1527 500 1791 561 sanctita-’
1811 512 1861 569 Α
1957 505 2015 561 ln
2041 506 2326 576 colloquiis
2355 506 2711 578 symposiacis
2740 476 2980 571 Lutheri,
3008 507 3164 561 titulo
3184 508 3249 561 de
3286 507 3438 564 Anti-

234 618 290 668 tis
313 613 690 683 pontiﬁcale,"
720 610 955 664 omnium
977 604 1330 661 cardinalium
1350 600 1588 658 etetotius
1611 596 1789 651 cathe-

230 708 327 758 dra
348 702 692 773 pestilentia.
725 699 862 753 Inid
883 715 995 753 vero
1020 699 1146 750 istos
1162 685 1465 748 mollissime
1486 688 1785 752 collocatos,

230 795 441 847 labarent
475 804 719 846 strenue.
750 790 903 856 Quod
931 790 976 842 si
1008 788 1319 856 contingeret
1350 792 1407 836 ut
1441 795 1629 850 aquam
1656 779 1789 847 ferre

229 885 574 946 abhorrerent,
622 878 1066 951 quemadmodum
1115 876 1249 929 male
1286 873 1465 943 feriati
1497 879 1545 923 et
1596 867 1789 920 obsessi

229 976 378 1030 solent
418 973 487 1026 ad
536 989 740 1043 aquam
782 970 1071 1039 trepidare,
1124 967 1327 1036 aliquid
1361 967 1472 1020 illis
1510 967 1790 1036 adjicerem

226 1068 469 1136 depetra,
497 1082 669 1133 supra
697 1080 855 1134 quam
881 1063 981 1131 ipsi
1010 1071 1059 1114 et
1088 1058 1322 1112 Ecclesia
1350 1075 1526 1112 eorum
1568 1058 1790 1127 [illldttla

226 1168 327 1221 est;
354 1158 459 1209 imo
484 1155 732 1208 claribus
762 1154 871 1207 illis
886 1151 1087 1222 aliquid
1106 1149 1450 1214 annectercm,
1475 1149 1657 1219 quibus
1679 1164 1790 1200 om-

223 1248 305 1325 }ia
328 1254 534 1315 possent
567 1245 793 1310 solvere,
832 1259 947 1313 qua:
969 1243 1022 1294 in
1052 1241 1200 1306 corlo,
1232 1242 1354 1293 etin
1385 1250 1522 1293 terra
1554 1246 1695 1303 sunt,
1732 1245 1789 1289 ut

224 1354 362 1408 aquae
390 1339 721 1407 imperarent
760 1351 876 1406 qua:
915 1334 1120 1396 uellent.
1179 1330 1456 1384 Pastorale
1498 1330 1659 1383 etiam
1702 1345 1789 1397 pe-

226 1430 338 1481 dum
363 1445 425 1482 ac
462 1429 680 1482 clavam
710 1428 819 1481 illis
856 1433 1112 1495 oporteret
1140 1425 1193 1476 in
1218 1424 1487 1491 procinctu
1514 1437 1642 1485 esse,
1674 1420 1790 1490 qui-

219 1516 311 1572 ﬁts
343 1535 497 1589 aqua
530 1519 883 1587 impingerent
914 1516 1119 1584 alapas,
1151 1515 1278 1567 adeo
1309 1528 1487 1582 graves
1523 1521 1578 1564 ut
1600 1512 1699 1563 sibi
1726 1526 1789 1563 ex

226 1626 304 1663 ore
347 1618 398 1662 et
444 1610 675 1662 naribus
720 1609 931 1679 sanguis
965 1608 1272 1661 exundaret.
1324 1604 1589 1656 Postremo
1628 1602 1787 1655 etiam

224 1716 333 1753 t‘ltll
358 1699 468 1753 illis
491 1701 747 1754 auderent
793 1716 987 1753 oascua
1014 1715 1131 1763 sua,
1188 1696 1373 1767 quibus
1412 1695 1469 1748 in
1513 1693 1696 1747 balneo
1735 1711 1788 1748 se

224 1799 505 1845 recrearent
557 1808 626 1844 ac
662 1791 950 1859 reﬁcerent,
982 1790 1229 1842 nimirum
1274 1787 1513 1841 universa
1556 1787 1784 1852 decreta,

223 1881 522 1947 decretalia,
555 1884 719 1948 sexti,
759 1881 1116 1945 Clementina’,
1149 1889 1565 1949 extravagantes,
1604 1877 1780 1942 bullte,

223 1972 580 2043 indulgentiae,
611 1973 810 2027 littera
831 1972 1114 2041 butgrales,
1148 1971 1396 2035 caseales,
1423 1970 1691 2034 lacteales,
1723 1970 1785 2022 de

223 2062 363 2113 collis
385 2064 629 2130 ipsorum
654 2079 941 2131 suspensa,
975 2070 1186 2132 propter
1212 2061 1564 2114 omnimodam
1585 2060 1782 2113 securi-

226 2162 397 2205 tatem.
425 2154 621 2205 Ausim
651 2154 857 2223 quidvis
892 2153 1163 2222 deponere,
1205 2152 1251 2205 si
1278 2168 1380 2204 non
1406 2151 1473 2204 ad
1507 2152 1784 2204 dimidiam

223 2242 395 2295 horam
420 2243 478 2296 in
496 2260 559 2298 eo
590 2244 781 2298 balneo
811 2245 866 2297 in
895 2244 1115 2313 fundum
1136 2242 1410 2307 submersi,
1442 2243 1505 2295 ab
1528 2244 1668 2296 omni
1690 2259 1785 2295 sua

222 2335 566 2403 egritudine,
623 2334 909 2405 languore,
948 2343 997 2388 et
1031 2332 1115 2388 lue
1157 2333 1461 2388 liberentur.
1510 2332 1634 2388 Hch
1674 2332 1784 2386 Lu-

220 2424 417 2478 therus.
1753 2481 1758 2486 _

286 2510 407 2577 Qui,
435 2522 497 2567 ut
539 2512 723 2583 inquit
749 2511 1031 2569 Mattheus
1073 2513 1243 2568 Iudex
1278 2513 1595 2582 praedicans,
1638 2529 1783 2564 eam-

220 2602 326 2654 deat
354 2605 673 2657 sententiam
693 2605 879 2673 paucis
896 2607 1046 2657 annis
1072 2614 1191 2658 ante
1212 2604 1407 2657 obitum
1436 2619 1587 2656 suum
1613 2603 1783 2672 pinsit

221 2693 534 2763 imaginibus
579 2695 716 2761 illis,
757 2712 873 2766 qua:
912 2694 1220 2766 Witebergce
1254 2697 1519 2763 impressae
1559 2704 1699 2759 sunt,
1734 2704 1784 2748 et

220 2793 389 2850 postca
412 2784 565 2840 lena:
610 2803 829 2853 recusa,
856 2788 909 2839 in
933 2787 1116 2857 quibus
1140 2788 1375 2857 pontifex
1405 2796 1453 2839 et
1488 2787 1783 2840 cardinales

221 2876 472 2942 patibulo,
500 2895 595 2931 seu
618 2895 773 2931 cruce
803 2879 1210 2946 suspenduntur,
1240 2877 1781 2930 circumt'olitantibus

222 2967 691 3034 cacudsemonibus,
736 2970 826 3038 qui
860 2951 1078 3022 animas”
1106 2984 1284 3021 eorum
1320 2968 1607 3037 excipiunt,
1645 2978 1693 3020 et
1728 2968 1782 3021 in

221 3059 476 3129 infernum
497 3061 767 3131 deferunt,
791 3060 886 3113 Itoc
910 3058 1331 3129 inscriptotitulo
1353 3074 1369 3111 :
1394 3058 1567 3129 Digna
1592 3075 1779 3113 merces

1889 599 2113 665 Christo,
2142 600 2343 653 mentio
2368 600 2426 653 ﬁt
2456 600 2703 669 imaginis
2739 598 2973 653 Lutbero
2994 599 3216 660 oblatae;
3248 599 3301 652 in
3330 614 3437 668 qua

1888 704 2025 761 papa
2061 690 2339 746 Romanus
2361 706 2483 745 cum
2513 690 2648 745 Juda
2678 707 2742 745 ex
2771 690 2957 744 loculis
2986 698 3035 743 et
3070 689 3302 744 claribus
3326 706 3437 745 suts

1890 799 2183 852 suspensus
2222 784 2511 837 visebatur.
2559 783 2780 838 Miriﬁce
2817 784 3014 853 placuit
3050 782 3284 837 Luthero
3324 782 3439 837 luce

1888 874 2085 944 elligies
2111 893 2124 937 ;
2153 875 2312 945 inque
2334 891 2455 929 cum
2480 891 2699 930 sensum
2739 876 2941 945 accepit
2972 875 3123 943 quasi
3149 874 3313 927 divini
3337 890 3438 927 nuo

1891 967 2053 1020 minis
2077 966 2225 1033 justa
2271 968 2503 1020 vindicta
2535 968 2792 1021 adversus
2820 983 3011 1036 papam
3038 966 3225 1031 fuerit;
3256 974 3315 1021 ut
3342 966 3436 1036 qui

1891 1057 2182 1113 Lutherum
2213 1075 2335 1112 cum
2378 1075 2478 1113 suo
2515 1058 2798 1128 Evangelio
2834 1059 3089 1113 damnare
3116 1075 3222 1113 non
3253 1058 3439 1113 formi-

1890 1151 2090 1217 dasset,
2116 1151 2306 1220 laqueo
2329 1150 2523 1221 dignus
2544 1166 2638 1220 per
2674 1150 2809 1204 hanc
2836 1150 3100 1219 picturam
3126 1136 3439 1203 declarare-

1890 1250 1998 1297 tur.
2599 1312 2602 1316 ,

1957 1333 2025 1387 At
2057 1333 2122 1389 de
2149 1334 2407 1389 conviciis
2436 1343 2489 1388 et
2518 1332 2856 1387 contumeliis
2876 1332 3183 1395 verborum,
3203 1330 3445 1399 etpictu-

1888 1441 2097 1489 rarum,
2136 1428 2333 1495 quibus
2365 1425 2654 1479 adversarii
2681 1424 2952 1477 Romanos
2981 1424 3258 1491 pontiﬁces
3286 1428 3441 1490 petu-

1887 1516 2189 1570 lantissime
2221 1528 2275 1569 et
2303 1515 2718 1585 ﬂagitiosissime
2762 1514 3067 1575 traducunt,
3114 1520 3167 1566 et
3206 1509 3443 1567 ludibrio

1888 1621 2154 1675 exponere
2181 1608 2417 1669 student,
2453 1606 2828 1675 copiosissime
2874 1620 2904 1658 a
2939 1603 3095 1658 nobis
3129 1603 3328 1657 dictum
3358 1608 3442 1657 est

1888 1698 1941 1752 in
1971 1706 2202 1767 quatuor
2224 1698 2485 1768 apologiis
2510 1706 2697 1752 contra
2721 1696 3002 1761 Misenum,
3031 1704 3085 1749 ct
3108 1697 3161 1749 in
3182 1710 3441 1763 responso

1889 1790 1953 1843 ad
1990 1790 2173 1844 theses
2218 1788 2553 1844 Hunnianas.
2586 1788 2700 1843 Non
2738 1804 2907 1858 pauca
2948 1788 3128 1842 itidem
3168 1788 3445 1857 attigimus

1888 1882 1979 1933 lib.
2010 1897 2067 1933 ιιι
2098 1879 2169 1933 De
2192 1880 2461 1949 pontiﬁce,
2502 1880 2589 1933 ubi
2619 1880 2683 1934 de
2704 1878 3033 1932 Antichristo
3054 1888 3251 1939 actum,
3285 1866 3442 1945 cujus
3480 1927 3485 1933 .

1886 1972 2171 2025 occasione
2216 1972 2519 2025 istiusmodi
2550 1970 2833 2024 maledicta
2880 1978 2933 2023 et
2978 1968 3272 2033 mendacia,
3321 1983 3444 2038 quin

1886 2062 2098 2117 sectarii
2134 2061 2331 2115 inﬂatis
2353 2061 2599 2116 faucibus
2626 2069 3129 2131 ercpant,quantum
3152 2061 3283 2117 satis
3304 2068 3439 2127 erat,

1885 2156 2269 2225 castigavimus
2302 2166 2354 2209 ct
2386 2156 2809 2226 proﬂigavimus.
2870 2206 2875 2211 .

1957 2246 2193 2301 Tametsi
2220 2256 2397 2301 autem
2431 2248 2689 2313 haeretici,
2727 2248 2827 2302 hac
2870 2256 3203 2317 tempestate,
3234 2249 3287 2302 in
3330 2246 3441 2302 Ro-

1886 2355 2077 2393 manos
2100 2340 2355 2406 praesules
2384 2356 2599 2393 summo
2646 2338 3137 2393 furoreincurrunt
3166 2348 3219 2392 ct
3242 2340 3442 2394 debac-

1883 2430 2132 2492 chantur,
2162 2428 2516 2483 nihilominus
2550 2430 2813 2498 quosdam
2855 2444 2919 2481 ex
2961 2444 3157 2505 eorum.
3194 2444 3356 2483 censu
3388 2438 3446 2485 et

1883 2520 2072 2573 ordine
2099 2520 2427 2591 delegerunt,
2459 2535 2595 2589 quos
2631 2519 2981 2588 impotentius
3001 2527 3055 2572 ct
3081 2519 3444 2587 impudentius

1886 2610 2283 2664 insectarentur
2321 2621 2375 2665 ct
2416 2610 2675 2665 conviciis
2714 2611 3090 2665 dilacerarent.
3135 2608 3212 2664 Ex
3249 2612 3444 2665 borum
3538 2666 3543 2669 μ

1885 2718 2109 2755 numero
2137 2702 2437 2772 praecipuus
2458 2718 2577 2757 esse
2615 2700 3141 2772 videtur'Grcgorius
3162 2700 3271 2767 Vll,
3296 2704 3446 2773 prius

1886 2793 2282 2846 llildebrandus
2303 2794 2498 2857 dictus,
2522 2794 2615 2862 qui
2640 2794 3007 2863 pontiﬁcatum
3030 2794 3151 2867 iniit
3171 2810 3313 2849 anno
3341 2794 3445 2849 Re-

1882 2883 2345 2951 demptori51073,
2365 2892 2611 2939 mortuus
2623 2898 2765 2937 anno
2785 2884 2938 2948 1085,
2960 2885 3244 2953 utquidem
3263 2885 3443 2939 cardi-

1882 2968 2019 3022 nalis
2032 2966 2297 3021 Baronius
2312 2975 2457 3020 tomo
2470 2965 2762 3035 lltempora
2781 2976 2950 3036 putat.
2968 2966 3443 3037 Huncpoutiﬂcem

1883 3060 1953 3114 ita
1986 3058 2185 3129 passim
2207 3068 2473 3113 venenato
2501 3072 2601 3113 suo
2618 3073 2730 3121 ore,
2755 3057 2913 3127 stylo,
2937 3058 3146 3113 calamo
3172 3057 3440 3128 ﬂagellant

221 3166 363 3220 papa
394 3148 754 3218 Sathanismi,
787 3161 836 3205 et
865 3151 1215 3205 cardiualium
1238 3168 1472 3217 suorum,
1504 3151 1585 3204 his
1608 3152 1780 3220 subje-
1807 3166 1850 3225 ρ
1882 3151 2119 3215 sectarii,
2148 3158 2208 3205 ut
2232 3166 2354 3207 eum
2377 3150 2465 3203 vix
2493 3149 2675 3205 sinant
2701 3165 2821 3204 esse
2851 3149 3155 3216 hominem;
3183 3150 3273 3204 sed
3310 3166 3439 3220 pto-

220 3242 313 3294 ctis
344 3242 604 3313 rhythmis
635 3241 963 3297 Germanicis
989 3258 1006 3295 :

351 3332 475 3387 Wie
505 3331 723 3387 zeitlich
756 3332 998 3403 gestraﬂ‘t
1022 3331 1129 3386 soit
1150 3332 1362 3385 werden

350 3420 518 3491 Bapst
544 3422 656 3477 und
686 3420 1064 3489 Cardinalauf
1092 3421 1287 3489 Erden,

348 3510 438 3566 lbr
464 3512 775 3585 Lasterung
802 3514 1076 3593 vet-dieth
1113 3515 1221 3578 bet,

353 3601 476 3659 Wie
509 3604 598 3659 ihr
626 3604 797 3660 Recbt
823 3605 909 3659 hie
942 3594 1174 3675 geminet
1197 3605 1353 3659 steht.

351 3691 511 3757 Quod
546 3696 595 3748 si
614 3711 766 3763 pozna
793 3692 1054 3762 corporali
1210 3702 1213 3705 '

351 3783 511 3838 Nunc
534 3794 708 3839 essent
729 3785 986 3855 aﬂ'iciendi

353 3874 421 3929 Et
443 3877 750 3931 cardinales
783 3888 832 3933 et
854 3895 1013 3949 papa,
1078 3871 1090 3877 ’

362 3968 492 4023 Vere
520 3986 705 4023 eorunt
731 3956 1055 4039 blasphemia

354 4063 528 4123 Istam
566 4066 759 4117 merita
798 4064 1078 4118 mercedem

354 4153 533 4220 Quam
559 4156 641 4208 sic
662 4154 832 4208 cernis
862 4154 946 4207 hic
976 4154 1255 4223 depictam.

284 4246 404 4306 Haec
444 4248 694 4305 nefarius
714 4247 882 4303 iudex
911 4248 977 4303 de
1004 4247 1265 4318 sacrilego
1292 4246 1545 4301 Luthero.
1576 4246 1707 4313 Quae
1727 4255 1782 4301 et

218 4338 725 4421 Schlusselburgius
755 4342 891 4396 libro
929 4342 996 4397 de
1032 4341 1430 4412 Adiaphoristis
1470 4340 1678 4409 repetit,
1712 4353 1779 4393 ne

215 4431 536 4487 ssdittonum
562 4431 811 4487 scintilla:
830 4432 958 4486 olim
980 4446 1219 4486 accensa:
1240 4432 1669 4498 exstinguantur.

1886 3241 1971 3294 cul
1999 3238 2137 3292 infra
2166 3240 2412 3293 naturam
2439 3248 2493 3293 et
2514 3240 2823 3311 societatem
2848 3240 3138 3293 humanam
3166 3241 3437 3309 ablegent:

1881 3331 2072 3385 ducem
2103 3337 2156 3384 et
2190 3330 2461 3399 auspicem
2495 3331 2664 3385 secuti
2693 3331 2884 3399 partim
2909 3330 3127 3385 insitam
3159 3331 3259 3385 sibi
3287 3347 3437 3385 men-

1882 3422 2085 3484 tiendi,
2120 3431 2173 3475 et
2216 3436 2405 3475 omnes
2456 3420 2740 3490 pontiﬁces
2792 3419 3066 3475 Romanos
3118 3420 3437 3475 criminandi

1881 3512 2243 3584 pruriginem;
2291 3510 2488 3580 partim
2539 3509 2845 3564 Bennonem
2885 3510 3438 3579 pseudocardinalem,

1880 3604 1974 3675 qui
2003 3605 2068 3659 dc
2093 3603 2351 3673 Gregorio
2373 3601 2463 3655 Vll
2486 3603 2933 3673 commentarium
2963 3602 3256 3657 mendaciis
3285 3612 3338 3657 et
3367 3602 3443 3656 in-

1792 3728 1837 3739 --
1881 3697 2036 3753 scitia
2082 3694 2498 3750 refertissimum
2538 3694 3113 3775 posteritatiraliquit,
3159 3710 3340 3763 quem,
3381 3703 3440 3749 ut
3506 3748 3509 3751 ἰ

1780 3804 1783 3807 ‘
1880 3804 2143 3859 gemmam
2173 3786 2638 3856 pretiosissimam,
2660 3787 2904 3854 catalogo
2932 3786 3147 3839 testium
3176 3785 3437 3840 Lutbera-

1880 3895 1963 3934 nae
1997 3877 2237 3932 veritatis
2258 3876 2501 3948 Illyricas
2524 3876 2788 3942 intexuit;
2820 3891 2884 3930 ex
2916 3890 3025 3945 quo
3047 3875 3441 3931 ccnturiatorcs

1868 3981 2095 4037 quoque
2115 3963 2453 4019 undecimam
2478 3979 2629 4019 suam
2648 3964 2943 4019 centuriam
2967 3964 3255 4016 multarum
3280 3978 3441 4040 pseu-

1879 4058 2214 4128 dolog'arum
2237 4063 2291 4110 et
2310 4055 2748 4110 criminationum
2780 4052 3089 4109 accessione
3123 4050 3438 4118 locupletio-

1879 4163 1991 4202 rem
2015 4146 2392 4208 reddiderunt;
2415 4160 2523 4213 quo
2540 4145 2760 4210 insuper
2780 4140 3010 4194 Wolﬁus
3031 4140 3432 4195 mendaciorum
3468 4197 3478 4210 ρ

1877 4253 2101 4295 suorum
2136 4235 2501 4290 centenarium
2527 4233 2867 4287 undecimum
2891 4232 3169 4302 insigniter
3203 4247 3434 4286 exorna-

1877 4330 1971 4383 vit.
2009 4326 2179 4393 Quem
2214 4327 2340 4381 item
2372 4325 2635 4381 Reinerus
2664 4323 2981 4395 Reineccius
3012 4322 3322 4379 Luthcauus
3352 4324 3431 4377 v.l

1878 4420 2229 4476 Calvinianus
2244 4420 2551 4483 hazrcticus,
2566 4432 2709 4472 anno
2720 4406 2909 4470 salutis
2922 4415 3046 4469 1081
3061 4458 3075 4479 ,
3094 4415 3433 4470 Francofu’rti

278 4520 463 4593 Neque
485 4523 665 4578 solum
691 4521 958 4577 Lutherus
978 4522 1248 4577 coloribus
1270 4520 1613 4588 supplicium,
1634 4520 1785 4597 quod,
1808 4501 1855 4572 ἶ)
1882 4530 2005 4570 cum
2042 4511 2322 4567 Helmoldo
2362 4520 2415 4565 et
2459 4509 2697 4563 Arnoldo
2736 4507 3031 4561 Lubecensi
3064 4507 3255 4560 iterum
3292 4509 3432 4577 typis

211 4626 377 4681 papa,
407 4611 803 4677 cardinalibus,
834 4611 1105 4681 episcopis
1126 4618 1179 4664 et
1218 4610 1471 4664 omnibus
1515 4610 1772 4664 ecclesia-

211 4701 358 4757 sticis
398 4700 756 4771 inﬂigcndum
793 4701 1065 4767 censebat,
1115 4700 1503 4755 etiormandum
1543 4702 1771 4770 curavit,

210 4791 300 4847 sed
335 4792 443 4848 alia
474 4808 585 4847 non
615 4807 807 4862 pauca,
848 4802 969 4863 qua:
998 4791 1347 4863 spurcissimo
1383 4797 1438 4844 et
1478 4788 1773 4847 lmdissim‘e

212 4891 392 4939 contra
423 4899 623 4963 papam
648 4898 716 4939 eo
740 4884 794 4937 in
817 4881 1307 4963 libtoeructaverat
1330 4881 1542 4953 depingi
1572 4882 1768 4950 voluit;

209 4988 327 5043 Ilua
349 4976 578 5046 picturae
603 4975 738 5028 adeo
763 4984 888 5028 sunt
913 4975 1087 5040 Γαβὰθ,
1118 4985 1325 5044 spurcae
1337 4975 1773 5029 etabominandas

212 5072 290 5130 It.
313 5075 451 5124 teste
470 5066 595 5137 ipso
630 5063 865 5137 Illyrico,
902 5066 964 5119 in‘
993 5064 1173 5119 libello
1200 5074 1393 5119 contra
1416 5064 1771 5121 Interimistas

210 5158 265 5209 et
292 5154 729 5226 Adiapltoristas,
776 5153 929 5209 multi
958 5169 1023 5209 ex
1067 5152 1392 5208 Lutheranis
1420 5170 1606 5208 earum
1644 5171 1773 5210 con-

212 5247 733 5317 speetugravissime
756 5244 946 5301 oﬂ‘ensi
975 5242 1195 5308 fuerint,
1225 5251 1505 5313 totumque
1528 5245 1630 5298 hoc
1641 5260 1771 5299 con-

212 5337 554 5393 tumeliarum
582 5334 867 5391 infandum
891 5351 1060 5408 genus
1087 5349 1152 5389 ex
1192 5343 1319 5403 potu
1351 5334 1433 5387 vel
1461 5335 1611 5390 senio
1637 5334 1770 5389 deli—

210 5427 461 5498 rantijam
474 5425 719 5482 Luthero
732 5427 1113 5498 assignandum
1126 5426 1768 5496 existimaverint,quam-

211 5515 576 5591 vislllyricus,
619 5524 685 5571 ut
722 5526 841 5573 erat
871 5532 1069 5573 crassae
1106 5516 1355 5572 Minerva:
1401 5515 1564 5581 ﬁlius,
1596 5517 1768 5586 longe

210 5607 361 5664 aliter
382 5615 611 5673 statuat,
647 5614 705 5661 et
745 5606 877 5664 istas
912 5606 1135 5663 Lutheri
1165 5607 1427 5679 imagines
1460 5605 1513 5659 in
1552 5605 1682 5659 hara
1713 5613 1767 5658 et

212 5696 388 5755 cloaca
428 5695 631 5769 pictas,
660 5701 869 5750 tantum
900 5712 1006 5752 non
1036 5698 1242 5763 adoret,
1272 5706 1457 5753 contra
1488 5694 1762 5766 proprium

212 5786 457 5873 sucida
484 5785 822 5861 imaginibus
846 5803 951 5843 nou
981 5782 1268 5846 adorandis
1289 5789 1581 5845 decretum.

1876 4603 2248 4660 excudendum
2282 4601 2519 4662 curavit;
2559 4597 2695 4667 quod
2723 4613 2913 4665 pauca,
2943 4605 3002 4651 ut
3034 4598 3128 4663 ait,
3170 4598 3429 4653 Bcnnonis

1873 4702 2195 4765 superessent
2242 4690 2583 4760 exemplaria,
2636 4689 2825 4759 grandi
2865 4689 3069 4743 scilicet
3126 4688 3430 4755 reipublicm

1872 4784 2192 4840 Christiana:
2210 4782 2451 4851 jactura;
2477 4780 2632 4849 cujus
2654 4781 2879 4834 multum
2909 4779 3148 4843 interest,
3170 4776 3429 4846 uthujus-

1872 4876 2017 4931 modi
2038 4876 2434 4930 calumniarum
2468 4884 2723 4929 centones
2767 4872 2960 4925 durent
3005 4883 3068 4922 ac
3108 4877 3423 4937 perennent,

1873 4977 1936 5023 ut
1965 4967 2056 5038 qui
2082 4965 2448 5023 calumniandi
2473 4973 2526 5019 et
2548 4960 3021 5017 mentiendiartem
3044 4958 3252 5015 discere
3272 4969 3325 5015 et
3348 4959 3426 5016 fa-

1872 5061 2063 5116 ctitare
2074 5058 2330 5127 cogitant,
2344 5049 2634 5122 exemplar,
2658 5051 2942 5121 etquidem
2971 5050 3422 5121 perfectissimum

1874 5154 1927 5207 in
1962 5150 2105 5220 quod
2135 5148 2445 5201 intueantur
2480 5152 2533 5198 et
2559 5159 2681 5217 cum
2710 5157 2819 5213 quo
2844 5158 2902 5197 se
2931 5141 3289 5206 conforment,
3323 5141 3421 5195 ha-

1872 5243 2079 5384 bentis
2128 5327 2233 5383 hos
2280 5341 2471 5381 omnes
2514 5338 2658 5378 anno
2695 5317 2907 5374 Domini
2945 5318 3083 5372 1535
3132 5317 3422 5387 publicavit

1871 5424 2177 5479 Bennonem
2208 5417 2508 5474 Ortbuiuus
2535 5412 2751 5468 Gratius
2772 5424 2895 5463 cum
2932 5409 3055 5463 aliis
3094 5406 3417 5477 quibusdam

1868 5514 2009 5569 male
2030 5511 2179 5567 sanis
2205 5507 2427 5570 chartis,
2469 5518 2606 5574 quas
2628 5508 2704 5565 se,
2737 5498 2942 5565 nescio,
2985 5499 3038 5552 in
3070 5510 3177 5566 quo
3222 5510 3387 5549 manu
3407 5524 3419 5535 ς

1867 5604 2069 5672 scripto
2098 5599 2281 5656 codice
2310 5596 2573 5665 reperisse
2594 5594 2739 5649 dicit.
2768 5583 3122 5645 Bcllarminus
3143 5584 3421 5655 probabile

1865 5694 2156 5748 arbitratur
2180 5689 2323 5744 hunc
2348 5688 2563 5754 libmm,
2608 5686 2763 5741 titulo
2800 5679 3085 5743 Bennonis,
3128 5678 3196 5733 ab
3239 5677 3421 5747 aliquo

1867 5783 2117 5841 δίει-ειὶςο
2137 5780 2446 5836 Luthcrano
2475 5778 2641 5835 fuisse
2670 5776 2957 5833 conﬁctam
2990 5770 3053 5843 et!
3069 5770 3416 5843 publicatum.
