4098 6424
629 493 729 550 190

1851 480 1906 537 S.
1944 478 2337 538 θηεςοωυε
2370 477 2459 534 νη
2493 477 2690 533 PAPA.

3664 443 3857 537 “eos

631 605 963 663 Vociferatur
999 602 1256 658 Sutlivius
1290 618 1303 654 :
1339 596 1668 653 Mendacium
1713 603 1761 647 et
1809 593 2186 662 impudentiam
2216 597 2259 651 Α
2286 592 2447 662 vulgo
2471 597 2717 660 quartum
2740 586 3074 658 appellitant,
3110 585 3369 659 Gregorio
3386 587 3629 661 legitimo
3651 592 3858 661 pastori

630 694 936 750 Dellarmini
963 690 1226 759 redarguit
1261 686 1549 742 Orthuinus
1581 682 1794 737 Gratius
1821 683 1875 735 in
1912 679 2191 735 Fasciculo

631 786 803 839 rerum
847 779 1251 850 expetendarum
1299 785 1349 830 et
1416 773 1806 845 fugiendorum,
1860 770 1948 839 qui
2000 767 2193 821 librum

629 874 916 938 lmnc,licct
940 871 1136 939 alioqui
1163 867 1399 939 pontiﬁci
1421 860 1991 928 amicissimus,edidit.
2019 858 2191 925 Quam

632 962 847 1017 Gratius
878 958 1121 1013 Romano
1150 952 1387 1025 pontifici
1410 953 1620 1006 amicus
1645 948 1828 1014 fuerit,
1861 947 2196 1015 satissuper-
2230 955 2243 962 “

632 1065 737 1120 quc
767 1048 968 1102 indicat
993 1042 1321 1107 Fasciculus,
1350 1041 1430 1093 vel
1453 1040 1635 1109 potius
1670 1038 1833 1107 fascis
1860 1036 1949 1090 ille
1974 1035 2197 1099 calum-

633 1140 847 1193 niarum
881 1143 935 1189 et
964 1131 1425 1193 criminationum,
1454 1142 1616 1198 quem
1643 1125 1839 1196 exiguo
1866 1139 1997 1179 sane
2052 1123 2197 1178 bono

634 1228 907 1290 Ecclesiae,
938 1235 991 1279 et
1018 1224 1164 1278 nullo
1191 1237 1314 1277 cum
1348 1221 1555 1274 honore
1581 1232 1685 1273 suo
1730 1217 1785 1271 in
1806 1216 1983 1270 lucem
2027 1213 2193 1269 dedit.

635 1318 806 1386 Quam
832 1311 1520 1384 bonumfactumfeeisset,
1559 1309 1605 1363 si
1644 1308 1885 1364 codicem
1932 1306 2082 1360 illum
2131 1305 2198 1359 ti-

636 1410 750 1464 reis
775 1415 829 1460 et
858 1405 1039 1459 blattis
1059 1401 1459 1471 deposcendum
1491 1397 1821 1475 reliquisset.
2167 1406 2173 1411 ·

704 1496 811 1553 Nec
842 1497 979 1551 bona
1005 1503 1088 1549 cst
1124 1494 1237 1547 hsce
1266 1489 1610 1555 consecutio;
1643 1502 1743 1541 nec
1773 1484 2082 1551 Bellarmini
2107 1500 2200 1541 su-

636 1590 750 1644 saic
772 1603 930 1642 onem
964 1592 1189 1639 enervat
1212 1601 1226 1636 :
1256 1580 1545 1635 Orthuinus
1566 1578 1729 1633 edidit
1758 1576 2054 1632 Bennonem
2078 1591 2097 1629 :
2116 1592 2200 1631 er-

637 1694 699 1743 go
729 1692 831 1729 non
870 1684 944 1727 cst
969 1674 1033 1726 ab
1062 1672 1239 1740 aliquo
1280 1669 1579 1721 Lutherano
1628 1666 1907 1735 conﬁctas,
1954 1679 2080 1719 nam
2130 1663 2201 1718 ab

635 1777 780 1818 anno
803 1762 1014 1815 Domini
1042 1759 1171 1814 15ιῖ
1196 1770 1367 1826 usque
1389 1756 1455 1810 ad
1479 1770 1682 1809 annum
1712 1752 1850 1808 1555⁵
1865 1750 2064 1826 varia‘a
2093 1749 2202 1806 Lu-

636 1854 874 1909 theranis
893 1850 1124 1917 confingi
1148 1854 1456 1918 potuerunt,
1488 1855 1542 1899 et
1566 1844 1741 1914 reipsa
1764 1830 1948 1898 itidem
1969 1843 2200 1897 conﬁcta

2291 690 2636 752 opposuerat.
2664 679 2723 734 lu
2754 680 2932 750 primo
2961 680 3146 751 itaque
3188 679 3284 734 lib.
3330 679 3410 736 sic
3433 682 3724 752 compellat
3748 682 3859 740 An.

2291 774 2494 828 selmus
2536 771 2851 828 Guibertum
2901 768 3457 841 pseudopontificem:
3508 770 3638 827 Noli
3685 773 3861 845 itaque

2291 863 2481 928 dicere,
2533 863 2658 933 quia
2690 855 3002 916 universalis
3023 859 3273 916 Ecclesite
3311 876 3494 914 curans
3515 864 3861 933 suscepimus.

2294 952 2563 1018 Quomodo
2593 952 2730 1005 enim
2780 951 2875 1005 tibi
2931 951 3206 1004 commissa
3258 959 3336 1005 est
3382 949 3663 1005 Ecclesia:
3711 969 3864 1023 quem

2294 1051 2496 1096 constat
2523 1058 2625 1096 non
2646 1042 2870 1095 intrasse
2890 1056 2981 1110 per
3005 1041 3216 1105 ostium,
3233 1042 3370 1110 qstod
3396 1038 3639 1096 Christus
3657 1051 3759 1109 est,
3775 1046 3863 1099 sed

2294 1132 2508 1187 aliunde
2529 1131 2844 1195 ascendisse,
2875 1139 2932 1183 ut
2955 1131 3122 1200 furem
3142 1130 3168 1183 Ρ
3199 1128 3379 1200 (Joan.
3414 1144 3506 1195 ιι,
3532 1130 3609 1201 1.)
3637 1130 3866 1202 Apost»

2295 1222 2399 1277 lica
2422 1223 2580 1287 enim,
2610 1230 2660 1275 et
2683 1219 2990 1275 universalis
3013 1218 3251 1275 Ecclesia
3272 1235 3425 1273 suum
3441 1220 3662 1275 habebat
3686 1231 3868 1291 pasto-

2296 1330 2421 1368 rem.
2463 1310 2532 1367 Ut
2555 1312 2693 1365 enim
2719 1310 2783 1365 de
2810 1309 2875 1364 B.
2918 1308 3186 1379 Gregorio,
3221 1318 3368 1379 patre
3394 1345 3399 1349 -
3421 1319 3618 1376 nostro,
3667 1313 3865 1381 dicam,

2295 1420 2411 1475 quce
2422 1394 2494 1459 'de
2515 1399 2756 1498 (Eoi-uelit)
2778 1401 2991 1498 pcripsit
3012 1399 3307 1471 Cyprianus
3332 1415 3350 1453 :
3375 1399 3548 1469 factus
3568 1410 3647 1455 est
3667 1404 3870 1472 episco-

2296 1512 2392 1566 pus
2425 1494 2489 1547 de
2512 1492 2611 1546 Dei
2634 1499 2683 1546 et
2705 1489 2904 1547 Christi
2936 1490 3052 1559 ejus
3068 1489 3294 1560 judicio,
3316 1490 3381 1542 de
3411 1489 3724 1545 clericorum
3742 1508 3868 1561 pene

2299 1585 2551 1647 omnium,
2585 1592 2654 1646 et,
2686 1590 2743 1635 at
2770 1596 2945 1635 rerum
2965 1581 3162 1645 dicam,
3189 1579 3401 1633 omnino
3439 1581 3674 1635 omnium
3721 1584 3868 1637 testi-

2300 1676 2495 1738 monio,
2529 1672 2593 1726 de
2618 1660 2955 1742 plcbis,’cqute
2975 1681 3096 1724 tunc
3119 1669 3313 1739 adfuit,
3342 1669 3619 1741 suﬁ'ragio,
3666 1672 3731 1726 de
3774 1688 3869 1732 sa-

2299 1765 2563 1820 cerdotum
2596 1763 2931 1832 antiquorum
2955 1770 3005 1815 et
3040 1760 3272 1813 uirorum
3321 1758 3573 1812 bonorum
3624 1760 3868 1832 collegio,

2302 1870 2419 1908 cum
2444 1867 2592 1906 nemo
2612 1861 2733 1906 ante
2753 1867 2807 1904 se
2829 1851 3002 1919 factus
3036 1857 3189 1915 esset,
3219 1863 3339 1902 cum
3368 1847 3659 1904 Alexandri
3693 1851 3869 1919 locus,

636 1952 782 1999 sunt.
814 1940 1010 1997 Necea
1036 1941 1233 2002 solum,
1260 1951 1385 2005 qum
1422 1933 1720 1988 Lutherum
1770 1928 2198 1996 antecesserunt,

2299 1943 2468 2007 Petri,
2505 1943 2583 1996 uel
2614 1941 2809 2013 gradus
2829 1940 3089 1995 cathedra:
3110 1937 3453 1994 sacerdotalis
3474 1948 3703 1995 uacaret.
3750 1940 3872 2006 Quo

636 2032 867 2101 conjecit
896 2029 1113 2085 Gratius
1138 2028 1191 2080 in
1216 2039 1375 2080 suum
1400 2022 1760 2087 Fasciculum,
1783 2020 1880 2075 sed
1898 2027 1953 2074 et
1971 2020 2076 2074 alia
2096 2017 2200 2074 Lu-

638 2123 791 2176 theio
814 2120 1145 2191 synchrona;
1179 2112 1237 2170 ut
1266 2125 1533 2170 testantur
1558 2111 1874 2167 Crocamina
1906 2110 2200 2167 Gemtaniar

637 2210 689 2263 in
713 2209 945 2264 comitiis
969 2203 1508 2274 Norimhergensihus
1532 2202 1742 2267 oblata;
1760 2199 1986 2271 epistola
2007 2199 2200 2254 Adria-

637 2301 689 2354 ni
744 2297 895 2351 \'la~l
935 2296 1204 2366 principes
1245 2293 1563 2357 Germanos,
1606 2290 1928 2347 declamatio
1979 2287 2198 2343 llutteni

634 2397 822 2444 contra
848 2387 1191 2440 donationem
1216 2382 1576 2439 Constantini.
1602 2380 1918 2436 Constitutio
1939 2379 2009 2433 ad
2034 2395 2201 2433 remo-

636 2479 820 2533 uendus
842 2481 1056 2539 abusus,
1093 2483 1141 2528 et
1168 2473 1429 2527 ordinatio
1458 2472 1526 2524 ad
1560 2473 1717 2526 vitam
1752 2472 1877 2524 clcri
1911 2470 2199 2538 reforman-

635 2569 778 2633 dam,
806 2565 1078 2620 Laurentii
1101 2563 1412 2626 cardinalis,
1440 2570 1492 2617 et
1512 2562 1616 2615 alia
1634 2561 1794 2631 hujus
1816 2560 2043 2630 generis.
2064 2556 2199 2625 Nam

634 2660 778 2729 quoi
817 2656 1077 2710 Sullivius
1106 2654 1257 2718 dicit,
1293 2653 1490 2707 similia
1517 2652 1879 2707 Bcnnouianis
1911 2650 1976 2705 de
1999 2650 2199 2711 Grego-

574 2730 587 2742 O
636 2751 716 2805 rio
740 2748 903 2803 scribi
924 2747 987 2798 ab
1013 2742 1369 2813 Urspergensi,
1402 2752 1450 2795 et
1477 2740 1760 2812 Sigebcrto,
1782 2751 1832 2793 ct
1864 2750 2076 2794 auctore
2112 2738 2201 2793 Vi-

635 2851 703 2895 ue
748 2838 1108 2901 Henriciunw,
1155 2833 1440 2904 impudens
1492 2841 1855 2896 commentum
1903 2839 2004 2886 est.
2053 2829 2201 2884 Licet

634 2932 775 2993 enim
808 2925 1191 2998 Ui'spergensis
1228 2923 1488 2993 Gregorio
1519 2938 1707 2991 parum
1745 2922 2034 2975 benevolus
2083 2919 2199 2975 fue-

634 3023 726 3085 rit,
757 3020 1035 3086 multoque
1069 3016 1251 3070 minus
1277 3011 1607 3083 Sigebertus,
1638 3020 1825 3066 neuter
1856 3020 2034 3066 tamen
2076 3011 2198 3065 illo-

635 3127 754 3167 rum
797 3107 1135 3164 horribilium
1170 3104 1457 3159 criminum
1492 3102 1559 3157 de
1620 3103 1816 3172 quibus
1862 3117 1894 3156 a
1945 3100 2200 3156 Bennone

634 3211 942 3263 accusatur,
973 3211 1099 3252 eum
1147 3194 1508 3260 insimulavit;
1540 3193 1648 3246 imo
1705 3207 1804 3246 nec
1844 3201 2032 3246 auctor
2067 3190 2200 3246 Vita

635 3292 969 3348 lleuriciana:
991 3302 1163 3359 neque
1183 3287 1344 3339 etiam
1371 3286 1415 3339 is
1436 3285 1529 3354 qui
1554 3300 1652 3353 pro
1676 3282 1904 3338 Henrico
1928 3281 1994 3335 IV
2019 3283 2204 3352 apolo-

634 3386 775 3454 giam
810 3379 1156 3450 conscripsit,
1191 3386 1250 3430 ut
1279 3375 1418 3430 infra
1448 3376 1563 3429 suis
1612 3374 1747 3429 locis
1786 3375 2037 3441 monebo.
2095 3372 2203 3428 Nec

636 3476 739 3529 nisi
784 3469 1034 3542 pet-fricta
1090 3467 1268 3520 fronte
1326 3464 1588 3519 Suilii-ius
1628 3463 2201 3533 Schall‘naburgensem

632 3566 890 3636 opponit:
923 3561 1057 3621 nihil
1082 3558 1225 3614 enim
1257 3558 1308 3611 in
1337 3572 1402 3612 eo
1433 3555 2116 3625 Bennonianum'apparet,
2144 3564 2204 3607 ut

634 3670 734 3709 nec
759 3650 1146 3713 in'ﬂelmoldo,
1176 3662 1410 3717 quorum
1442 3645 1509 3699 de
1533 3643 1792 3715 Gregorio
1816 3641 1907 3695 γιι
1954 3643 2199 3696 testimo-

636 3746 724 3799 nia
748 3743 907 3814 paulo
931 3749 1056 3811 post
1077 3738 1462 3809 producentur.

706 3857 854 3911 Licet
910 3863 1089 3908 autem
1139 3849 1429 3904 cardinalis
1485 3845 1845 3901 Bellarminus’
1883 3843 1979 3912 lib.
2026 3859 2079 3895 vr
2127 3841 2204 3907 De

635 3944 909 4016 pontifice,
936 3957 1053 4009 cap.
1087 3941 1172 4004 l5,
1198 3937 1517 4006 Gregorium
1543 3945 1793 3990 nostrum
1820 3931 2203 4007 capiosissime

635 4044 691 4089 et
713 4030 1022 4087 doctissime
1045 4029 1113 4082 ab
1140 4027 1513 4080 licereticorurn
1541 4022 2014 4078 criminationibus
2049 4033 2202 4075 asse-

635 4122 824 4185 rucrit,
848 4119 1025 4174 allatis
1049 4115 1297 4186 plurimis
1323 4113 1497 4183 iisque
1535 4102 1872 4182 gravissimis
1921 4105 2203 4177 scriptori-

639 4212 759 4274 bus,
785 4213 1016 4277 quorum
1059 4205 1214 4257 mulli
1256 4217 1323 4255 eo
1364 4203 1482 4270 ipso
1536 4199 1736 4254 sreculo
1782 4199 2053 4264 vixerunt,
2093 4211 2202 4266 quo

638 4296 925 4366 Gregorius
958 4291 1309 4362 apostolicam
1339 4288 1520 4342 sedem
1542 4288 1703 4351 rexit,
1729 4295 1785 4340 et
1817 4286 2012 4355 partim
2065 4300 2204 4354 quo-

638 4401 745 4455 que
771 4399 876 4437 non
911 4393 1119 4437 tantum
1144 4378 1465 4442 eruditione,
1500 4376 1592 4431 sed
1615 4385 1668 4430 et
1697 4376 1819 4431 vita:
1842 4373 2201 4429 sanctimonia

640 4490 705 4530 ac
729 4472 1005 4527 miraculis
1029 4470 1371 4531 claruerunt;
1394 4468 1489 4535 qui
1515 4467 1671 4536 longe
1694 4467 1798 4520 alia
1818 4475 1872 4521 et
1891 4466 2046 4521 aliter
2068 4464 2205 4521 scri-

644 4567 773 4620 lmnt
799 4572 853 4618 ct
873 4570 1159 4624 testantur,
1197 4573 1358 4628 quam
1413 4557 1816 4612 mendaciorum
1860 4557 1948 4611 ille
1977 4556 2128 4612 faber
2149 4566 2204 4611 et

642 4655 973 4712 architectus
1003 4650 1215 4714 Denuo;
1253 4648 1380 4718 quia
1411 4656 1593 4703 tamen
1616 4647 1773 4718 pauci
1814 4656 1961 4711 sunt,
2000 4633 2200 4717 quibus

642 4745 798 4815 capia
819 4741 1054 4813 suppetit
1075 4740 1317 4793 omnium
1345 4755 1535 4794 eorum
1558 4750 1863 4805 auctorum,
1888 4754 2026 4810 quos
2083 4734 2203 4793 Bel.
2230 4764 2244 4784 ι

645 4834 907 4890 larminus
928 4844 1025 4901 pro
1052 4827 1296 4899 Gregorii
1326 4827 1417 4881 V’ll
1441 4830 1750 4886 innocentia
1794 4830 2058 4887 haeretica:
2101 4829 2203 4884 im-

645 4924 910 4995 pudentia:
936 4919 1180 4990 opponit,
1208 4918 1383 4973 visum
1404 4928 1487 4974 est
1521 4935 1630 4975 non
1663 4921 1760 4977 abs
1788 4936 1846 4976 re
1880 4918 2018 4988 fore,
2054 4921 2099 4975 si
2123 4922 2204 4991 ip-

644 5027 829 5069 sorum
853 5010 1159 5064 testimonia
1192 5009 1454 5064 verbatim
1474 5010 1927 5075 exscriberentur,
1957 5018 2012 5064 et
2039 5010 2207 5067 lecto-

646 5116 766 5159 rum
801 5098 974 5155 oculis
999 5099 1415 5166 subjicerentur,
1438 5109 1491 5155 et
1515 5109 1704 5171 postea
1726 5100 1959 5155 breviter
1989 5101 2210 5155 menda-

646 5192 726 5244 cia
749 5200 805 5246 et
824 5189 1019 5260 probra
1032 5186 1361 5248 .Bennonica
1379 5190 1772 5259 refellerentur,
1798 5192 1844 5248 si
1870 5200 2049 5246 tamen
2073 5205 2209 5262 opus

648 5280 909 5345 refellere,
931 5295 1051 5350 qua:
1082 5289 1160 5334 tot
1184 5280 1454 5351 tantisque
1487 5283 1713 5339 testibus
1741 5283 1987 5340 adductis
2011 5290 2066 5338 et
2112 5297 2210 5338 au-

646 5373 773 5429 ditis
797 5379 990 5442 sponte
1022 5386 1124 5426 sua
1148 5373 1658 5444 corruunt.-Agmen
1686 5374 1848 5444 igitur
1877 5375 2059 5430 ducat.
2161 5364 2167 5369 ⁷

716 5461 758 5516 l.
797 5460 1108 5527 Anselmus,
1151 5461 1434 5532 episcopus
1468 5462 1752 5529 Lucensis,
1805 5464 1963 5534 cujus
1997 5474 2212 5522 exstant

648 5557 797 5605 tomo
825 5546 893 5604 Vl
915 5548 1148 5622 antiqua:
1180 5551 1425 5607 lectionis
1443 5554 1512 5607 cl.
1543 5552 1648 5609 viri
1671 5553 1734 5607 Ι).
1767 5550 1984 5609 llenrici
2005 5553 2209 5612 Canisii

647 5635 771 5705 libri
792 5635 900 5709 duo
920 5639 1234 5712 apologetici
1259 5654 1357 5711 pro
1378 5637 1638 5712 Gregorio
1659 5642 1751 5698 Vll
1770 5651 1961 5701 contra
1981 5643 2207 5701 Guiber-

582 5773 590 5781 .
646 5735 763 5785 tuin
784 5726 1253 5802 archiepiscopum
1301 5728 1687 5798 Ravennatem,
1719 5734 2052 5807 antipapam,
2102 5734 2207 5788 sub

608 5820 630 5830 "
647 5816 938 5879 Clementis
966 5818 1031 5876 lli
1062 5823 1300 5891 nomine,
1330 5837 1492 5894 quem
1517 5824 1811 5895 imperator
1832 5826 2093 5883 Henricus
2114 5812 2228 5896 lli,-

2301 2042 2572 2103 occupato,
2593 2042 2641 2087 et
2664 2033 2728 2086 de
2757 2030 2853 2086 Dei
2884 2029 3165 2095 uoluntate,
3193 2037 3349 2100 atque
3374 2042 3608 2099 animum
3628 2040 3871 2086 nostrum

2300 2140 2550 2179 consensu
2571 2124 2834 2186 ordinato,
2854 2121 3091 2191 quisquis
3111 2119 3228 2189 jam
3260 2121 3528 2189 episcopus
3549 2119 3669 2188 ﬁeri
3695 2120 3844 2176 colae

2302 2220 2393 2285 rit,
2427 2218 2572 2289 foros
2593 2215 2689 2284 ﬁat
2732 2226 2931 2266 necesse
2949 2218 3050 2273 est,
3095 2224 3187 2263 nec
3228 2209 3416 2264 habeat
3457 2209 3875 2266 ecclesiasticam

2301 2307 2704 2369 ordinationem,
2725 2303 2820 2374 qui
2840 2298 3093 2355 Ecclesite
3118 2315 3220 2353 non
3242 2307 3381 2373 tenet
3402 2300 3677 2355 unitatem.
3710 2299 3876 2365 Quis.

2301 2402 2417 2472 quis
2442 2398 2533 2452 ille
2552 2395 2732 2466 fuerit,
2756 2392 2876 2446 licet
2898 2392 2961 2444 de
2984 2407 3037 2444 se
3062 2390 3283 2444 multum
3298 2390 3533 2459 jactans,
3555 2399 3607 2443 et
3629 2391 3734 2444 sibi
3751 2390 3874 2461 pluo

2302 2492 2493 2544 rimam
2524 2484 2819 2547 rendicans,
2850 2481 3102 2551 profanus
3121 2490 3219 2547 est,
3246 2475 3449 2534 alienus
3471 2487 3569 2545 est,
3599 2480 3732 2548 foris
3755 2489 3873 2544 est;

2302 2589 2349 2634 et
2383 2594 2502 2633 cum
2534 2584 2648 2646 post
2674 2574 2901 2643 primum
2920 2572 3175 2626 secundus
3222 2586 3332 2626 esse
3354 2586 3458 2625 non
3494 2572 3683 2641 possit,
3718 2572 3874 2643 quis.

2300 2671 2416 2741 quis
2446 2676 2559 2737 post
2586 2677 2769 2729 unum,
2805 2663 2894 2733 qui
2928 2661 3072 2716 solus
3096 2678 3206 2717 esse
3229 2661 3397 2729 debet,
3430 2662 3605 2731 {actus
3635 2670 3737 2730 est,
3767 2678 3874 2721 non

2300 2758 2555 2813 secundus
2581 2755 2692 2820 ille,
2719 2742 3009 2807 sed'nullus
3043 2761 3141 2808 est.

2371 2847 2518 2903 Citat
2541 2854 2595 2903 et
2623 2842 2816 2901 recitat
2844 2843 2959 2899 113:0
2990 2842 3153 2897 verba
3183 2842 3351 2898 abbas
3381 2839 3771 2912 Urspergensis
3814 2842 3873 2899 in

2300 2936 2593 3003 Chronico,
2612 2951 2680 2991 ex
2696 2932 2945 3005 epistola,
2970 2941 3028 2986 ut
3048 2932 3146 2999 ait,
3168 2932 3407 2988 Anselmi
3421 2930 3488 2986 ad
3508 2930 3871 3007 Gpibertum:

2302 3043 2423 3099 quae
2445 3027 2657 3081 videtur
2685 3024 2854 3081 fuisse
2876 3024 3099 3078 diversa
3121 3023 3191 3079 ab
3216 3023 3303 3078 bis
3341 3022 3555 3078 duobus
3590 3022 3769 3090 libris,
3812 3033 3876 3079 ut

2301 3120 2465 3173 etiam
2497 3117 2792 3171 arbitratur
2820 3113 3086 3168 Baronius
3108 3113 3161 3167 in
3196 3111 3502 3181 Appendice
3540 3111 3609 3166 ad
3632 3174 3635 3179 l
3660 3120 3873 3168 tomum

2302 3207 2399 3262 ΧΠ
2444 3206 2754 3262 Annalium.
2797 3201 3298 3273 Necimprobabile
3325 3209 3413 3256 est
3444 3200 3904 3273 Anselmumpade

2230 3269 2270 3325 C
2301 3314 2419 3354 eam
2448 3298 2683 3353 alludere
2709 3295 2888 3350 verbis
2911 3269 3090 3349 illis—in
3121 3293 3240 3363 ipso
3261 3291 3422 3362 primi
3452 3291 3579 3348 libri
3601 3269 3876 3347 vestibulo

2300 3388 2708 3443 occurrentibus
2740 3403 2755 3417 ·
2795 3383 2993 3455 Scripsi
3014 3384 3113 3437 tibi
3142 3398 3311 3452 pauca
3333 3384 3453 3434 cum
3494 3380 3660 3435 multo
3693 3379 3876 3437 dolore

2298 3489 2346 3532 ct
2382 3479 2597 3532 sinceris
2634 3476 2911 3529 charitatis
2947 3474 3159 3542 affectu,
3197 3482 3256 3527 ut
3296 3474 3606 3544 cognoscens
3640 3488 3877 3527 errorem

2299 3578 2444 3621 tuum
2474 3569 2665 3622 redires
2701 3567 2769 3620 ad
2801 3582 2910 3630 cor,
2932 3574 3073 3630 etc.;
3102 3563 3194 3619 sed
3214 3565 3339 3634 quia
3373 3563 3527 3618 verba
3550 3572 3642 3617 tua
3669 3564 3875 3634 iniqui-

2298 3668 2380 3711 m
2412 3667 2461 3711 et
2492 3658 2666 3722 dolus,
2719 3665 2768 3709 et
2817 3655 3032 3708 noluisti
3074 3638 3395 3723 intelligere,
3419 3661 3478 3706 αι
3525 3652 3650 3729 bene
3691 3669 3874 3723 ageres

2300 3747 2472 3818 (Psal.
2500 3763 2664 3814 xxxv,
2685 3745 2761 3814 4),
2794 3746 2920 3801 audi
2941 3746 3160 3811 interea,
3182 3753 3287 3799 etc.
3311 3742 3417 3810 Qui
3449 3743 3529 3799 sic
3548 3743 3716 3798 etiam
3742 3741 3877 3800 Gul.

2299 3840 2509 3893 bertum
2546 3838 2839 3908 alloquitur
2875 3855 2889 3892 :
2925 3836 3002 3890 Tu
3050 3852 3166 3891 sero
3215 3835 3429 3889 aliunde
3469 3834 3783 3901 ascendisti,
3823 3844 3876 3889 et

2298 3946 2400 3982 non
2434 3940 2644 3983 uocatus
2678 3946 2711 3982 a
2736 3927 2843 3981 Deo
2878 3926 3166 3990 occessisti,
3190 3926 3298 3979 noli
3319 3940 3572 3994 usurpare
3608 3925 3710 3977 tibi
3738 3923 3876 3981 tam

2299 4032 2481 4069 curam
2516 4015 2801 4084 regiminis.
2845 4011 2995 4067 Sicut
3045 4013 3185 4065 enim
3225 4011 3345 4081 jam
3389 4010 3590 4065 dictum
3644 4018 3766 4066 est:
3814 4009 3874 4067 Si

2301 4100 2577 4177 Gregorius
2603 4106 2657 4158 in
2694 4103 2929 4158 Ecclesia
2951 4103 3072 4173 fuit,
3104 4103 3195 4173 qui
3227 4101 3370 4173 apud
3393 4111 3441 4156 te
3470 4102 3636 4157 etiam
3668 4104 3873 4159 consti-

2300 4198 2385 4262 tit,
2406 4176 2571 4266 judca:
2588 4212 2622 4249 a
2646 4194 2792 4249 nullo
2826 4188 3162 4265 condemnari
3188 4193 3380 4263 potuit,
3410 4184 3753 4261 manifestum
3773 4176 3875 4261 est,

2302 4297 2348 4342 te
2374 4288 2437 4341 ab
2466 4286 2715 4341 Ecclesiae
2742 4285 2918 4339 radice
2937 4284 3217 4354 prcecisum
3244 4283 3469 4349 acuisse,
3500 4281 3739 4353 nihilque
3772 4283 3874 4338 lu-

2301 4381 2415 4433 bere
2437 4378 2708 4448 potestatis
2741 4392 2803 4430 ac
2813 4374 2976 4444 juris.
3668 4429 3675 4434 λ

2370 4468 2505 4535 Quis
2530 4482 2659 4522 vero
2692 4467 2794 4520 iste
2835 4463 3124 4520 Anselmus
3168 4462 3463 4521 Lucensis?
3507 4478 3577 4519 an
3619 4480 3766 4520 unus
3806 4479 3877 4521 ex

2300 4560 2483 4626 trivio,
2513 4558 2670 4629 cujus
2703 4555 3076 4611 testimonium
3106 4555 3284 4625 primo
3318 4554 3507 4610 statim
3554 4554 3747 4611 auditu
3770 4554 3877 4613 dif-

2302 4649 2421 4705 flari
2445 4659 2500 4704 et
2517 4646 2772 4719 dissipari
2796 4646 2994 4717 queat?
3022 4644 3241 4701 Minime
3280 4660 3430 4700 vero.
3463 4637 3604 4701 Audi
3637 4644 3878 4718 Ursper-

2304 4756 2524 4810 gensem
2549 4739 2605 4794 in
2658 4738 3150 4803 schismaticorum,
3202 4752 3366 4809 quam
3430 4737 3485 4792 in
3531 4737 3759 4809 (ἔνθεοι-ἱ
3789 4737 3876 4795 VII

2304 4839 2487 4900 partes
2506 4828 2793 4899 caeteroqui
2813 4827 3125 4897 proniorem
3145 4846 3162 4883 :
3183 4828 3460 4884 Anselnius
3478 4829 3773 4900 episcopus,
3796 4830 3877 4885 cie

2305 4921 2499 4975 litteris
2532 4920 2781 4991 apprime
2797 4919 3055 4985 eruditus,
3081 4919 3287 4990 ingenio
3304 4919 3663 4988 acutissimus,
3687 4921 3879 4990 facu-

2309 5013 2401 5069 dia
2420 5011 2736 5087 pracipuus,
2760 5019 2809 5065 et
2837 5010 2975 5082 quod
3003 5010 3239 5068 omnibus
3268 5008 3441 5080 majus
3468 5022 3572 5079 est,
3588 5012 3655 5066 in
3674 5010 3775 5065 Dei
3800 5014 3873 5067 ti-

2308 5121 2450 5161 more
2464 5112 2520 5159 ‘et
2546 5113 2732 5158 sancta
2751 5102 3138 5157 conversatione
3158 5102 3631 5168 nominatiniutus,
3659 5102 3792 5157 adeo
3816 5111 3873 5159 ut

2308 5196 2493 5249 tamin
2530 5196 2835 5264 numquam
2877 5200 2995 5261 post
3035 5201 3252 5248 mortem
3292 5193 3872 5263 referatur‘uiraculis

2309 5284 2506 5339 clarus.

2377 5372 2454 5430 De
2481 5373 2670 5429 eodem
2690 5371 2945 5430 Anselmo
2974 5382 3187 5438 auctor,
3206 5371 3307 5443 qui
3330 5370 3506 5430 Vitam
3525 5366 3648 5445 ejus
3674 5373 3871 5439 litteris

2314 5463 2591 5520 mandavit
2610 5462 2752 5534 apud
2793 5461 3110 5528 Baronium.
3172 5471 3322 5519 tonio
3364 5462 3430 5532 ll,
3486 5477 3636 5538 anno

2315 5554 2450 5612 l086
2475 5573 2489 5616 :
2510 5554 2662 5611 Anno
2703 5552 3092 5611 Ima-tionis
3122 5551 3334 5613 Domini
3362 5553 3530 5611 nostri
3551 5550 3683 5614 Iesu
3713 5554 3887 5613 Chr-ir

2310 5647 2381 5701 sti
2424 5645 2702 5702 millesimo
2729 5644 3041 5714 octogesimo
3063 5655 3230 5714 usto,
3263 5647 3593 5716 episcopatu
3614 5662 3736 5703 sero
3776 5648 3886 5707 sui.

2308 5739 2508 5794 decim
2532 5738 2706 5802 tertio,
2744 5735 3028 5791 indictione
3065 5752 3225 5803 noue,
3252 5736 3423 5807 ﬁnitis
3437 5736 3567 5805 jam
3595 5738 3753 5795 mis
3779 5748 3866 5794 ee-

2307 5839 2443 5897 pteni
2473 5826 3020 5893 excommunicationis
3045 5825 3261 5883 Hererici
3281 5826 3543 5897 quondam
3572 5829 3725 5899 regis,
3748 5836 3866 5884 eost
