4098 6388
251 545 329 598 201
988 540 1509 602 ΡΙὶΟΙΑΕιῖΟὶΙΕΧᾹ.
1547 574 1614 584 —-
1652 543 1987 601 AI’OLOCIA
2021 547 2155 601 PRO
2189 546 2534 605 GREGORN
2581 566 2680 608 διε.

3329 559 3435 612 ‘20:!

250 663 499 714 transitura
521 671 696 713 autem
733 661 1025 728 felicissimi
1052 677 1199 727 popa:
1225 662 1460 727 Gregorii
1487 659 1593 713 VII
1617 677 1786 714 mense
1815 669 1856 722 Α
1885 660 2038 727 cepit,
2073 671 2126 712 at
2152 663 2205 713 in
2228 662 2332 727 [ide
2367 671 2415 714 ct
2438 663 2676 714 doctrina
2707 663 2993 714 beatisrjmi
3016 680 3165 730 papae
3197 666 3435 735 (.‘rcgoril

249 765 380 814 nono,
408 750 489 802 die
510 767 626 802 vero
653 751 902 820 vigesimo
934 751 1104 815 tertio,
1147 753 1453 803 obdormirit
1478 752 1533 803 in
1564 750 1785 803 Domino

247 840 522 891 venerabilis
555 841 802 892 dominus
847 850 895 892 et
927 839 1087 892 Pater
1130 851 1301 892 noster
1350 839 1620 892 Anselmus
1675 839 1784 898 Lu-

247 930 387 979 censis
418 931 709 996 cpiscopus,
742 930 944 982 decimo
979 934 1157 998 quinto
1200 929 1324 980 Iial.
1359 930 1576 996 Aprilis,
1621 929 1672 980 in
1705 929 1782 980 ci-

245 1021 381 1071 ritate
414 1019 727 1082 .llantuana,
771 1022 1079 1087 pra'sidente
1109 1020 1515 1071 reverentissimo
1547 1019 1784 1086 episcopo

248 1105 442 1170 Ubaldo,
471 1121 622 1178 atque
652 1111 956 1161 dominante
989 1109 1179 1160 ibidem
1219 1107 1543 1160 nobilissima
1575 1109 1702 1160 duce
1733 1117 1781 1159 et

244 1196 587 1250 marchionissa
615 1199 832 1249 domina
869 1198 1150 1249 .llathilda.

299 1285 474 1338 Solidit
509 1288 648 1339 idem
675 1297 867 1339 auctor
893 1304 905 1338 :
943 1286 1116 1338 Tertia
1153 1296 1298 1337 nocte
1322 1294 1435 1352 post
1459 1285 1778 1336 sanctissimi

241 1372 397 1425 Patris
420 1374 700 1440 (Ansclmi)
729 1375 1073 1426 venerandam
1097 1375 1484 1435 dormitiouem,
1539 1373 1776 1441 quardam

237 1473 479 1514 contracta
504 1480 747 1531 persona,
781 1479 896 1532 qua:
922 1481 1025 1516 una
1049 1480 1245 1530 semper
1271 1479 1424 1514 manu
1455 1473 1503 1514 et
1529 1463 1780 1529 posterio-

235 1551 362 1601 ribus
386 1555 612 1619 serpebat
638 1554 834 1621 potius,
873 1569 1028 1620 quam
1052 1553 1424 1620 gradiebatur;
1471 1568 1588 1619 quia
1619 1554 1774 1603 ιιιὶσιιι

233 1641 277 1689 in
303 1641 442 1691 domo
471 1642 667 1708 nepotis
698 1643 924 1709 episcopi
951 1657 1144 1692 annum
1176 1656 1355 1703 unum,
1387 1651 1435 1692 et
1475 1642 1604 1692 duos
1642 1657 1777 1692 men-

231 1743 321 1791 ses,
347 1745 404 1780 ac
431 1731 709 1782 dimidium
732 1739 995 1782 manserat
1021 1729 1158 1797 apud
1176 1730 1414 1796 prcedicti
1443 1729 1622 1781 Patris
1647 1741 1776 1780 tum-

231 1817 355 1879 bam,
380 1821 577 1871 meritis
610 1821 777 1886 ipsius
812 1836 944 1871 sana
990 1829 1158 1871 erecta
1208 1828 1283 1870 cst
1309 1821 1361 1870 in
1396 1821 1564 1886 prima
1607 1822 1771 1870 noctis

235 1907 393 1973 rigilia
415 1924 431 1958 :
457 1909 685 1975 sequenti
719 1925 835 1960 vero
860 1909 945 1960 die
973 1910 1114 1960 circa
1141 1909 1344 1961 tertiam
1369 1917 1444 1974 (ut
1485 1910 1645 1960 risum
1672 1912 1768 1974 est.)

1883 766 2317 816 permanercmus.
2345 751 2466 806 "tce
2498 763 2686 805 auctor
2721 753 2807 806 illc

1954 835 2204 891 Testatur
2249 849 2302 891 et
2347 839 2694 895 Berclitoldus
2729 841 3196 907 (Ionstantiensis,
3233 847 3286 898 in
3333 863 3435 900 suo

1881 922 2175 986 Chronico,
2211 925 2265 976 S.
2300 927 2635 988 Anselinum,
2667 939 2720 980 et
2744 929 2920 980 \’i\'ltlll
2945 940 2998 982 et
3030 931 3135 983 vita
3166 931 3431 998 iunctum,

1880 1013 2144 1079 plurimos
2182 1016 2434 1068 incitasse
2465 1026 2518 1068 et
2556 1019 2927 1079 continuasse,
2965 1035 3031 1071 ne
3081 1022 3145 1072 ad
3171 1023 3435 1075 scltisttln-

1883 1099 2110 1153 tieornm
2136 1112 2312 1155 castra
2339 1105 2708 1158 transitionem
2749 1106 2999 1159 facerent.
3037 1107 3203 1160 \‘erlm
3238 1109 3434 1162 lii-reli-

1902 1188 2008 1239 oldi
2033 1199 2157 1241 sunt
2184 1191 2295 1244 luce
2323 1211 2334 1243 :
2360 1192 2552 1244 Beatus
2587 1193 2858 1246 .inselmus
2894 1198 3152 1263 quondam
3187 1198 3450 1251 Luren:.is‘

1879 1275 2168 1343 episcopus,
2205 1279 2316 1344 ipso
2361 1281 2537 1332 eodem
2567 1299 2674 1334 sua:
2711 1284 3048 1349 depositionis
3087 1303 3240 1349 anno,
3281 1289 3433 1338 innu-

1882 1364 2216 1415 merabilibus
2263 1371 2412 1434 etrpit
2465 1370 2734 1421 miraculis
2803 1388 3111 1434 cornere-1';
3174 1377 3260 1441 qui
3315 1386 3430 1442 post

1878 1450 2074 1501 obitum
2110 1455 2410 1507 venerabilis
2435 1473 2583 1523 papa'
2611 1457 2846 1524 Gregorii
2885 1459 2983 1512 Vl!
3023 1464 3202 1528 [ide/es
3243 1465 3298 1515 ὅ.
3329 1463 3430 1516 l’e-

1878 1540 1946 1591 tri
1993 1551 2173 1593 contra
2223 1547 2548 1611 tyrannidem
2584 1546 2820 1612 llenrici,
2853 1551 3020 1601 adhuc
3057 1553 3111 1602 in
3159 1570 3312 1606 carne
3353 1556 3430 1606 ri-

1877 1643 2016 1691 t'ens,
2055 1631 2273 1682 nmltum
2311 1635 2582 1696 incitavit;
2626 1639 2715 1688 sed
2749 1639 2910 1689 multo
2939 1641 3055 1705 plus
3086 1652 3198 1707 post
3232 1643 3428 1694 obitum

1873 1733 2026 1768 suum
2081 1721 2351 1773 miraculis
2383 1739 2682 1786 coruscans,
2716 1729 2916 1777 eosdem
2967 1739 3147 1780 contra
3192 1732 3427 1782 eumdem

1872 1808 2143 1870 persistere
2173 1811 2505 1875 confortaeit,
2541 1814 2672 1864 unde
2694 1826 2740 1864 et
2775 1814 2896 1880 pars
2931 1815 3145 1882 llenriei
3175 1821 3237 1870 de
3261 1821 3345 1870 die
3372 1821 3426 1870 in

1872 1893 2006 1943 diem
2033 1896 2182 1960 ca'pit
2229 1896 2463 1962 de/icere,
2501 1899 2746 1950 catholici
2779 1912 2950 1953 autem
2992 1907 3042 1954 in
3077 1906 3331 1970 fidelitate
3364 1909 3422 1960 δ.

231 1996 412 2060 horam,
437 1998 622 2065 fertur,
647 2001 784 2066 quod
806 2000 1044 2068 qua'dam
1071 2015 1102 2050 a
1127 2001 1400 2050 natiritate
1422 2017 1555 2051 Ctl't‘tl
1584 2002 1771 2051 ibidem
1807 1996 1846 2047 Β
1874 1982 2016 2034 PN"
2043 1999 2143 2034 "0"
2169 1990 2491 2036 (εδδτηννκηι
2514 1990 2778 2054 Plu/"WW-

232 2084 370 2149 fucrit
393 2087 715 2152 illuminata,
741 2104 896 2155 quam
925 2087 1215 2140 Bririensis
1246 2090 1520 2140 comitatus
1549 2091 1770 2140 itti‘olttm

231 2181 335 2225 tunc
362 2176 674 2228 audit-imus.

288 2261 556 2317 Brevitatis
608 2280 774 2319 causa
816 2266 1120 2319 describere
1172 2265 1646 2333 prmtenniuimus,
1691 2268 1769 2319 in—

228 2351 332 2418 quit
350 2349 632 2418 Baronius,
657 2357 931 2424 octoginta
959 2354 1185 2422 insignia
1217 2355 1495 2416 miracula,
1519 2369 1641 2423 quin
1673 2357 1770 2408 ibi-

227 2438 332 2490 dem
360 2456 388 2492 a
413 2451 599 2497 saneto
651 2443 791 2495 edita
840 2442 1054 2494 luerunt
1079 2456 1247 2508 usque
1281 2441 1346 2493 nd
1385 2442 1768 2511 quinquagesi-

227 2541 357 2580 mum
388 2529 526 2582 diem
551 2531 623 2583 ab
651 2532 774 2598 e,'us
790 2531 962 2596 obitu,
991 2546 1100 2597 quo
1127 2530 1264 2583 idem
1289 2538 1476 2583 auctor
1525 2530 1612 2583 ille
1636 2533 1769 2584 seri-

229 2614 390 2675 beliat.
414 2617 514 2673 llic
545 2620 711 2689 igitur
742 2629 923 2673 tantus
965 2621 1065 2682 vir,
1111 2619 1353 2672 doctrina
1401 2627 1455 2672 ct
1494 2619 1769 2674 miraculis

224 2704 686 2770 celebratissimus,
724 2723 790 2760 an
824 2723 931 2760 non
954 2709 1035 2760 vel
1061 2709 1209 2759 solus
1236 2707 1500 2760 suilieeret
1527 2710 1768 2776 oppilan-

223 2791 296 2844 dis
324 2794 542 2862 impuris
563 2795 819 2849 faucibus
845 2795 1114 2848 Bennonis
1143 2804 1197 2848 et
1229 2796 1483 2848 similium
1524 2796 1767 2865 Gregorii

225 2875 301 2931 Vl]
328 2884 798 2948 calumniatorum,
826 2885 948 2939 licet
969 2886 1148 2938 nullus
1170 2885 1311 2938 alius
1335 2886 1648 2951 exstitisset,
1671 2888 1763 2956 qui

219 2978 387 3024 contra
417 2973 890 3042 mendaciloquum
913 2975 1219 3028 Bennonem
1245 2990 1346 3043 pro
1394 2975 1652 3044 Gregorio
1677 2978 1764 3031 \'ll

219 3066 372 3112 staret
383 3060 407 3110 2

275 3145 332 3200 ll.
371 3148 590 3214 Auctor,
624 3151 717 3219 qui
754 3150 933 3205 Vitam
965 3150 1021 3205 S.
1051 3152 1290 3208 Anselmi
1316 3153 1575 3209 Lucensis
1628 3158 1762 3210 scri-

217 3237 330 3302 psit,
352 3237 612 3307 Gregorio
643 3250 697 3294 et
721 3239 974 3294 Anselmo
1025 3243 1386 3312 synchronus,
1438 3244 1548 3297 imo
1600 3246 1760 3314 hujus

213 3324 363 3379 etiam
384 3328 684 3397 discipulus
711 3347 724 3381 :
755 3329 857 3383 Ille
872 3329 1205 3400 (Gregorius)
1233 3334 1442 3385 mitram
1472 3336 1658 3402 capitis
1679 3339 1762 3389 sui

216 3417 492 3470 tranimisit
513 3419 628 3482 isti,
645 3419 891 3471 Anselmo
906 3421 1165 3483 videlicet,
1185 3417 1432 3489 tanquam
1455 3411 1759 3491 potestatem

213 3519 348 3556 suam
371 3505 597 3575 ligandi,
628 3517 677 3562 et
698 3508 951 3573 solvendi,
975 3510 1064 3561 sed
1083 3517 1134 3570 et
1167 3511 1444 3575 miracula,
1480 3513 1651 3575 credo,
1677 3515 1760 3580 fa-

212 3592 387 3648 ciendi.
424 3594 569 3648 Nam
605 3611 706 3649 non
732 3597 897 3650 multo
947 3605 1094 3666 post,"
1139 3602 1559 3667 cognoscentibus
1612 3604 1758 3655 nobis

211 3685 454 3750 omnibus,
492 3703 585 3754 per
605 3687 772 3754 ipsius
791 3687 1088 3751 consilium,
1108 3698 1157 3741 et
1169 3689 1322 3756 fidem
1348 3707 1609 3758 magnam,
1625 3709 1761 3758 pra!-

211 3772 345 3825 clara
362 3776 606 3841 σκιάει-ι
630 3777 754 3843 fecit
789 3775 926 3828 Deus
968 3793 1060 3844 per
1085 3779 1319 3829 eamdem
1356 3780 1566 3831 mitram
1598 3784 1761 3834 mira-

214 3857 349 3912 bilia.
374 3859 520 3914 Inter
548 3862 663 3914 alia
693 3863 832 3916 enim
857 3866 1294 3932 reverentissimus
1322 3866 1560 3944 dominus
1595 3868 1759 3922 ωηι-

210 3949 320 4012 dus,
352 3950 673 4009 Mantuanus
698 3951 899 4005 scilicet
922 3955 1214 4022 episcopus,
1245 3955 1422 4008 multis
1443 3957 1559 4025 jam
1609 3961 1758 4011 annis

214 4041 499 4103 gravissime
517 4041 850 4111 spleneticus,
884 4052 989 4095 toto
1024 4059 1235 4111 corpore
1279 4046 1561 4110 ulceratus,
1622 4065 1760 4116 prm-

213 4129 376 4180 sertiin
395 4131 450 4181 in
474 4133 742 4195 cruribus,
768 4134 866 4194 sic,
889 4141 946 4184 ut
970 4134 1060 4185 vix
1079 4135 1457 4200 quomodolibet
1485 4147 1622 4190 stare
1641 4155 1760 4206 pos-

211 4225 300 4278 set,
320 4219 407 4270 ri;
433 4220 596 4270 etiam
611 4220 793 4286 jacere
815 4219 891 4272 vel
916 4221 1127 4282 sedere;
1158 4224 1246 4289 qui
1271 4231 1320 4273 et
1352 4224 1516 4275 multa
1551 4227 1606 4278 in
1651 4243 1756 4279 me-

209 4303 346 4359 dicos
368 4319 692 4376 erogaurat,
721 4307 950 4377 nihilque
975 4309 1284 4378 profecerat,
1315 4313 1551 4378 apposita
1580 4315 1758 4367 eadem

212 4395 379 4458 mitra,
404 4398 494 4450 ubi
514 4398 687 4466 major
718 4399 976 4467 ingrueret
1009 4399 1179 4455 dolor.
1236 4401 1472 4468 pristina:
1527 4404 1758 4457 redditus

206 4490 279 4534 cst
295 4485 531 4538 sanitati.

273 4569 464 4627 Beatus
488 4574 664 4642 itaque
709 4574 856 4639 talis,
881 4584 930 4628 et
957 4583 1134 4628 tantus
1174 4579 1422 4645 magister
1455 4578 1752 4649 Gregorius,

209 4658 465 4712 miracula
499 4662 620 4728 fecit
651 4663 820 4714 multa
867 4665 1031 4728 rivus,
1075 4674 1126 4717 et
1167 4675 1401 4719 mortuus
1427 4683 1447 4718 :
1477 4669 1601 4737 fecit
1640 4675 1756 4741 qui-
1789 4658 1806 4715 ε

205 4747 317 4798 dens
335 4757 387 4800 et
404 4749 567 4802 bonus
588 4750 881 4825 discipulus
901 4751 1013 4818 ejus
1035 4751 1344 4816 Anselmus;
1369 4758 1614 4822 magister
1636 4757 1756 4827 qui-

207 4833 318 4887 dem
341 4835 400 4890 iu
423 4835 552 4902 Deo,
578 4839 871 4907 discipulus
901 4841 956 4892 in
985 4840 1113 4905 Deo,
1144 4851 1195 4896 et
1228 4843 1284 4895 in
1314 4843 1613 4898 beatissimo
1626 4864 1755 4900 .ma-

191 4925 387 4992 gistro,
407 4937 516 4982 etc.
543 4926 607 4981 In
630 4931 877 4983 extremis
911 4933 1042 4995 suis,
1067 4931 1204 4984 sicut
1238 4931 1302 4983 ab
1335 4933 1498 5000 ipsius
1520 4935 1752 5003 capella-

439 5013 726 5069 didicirnus
747 5015 1003 5086 religiosis
1027 5034 1045 5070 :
1062 5018 1190 5072 Post
1219 5019 1414 5082 omnia,
1447 5022 1636 5091 inquit,
1665 5025 1752 5075 di-

206 5093 606 5168 icaijnstitiain,
629 5109 680 5153 et
700 5101 993 5159 odioltubui
1015 5106 1343 5175 iniquitatem
1369 5105 1540 5173 (Psal.
1565 5124 1750 5172 cxvm,

209 5183 369 5255 163;;
407 5187 608 5244 ida'rco
642 5190 841 5242 morior
871 5191 934 5242 in.
959 5193 1164 5247 exsilio.
1204 5191 1272 5246 Et
1305 5193 1513 5261 quidem
1549 5196 1603 5246 in
1648 5199 1753 5249 vita

209 5289 323 5341 tu,
356 5279 496 5346 quod
535 5281 785 5350 magister
816 5294 880 5331 ac
919 5281 1211 5352 discipulus
1253 5284 1556 5344 docuerunt,
1592 5286 1752 5338 hocet

210 5363 266 5416 in
287 5369 614 5434 memmi
626 5378 932 5422 testamento
946 5373 1396 5438 confirmaverunt.
1424 5371 1545 5437 Illo,
1564 5388 1752 5444 nempe.

209 5449 520 5524 ϐηιοιὶκ,
557 5471 689 5528 quos
729 5457 1018 5511 obedientss
1063 5453 1158 5513 tibi
1191 5463 1359 5514 vivens
1404 5460 1573 5513 adhuc
1606 5462 1751 5516 bene-

207 5541 382 5610 disil,
701 5563 903 5618 quoque
952 5551 1347 5604 commendarit.
1406 5544 1750 5604 Henricianes

210 5643 330 5686 In.
359 5634 576 5700 fultus
603 5636 926 5706 punitique,
965 5636 1066 5689 nisi
1111 5648 1230 5705 post
1259 5655 1501 5709 magnam
1545 5639 1752 5692 demum

208 5719 590 5777 omnium
609 5731 662 5778 et
683 5725 1346 5793 penitentiamreprobarit
1374 5745 1391 5780 :
1422 5728 1525 5791 hic,
1565 5742 1753 5797 nempe

209 5805 516 5878 Anni-ns,
531 5811 877 5880 penatibus
891 5814 1118 5878 nobis,“
1135 5815 1190 5866 in
1213 5815 1359 5868 verbo
1386 5817 1591 5870 Domini
1621 5833 1755 5885 pra-=-
1787 5895 1790 5897 _

525 5904 802 5970 Ριτιοι..
840 5903 940 5962 CX
951 5905 1160 5963 LVIII.

1943 2072 2082 2126 Idem
2110 2085 2298 2127 nui-tor
2323 2075 2453 2130 Viue
2478 2079 2532 2130 ὃ.
2566 2079 2802 2132 Auselmi
2841 2100 2851 2132 ε
2879 2083 3008 2136 Ante
3030 2088 3205 2137 omnia
3233 2089 3286 2138 id
3313 2098 3424 2138 δικ--

1869 2163 1945 2213 tlii
2011 2179 2210 2230 semper
2270 2167 2471 2229 habuit,
2516 2178 2767 2234 quatenus
2822 2176 3207 2226 sanctissimum
3257 2182 3424 2244 ntagi»

1869 2259 2035 2301 struat
2080 2268 2231 2303 suum
2277 2270 2465 2320 papam
2513 2255 2816 2324 Gregorium
2850 2261 3144 2313 imitaretur
3176 2265 3226 2314 in
3254 2269 3421 2316 omni-

1869 2337 1982 2401 bus,
2015 2340 2143 2391 adco
2169 2351 2222 2391 ut
2268 2343 2560 2410 discrepare
2587 2347 2650 2396 ab
2678 2346 2770 2396 illo
2797 2364 3008 2412 prorsus
3046 2351 3224 2415 nollet,
3262 2355 3420 2403 etiam

1869 2427 1922 2477 in
1953 2427 2146 2494 aliquo.
2179 2427 2335 2482 Illius
2373 2446 2570 2498 semper
2615 2435 2813 2485 meritis
2851 2437 3033 2488 tribuit
3073 2442 3326 2506 quidquid
3364 2445 3419 2492 in

1867 2515 1978 2580 ipso
2009 2515 2130 2582 fuit,
2156 2517 2280 2568 dum
2303 2520 2462 2570 vitam
2492 2525 2844 2574 rememorarit
2871 2528 3232 2591 monasticam,
3262 2540 3308 2580 et
3335 2546 3417 2580 so—

1865 2603 2123 2669 litariam,
2155 2623 2312 2675 quam
2343 2626 2395 2662 se
2419 2611 2593 2662 crebro
2617 2613 2756 2677 ﬁerit
2786 2615 3041 2677 amisisse,
3066 2627 3167 2668 ete.

1937 2686 2076 2744 Ideni
2127 2695 2356 2762 scriptor
2399 2694 2530 2747 Vita:
2581 2696 2635 2748 S.
2691 2698 2924 2752 Ausi-hui
2953 2720 2964 2753 ;
2995 2701 3248 2769 Defuncto
3277 2723 3416 2773 papa

1864 2778 2181 2844 Alexandro,
2205 2785 2326 2834 dum
2351 2787 2708 2850 sanctissimus
2741 2789 3016 2857 liregurias
3047 2793 3096 2842 in
3128 2792 3416 2848 Nonianum

1864 2871 2180 2937 pontificem,
2211 2869 2440 2940 Spiritus
2463 2877 2630 2927 sancti
2665 2877 3017 2944 instigatione,
3041 2897 3101 2932 ac
3130 2893 3242 2932 rato
3273 2900 3413 2939 com-

1865 2959 2008 3010 muni
2030 2959 2334 3012 clericorum
2348 2972 2398 3013 et
2417 2963 2675 3015 (uicorum
2697 2967 2787 3023 ditt
2814 2968 3032 3019 renitens
3055 2981 3182 3021 esset
3199 2971 3411 3034 electus,

1862 3061 1918 3104 ut
1949 3062 2244 3120 sequeretur
2276 3071 2392 3106 eum
2424 3057 2530 3123 ipse
2561 3058 2614 3108 in
2649 3059 2904 3122 omnibus,
2939 3061 2990 3110 in
3020 3059 3284 3112 Lucanam
3311 3062 3412 3114 Ec-

1863 3141 2076 3194 clesium
2119 3153 2194 3195 est
2238 3154 2286 3196 et
2320 3146 2426 3214 ipse
2467 3145 2657 3199 electus
2685 3148 2970 3215 episcopus,
3022 3159 3174 3218 atque
3216 3153 3281 3204 ab
3316 3155 3410 3205 illo

1859 3232 2187 3301 postmodum
2227 3245 2574 3288 consecratus.
2615 3235 2805 3303 Igitur,
2842 3240 2965 3290 dum
2988 3239 3259 3305 aliquanto
3282 3253 3411 3294 tem-

1789 3322 1829 3376 C
1861 3338 1983 3390 pore
2004 3338 2104 3374 non
2133 3323 2308 3385 semel,
2363 3333 2454 3374 aut
2481 3324 2580 3386 bis,
2606 3325 2693 3376 sed
2720 3327 2909 3393 Stl'l'llls
2943 3344 3055 3379 cum
3082 3331 3255 3381 eodem
3287 3332 3411 3385 reli-

1858 3411 2150 3480 giosissimo
2181 3413 2480 3464 ordinatore
2510 3431 2602 3465 suo
2627 3426 2933 3476 moraretur,
2964 3417 3120 3468 ritam
3149 3421 3258 3485 ejus
3286 3437 3413 3474 con-

1858 3499 2105 3551 sideravit
2135 3501 2472 3566 ineffabiliter
2505 3503 2817 3565 mirabilem,
2853 3516 2899 3555 et
2930 3506 3239 3557 mirabiliter
3269 3511 3408 3577 inef-

1861 3588 2108 3655 fabilem;
2158 3590 2303 3657 quia,
2340 3605 2458 3642 cum
2488 3590 2551 3642 dc
2598 3593 2833 3643 omnibus
2879 3603 2926 3644 et
2963 3596 3182 3661 singulis
3215 3598 3409 3664 finibus

1858 3677 2037 3728 sreculi
2085 3678 2227 3744 fieret
2258 3677 2325 3730 ad
2359 3694 2473 3729 eum
2519 3695 2818 3743 concursus,
2855 3684 3091 3735 onmibus
3135 3689 3410 3761 ειιιίδιὶιιτς-

1863 3774 1974 3826 ret;
2007 3767 2195 3818 veritas
2231 3783 2369 3828 vero,
2416 3783 2478 3817 ac
2501 3767 2718 3832 jastitia
2762 3786 3023 3834 nunquam
3061 3775 3140 3824 ori
3168 3776 3279 3840 ejus
3319 3777 3412 3828 dc-

1858 3854 1978 3920 fuit.
2012 3852 2192 3904 Primo
2219 3854 2375 3921 (quod
2413 3855 2578 3920 magis
2602 3865 2677 3906 est
2715 3857 3030 3920 mirandum)
3059 3860 3112 3910 in
3148 3862 3272 3928 ipsis
3309 3880 3411 3916 ste-

1856 3945 2122 3996 cularibus
2154 3946 2370 4012 negotiis
2423 3946 2613 4012 stt-pius
2643 3951 2860 4000 excessit
2895 3962 3078 4011 mente,
3112 3954 3410 4006 mhi/arato

1857 4035 2045 4101 spiritu
2079 4051 2172 4086 suo
2203 4036 2392 4087 ccelesti
2417 4038 2847 4103 contemplatione
2871 4056 2887 4090 ,·
2910 4051 2963 4090 at
2995 4042 3039 4091 si
3064 4045 3296 4106 privatus
3325 4047 3410 4096 in-

1859 4126 2062 4176 terdmn
2104 4126 2394 4186 exstiterit,
2434 4127 2828 4178 rerelationibns
2864 4131 3023 4179 etiam
3076 4133 3266 4182 dieinis
3307 4134 3404 4198 jn—

1857 4210 2112 4264 cnndatus
2161 4221 2208 4264 et
2258 4212 2599 4276 confortatus.
2663 4211 2854 4278 llujus,
2909 4217 3139 4280 inquam,
3188 4210 3407 4286 restigiis

1857 4299 1981 4350 dum
2035 4295 2241 4365 exsequi
2293 4299 2548 4365 ferventer
2597 4300 2877 4362 desiderat,
2932 4304 3112 4370 incipit
3167 4310 3404 4362 oblivisci

1859 4385 2127 4447 mundum,
2149 4395 2250 4438 etc.

1926 4484 2010 4538 ΙΙΙ.
2044 4487 2175 4538 Acta
2210 4484 2463 4538 Vaticana
2505 4486 2568 4539 de
2613 4487 2772 4542 rvinis
2822 4490 2982 4556 gestis
3031 4492 3267 4557 Gregorii
3318 4495 3404 4548 νη

1857 4575 1996 4642 apud
2052 4574 2360 4638 Duroniam,
2412 4586 2557 4630 tonio
2606 4577 2691 4638 ΧΙ,
2741 4594 2884 4629 :umo
2921 4579 3055 4631 l075
3096 4599 3106 4631 :
3148 4581 3406 4650 Defuncto

1858 4663 2156 4715 Alexandro
2206 4681 2361 4731 papa,
2388 4675 2434 4716 et
2463 4667 2516 4715 in
2552 4663 2886 4717 Lateranensi
2923 4664 3158 4721 Ecclesia
3188 4671 3405 4724 honori-

1856 4753 1951 4817 fice
1987 4752 2264 4812 tumulata,
2297 4753 2422 4802 dum
2461 4741 3291 4812 llildebrandus‘archidiaconus
3323 4777 3405 4812 es-

1854 4850 1930 4893 set
1951 4842 2007 4892 in
2029 4843 2143 4908 ejus
2177 4844 2433 4912 exsequiis
2478 4856 2780 4913 occupatus,
2811 4859 3011 4915 repente
3053 4850 3224 4916 factus
3247 4861 3323 4902 est
3351 4854 3406 4904 in

1854 4929 1968 4996 ipsa
2013 4928 2251 4984 Ecclesia
2303 4934 2560 5002 maximus
2587 4935 2714 4987 cleri
2754 4945 2803 4986 et
2830 4937 3006 5001 populi
3033 4935 3251 4991 Romani
3277 4956 3371 4992 con

1854 5036 2069 5082 cursus,
2121 5021 2458 5074 clamantium
2513 5032 2563 5074 et
2603 5023 2884 5073 dicentium
2932 5039 2948 5073 :
2987 5023 3403 5080 Ililtlebrandum

1859 5109 2283 5162 archidiaconum
2326 5109 2390 5160 Β.
2445 5109 2631 5159 Petrus
2669 5110 2837 5173 elegit.
2887 5111 3000 5173 (luo
3031 5116 3232 5172 audito,
3266 5115 3401 5165 idem

1858 5197 2256 5250 archidiaconus
2311 5197 2464 5247 nimis
2498 5199 2719 5262 expauit,
2751 5209 2799 5247 et
2829 5202 2978 5264 quasi
3025 5211 3174 5251 extra
3216 5218 3270 5254 se
3310 5221 3398 5255 ra-

1855 5294 1994 5352 ptus.
2019 5287 2250 5336 cucurrit
2290 5285 2357 5336 ad
2388 5285 2663 5352 pulpitum.
2693 5286 2898 5350 cupiens
2939 5287 3185 5353 populum
3231 5292 3399 5357 ipsum

1857 5376 2171 5442 frequentem
2226 5376 2424 5437 sedare,
2459 5384 2507 5427 et
2551 5391 2583 5425 α
2623 5391 2716 5425 sua
2759 5374 3044 5428 intentione
3078 5380 3308 5430 recedere
3350 5393 3400 5434 et

1857 5462 2157 5516 retrahere:
2192 5464 2281 5516 sed
2325 5462 2477 5530 Hugo
2514 5461 2780 5517 Candidus
2808 5465 3117 5527 cardinalts,
3153 5467 3241 5517 ubi
3280 5483 3394 5518 om-

1855 5552 2000 5603 nium
2026 5561 2144 5604 vota
2165 5554 2220 5603 in
2241 5552 2665 5604 archidiaconum
2710 5555 2999 5606 convenisse
3038 5554 3395 5607 indubitanter

1855 5641 2110 5708 cognouit,
2156 5640 2313 5692 citius
2359 5642 2720 5706 pranrucurrit,
2755 5650 2822 5706 et,
2851 5640 3094 5709 populum
3131 5643 3297 5710 ipsum
3342 5659 3396 5693 in

1855 5731 1990 5782 hunc
2015 5730 2221 5782 modum
2271 5729 2528 5783 allocutus
2563 5740 2638 5784 est
2661 5731 2835 5784 dicens
2869 5747 2885 5783 :
2917 5731 3070 5796 Ecce,
3099 5732 3394 5786 charissimi

1857 5820 2234 5886 fratres,'sritis
2251 5831 2296 5872 et
2319 5822 2670 5873 indubitanter
2684 5823 2989 5890 cognoscitis
3004 5824 3140 5891 quod
3163 5840 3192 5874 a
3215 5822 3391 5875 diebus

3082 5913 3121 5967 'l
