4098 6434
635 570 639 573 ⁷
661 559 764 611 203

1854 555 1909 610 S.
1952 553 2344 611 GREGORIUS
2388 553 2470 607 ‘ill
2508 554 2701 607 PAPA.

3784 559 3881 613 Ξυι

663 673 797 723 beati
849 668 1034 723 Leonis
1072 685 1221 739 papa!
1271 670 1354 721 hic
1397 669 1819 731 archidiaconus,
1845 678 2093 737 tanquam
2152 671 2228 719 vir
2259 672 2301 723 Α
2330 674 2432 719 tere
2475 682 2569 718 suo
2604 665 2963 717 Eberhardnm
3000 664 3239 717 comitem
3287 664 3451 730 misit,
3492 666 3581 735 qui
3626 664 3883 721 Romanos

661 764 885 829 prudens
923 771 1081 829 atque
1110 760 1380 829 probatus,
1427 761 1563 810 hanc
1610 769 1999 809 sacrosanctam
2034 756 2227 813 Roma—

662 867 783 902 nam
820 840 1137 901 (Ecclesiam
1185 848 1471 917 plurimum
1520 848 1806 907 exaltavit,
1858 854 1906 898 et
1961 847 2225 899 civitatem

660 946 830 1011 ipsam
871 942 934 991 ab
979 939 1369 991 innninentibns
1431 935 1682 1005 periculis
1737 936 1997 988 liberavit.
2057 934 2222 998 L'nde,

658 1032 783 1100 quia
824 1030 1111 1083 idoniorem
1143 1028 1211 1079 ad
1247 1025 1498 1077 Ecclesia:
1538 1026 1762 1093 regimen
1793 1024 2018 1075 invenire
2049 1024 2225 1091 nequi-

658 1116 794 1187 mus,
850 1138 971 1183 nos,
1027 1121 1251 1187 episcopi
1302 1117 1634 1187 cardinales,
1691 1118 2012 1169 unanimiter
2053 1116 2224 1183 ipsum

658 1214 826 1273 nobis,
862 1221 909 1262 et
943 1210 1084 1262 robis
1122 1211 1173 1260 in
1204 1184 1499 1277 pastorem;
1517 1217 1565 1259 et
1596 1208 1891 1275 episcopum
1926 1204 2224 1256 animarum

658 1311 956 1352 nostrarum
990 1298 1250 1365 eligimus.
1293 1295 1357 1347 Et
1397 1296 1641 1347 continuo
1676 1294 2011 1346 universitate
2062 1308 2225 1361 popu-

656 1391 696 1443 li
724 1400 773 1442 et
803 1389 929 1442 cleri
961 1387 1326 1440 acclamante:
1358 1385 1635 1438 Dominum
1680 1383 1985 1453 Gregorium
2032 1399 2229 1452 papam

658 1479 715 1533 S.
759 1477 946 1531 Petrus
972 1477 1159 1545 elegit;
1189 1476 1403 1528 indutus
1452 1476 1612 1528 rubea
1663 1474 1933 1542 chlamyde
1960 1476 2118 1541 (sicut
2148 1484 2224 1527 est

657 1569 788 1635 mos)
811 1578 859 1621 et
885 1567 1065 1636 papali
1093 1568 1250 1619 mitra
1291 1566 1591 1633 insignitus,
1622 1566 1813 1616 invitus
1843 1572 1890 1615 et
1925 1579 2139 1616 mwrens
2171 1566 2223 1615 in

656 1658 719 1711 Β.
748 1657 895 1710 Petri
924 1657 1173 1709 cathedra
1200 1656 1298 1725 fuit
1336 1656 1740 1707 inthronizatus.

731 1744 816 1799 ιγ.
871 1746 1003 1799 Acta
1060 1745 1274 1813 publica
1310 1745 1591 1797 electionis
1634 1742 1879 1813 Gregorii
1926 1741 2012 1794 \‘ll
2064 1752 2224 1811 pmut

659 1844 877 1889 exstant
933 1836 986 1888 in
1045 1833 1279 1901 “egesto
1331 1834 1684 1901 epistolarum
1736 1832 1906 1902 ipsius
1954 1831 2221 1901 Gregorii,

657 1923 886 1977 tomolll
911 1924 1066 1993 epist.
1099 1923 1449 1977 dcere-talium
1475 1923 1632 1977 Rom.
1663 1922 1879 1993 pontil.,
1908 1932 1961 1975 et
1984 1932 2133 1976 tonio
2156 1921 2222 1974 lli

2324 769 2558 823 proceres
2616 754 2938 814 conreniens,
3003 768 3217 805 causam
3270 752 3335 805 ab
3380 753 3456 805 eis
3509 754 3881 817 sciscitaretur,

2322 858 2486 911 quare
2528 852 2718 910 pra'ter
2773 841 3196 893 consuetudinem
3242 841 3521 909 majorum,
3562 859 3675 912 rege
3706 844 3883 896 incon—

2323 930 2497 989 sulto.
2552 929 2801 982 Romanis
2862 927 3113 981 Ecclesia:
3165 931 3462 998 pontificem
3519 932 3882 995 ordinasscnt,

2323 1021 2591 1089 ipsumque
2634 1022 2679 1071 si
2724 1036 2824 1071 non
2872 1018 3052 1071 idonee
3080 1020 3430 1087 satisfaceret,
3468 1019 3652 1071 illicite
3678 1030 3885 1088 accepta

2322 1110 2599 1178 dignitate,
2640 1109 2884 1161 abdicare
2906 1124 2959 1160 se
2979 1108 3299 1175 pzazciperet.
3343 1108 3396 1161 ls
3421 1111 3622 1161 veniens
3646 1109 3883 1173 Romam,

2324 1202 2538 1271 benigne
2562 1219 2591 1253 a
2618 1201 2869 1269 pra’dicto
2925 1201 3034 1252 viro
3076 1208 3343 1267 susceptus
3389 1210 3483 1252 est.
3537 1198 3765 1269 Cumque
3806 1198 3885 1253 illi

2324 1294 2577 1345 mandata
2633 1294 2765 1361 regis
2797 1292 3137 1360 exposuisset,
3184 1292 3447 1359 respondit
3493 1307 3566 1356 se,
3597 1300 3723 1343 teste
3758 1290 3882 1353 Deo,

2323 1382 2535 1433 honoris
2585 1381 2739 1449 hujus
2788 1381 2989 1450 apicem
3018 1396 3283 1450 nunquam
3317 1397 3407 1449 per
3440 1381 3779 1433 ambitionem
3801 1382 3886 1449 af-

2325 1471 2563 1537 fectasse,
2592 1448 2680 1523 sed
2725 1448 2946 1522 electum
2977 1486 3030 1522 se
3057 1487 3088 1521 a
3116 1448 3389 1537 Romanis,
3423 1480 3472 1523 et
3497 1470 3745 1524 violenter
3789 1448 3888 1525 sibi

2325 1563 2623 1629 impositam
2655 1562 2816 1630 fuisse
2845 1561 3188 1616 ecclesiastici
3205 1564 3467 1631 regiminis
3496 1566 3885 1627 necessitatem;

2326 1652 2439 1720 cogi
2472 1660 2643 1704 tamen
2683 1650 2827 1704 nullo
2860 1653 3011 1704 modo
3059 1654 3307 1720 potuisse,
3348 1663 3402 1705 ut
3441 1654 3679 1707 ordinari
3702 1671 3754 1708 se
3774 1670 3890 1725 per-

2327 1741 2571 1804 mitteret,
2601 1741 2762 1793 donec
2811 1742 2863 1794 in
2901 1741 3203 1795 electionem
3230 1735 3381 1794 suam
3411 1751 3519 1795 tam
3544 1761 3708 1814 regem
3732 1761 3887 1813 quam

2324 1830 2582 1898 principes
2623 1829 2895 1882 Teutonici
2929 1832 3071 1899 regni
3095 1832 3439 1897 consensisse,
3460 1843 3601 1885 certa
3634 1833 3889 1902 legatione

2325 1929 2686 1988 cognosceret;
2732 1921 2831 1972 hac
2863 1922 3066 1973 ratione
3098 1923 3367 1976 distulisse
3402 1923 3573 1976 adhuc
3597 1925 3890 1976 ordinatio-

657 2019 1010 2071 cnneiliorum
1058 2031 1209 2069 nova:
1245 2015 1372 2069 edit.
1421 2013 1612 2068 Colon.
1646 2033 1657 2066 :
1694 2014 1957 2083 Regnante
2001 2013 2223 2066 Domino
2257 1997 2298 2051 Β
2325 2026 2440 2062 nem
2470 2026 2642 2076 suam,
2678 2018 2727 2063 et
2770 2012 2883 2064 sine
2925 2011 3085 2064 dubio
3124 2012 3437 2078 dilaturum,
3479 2014 3640 2067 donec
3670 2014 3771 2066 sibi
3806 2030 3891 2066 oo-

616 2142 619 2145 ν
657 2119 831 2161 nostro
874 2107 1001 2159 Jesu
1054 2107 1265 2158 thristo
1302 2120 1439 2156 anno
1493 2103 1914 2156 clementissimae
1969 2099 2227 2154 Incarna-

658 2199 814 2249 tionis
863 2198 977 2264 ejus
1012 2194 1289 2247 millesimo
1316 2194 1695 2263 septuagesimo
1739 2195 1916 2257 tertio,
1940 2194 2227 2246 indictione

655 2298 702 2340 et
726 2286 851 2339 luna
893 2285 1190 2347 undecima,
1215 2284 1405 2335 decim.
1444 2280 1570 2334 Kal.
1614 2280 1765 2347 Maii,
1806 2282 1939 2349 feria
1974 2282 2224 2346 secunda,

656 2379 742 2429 die
766 2376 1049 2445 sepultura:
1081 2374 1283 2425 domini
1313 2372 1627 2436 Alexandri,
1654 2376 1800 2424 bontr
1835 2372 2117 2436 memoriis,
2145 2387 2226 2424 sc-

658 2471 815 2522 cundi
852 2484 1001 2538 papa:
1026 2482 1042 2520 :
1069 2484 1129 2520 ne
1164 2468 1309 2520 sedes
1346 2465 1634 2535 apostolica
1670 2465 1762 2516 diu
1798 2462 1971 2534 lugeat
2012 2464 2224 2533 proprio

656 2563 908 2615 destituta
941 2568 1171 2627 pastore,
1208 2556 1506 2625 congregati
1536 2556 1591 2607 in
1631 2554 1853 2606 basilica
1886 2552 1952 2606 Il.
1984 2552 2130 2605 Petri
2156 2552 2223 2604 ad

669 2654 910 2713 Vincula,
938 2669 1027 2704 nos
1051 2636 1247 2703 mm
1277 2648 1528 2701 Romana:
1554 2646 1827 2699 catholicis
1849 2654 1897 2698 et
1923 2644 2225 2714 apostolica:

664 2743 913 2796 licclesiw
961 2739 1279 2801 cardinales,
1333 2737 1532 2799 clerici,
1586 2734 1837 2804 acolythi,
1888 2734 2221 2800 subdiaconi,

655 2832 888 2895 diaconi,
934 2827 1251 2897 presbyteri,
1288 2825 1627 2894 praesentibus
1682 2822 2060 2877 uenerabilibus
2115 2823 2226 2891 epi-

656 2920 824 2989 scopis
861 2928 909 2971 et
942 2917 1241 2980 abbatibus,
1267 2916 1471 2969 clericis
1504 2924 1551 2967 et
1580 2914 1866 2979 monachis,
1892 2915 2221 2967 consentien-

658 3012 795 3064 tibus
826 3010 1069 3080 plurimis
1099 3008 1264 3060 turbis
1312 3008 1584 3076 utriusque
1614 3022 1790 3070 sexus,
1814 3005 2104 3074 diversique
2137 3021 2224 3057 or-

656 3100 796 3152 dinis
841 3096 1284 3160 acclamantibus,
1318 3095 1561 3165 eligimus
1608 3094 1754 3147 nobis
1784 3096 1839 3146 in
1874 3104 2135 3163 pastorem
2174 3102 2222 3146 et

657 3205 918 3241 summum
963 3188 1302 3256 pontificem,
1372 3186 1542 3239 cirum
1610 3185 1908 3255 religiosum
1940 3227 1955 3250 ,
2005 3186 2223 3255 gemine

655 3283 888 3334 scientite
937 3278 1216 3347 prudentia
1262 3274 1560 3347 pollentem,
1597 3275 1861 3345 a'quitatis
1912 3283 1961 3327 et
1993 3275 2222 3343 jastitise

2323 2100 2578 2154 luntatem
2612 2102 2745 2171 regis
2771 2111 2941 2155 certus
2966 2102 3088 2155 inde
3114 2104 3319 2156 veniens
3356 2105 3569 2157 nuntius
3598 2104 3889 2159 intimaret.

2328 2190 2440 2245 Hoc
2472 2193 2560 2245 ubi
2596 2193 2701 2261 regi
2735 2201 2811 2245 est
2850 2193 3227 2258 renuntiatum,
3274 2194 3492 2249 libenter
3536 2197 3761 2264 suscepit
3805 2211 3893 2247 sa-

2326 2281 2699 2349 tisfactionem,
2725 2289 2773 2333 et
2804 2278 3079 2334 latissimo
3122 2283 3399 2351 suffragio,
3434 2292 3491 2335 ut
3532 2284 3888 2349 ordinaretur,

2320 2371 2629 2444 mandavit;
2674 2371 2810 2441 quod
2844 2380 2893 2424 et
2923 2371 3123 2440 factum
3151 2381 3229 2426 est
3266 2389 3404 2426 anno
3432 2375 3663 2444 sequenti
3688 2377 3745 2427 in
3776 2375 3891 2429 Pu-

2326 2463 2618 2531 ri/icatione
2654 2472 2850 2515 sancta!
2884 2462 3091 2517 uarie.

2394 2552 2537 2606 Idem
2561 2551 2882 2607 Lambecius
2912 2567 3020 2606 non
3054 2553 3244 2623 procul
3270 2569 3301 2608 a
3340 2553 3448 2609 line
3482 2554 3568 2610 sui
3597 2551 3884 2618 Chroniei,

2324 2643 2416 2699 ubi
2450 2644 2560 2715 agit
2593 2643 2658 2698 de
2699 2643 3042 2698 absolutione
3075 2642 3290 2699 Henrici
3325 2646 3454 2715 imp.
3488 2647 3559 2700 ab
3577 2662 3892 2701 excommu-

2323 2734 2594 2788 nicatione
2628 2752 2640 2787 :
2685 2731 2773 2786 Ita
2816 2733 3055 2787 absoluto
3111 2750 3171 2788 eo
3220 2734 3285 2787 ab
3329 2736 3889 2802 escomntunicatione,

2322 2840 2460 2894 papa
2502 2825 2785 2877 missarum
2817 2824 3072 2877 solemnia
3104 2824 3405 2891 celebravit,
3432 2824 3768 2896 confectaque
3805 2842 3895 2879 sa-

2323 2931 2415 2968 cra
2469 2914 2769 2981 oblatione,
2826 2931 2994 2989 regem
3036 2932 3154 2968 cum
3214 2925 3425 2982 caetera,
3488 2933 3604 2986 qua:
3651 2918 3894 2988 frequens

2322 3004 2527 3069 aderat,
2578 3002 2917 3057 multitudine
2971 3005 3041 3057 ad
3096 3004 3267 3058 altare
3300 3008 3551 3072 evocavit,
3586 3008 3896 3076 praeferens-

2322 3110 2419 3164 qne
2442 3110 2601 3147 manu
2621 3111 2809 3163 corpus
2833 3094 3166 3148 Dominicum
3190 3111 3207 3149 :
3235 3115 3252 3146 c
3277 3094 3405 3166 Ego,
3430 3096 3618 3166 inquit,
3633 3096 3752 3165 jam
3782 3097 3895 3165 pri-

2322 3182 2441 3233 dem
2475 3198 2507 3235 a
2546 3193 2613 3247 te,
2665 3183 2867 3252 tuisque
2910 3183 3207 3251 fautoribus
3250 3184 3454 3238 litteras
3477 3187 3672 3255 accepi,
3702 3185 3893 3256 quibus

2323 3286 2403 3323 me
2428 3271 2776 3326 insimulabas
2811 3274 2983 3339 sedem
3033 3274 3378 3343 apostolicam
3412 3292 3504 3344 per
3536 3275 3895 3331 Simouiacaiu

657 3371 1155 3440 pra’stantissimtsm
1206 3376 1515 3430 amatorem,
1552 3366 1607 3417 in
1655 3365 1886 3418 aduersis
1921 3364 2131 3432 fortem,
2166 3366 2221 3417 in
2247 3330 2292 3392 ο
2324 3357 2562 3412 Ιιωνεεὶπι
2583 3376 2885 3430 occupasse,
2909 3370 2959 3414 et
2982 3362 3105 3415 aliis
3139 3363 3472 3432 quibusdam,
3498 3373 3605 3418 tant
3633 3376 3757 3421 ante
3786 3369 3897 3438 epi-

656 3464 916 3532 prosperis
954 3467 1313 3527 temperatum,
1339 3465 1388 3509 et
1416 3456 1575 3525 juxta
1608 3454 1843 3524 Apostoli
1875 3455 2094 3518 dictum,
2128 3455 2220 3507 bo-

659 3555 741 3607 nis
775 3551 1003 3605 moribus
1031 3556 1297 3613 ornatum,
1333 3546 1603 3616 pudicum,
1630 3545 1942 3616 modestum,
1968 3545 2219 3609 sobrium,

657 3644 881 3705 castum,
917 3637 1249 3707 hospitalem,
1285 3636 1495 3689 domum
1530 3651 1681 3687 suam
1729 3634 1851 3687 bene
1883 3643 2136 3703 regentem
2168 3632 2221 3702 (Ι

663 3735 798 3789 Tim.
838 3749 917 3797 In,
940 3731 1018 3799 Ξ),
1052 3732 1107 3782 in
1139 3729 1333 3798 gremio
1367 3725 1521 3794 hujus
1545 3725 1731 3778 matris
1749 3723 2002 3778 Ecclesia:
2036 3741 2067 3777 a
2088 3741 2221 3797 pue-

657 3826 786 3879 ritia
827 3823 958 3876 satis
1008 3819 1253 3873 nobiliter
1280 3818 1556 3885 educatum
1586 3825 1634 3869 et
1666 3815 1898 3881 doctum,
1935 3825 2089 3885 atque
2128 3833 2222 3885 pro

656 3918 777 3970 vita:
813 3915 998 3967 nterito
1040 3913 1094 3963 in
1124 3909 1583 3964 archidiaconatus
1609 3906 1853 3960 honorem
1878 3923 2038 3977 usque
2071 3907 2224 3962 hodie

656 4003 1017 4062 sublimatum,
1055 3996 1474 4071 Hildebrandum
1497 3994 1736 4049 videlicet
1764 3996 2219 4063 archidiaconum,

657 4111 808 4167 quem
851 4091 1039 4147 amodo
1071 4106 1232 4159 usque
1261 4090 1315 4141 in
1358 4088 1729 4156 sempiternum
1774 4096 1825 4139 et
1867 4104 1995 4152 esse,
2032 4099 2081 4142 et
2116 4090 2223 4142 dici

659 4184 964 4254 Gregorium
1000 4196 1211 4251 papam,
1234 4189 1281 4232 et
1310 4176 1651 4247 apostolicum
1677 4176 1931 4241 volumus,
1968 4187 2017 4231 et
2041 4195 2226 4248 appro.

661 4275 866 4329 bamus.
918 4270 1101 4322 Placet
1150 4268 1333 4321 vobis?
1379 4265 1581 4319 Placet.
1642 4265 1812 4319 Vultis
1864 4267 2026 4320 eum?
2063 4265 2224 4321 Volu-

662 4382 795 4418 mus.
833 4361 1090 4416 Laudatis
1112 4359 1271 4413 eum?
1298 4356 1622 4410 Laudamus.
1657 4357 1791 4410 Acta
1826 4357 2003 4413 Romae
2027 4376 2059 4413 ι
2088 4358 2217 4414 Kal.

661 4455 816 4517 Maii,
844 4452 1131 4506 indictione
1166 4450 1457 4502 undecima.

731 4542 791 4597 ν.
824 4541 1145 4595 Lambortus
1164 4537 1704 4607 Schaﬂnaburgensis
1726 4538 1779 4592 in
1802 4536 2097 4604 Chronico,
2123 4553 2221 4593 an-

660 4649 730 4688 no
769 4630 905 4685 i075
940 4649 951 4683 :
985 4626 1281 4683 Alexander
1313 4642 1471 4695 papa,
1508 4626 1598 4695 qui
1627 4635 1677 4679 et
1713 4625 2008 4691 Anselmus,
2040 4626 2219 4680 deces-

656 4726 726 4777 sit
754 4740 770 4775 :
803 4722 885 4774 cui
930 4719 1152 4773 Romani
1179 4721 1438 4787 protinus,
1464 4716 1778 4796 inconsulto
1801 4732 1933 4787 rege,
1962 4733 2227 4772 successo-

661 4829 765 4867 rem
805 4811 1068 4880 elegerunt
1124 4806 1568 4871 Hildebrandum,
1619 4808 1787 4860 uirum
1820 4808 1988 4862 sacris
2040 4808 2233 4864 litteris

654 4901 1100 4962 eruditissimum,
1136 4906 1186 4951 et
1236 4913 1291 4950 in
1319 4906 1426 4949 tata
1458 4896 1719 4962 Ecclesia,
1772 4906 1997 4967 tempore
2033 4915 2232 4971 quoque

652 4996 895 5061 priorum
926 4990 1256 5059 pontificum,
1294 4989 1433 5042 omni
1466 4989 1717 5041 virtutum
1752 5006 1933 5059 genere
1952 4990 2231 5044 celeberri—

627 5086 815 5144 mum.
866 5077 922 5133 Is
966 5079 1221 5149 quomodo
1250 5076 1358 5130 zelo
1390 5074 1486 5131 Dei
1514 5075 1923 5146 ferventissimus
1948 5087 2081 5142 erat,
2116 5082 2227 5148 epi-

654 5172 799 5239 scopi
855 5168 1153 5221 Galliarum
1184 5168 1421 5235 protinus
1456 5168 1646 5237 grandi
1667 5164 1916 5236 scrupulo
1944 5170 2231 5235 permoveri

653 5268 944 5328 creperunt,
991 5274 1051 5309 ne
1101 5259 1180 5309 uir
1224 5258 1531 5311 vehementis
1589 5259 1808 5328 ingenii,
1839 5267 1889 5312 et
1938 5259 2078 5311 acris
2107 5274 2230 5327 erga

658 5355 819 5403 Deum
848 5351 997 5419 ﬁdei,
1020 5348 1313 5401 districtius
1336 5362 1421 5400 eos
1452 5364 1545 5417 pro
1572 5349 1899 5417 negligentiis
1924 5350 2037 5414 suis
2058 5364 2196 5418 quan
2217 5379 2229 5389 -

653 5443 820 5509 doque
859 5440 1175 5499 discuteret;
1204 5448 1359 5507 atque
1383 5437 1499 5489 ideo
1522 5437 1880 5489 communibus
1903 5451 2080 5490 omnes
2107 5452 2231 5489 con-

658 5532 795 5582 m’tiis
837 5545 1004 5598 regem
1040 5528 1235 5591 adorti,
1274 5530 1497 5580 orabant
1535 5536 1591 5580 ut
1625 5527 1948 5590 electionem,
1975 5542 2093 5595 qua:
2117 5527 2229 5594 ejus

657 5618 868 5684 injussu
920 5620 1065 5685 facta
1111 5617 1303 5685 fuerat,
1338 5617 1545 5668 irritam
1584 5616 1695 5683 fore
1728 5614 2054 5676 decerneret;
2083 5630 2225 5665 asse-

664 5718 828 5761 rentes
863 5709 1021 5777 quod,
1053 5709 1155 5760 nisi
1201 5707 1449 5773 impetum
1482 5706 1705 5758 hominis
1746 5706 2027 5775 prteeenire
2062 5714 2228 5757 matu-

663 5809 825 5861 raret,
875 5798 1073 5851 ntalum
1108 5800 1200 5849 hoc
1254 5813 1356 5848 non
1405 5795 1461 5848 in
1508 5794 1674 5856 alium
1726 5797 1954 5863 gratius,
1985 5813 2143 5865 quam
2172 5797 2226 5847 in

664 5903 829 5951 ipsum
866 5908 1028 5957 regem
1083 5887 1495 5941 redundaturum
1530 5896 1681 5937 esset.
1719 5884 1910 5938 Statim
1946 5903 2035 5938 rex
2075 5904 2105 5938 a
2140 5887 2222 5939 la-

2324 3457 2596 3517 scopatum
2621 3466 2779 3519 quam
2820 3460 2939 3519 post
2964 3464 3231 3522 acceptum
3255 3456 3614 3525 episcopatum
3657 3459 3898 3513 crimini-

2324 3539 2419 3592 bus
2455 3540 2615 3593 vitam
2640 3540 2957 3607 maculasse,
2982 3559 3098 3613 qute
3127 3544 3254 3597 mihi
3276 3546 3558 3600 secundum
3579 3550 3711 3603 scita
3735 3566 3897 3604 cano—

2325 3648 2472 3698 num,
2507 3648 2711 3686 omnem
2743 3635 2811 3686 ad
2848 3651 3026 3688 sacros
3061 3636 3268 3690 ordines
3308 3654 3574 3692 accessum
3617 3640 3896 3697 obstruxe-

2325 3724 2451 3778 rint.
2482 3723 2552 3777 Et
2587 3724 2708 3778 licet
2745 3726 3027 3778 multarunt
3050 3728 3352 3781 idoneorum
3373 3740 3507 3782 certe
3530 3732 3740 3784 testium
3767 3733 3897 3788 asti-

2322 3815 2595 3885 pulatione
2619 3817 2815 3870 crimen
2843 3817 3078 3886 refellere
3109 3836 3317 3889 queam,
3339 3838 3520 3875 eorum
3557 3822 3782 3893 scilicet,
3809 3843 3897 3896 qus

2324 3921 2529 3960 omnem
2563 3908 2679 3960 rita
2709 3923 2836 3960 mea:
2866 3908 2930 3961 ab
2975 3910 3184 3963 ineunte
3213 3920 3366 3965 (etate
3405 3913 3793 3969 institutionem
3817 3918 3892 3969 in-

2329 3998 2601 4065 tegerrime
2634 4008 2904 4063 noverunt,
2928 4008 2976 4051 et
3018 4016 3217 4065 eorum,
3245 4003 3335 4071 qui
3366 4018 3492 4056 mete
3526 4004 3597 4057 ad
3627 4006 3895 4077 episcopa-

2325 4096 2435 4139 tum
2458 4088 2802 4156 promotionis
2829 4098 3067 4144 auctores
3098 4090 3342 4160 fuerunt;
3365 4109 3457 4163 ego
3476 4102 3667 4161 tamen,
3699 4111 3766 4149 ne
3797 4097 3897 4150 ltu-

2325 4194 2479 4232 mano
2518 4180 2693 4249 potius
2745 4198 2903 4250 quam
2931 4183 3108 4237 divino
3133 4183 3234 4236 niti
3266 4185 3449 4239 videar
3479 4186 3802 4254 testimonio,
3841 4197 3896 4241 ut

2322 4267 2709 4337 satisfactionis
2753 4271 3059 4339 compendio
3111 4288 3316 4327 omnem
3373 4276 3611 4331 omnibus
3651 4278 3897 4332 seandali

2322 4355 2630 4425 scrupulum
2681 4358 2745 4411 de
2787 4359 2958 4412 medio
2989 4360 3250 4429 auferam,
3281 4379 3396 4417 ecce
3429 4380 3617 4435 corpus
3646 4365 3896 4420 Domini-

2322 4461 2462 4512 cum,
2488 4446 2627 4516 quod
2652 4456 2959 4518 sumpturus
2989 4466 3100 4516 ero,
3124 4452 3179 4504 in
3207 4454 3615 4522 experimentum
3640 4455 3773 4511 mihi
3801 4458 3894 4510 ho-

2322 4537 2406 4590 die
2438 4536 2536 4605 fiat
2583 4539 2893 4593 innocentia:
2937 4556 3083 4608 mete,
3129 4553 3186 4596 ut
3235 4544 3557 4614 omnipotens
3610 4543 3751 4599 Deus
3800 4563 3895 4601 suo

2325 4640 2404 4678 me
2426 4624 2581 4679 hodie
2611 4626 2821 4695 judicio
2846 4629 2921 4683 vel
2955 4630 3191 4685 absolvat
3220 4632 3407 4701 objecti
3447 4634 3682 4687 criminis
3713 4635 3893 4706 suspi-

2331 4716 2498 4779 cione,
2520 4718 2567 4769 si
2599 4718 2842 4772 innocens
2859 4736 3011 4783 sum;
3036 4719 3113 4775 vel
3128 4720 3401 4777 subitanea
3423 4724 3690 4778 interimat
3706 4736 3893 4792 morte,

2331 4808 2377 4859 si
2402 4822 2538 4860 reus.
2562 4827 2578 4858 ι
2616 4807 2764 4865 Hec.
2783 4819 2832 4863 et
2854 4810 2967 4863 alia
2992 4813 3071 4879 (ut
3099 4812 3325 4867 solemne
3350 4816 3449 4883 est)
3465 4816 3718 4885 prtefatus
3742 4819 3895 4872 verba

2332 4895 2615 4960 terribilia,
2648 4898 2835 4965 quibus
2869 4897 3034 4951 Deum
3064 4910 3240 4954 cauete
3272 4918 3383 4955 sua:
3410 4905 3769 4973 aequissimum
3806 4910 3889 4977 ju-

2329 4985 2518 5049 dicem,
2561 4996 2611 5039 et
2642 4989 2954 5042 innocentia.-
3006 4999 3316 5045 assertorem
3351 4992 3529 5047 adesse
3562 4998 3894 5064 precabatur,

2326 5083 2531 5145 partem
2556 5073 2818 5130 Dominici
2850 5081 3084 5148 corporis
3114 5082 3313 5149 accepit
3336 5089 3384 5133 et
3408 5086 3648 5138 comedit.
3680 5082 3801 5148 Qua
3831 5087 3892 5141 li-

2338 5164 2557 5218 berrime
2596 5165 2892 5237 absumpta,
2921 5184 3037 5221 cum
3077 5170 3299 5239 populus
3334 5172 3389 5224 in
3409 5173 3590 5227 laudes
3612 5173 3711 5227 Dei
3745 5176 3889 5231 inno-

2336 5260 2518 5313 centia
2564 5260 2679 5329 ejus
2723 5258 3139 5330 congratulatus,
3189 5265 3501 5335 aliquandiu
3531 5265 3893 5331 acclamasset,

2335 5350 2543 5404 tandem
2581 5353 2858 5419 impetrato
2882 5349 3091 5405 silentio
3112 5370 3386 5408 conversus
3404 5355 3474 5407 ad
3500 5372 3665 5426 regem
3694 5374 3713 5410 :
3744 5379 3763 5410 ι
3786 5358 3892 5412 Fac

2331 5456 2476 5510 ergo,
2528 5443 2716 5510 inquit,
2764 5442 2869 5511 ﬁli,
2916 5444 2963 5496 si
3009 5446 3215 5515 placet,
3247 5447 3385 5515 quod
3421 5464 3500 5501 me
3547 5449 3719 5518 facere
3744 5450 3890 5503 cidi-

2332 5531 2425 5594 sti,
2447 5538 2551 5584 etc.
2602 5528 2661 5584 Si
2706 5540 2754 5585 te
2792 5532 3115 5587 innocentem
3155 5538 3311 5600 nosti,
3354 5548 3405 5590 et
3452 5539 3893 5595 existimationem

2334 5630 2479 5673 tuam
2513 5620 2578 5672 ab
2607 5622 2814 5676 cernatis
2846 5626 2949 5676 tuis
2975 5641 3067 5692 per
3090 5625 3410 5680 calumniam
3443 5627 3596 5695 falsis
3641 5631 3889 5685 crinnna-

2334 5709 2562 5762 tionibus
2592 5712 2792 5775 impeti,
2815 5712 2981 5765 libera
3022 5718 3377 5785 compendiose
3396 5727 3445 5770 et
3474 5716 3766 5773 Ecclesiam
3798 5720 3893 5774 Dei

2336 5799 2604 5865 seandalo,
2636 5810 2686 5852 et
2731 5804 2952 5870 teipsum
2982 5803 3150 5874 longa:
3186 5810 3585 5863 concertationis
3627 5812 3891 5880 ambiguo,

2330 5897 2381 5939 et
2415 5906 2560 5943 sume
2588 5890 2721 5943 hanc
2749 5893 3009 5947 residuam
3031 5904 3231 5961 partem
3265 5895 3477 5952 Domini
3521 5900 3775 5967 corporis,
3813 5909 3891 5967 ut,

3836 6332 3841 6333 γ
3854 6314 3929 6333 κλμ
3956 6322 3995 6333 ,ιλ-

3716 6423 4052 6434 *ιι-ήή
