4098 6396
586 515 692 570 ΞΜ

1770 498 1827 553 S.
1867 486 2256 552 GREGORIL'S
2292 483 2393 540 γη
2415 480 2613 538 ΡΑΡΑ.

3683 474 3791 550 πρε

589 637 758 685 cerent
783 628 837 681 in
864 621 1309 684 tribulationibus,
1334 633 1464 689 quas
1485 614 1807 669 sustinebant
1828 609 1892 662 ab
1922 605 2135 675 iniquis,
2167 605 2214 660 Α
2235 600 2427 663 xerint,
2472 597 2643 649 beatos
2689 593 2941 648 testimas.
2974 590 3090 657 Qua
3127 589 3367 660 opinione
3392 588 3519 659 quid
3536 588 3791 642 insanius

592 720 680 774 sed
706 718 965 788 fortiores,
986 715 1102 766 imo
1142 707 1447 763 constantia:
1478 705 1665 757 virtute
1712 699 1982 754 solidiores
2024 694 2144 764 effi-

593 817 860 872 cerentur;
884 805 1055 858 missis
1084 801 1152 855 ad
1176 816 1259 854 eos
1294 797 1505 861 litteris,
1539 793 1743 864 paucis,
1785 787 2144 872 Iuereticorum

595 898 893 965 audaciam,
918 872 1283 965 garrulitatem
1330 897 1378 940 et
1426 883 1740 954 superbiam,
1762 886 1971 932 auctore
2005 871 2150 928 Hen—

598 989 709 1044 rico
732 1003 793 1041 ac
828 985 1115 1055 defensore,
1138 981 1206 1034 ad
1227 977 1475 1049 injuriam
1493 983 1541 1029 et
1567 968 1932 1027 contumeliam
1951 972 2148 1019 sancta

529 1060 535 1065 θ
597 1079 736 1134 sedis
762 1051 1062 1146 apostolicae
1080 1068 1385 1142 perstrinxit
1412 1066 1625 1119 elatam.
1648 1058 1991 1146 Quamobrem
2008 1051 2151 1146 quod

542 1162 549 1165 Α
601 1184 767 1241 regem
789 1143 1135 1219 anatltematis
1151 1156 1354 1213 vinculo
1370 1152 1687 1225 alligaverit,
1703 1148 1892 1201 litteris
1916 1143 2155 1198 insinua-

602 1231 697 1323 cil,
723 1255 907 1326 quibus
929 1250 1174 1305 catholici
1200 1247 1269 1301 ad
1309 1245 1650 1299 resistendum
1676 1238 1869 1307 iniquis
1897 1231 2154 1289 Iuereticis

604 1323 978 1400 constantiores
1003 1338 1171 1408 enecti
1199 1344 1339 1391 sunt.
2131 1323 2134 1326 ’

676 1455 821 1509 Idem
856 1450 1129 1506 Marianus
1177 1446 1373 1501 ibidem
1401 1462 1414 1498 :
1449 1440 1727 1511 Gregorius
1770 1437 1933 1508 igitur
1964 1433 2157 1505 prasul

608 1542 933 1607 uenerabilis,
959 1539 1316 1594 htcreticorum
1335 1533 1616 1597 insaniam,
1639 1527 2010 1583 catholicorum
2033 1539 2161 1594 quo-

611 1616 725 1702 que,
790 1628 1107 1700 astipulante
1154 1626 1386 1687 veritate,
1439 1634 1745 1690 cognoscens
1790 1613 2159 1675 constantiam,

611 1720 878 1790 Rodolplto
911 1718 1017 1788 regi
1052 1715 1227 1770 missis
1263 1711 1474 1778 litteris,
1510 1707 1851 1777 apostolicam
1897 1703 2163 1757 mandat-it

617 1809 1018 1864 benedictionem
1044 1820 1060 1858 :
1083 1805 1138 1857 in
1168 1803 1355 1873 quibus
1374 1800 1534 1854 etiam
1558 1796 1794 1850 omnibus
1820 1793 2016 1871 Christi
2035 1793 2167 1861 ﬁde-

614 1901 772 1965 libus,
802 1900 949 1952 beato
978 1895 1157 1959 Petro,
1193 1909 1256 1947 ac
1293 1892 1392 1946 sibi
1420 1890 1614 1944 uicario
1647 1886 1782 1956 ejus,
1823 1884 2164 1939 obedientiam

615 1986 998 2061 profitentibus,
1024 1981 1387 2038 universaliter
1427 1978 1732 2042 insinuarit,
1780 1974 2006 2029 Henrico
2038 1991 2162 2045 pro-

616 2090 731 2151 pter
756 2078 1072 2147 superbiam,
1130 2070 1531 2127 inobedientiam
1570 2084 1633 2122 ac
1677 2066 1984 2137 falsitatem,
2024 2066 2166 2136 regni

618 2172 925 2242 dignitatem
955 2166 1213 2230 ablatam,
1248 2160 1515 2230 Rodolplto
1547 2174 1665 2213 vero
1693 2157 1800 2227 regi
1840 2173 1934 2227 pro
1955 2172 2051 2209 sua
2073 2155 2170 2207 ltu-

558 2296 567 2308 -
622 2260 869 2325 mililale,
905 2254 1198 2311 obedientia
1237 2262 1288 2308 et
1331 2252 1572 2315 ueritate,
1606 2248 1919 2302 auctoritate
1941 2244 1998 2300 S.
2022 2244 2170 2298 Petri

625 2351 896 2406 collatam.

695 2462 764 2517 Χ.
800 2457 1144 2515 Dodechinus
1176 2454 1521 2510 eontinuator
1551 2449 1776 2503 Mariani
1817 2467 1836 2502 :
1858 2445 1977 2517 Ipse
2006 2445 2175 2500 Urba-

629 2570 725 2610 nus
757 2548 1059 2606 uenerabilis
1083 2561 1231 2617 papa.-
1262 2542 1495 2613 Gregorii
1524 2541 1718 2609 scripta
1739 2547 1788 2592 et
1809 2539 1953 2591 dicta
1995 2545 2177 2590 contra

627 2642 983 2698 stltismaticos
1008 2638 1190 2691 habitu
1219 2632 1564 2703 conﬁrmavit.
1591 2629 1659 2683 Et
1677 2644 1821 2683 anno
1848 2626 1983 2682 1090
2010 2626 2180 2682 beata

633 2730 909 2787 memoria:
931 2742 1126 2799 papam
1153 2722 1469 2794 Gregorium
1501 2719 1767 2773 nominat.

698 2841 790 2898 XI.
828 2840 1132 2911 Stephanus
1173 2836 1459 2907 episcopus
1485 2829 1937 2887 Halberstatensis
1955 2842 2181 2884 causam

634 2932 878 3004 Gregorii
902 2929 993 2984 VII
1014 2927 1306 2983 fortissime
1332 2933 1524 2979 contra
1559 2921 1846 2975 lletiricum
1876 2934 2055 2989 regem
2074 2918 2185 2987 egit

637 3024 693 3079 in
715 3038 780 3078 ea
807 3020 1037 3091 epistola
1072 3031 1234 3088 quam
1265 3014 1481 3083 scripsit
1518 3013 1585 3067 ad
1608 3011 1967 3065 Waltramum
2002 3008 2191 3064 Eccle-

638 3113 736 3168 site
778 3107 1255 3181 Magdeburgensis
1319 3104 1421 3175 (sic
1469 3103 1633 3157 habet
1670 3100 1972 3155 Pistoriana
2022 3100 2188 3154 editio

641 3199 957 3269 Doclecliini)
990 3199 1320 3267 episcopum,
1359 3194 1460 3249 sub
1494 3191 1711 3245 nomine
1746 3189 2001 3245 Ludovici
2021 3190 2191 3244 comi-

2215 3239 2262 3298 ϐ

2243 697 2332 741 aut
2356 686 2616 754 infelicius
2651 685 2758 753 dici
2781 682 2984 751 potest?
3774 748 3777 750 η

2313 776 2427 829 ΧΠ.
2454 775 2510 829 S.
2549 774 2834 841 Anselmus
2861 770 3287 835 Cantuariensis,
3315 769 3369 822 in
3392 766 3709 838 prmfatione
3728 766 3793 822 ad

2246 866 2442 921 librum
2460 865 2536 919 De
2551 865 2858 934 fermentato
2873 871 2921 915 et
2938 876 3144 930 azyma,
3160 860 3361 913 nullam
3377 859 3603 931 salutem
3618 858 3797 913 dicere

2248 958 2362 1011 vult
2391 955 2698 1011 Waleramo
2734 954 2818 1008 vel
2862 951 3138 1005 Walramo
3190 947 3635 1019 Nuvenburgensi
3687 947 3801 1017 epi—

2252 1063 2435 1117 sc0po,
2466 1045 2610 1117 quod
2643 1051 2822 1114 partes
2868 1041 3082 1095 Heuriei
3114 1048 3448 1110 sequeretur,
3481 1046 3537 1092 et
3576 1031 3802 1093 escom-

2254 1138 2558 1192 municatus
2579 1143 2739 1191 esset.
2768 1131 2826 1187 Si
2855 1128 3024 1186 certus
3040 1147 3222 1195 essem,
3252 1129 3447 1199 inquit,
3472 1128 3809 1197 prudentiam

2256 1238 2474 1282 vestram
2509 1244 2628 1281 non
2664 1226 2833 1294 favere
2865 1220 3147 1276 successori
3171 1219 3308 1272 Iulii
3344 1219 3592 1282 Caesaris,
3622 1228 3674 1272 et
3701 1217 3816 1272 Ne—

2257 1320 2419 1385 ronis,
2452 1327 2501 1372 et
2535 1317 2763 1381 Iuliani,
2797 1322 2845 1368 et
2875 1312 3119 1383 potestati
3162 1320 3341 1364 contra
3382 1325 3728 1362 successorem
3762 1317 3815 1363 et

2255 1410 2510 1463 vicarium
2548 1407 2691 1460 Petri
2713 1403 2954 1473 apostoli,
2979 1402 3317 1456 libentissime
3337 1417 3444 1466 vos,
3467 1409 3516 1453 et
3549 1400 3819 1452 amicissi-

2258 1515 2400 1552 mum
2427 1507 2478 1553 et
2510 1495 2839 1551 reverendam
2876 1494 3174 1562 episcopum
3223 1490 3538 1552 salutarem;
3562 1490 3821 1559 quoniam

2259 1598 2432 1642 autem
2452 1588 2522 1642 ad
2549 1586 2896 1656 defensionem
2922 1582 3152 1635 veritatis
3176 1588 3356 1634 contra
3380 1578 3605 1643 Graecos,
3631 1580 3725 1650 qui
3746 1578 3819 1632 ad

2261 1696 2347 1733 vos
2377 1686 2639 1744 uenerunt,
2664 1741 2667 1745 ι
2688 1674 2954 1747 quacritis;
2995 1673 3275 1727 secundum
3306 1687 3453 1742 posse
3482 1670 3613 1723 nulli
3642 1671 3825 1723 deesse

2259 1754 2547 1823 debemus:
2577 1765 2880 1837 opusculum
2914 1764 3053 1817 vobis
3076 1764 3216 1828 misi,
3238 1761 3375 1833 quod
3399 1761 3462 1814 de
3495 1762 3831 1830 processioue

2267 1859 2496 1930 Spiritus
2525 1858 2693 1911 sancti
2715 1854 2858 1910 edidi
2888 1862 3068 1908 contra
3094 1850 3234 1906 illos.

2196 1930 2238 1985 Β
2332 1950 2398 2004 Et
2420 1949 2645 2018 epistola
2670 1954 2860 2002 octava
2895 1946 2963 2000 ad
2988 1944 3336 1998 Wilhelmum
3376 1942 3627 1997 abbatem
3664 1942 3831 1997 docet

2266 2039 2404 2094 idem
2425 2038 2714 2095 Anselmus
2737 2036 3061 2093 sententiam
3093 2032 3671 2090 excommunicationis
3691 2049 3838 2087 eon-

2267 2140 2349 2184 tra
2372 2129 2745 2193 licnricianos,
2771 2126 3112 2182 Simouiacos
3132 2133 3187 2180 et
3227 2124 3453 2180 clericos
3481 2123 3834 2179 incontinen-

2270 2230 2351 2276 tes
2374 2221 2540 2275 latam
2565 2234 2686 2275 esse
2702 2219 2927 2289 justam,
2960 2233 3024 2272 ac
3046 2215 3271 2287 proinde
3292 2216 3447 2279 tales,
3478 2221 3540 2268 ut
3567 2213 3835 2268 ecclesia-

2270 2309 2407 2364 stica
2420 2302 2803 2364 communione
2818 2306 3078 2375 privatos,
3099 2304 3356 2359 declinari
3374 2303 3587 2358 debere.
3612 2301 3837 2359 Utrius-

2273 2412 2379 2467 que
2409 2396 2667 2465 epistolm,
2689 2395 2936 2450 videlicet
2957 2394 3076 2463 ejus
3115 2409 3236 2469 qua:
3275 2401 3359 2449 est
3379 2393 3446 2448 ad
3467 2391 3839 2463 Walramum,

2275 2486 2585 2556 episcopum
2604 2483 3124 2553 Naumburgensem,
3151 2490 3206 2537 et
3225 2480 3344 2551 ejus
3366 2496 3488 2551 qua:
3498 2490 3585 2536 est
3606 2482 3674 2535 ad
3698 2481 3840 2535 Wil-

2278 2577 2515 2631 lteltnum
2579 2575 2849 2641 abbatem,
2914 2588 3108 2644 magna
3162 2572 3307 2628 eum
3366 2572 3841 2627 commendatione

2279 2666 2604 2721 mentionem
2643 2664 2772 2720 facit
2810 2663 3153 2720 Dodechinus
3194 2663 3250 2717 in
3273 2662 3579 2733 Appendice
3618 2662 3689 2717 ad
3722 2661 3842 2717 Ma-

2282 2756 2491 2811 rianum
2513 2770 2657 2810 anno
2670 2755 2885 2809 Domini
2908 2754 3065 2808 ιοθοι.

2350 2844 2489 2899 XIII.
2530 2845 2852 2915 Compilatio
2895 2844 3289 2921 chronologica
3325 2843 3512 2900 incerti
3574 2844 3842 2910 auctoris,

2284 2933 2477 2991 tomol
2525 2935 2710 3004 script.
2741 2933 3043 2990 Germaniae
3081 2948 3221 3002 quos
3260 2932 3441 2988 claris.
3461 2932 3545 2986 vir
3566 2931 3629 2986 Ι).
3673 2930 3846 2987 Joan-

2286 3040 2383 3080 nes
2404 3023 2671 3079 Pistorius
2695 3023 2825 3079 olim
2848 3022 3049 3077 edidit:
3073 3022 3223 3075 Anno
3248 3020 3458 3075 Domini
3489 3019 3625 3075 1076
3666 3023 3848 3090 (error

2287 3113 2445 3168 estin
2470 3113 2753 3181 tempore),
2800 3110 3077 3180 Gregorius
3123 3125 3261 3178 papa
3281 3108 3444 3177 hujus
3472 3107 3695 3161 nominis
3732 3105 3847 3160 ιίι

2291 3221 2324 3257 a
2348 3203 2411 3257 Β.
2451 3202 2610 3258 Petro
2634 3200 2732 3256 167
2754 3202 3047 3265 ordinatur,
3074 3188 3181 3255 etc.
3210 3198 3319 3252 Iste
3348 3197 3629 3251 vocabatur
3655 3196 3851 3250 Hilde-

641 3290 919 3361 ‘iss‘qllem
968 3287 1298 3342 “Nummis
1349 3284 1416 3338 ad
1461 3290 1641 3353 Panes
1681 3279 1895 3348 πίθητίεί
1948 3279 2262 3349 pellicere“
2294 3293 2545 3358 brandus,
2570 3300 2619 3345 et
2653 3292 2753 3361 fuit
2794 3291 2851 3344 in
2909 3289 3195 3361 Scripturis
3238 3288 3388 3345 valde
3435 3288 3694 3353 eruditus,
3737 3296 3850 3343 etc.

644 3382 940 3435 studuerat.
966 3378 1155 3433 Exstat
1209 3376 1348 3446 apud
1370 3372 1735 3426 Dodeehinum
1794 3385 1938 3423 anno
1997 3368 2197 3423 Christi

650 3468 807 3524 £090.
835 3467 967 3523 Inter
1001 3477 1194 3522 czetera
1227 3466 1308 3521 sic
1340 3463 1582 3532 loquitur
1616 3479 1630 3514 :
1666 3452 1806 3513 Audi
1828 3475 1966 3525 vera,
1992 3476 2091 3512 non
2114 3461 2199 3532 fu-

645 3568 811 3613 cata:
840 3558 977 3611 Audi
1003 3556 1316 3625 fortia,,non
1338 3555 1528 3622 faceta.
1556 3550 1739 3604 Omnis
1782 3551 1871 3617 qui
1921 3550 2198 3619 dignitates

646 3640 951 3717 spirituales
987 3644 1179 3709 vendit,
1227 3644 1501 3698 latereticus
1555 3646 1669 3694 est-
1716 3637 1966 3692 Dominus
2029 3647 2202 3691 autem

652 3735 933 3802 Henricus,
964 3752 1113 3806 quem
1146 3749 1311 3804 regem
1332 3732 1535 3795 dicunt,
1556 3729 1942 3800 episcopatuset
1965 3729 2202 3782 abbatias

550 3874 561 3885 ..
653 3828 847 3882 rendit.
879 3826 1085 3880 Etenim
1097 3818 2070 3888 Comtautiensem,Babenbergensem,
2089 3817 2204 3872 Mo-

652 3918 1008 3988 guntinensem
1034 3922 1081 3966 et
1112 3911 1282 3981 plures
1308 3909 1570 3978 alios,pro
1590 3910 1837 3979 pecunia;
1858 3907 2205 3976 Ratispouen-
2224 3956 2235 3966 ,

654 4022 785 4071 sem,
818 4004 1212 4074 Augustensem,
1241 3998 1712 4068 Strasburgensem,
1738 4012 1831 4067 pro
1867 3996 2078 4065 gladio;
2110 3998 2205 4050 ab.

656 4096 855 4148 batinm
901 4091 1230 4156 Fuldensem,
1273 4105 1367 4159 pro
1412 4088 1703 4151 adulterio;
1750 4086 2210 4142 Monasteriensem

658 4185 1007 4252 episcOpatum
1031 4180 1185 4252 (quod
1207 4180 1375 4233 dicere
1396 4188 1444 4233 et
1467 4179 1650 4232 audire
1670 4179 1815 4248 nefas
1840 4178 1969 4244 est!)
1992 4195 2084 4247 pro
2107 4179 2207 4234 So-

640 4272 913 4327 domitica
949 4269 1279 4322 immunditia
1321 4269 1566 4323 uendidit.
1615 4267 1766 4334 Quae,
1796 4268 1842 4321 si
1889 4268 2212 4337 impudenter

662 4379 847 4434 negare
869 4358 1115 4424 volueris,
1153 4366 1277 4411 teste
1309 4357 1455 4422 calo,
1481 4367 1605 4411 teste
1639 4368 1797 4422 terra,
1833 4374 2008 4411 omnes
2053 4359 2211 4412 etiam

662 4470 699 4505 la
721 4455 875 4521 furno
896 4451 1161 4505 redeuntes
1191 4446 1341 4501 scioli
1383 4446 1687 4501 concludent
1708 4462 1727 4499 :
1759 4446 1918 4515 Ergo,
1972 4447 2212 4500 dominus

2295 3381 2403 3438 Iste
2427 3400 2562 3454 papa
2586 3383 2760 3458 etiam
2779 3382 2960 3436 stricte
2979 3381 3072 3434 sub
3096 3397 3246 3450 paena
3280 3372 3505 3451 auguria
3527 3378 3780 3445 inhibuit,
3800 3386 3854 3432 et

2295 3474 2585 3544 sortilegia,
2610 3484 2659 3528 et
2681 3473 3080 3536 incantationes,
3112 3479 3161 3524 et
3183 3471 3412 3540 magicas
3436 3478 3597 3523 artes.

2362 3562 2497 3617 XIV.
2520 3563 2842 3629 Godel'ridus
2864 3560 3216 3615 Viterbiensis
3241 3579 3254 3612 :
3279 3557 3399 3628 Ipse
3420 3557 3699 3628 Gregorius
3710 3574 3859 3627 papa

2298 3653 2366 3705 ad
2390 3650 2681 3707 Simouiam
2716 3650 3133 3721 exstirpandam
3178 3658 3227 3704 et
3259 3648 3569 3703 clericorum
3619 3648 3857 3701 inconti-

2300 3744 2528 3798 nentiam
2560 3734 2939 3814 reprimendam
2963 3740 3251 3807 intendens,
3274 3740 3636 3809 imperatorem
3678 3737 3855 3808 ipsum

2300 3837 2369 3891 ad
2394 3835 2672 3907 synodalia
2694 3851 2789 3904 pro
2813 3833 3111 3901 hujusmodi
3138 3833 3428 3902 frequenter
3460 3830 3679 3902 uocauit.
3709 3824 3856 3884 Cou-

2303 3927 2460 3979 nubia
2482 3925 2806 3990 clericorum,
2830 3939 2862 3975 a
2883 3921 3263 3975 subdiaconatu
3295 3929 3344 3975 et
3367 3935 3548 3989 supra,
3573 3934 3666 3989 per
3688 3927 3855 3972 totum

2305 4015 2477 4068 orbem
2499 4014 2812 4079 Romanum,
2843 4012 3011 4065 edicto
3033 4010 3302 4076 decretali,
3353 4011 3408 4064 in
3452 4019 3703 4064 aeternum
3726 4024 3857 4079 pro-

2304 4106 2492 4173 ltibait,
2536 4121 2597 4158 ac
2641 4105 2865 4174 seipsum
2906 4101 3158 4155 athletam
3178 4099 3288 4154 Dei
3314 4117 3408 4170 pro
3454 4101 3608 4154 domo
3640 4099 3860 4154 Domini

2306 4208 2512 4249 murum
2529 4194 2822 4274 constituit.
2859 4182 2862 4185 ’

2374 4292 2489 4348 XV.
2526 4264 2837 4349 Fas'ciculus
2858 4250 3179 4360 temporum,
3225 4304 3320 4344 seu
3357 4263 3655 4345 Wernerus
3699 4287 3862 4343 Bole-

2307 4384 2481 4442 winck
2499 4400 2517 4436 :
2552 4382 2660 4437 Iste
2679 4383 2956 4452 Gregorius
2978 4381 3080 4448 fuit
3101 4381 3180 4433 vir
3198 4388 3433 4444 sanctus,
3452 4388 3503 4432 et
3531 4378 3725 4433 multas
3748 4394 3864 4448 per—

2311 4475 2595 4527 secutiones
2620 4489 2713 4543 pro
2736 4472 2952 4542 justitia
2977 4485 3244 4538 perpessus
3273 4475 3369 4523 est.
3407 4467 3512 4520 Hic
3534 4478 3689 4522 antea
3713 4468 3862 4523 dice-

670 4540 927 4595 Ηθητί⁰¹¹³
980 4540 1257 4599 “mm”-
1290 4545 1384 4591 “"
1431 4535 1551 4629 Pr",
1580 4537 1766 4606 qum“
1796 4535 2035 4604 “fanda
2059 4538 2212 4593 mal“
2243 4558 2293 4613 D
2314 4564 2466 4625 batur
2501 4535 2912 4626 Ilildebrandus,
2943 4535 3088 4629 prior
3120 4558 3510 4622 Cluniacensis;
3557 4566 3607 4612 et
3637 4558 3739 4628 fuit
3783 4557 3860 4613 le-

669 4633 733 4686 ub
764 4629 1051 4700 apostolica
1080 4630 1195 4682 sede
1234 4628 1734 4691 excommunicatus,
1776 4643 1867 4681 nec
1891 4644 2100 4698 regnum
2121 4649 2211 4688 nec

670 4728 973 4791 potestatem
996 4717 1228 4787 aliquam
1260 4733 1412 4774 super
1440 4734 1562 4783 nos,
1581 4719 1704 4788 quia
1737 4702 1981 4773 catholici
2013 4738 2213 4790 sumus,

673 4811 860 4880 poterit
882 4810 1128 4875 obtinere.

744 4919 889 4974 Infra
909 4919 1049 4975 idem
1093 4918 1399 4989 Stephanus
1430 4933 1449 4970 :
1489 4917 1639 4983 Quod
1656 4962 1657 4965 η
1676 4934 1793 4989 ego
1824 4936 2013 4990 papam
2034 4921 2220 4995 Cum).

679 5013 839 5077 rium,
891 5022 1058 5079 regem
1110 5007 1453 5078 Rodolpltum,
1496 5007 1848 5062 marchionem
1882 5007 2218 5081 Eggebertum

680 5100 889 5169 pessimi
937 5096 1177 5151 interitus
1223 5095 1462 5162 damnas,
1501 5107 1551 5151 et
1587 5097 1859 5172 dominum
1906 5109 2071 5167 tuum,
2098 5105 2223 5172 quia

682 5189 794 5244 illis
816 5197 1067 5261 superstes
1091 5194 1187 5251 est,
1227 5184 1505 5253 boniﬁcas;
1538 5184 1696 5254 liquet
1723 5188 1953 5257 profecto
1997 5193 2061 5245 ab
2084 5196 2225 5249 omni

676 5268 950 5345 'spirituali
976 5287 1023 5330 te
1063 5276 1350 5346 cognitione
1394 5272 1607 5328 manere
1624 5291 1866 5336 vacuum.
1896 5277 2081 5336 Nonne
2104 5284 2224 5341 beo-

689 5367 794 5420 tius
849 5374 927 5431 est
990 5366 1110 5419 bene
1152 5366 1304 5430 mori,
1355 5380 1511 5435 quam
1566 5364 1702 5433 male
1742 5367 1945 5420 cinere?
1994 5388 2017 5419 ο
2073 5371 2227 5428 Beati

687 5456 845 5522 enim,
889 5453 978 5524 qui
1028 5455 1427 5523 persecutionem
1453 5454 1724 5524 patiuntur
1747 5465 1954 5525 propter
1952 5457 2224 5527 justitiam

650 5573 658 5577 -
694 5543 905 5608 (Matth.
931 5544 986 5614 ν)
1042 5563 1061 5595 ι
1102 5542 1225 5597 lam
1246 5554 1295 5599 et
1332 5544 1604 5610 Neronem,
1647 5546 1771 5614 quia
1800 5532 2049 5615 apostolis
2069 5548 2228 5605 Petro

692 5642 743 5685 et
775 5634 975 5697 Paulo;
998 5635 1117 5704 jam
1152 5643 1201 5688 et
1251 5633 1526 5700 Herodem,
1558 5637 1681 5703 quia
1723 5634 1920 5691 Iacobo
1963 5639 2227 5707 apostolo;

689 5721 804 5789 jam
826 5733 874 5776 et
896 5724 1149 5789 Pilatum,
1176 5728 1297 5793 quia
1338 5725 1555 5778 Domino
1578 5724 1701 5777 Iesu
1748 5725 1953 5779 Christo
2001 5732 2231 5797 supervi-

2316 4664 2466 4726 gatus
2495 4655 2551 4707 in
2575 4652 2772 4720 Gallia,
2800 4660 2850 4706 et
2872 4652 2999 4704 dure
3020 4650 3269 4719 processit
3291 4657 3470 4703 contra
3490 4646 3859 4721 -Sintoniacos.

2318 4743 2607 4809 Quemdam
2643 4744 2804 4796 etiam
2831 4741 3127 4809 episcOpum
3179 4739 3487 4816 miraculose
3519 4740 3642 4791 uicit
3682 4739 3746 4792 de
3772 4737 3859 4793 Si-

2318 4833 2523 4895 monia;
2544 4832 2668 4901 quia
2691 4847 2792 4884 non
2810 4829 2978 4899 potuit
3024 4824 3377 4880 contradicere
3412 4824 3635 4894 Spiritui
3663 4836 3857 4880 sancto.

2322 4919 2521 4976 Factus
2552 4929 2725 4974 autem
2751 4936 2909 4992 papa,
2937 4916 3193 4987 synodum
3214 4901 3513 4982 celebrauit,
3534 4917 3589 4969 in
3617 4932 3719 4986 qua
3742 4931 3862 4968 con-

2321 5023 2405 5066 tra
2429 5027 2513 5066 eos
2533 5010 2697 5065 simili
2717 5010 2829 5088 zelo
2851 5006 3118 5077 processit,
3140 5013 3189 5059 et
3199 5013 3379 5083 contra
3396 5004 3717 5075 Ρταδῗωῒοσ
3736 5021 3864 5060 uo-

2322 5112 2484 5168 ratos,
2526 5101 2807 5155 amovenda
2840 5114 2923 5152 eos
2958 5114 2993 5150 a
3021 5097 3195 5150 divino
3227 5097 3424 5166 ofﬁcio.
3460 5093 3698 5150 Fuerunt
3728 5099 3861 5152 enim

2324 5201 2554 5261 tentpora
2585 5191 2714 5243 satis
2737 5188 2908 5242 arida.
2956 5186 3022 5239 Et
3054 5191 3177 5255 quia
3195 5188 3423 5255 iustitia
3474 5186 3697 5257 rigorem
3727 5190 3863 5242 uisus

2323 5290 2400 5335 est
2429 5290 2596 5334 tenere
2637 5278 2792 5351 solito
2826 5293 2985 5338 more,
3033 5286 3212 5329 contra
3242 5292 3360 5351 eum
3394 5274 3547 5330 multi
3577 5279 3863 5333 iusurreu-

2328 5379 2468 5424 runt.
2502 5366 2572 5422 Et
2593 5368 2760 5437 primo
2782 5366 3043 5429 Cintltius,
3081 5350 3313 5433 prtefecti
3356 5364 3520 5433 ﬁlius,
3552 5384 3671 5421 eum
3694 5366 3862 5435 cepit,

2328 5474 2445 5514 cum
2464 5460 2687 5528 primam
2716 5461 2927 5513 missam
2960 5458 3017 5508 in
3043 5467 3192 5509 nocte
3222 5456 3532 5511 Natiuitatis
3561 5457 3861 5519 celebraret,

2327 5561 2378 5605 et
2401 5552 2455 5604 in
2479 5550 2615 5603 turri
2633 5565 2729 5603 sua
2751 5546 2952 5618 posuit;
2985 5546 3076 5600 sed
3118 5531 3338 5600 Romani
3359 5548 3545 5601 turrim
3577 5534 3864 5611 destruunt,

2329 5650 2377 5693 et
2404 5657 2589 5710 papam
2612 5640 2854 5703 liberant,
2880 5629 2933 5691 et
2969 5636 3238 5692 Cintltium
3265 5650 3412 5713 extra
3437 5638 3615 5693 urbem
3632 5636 3865 5707 ejiciunt.

2337 5730 2528 5797 Deinde
2570 5730 2927 5795 imperatorem
2971 5731 3428 5785 exrotntnunicarit
3477 5738 3685 5799 propter
3720 5725 3847 5778 dissi

3764 5904 4000 6298 Δ
