  <div class='ocr_page' id='page_1' title='image "/cluster/home/n/w/nwhite01/storage/ocr_20150623/148/uva.x000829792/112.png"; bbox 0 0 4098 6358; ppageno 0'>
   <div class='ocr_carea' id='block_1_1' title="bbox 254 451 1785 529">
    <p class='ocr_par' dir='ltr' id='par_1_1' title="bbox 254 451 1783 515">
     <span class='ocr_line' id='line_1_1' title="bbox 254 451 1783 515; baseline 0.01 -16"><span class='ocrx_word' id='word_1_1' title='bbox 254 451 339 501; x_wconf 65' lang='lat'><strong><em>209</em></strong></span> <span class='ocrx_word' id='word_1_2' title='bbox 987 451 1346 510; x_wconf 69' lang='lat' dir='ltr'><strong><em>I’IIULILGUM</em></strong></span> <span class='ocrx_word' id='word_1_3' title='bbox 1358 457 1508 511; x_wconf 65' lang='lat' dir='ltr'><strong><em>Ii.\.-\.</em></strong></span> <span class='ocrx_word' id='word_1_4' title='bbox 1549 489 1618 497; x_wconf 94' lang='lat'><em>—</em></span> <span class='ocrx_word' id='word_1_5' title='bbox 1652 462 1783 515; x_wconf 85' lang='lat' dir='ltr'><strong><em>APU</em></strong></span> 
     </span>
    </p>
   </div>
   <div class='ocr_carea' id='block_1_2' title="bbox 1876 451 2688 529">
    <p class='ocr_par' dir='ltr' id='par_1_2' title="bbox 1877 464 2688 529">
     <span class='ocr_line' id='line_1_2' title="bbox 1877 464 2688 529; baseline 0.014 -11"><span class='ocrx_word' id='word_1_6' title='bbox 1877 464 1990 518; x_wconf 71' lang='grc' dir='ltr'><strong><em>(ΠΛ</em></strong></span> <span class='ocrx_word' id='word_1_7' title='bbox 2027 466 2159 522; x_wconf 77' lang='lat' dir='ltr'><strong><em>I‘IlO</em></strong></span> <span class='ocrx_word' id='word_1_8' title='bbox 2195 467 2543 525; x_wconf 79' lang='lat' dir='ltr'><strong><em>GRECORIO</em></strong></span> <span class='ocrx_word' id='word_1_9' title='bbox 2583 472 2688 529; x_wconf 75' lang='lat' dir='ltr'><strong><em>VII.</em></strong></span> 
     </span>
    </p>
   </div>
   <div class='ocr_carea' id='block_1_3' title="bbox 3328 487 3432 540">
    <p class='ocr_par' dir='ltr' id='par_1_3' title="bbox 3328 487 3432 540">
     <span class='ocr_line' id='line_1_3' title="bbox 3328 487 3432 540; baseline 0.019 -2"><span class='ocrx_word' id='word_1_10' title='bbox 3328 487 3432 540; x_wconf 73' lang='grc'><strong><em>210</em></strong></span> 
     </span>
    </p>
   </div>
   <div class='ocr_carea' id='block_1_4' title="bbox 253 559 3427 652">
    <p class='ocr_par' dir='ltr' id='par_1_4' title="bbox 253 559 3427 652">
     <span class='ocr_line' id='line_1_4' title="bbox 253 559 3427 652; baseline 0.014 -45"><span class='ocrx_word' id='word_1_11' title='bbox 253 560 393 644; x_wconf 75' lang='lat' dir='ltr'><strong><em>dium.</em></strong></span> <span class='ocrx_word' id='word_1_12' title='bbox 425 559 523 624; x_wconf 81' lang='grc' dir='ltr'><strong><em>οι</em></strong></span> <span class='ocrx_word' id='word_1_13' title='bbox 553 573 668 630; x_wconf 88' lang='lat' dir='ltr'><strong><em>post</em></strong></span> <span class='ocrx_word' id='word_1_14' title='bbox 725 566 932 618; x_wconf 87' lang='lat' dir='ltr'><strong><em>veniens</em></strong></span> <span class='ocrx_word' id='word_1_15' title='bbox 975 568 1044 618; x_wconf 90' lang='lat' dir='ltr'><strong><em>ad</em></strong></span> <span class='ocrx_word' id='word_1_16' title='bbox 1067 567 1254 636; x_wconf 89' lang='lat' dir='ltr'><strong><em>ipsum,</em></strong></span> <span class='ocrx_word' id='word_1_17' title='bbox 1278 579 1327 621; x_wconf 91' lang='lat' dir='ltr'><strong><em>et</em></strong></span> <span class='ocrx_word' id='word_1_18' title='bbox 1349 568 1586 638; x_wconf 80' lang='lat' dir='ltr'><strong><em>pluribus</em></strong></span> <span class='ocrx_word' id='word_1_19' title='bbox 1613 573 1791 627; x_wconf 88' lang='lat' dir='ltr'><strong><em>diebus</em></strong></span> <span class='ocrx_word' id='word_1_20' title='bbox 1821 588 1866 641; x_wconf 78' lang='grc' dir='ltr'><strong>Α</strong></span> <span class='ocrx_word' id='word_1_21' title='bbox 1963 576 2034 630; x_wconf 81' lang='lat' dir='ltr'><strong><em>De</em></strong></span> <span class='ocrx_word' id='word_1_22' title='bbox 2059 577 2244 632; x_wconf 85' lang='lat' dir='ltr'><strong><em>eodem</em></strong></span> <span class='ocrx_word' id='word_1_23' title='bbox 2292 580 2543 648; x_wconf 78' lang='lat' dir='ltr'><strong><em>pontiﬁce</em></strong></span> <span class='ocrx_word' id='word_1_24' title='bbox 2572 583 2707 637; x_wconf 90' lang='lat' dir='ltr'><strong><em>idem</em></strong></span> <span class='ocrx_word' id='word_1_25' title='bbox 2742 584 3022 645; x_wconf 82' lang='lat' dir='ltr'><strong><em>Bertoldns</em></strong></span> <span class='ocrx_word' id='word_1_26' title='bbox 3057 607 3200 648; x_wconf 85' lang='lat' dir='ltr'><strong><em>anno</em></strong></span> <span class='ocrx_word' id='word_1_27' title='bbox 3230 595 3427 652; x_wconf 81' lang='lat' dir='ltr'><strong><em>Christi</em></strong></span> 
     </span>
    </p>
   </div>
   <div class='ocr_carea' id='block_1_5' title="bbox 255 642 1785 724">
    <p class='ocr_par' dir='ltr' id='par_1_5' title="bbox 255 642 1785 724">
     <span class='ocr_line' id='line_1_5' title="bbox 255 642 1785 724; baseline 0.011 -25"><span class='ocrx_word' id='word_1_28' title='bbox 255 642 382 702; x_wconf 77' lang='lat' dir='ltr'><strong><em>nudis</em></strong></span> <span class='ocrx_word' id='word_1_29' title='bbox 409 652 619 718; x_wconf 87' lang='lat' dir='ltr'><strong><em>pedibus</em></strong></span> <span class='ocrx_word' id='word_1_30' title='bbox 653 671 818 722; x_wconf 86' lang='lat' dir='ltr'><strong><em>super</em></strong></span> <span class='ocrx_word' id='word_1_31' title='bbox 844 655 1060 724; x_wconf 79' lang='lat' dir='ltr'><strong><em>glaciem</em></strong></span> <span class='ocrx_word' id='word_1_32' title='bbox 1090 666 1254 722; x_wconf 90' lang='lat' dir='ltr'><strong><em>stans,</em></strong></span> <span class='ocrx_word' id='word_1_33' title='bbox 1287 661 1372 712; x_wconf 82' lang='lat' dir='ltr'><strong><em>vix</em></strong></span> <span class='ocrx_word' id='word_1_34' title='bbox 1411 660 1785 716; x_wconf 78' lang='lat' dir='ltr'><strong><em>absolutionem</em></strong></span> 
     </span>
    </p>
   </div>
   <div class='ocr_carea' id='block_1_6' title="bbox 251 739 1785 816">
    <p class='ocr_par' dir='ltr' id='par_1_6' title="bbox 251 739 1785 816">
     <span class='ocr_line' id='line_1_6' title="bbox 251 739 1785 816; baseline 0.012 -28"><span class='ocrx_word' id='word_1_35' title='bbox 251 739 537 806; x_wconf 80' lang='lat' dir='ltr'><strong><em>impetravit.</em></strong></span> <span class='ocrx_word' id='word_1_36' title='bbox 568 741 670 796; x_wconf 88' lang='lat' dir='ltr'><strong><em>Sed</em></strong></span> <span class='ocrx_word' id='word_1_37' title='bbox 703 745 989 813; x_wconf 89' lang='lat' dir='ltr'><strong><em>imperator</em></strong></span> <span class='ocrx_word' id='word_1_38' title='bbox 1021 763 1123 800; x_wconf 90' lang='lat' dir='ltr'><strong><em>non</em></strong></span> <span class='ocrx_word' id='word_1_39' title='bbox 1153 752 1493 816; x_wconf 68' lang='lat' dir='ltr'><strong><em>perseveravit</em></strong></span> <span class='ocrx_word' id='word_1_40' title='bbox 1522 752 1576 804; x_wconf 91' lang='lat' dir='ltr'><strong><em>in</em></strong></span> <span class='ocrx_word' id='word_1_41' title='bbox 1599 752 1785 806; x_wconf 87' lang='lat' dir='ltr'><strong><em>humili</em></strong></span> 
     </span>
    </p>
   </div>
   <div class='ocr_carea' id='block_1_7' title="bbox 251 830 914 905">
    <p class='ocr_par' dir='ltr' id='par_1_7' title="bbox 251 830 914 905">
     <span class='ocr_line' id='line_1_7' title="bbox 251 830 914 905; baseline 0.014 -25"><span class='ocrx_word' id='word_1_42' title='bbox 251 830 534 898; x_wconf 81' lang='lat' dir='ltr'><strong><em>obedientia,</em></strong></span> <span class='ocrx_word' id='word_1_43' title='bbox 554 851 711 903; x_wconf 87' lang='lat' dir='ltr'><strong><em>quam</em></strong></span> <span class='ocrx_word' id='word_1_44' title='bbox 745 838 914 905; x_wconf 66' lang='lat' dir='ltr'><strong><em>erepit.</em></strong></span> 
     </span>
    </p>
   </div>
   <div class='ocr_carea' id='block_1_8' title="bbox 307 918 1763 1010">
    <p class='ocr_par' dir='ltr' id='par_1_8' title="bbox 307 918 1763 1010">
     <span class='ocr_line' id='line_1_8' title="bbox 307 918 1763 1010; baseline 0.012 -39"><span class='ocrx_word' id='word_1_45' title='bbox 307 918 431 974; x_wconf 67' lang='lat' dir='ltr'><strong><em>XVI.</em></strong></span> <span class='ocrx_word' id='word_1_46' title='bbox 471 921 673 979; x_wconf 85' lang='lat' dir='ltr'><strong><em>Paulus</em></strong></span> <span class='ocrx_word' id='word_1_47' title='bbox 695 924 1120 982; x_wconf 81' lang='lat' dir='ltr'><strong><em>Bernriedensis.</em></strong></span> <span class='ocrx_word' id='word_1_48' title='bbox 1759 1007 1763 1010; x_wconf 18' lang='grc' dir='ltr'>ι</span> 
     </span>
    </p>
   </div>
   <div class='ocr_carea' id='block_1_9' title="bbox 305 1008 1784 1090">
    <p class='ocr_par' dir='ltr' id='par_1_9' title="bbox 305 1008 1784 1090">
     <span class='ocr_line' id='line_1_9' title="bbox 305 1008 1784 1090; baseline 0.011 -30"><span class='ocrx_word' id='word_1_49' title='bbox 305 1008 450 1063; x_wconf 72' lang='lat' dir='ltr'><strong><em>XVII.</em></strong></span> <span class='ocrx_word' id='word_1_50' title='bbox 501 1012 783 1070; x_wconf 84' lang='lat' dir='ltr'><strong><em>Gerochus</em></strong></span> <span class='ocrx_word' id='word_1_51' title='bbox 848 1015 1408 1086; x_wconf 78' lang='lat' dir='ltr'><strong><em>Rcicherspcrgensis,</em></strong></span> <span class='ocrx_word' id='word_1_52' title='bbox 1451 1019 1517 1074; x_wconf 89' lang='lat' dir='ltr'><strong><em>de</em></strong></span> <span class='ocrx_word' id='word_1_53' title='bbox 1557 1008 1784 1090; x_wconf 84' lang='lat' dir='ltr'><strong><em>utroque</em></strong></span> 
     </span>
    </p>
   </div>
   <div class='ocr_carea' id='block_1_10' title="bbox 250 1099 1783 1180">
    <p class='ocr_par' dir='ltr' id='par_1_10' title="bbox 250 1099 1783 1180">
     <span class='ocr_line' id='line_1_10' title="bbox 250 1099 1783 1180; baseline 0.008 -30"><span class='ocrx_word' id='word_1_54' title='bbox 250 1100 336 1152; x_wconf 74' lang='lat' dir='ltr'><strong><em>ista</em></strong></span> <span class='ocrx_word' id='word_1_55' title='bbox 367 1099 658 1158; x_wconf 75' lang='lat' dir='ltr'><strong><em>Aventinus</em></strong></span> <span class='ocrx_word' id='word_1_56' title='bbox 704 1105 843 1158; x_wconf 84' lang='lat' dir='ltr'><strong><em>libro</em></strong></span> <span class='ocrx_word' id='word_1_57' title='bbox 892 1122 923 1158; x_wconf 76' lang='grc' dir='ltr'><strong><em>ν</em></strong></span> <span class='ocrx_word' id='word_1_58' title='bbox 953 1105 1240 1160; x_wconf 68' lang='lat' dir='ltr'><strong><em>Annalium</em></strong></span> <span class='ocrx_word' id='word_1_59' title='bbox 1295 1107 1546 1178; x_wconf 67' lang='lat' dir='ltr'><strong><em>Boiorum</em></strong></span> <span class='ocrx_word' id='word_1_60' title='bbox 1593 1129 1606 1164; x_wconf 90' lang='lat'>:</span> <span class='ocrx_word' id='word_1_61' title='bbox 1659 1109 1783 1180; x_wconf 88' lang='lat' dir='ltr'><strong><em>Legi</em></strong></span> 
     </span>
    </p>
   </div>
   <div class='ocr_carea' id='block_1_11' title="bbox 248 1187 1784 1264">
    <p class='ocr_par' dir='ltr' id='par_1_11' title="bbox 248 1187 1784 1264">
     <span class='ocr_line' id='line_1_11' title="bbox 248 1187 1784 1264; baseline 0.008 -25"><span class='ocrx_word' id='word_1_62' title='bbox 248 1187 436 1254; x_wconf 78' lang='lat' dir='ltr'><strong><em>multos,</em></strong></span> <span class='ocrx_word' id='word_1_63' title='bbox 461 1196 752 1259; x_wconf 81' lang='lat' dir='ltr'><strong><em>pra-sertim</em></strong></span> <span class='ocrx_word' id='word_1_64' title='bbox 777 1194 1006 1248; x_wconf 87' lang='lat' dir='ltr'><strong><em>Paulum</em></strong></span> <span class='ocrx_word' id='word_1_65' title='bbox 1035 1195 1472 1264; x_wconf 87' lang='lat' dir='ltr'><strong><em>Bernriedensem,</em></strong></span> <span class='ocrx_word' id='word_1_66' title='bbox 1498 1198 1784 1253; x_wconf 88' lang='lat' dir='ltr'><strong><em>Gerochum</em></strong></span> 
     </span>
    </p>
   </div>
   <div class='ocr_carea' id='block_1_12' title="bbox 249 1276 1780 1358">
    <p class='ocr_par' dir='ltr' id='par_1_12' title="bbox 249 1276 1780 1358">
     <span class='ocr_line' id='line_1_12' title="bbox 249 1276 1780 1358; baseline 0.008 -28"><span class='ocrx_word' id='word_1_67' title='bbox 249 1276 755 1351; x_wconf 78' lang='lat' dir='ltr'><strong><em>Reicherspergensem</em></strong></span> <span class='ocrx_word' id='word_1_68' title='bbox 789 1285 1099 1350; x_wconf 79' lang='lat' dir='ltr'><strong><em>antistitem,</em></strong></span> <span class='ocrx_word' id='word_1_69' title='bbox 1131 1279 1541 1357; x_wconf 78' lang='lat' dir='ltr'><strong><em>Augustinianos</em></strong></span> <span class='ocrx_word' id='word_1_70' title='bbox 1565 1298 1780 1358; x_wconf 70' lang='lat' dir='ltr'><strong><em>mystas,</em></strong></span> 
     </span>
    </p>
   </div>
   <div class='ocr_carea' id='block_1_13' title="bbox 246 1368 1782 1446">
    <p class='ocr_par' dir='ltr' id='par_1_13' title="bbox 246 1368 1782 1446">
     <span class='ocr_line' id='line_1_13' title="bbox 246 1368 1782 1446; baseline 0.008 -28"><span class='ocrx_word' id='word_1_71' title='bbox 246 1369 292 1418; x_wconf 85' lang='lat' dir='ltr'><strong><em>in</em></strong></span> <span class='ocrx_word' id='word_1_72' title='bbox 321 1368 531 1436; x_wconf 81' lang='lat' dir='ltr'><strong><em>Bojaria</em></strong></span> <span class='ocrx_word' id='word_1_73' title='bbox 556 1383 716 1426; x_wconf 90' lang='lat' dir='ltr'><strong><em>ortos.</em></strong></span> <span class='ocrx_word' id='word_1_74' title='bbox 756 1373 976 1444; x_wconf 81' lang='lat' dir='ltr'><strong><em>Uterque</em></strong></span> <span class='ocrx_word' id='word_1_75' title='bbox 1019 1376 1082 1428; x_wconf 90' lang='lat' dir='ltr'><strong><em>de</em></strong></span> <span class='ocrx_word' id='word_1_76' title='bbox 1117 1377 1470 1446; x_wconf 77' lang='lat' dir='ltr'><strong><em>hujuscemodi</em></strong></span> <span class='ocrx_word' id='word_1_77' title='bbox 1520 1379 1782 1431; x_wconf 80' lang='lat' dir='ltr'><strong><em>discordia</em></strong></span> 
     </span>
    </p>
   </div>
   <div class='ocr_carea' id='block_1_14' title="bbox 243 1460 1782 1537">
    <p class='ocr_par' dir='ltr' id='par_1_14' title="bbox 243 1460 1782 1537">
     <span class='ocr_line' id='line_1_14' title="bbox 243 1460 1782 1537; baseline 0.007 -28"><span class='ocrx_word' id='word_1_78' title='bbox 243 1460 511 1523; x_wconf 76' lang='lat' dir='ltr'><strong><em>perniciosa</em></strong></span> <span class='ocrx_word' id='word_1_79' title='bbox 540 1461 702 1516; x_wconf 91' lang='lat' dir='ltr'><strong><em>libros</em></strong></span> <span class='ocrx_word' id='word_1_80' title='bbox 726 1465 922 1527; x_wconf 83' lang='lat' dir='ltr'><strong><em>edidit;</em></strong></span> <span class='ocrx_word' id='word_1_81' title='bbox 957 1476 1169 1535; x_wconf 87' lang='lat' dir='ltr'><strong><em>uterque</em></strong></span> <span class='ocrx_word' id='word_1_82' title='bbox 1199 1484 1322 1535; x_wconf 90' lang='lat' dir='ltr'><strong><em>pars</em></strong></span> <span class='ocrx_word' id='word_1_83' title='bbox 1350 1469 1507 1537; x_wconf 84' lang='lat' dir='ltr'><strong><em>hujus</em></strong></span> <span class='ocrx_word' id='word_1_84' title='bbox 1531 1470 1782 1521; x_wconf 74' lang='lat' dir='ltr'><strong><em>tumultus</em></strong></span> 
     </span>
    </p>
   </div>
   <div class='ocr_carea' id='block_1_15' title="bbox 245 1547 1782 1627">
    <p class='ocr_par' dir='ltr' id='par_1_15' title="bbox 245 1547 1782 1627">
     <span class='ocr_line' id='line_1_15' title="bbox 245 1547 1782 1627; baseline 0.01 -30"><span class='ocrx_word' id='word_1_85' title='bbox 245 1547 332 1613; x_wconf 83' lang='lat' dir='ltr'><strong><em>fuit</em></strong></span> <span class='ocrx_word' id='word_1_86' title='bbox 358 1548 503 1614; x_wconf 87' lang='lat' dir='ltr'><strong><em>:ille,</em></strong></span> <span class='ocrx_word' id='word_1_87' title='bbox 533 1551 928 1624; x_wconf 84' lang='lat' dir='ltr'><strong><em>Reginoburgii;</em></strong></span> <span class='ocrx_word' id='word_1_88' title='bbox 957 1556 1060 1619; x_wconf 88' lang='lat' dir='ltr'><strong><em>hic,</em></strong></span> <span class='ocrx_word' id='word_1_89' title='bbox 1089 1557 1339 1626; x_wconf 74' lang='lat' dir='ltr'><strong><em>Augusta:</em></strong></span> <span class='ocrx_word' id='word_1_90' title='bbox 1365 1559 1633 1627; x_wconf 78' lang='lat' dir='ltr'><strong><em>primaria:</em></strong></span> <span class='ocrx_word' id='word_1_91' title='bbox 1655 1561 1782 1612; x_wconf 62' lang='lat' dir='ltr'><strong><em>aedis</em></strong></span> 
     </span>
    </p>
   </div>
   <div class='ocr_carea' id='block_1_16' title="bbox 244 1632 1778 1713">
    <p class='ocr_par' dir='ltr' id='par_1_16' title="bbox 244 1632 1778 1713">
     <span class='ocr_line' id='line_1_16' title="bbox 244 1632 1778 1713; baseline 0.01 -26"><span class='ocrx_word' id='word_1_92' title='bbox 244 1639 482 1691; x_wconf 77' lang='lat' dir='ltr'><strong><em>sacerdos.</em></strong></span> <span class='ocrx_word' id='word_1_93' title='bbox 531 1641 695 1695; x_wconf 80' lang='lat' dir='ltr'><strong><em>Ambo</em></strong></span> <span class='ocrx_word' id='word_1_94' title='bbox 753 1645 901 1698; x_wconf 84' lang='lat' dir='ltr'><strong><em>rebus</em></strong></span> <span class='ocrx_word' id='word_1_95' title='bbox 951 1632 1301 1699; x_wconf 79' lang='lat' dir='ltr'><strong><em>Hildebrandi</em></strong></span> <span class='ocrx_word' id='word_1_96' title='bbox 1360 1649 1630 1713; x_wconf 87' lang='lat' dir='ltr'><strong><em>studuere,</em></strong></span> <span class='ocrx_word' id='word_1_97' title='bbox 1676 1658 1778 1702; x_wconf 97' lang='lat' dir='ltr'><strong><em>etc.</em></strong></span> 
     </span>
    </p>
   </div>
   <div class='ocr_carea' id='block_1_17' title="bbox 245 1724 1783 1806">
    <p class='ocr_par' dir='ltr' id='par_1_17' title="bbox 245 1724 1783 1806">
     <span class='ocr_line' id='line_1_17' title="bbox 245 1724 1783 1806; baseline 0.01 -29"><span class='ocrx_word' id='word_1_98' title='bbox 245 1724 536 1783; x_wconf 76' lang='lat' dir='ltr'><strong><em>licinricum</em></strong></span> <span class='ocrx_word' id='word_1_99' title='bbox 565 1735 781 1802; x_wconf 80' lang='lat' dir='ltr'><strong><em>stupris,</em></strong></span> <span class='ocrx_word' id='word_1_100' title='bbox 817 1737 1103 1802; x_wconf 89' lang='lat' dir='ltr'><strong><em>amoribus,</em></strong></span> <span class='ocrx_word' id='word_1_101' title='bbox 1136 1739 1477 1806; x_wconf 74' lang='lat' dir='ltr'><strong><em>impudicitiw</em></strong></span> <span class='ocrx_word' id='word_1_102' title='bbox 1509 1749 1557 1792; x_wconf 90' lang='lat' dir='ltr'><strong><em>et</em></strong></span> <span class='ocrx_word' id='word_1_103' title='bbox 1580 1739 1783 1793; x_wconf 80' lang='lat' dir='ltr'><strong><em>adulte-</em></strong></span> 
     </span>
    </p>
   </div>
   <div class='ocr_carea' id='block_1_18' title="bbox 244 1817 1776 1898">
    <p class='ocr_par' dir='ltr' id='par_1_18' title="bbox 244 1817 1776 1898">
     <span class='ocr_line' id='line_1_18' title="bbox 244 1817 1776 1898; baseline 0.012 -32"><span class='ocrx_word' id='word_1_104' title='bbox 244 1817 300 1866; x_wconf 85' lang='lat' dir='ltr'><strong><em>rii</em></strong></span> <span class='ocrx_word' id='word_1_105' title='bbox 327 1818 576 1888; x_wconf 82' lang='lat' dir='ltr'><strong><em>ﬂagrasse</em></strong></span> <span class='ocrx_word' id='word_1_106' title='bbox 612 1824 857 1892; x_wconf 89' lang='lat' dir='ltr'><strong><em>infamia,</em></strong></span> <span class='ocrx_word' id='word_1_107' title='bbox 901 1842 963 1878; x_wconf 89' lang='lat' dir='ltr'><strong><em>ne</em></strong></span> <span class='ocrx_word' id='word_1_108' title='bbox 996 1829 1155 1880; x_wconf 87' lang='lat' dir='ltr'><strong><em>amici</em></strong></span> <span class='ocrx_word' id='word_1_109' title='bbox 1178 1829 1382 1897; x_wconf 84' lang='lat' dir='ltr'><strong><em>quidem</em></strong></span> <span class='ocrx_word' id='word_1_110' title='bbox 1428 1839 1634 1898; x_wconf 89' lang='lat' dir='ltr'><strong><em>negant,</em></strong></span> <span class='ocrx_word' id='word_1_111' title='bbox 1675 1840 1776 1884; x_wconf 89' lang='lat' dir='ltr'><strong><em>etc.</em></strong></span> 
     </span>
    </p>
   </div>
   <div class='ocr_carea' id='block_1_19' title="bbox 1889 666 3429 754">
    <p class='ocr_par' dir='ltr' id='par_1_19' title="bbox 1889 666 3429 754">
     <span class='ocr_line' id='line_1_19' title="bbox 1889 666 3429 754; baseline 0.014 -36"><span class='ocrx_word' id='word_1_112' title='bbox 1889 666 2024 720; x_wconf 71' lang='lat'><strong>{0&#39;76</strong></span> <span class='ocrx_word' id='word_1_113' title='bbox 2083 689 2093 720; x_wconf 92' lang='lat'>:</span> <span class='ocrx_word' id='word_1_114' title='bbox 2142 667 2352 722; x_wconf 82' lang='lat' dir='ltr'><strong><em>Cincius</em></strong></span> <span class='ocrx_word' id='word_1_115' title='bbox 2412 673 2625 741; x_wconf 90' lang='lat' dir='ltr'><strong><em>quidam</em></strong></span> <span class='ocrx_word' id='word_1_116' title='bbox 2673 673 2933 731; x_wconf 78' lang='lat' dir='ltr'><strong><em>Romanus</em></strong></span> <span class='ocrx_word' id='word_1_117' title='bbox 2971 681 3094 735; x_wconf 87' lang='lat' dir='ltr'><strong><em>civis</em></strong></span> <span class='ocrx_word' id='word_1_118' title='bbox 3130 681 3429 754; x_wconf 79' lang='lat' dir='ltr'><strong><em>Gregorium</em></strong></span> 
     </span>
    </p>
   </div>
   <div class='ocr_carea' id='block_1_20' title="bbox 1885 760 3428 831">
    <p class='ocr_par' dir='ltr' id='par_1_20' title="bbox 1885 760 3428 831">
     <span class='ocr_line' id='line_1_20' title="bbox 1885 760 3428 831; baseline 0.013 -23"><span class='ocrx_word' id='word_1_119' title='bbox 1885 773 2095 825; x_wconf 86' lang='lat' dir='ltr'><strong><em>papam,</em></strong></span> <span class='ocrx_word' id='word_1_120' title='bbox 2127 760 2210 812; x_wconf 89' lang='lat' dir='ltr'><strong><em>die</em></strong></span> <span class='ocrx_word' id='word_1_121' title='bbox 2253 760 2562 815; x_wconf 83' lang='lat' dir='ltr'><strong><em>Nativitatis</em></strong></span> <span class='ocrx_word' id='word_1_122' title='bbox 2595 763 2822 831; x_wconf 80' lang='lat' dir='ltr'><strong><em>Domini,</em></strong></span> <span class='ocrx_word' id='word_1_123' title='bbox 2871 770 3145 824; x_wconf 87' lang='lat' dir='ltr'><strong><em>missarum</em></strong></span> <span class='ocrx_word' id='word_1_124' title='bbox 3179 774 3428 829; x_wconf 83' lang='lat' dir='ltr'><strong><em>solemnia</em></strong></span> 
     </span>
    </p>
   </div>
   <div class='ocr_carea' id='block_1_21' title="bbox 1885 847 3430 928">
    <p class='ocr_par' dir='ltr' id='par_1_21' title="bbox 1885 847 3430 928">
     <span class='ocr_line' id='line_1_21' title="bbox 1885 847 3430 928; baseline 0.012 -30"><span class='ocrx_word' id='word_1_125' title='bbox 1885 847 2224 901; x_wconf 75' lang='lat' dir='ltr'><strong><em>celebrantem</em></strong></span> <span class='ocrx_word' id='word_1_126' title='bbox 2265 851 2678 918; x_wconf 82' lang='lat' dir='ltr'><strong><em>comprehendit;</em></strong></span> <span class='ocrx_word' id='word_1_127' title='bbox 2720 871 2867 924; x_wconf 84' lang='lat' dir='ltr'><strong><em>quem</em></strong></span> <span class='ocrx_word' id='word_1_128' title='bbox 2908 858 2985 910; x_wconf 90' lang='lat' dir='ltr'><strong><em>ita</em></strong></span> <span class='ocrx_word' id='word_1_129' title='bbox 3015 861 3430 928; x_wconf 86' lang='lat' dir='ltr'><strong><em>comprehensum</em></strong></span> 
     </span>
    </p>
   </div>
   <div class='ocr_carea' id='block_1_22' title="bbox 1883 937 3429 1011">
    <p class='ocr_par' dir='ltr' id='par_1_22' title="bbox 1883 937 3429 1011">
     <span class='ocr_line' id='line_1_22' title="bbox 1883 937 3429 1011; baseline 0.013 -25"><span class='ocrx_word' id='word_1_130' title='bbox 1883 937 2094 1004; x_wconf 87' lang='lat' dir='ltr'><strong><em>quidam</em></strong></span> <span class='ocrx_word' id='word_1_131' title='bbox 2119 955 2183 990; x_wconf 86' lang='lat' dir='ltr'><strong><em>ex</em></strong></span> <span class='ocrx_word' id='word_1_132' title='bbox 2207 939 2460 993; x_wconf 84' lang='lat' dir='ltr'><strong><em>militibus</em></strong></span> <span class='ocrx_word' id='word_1_133' title='bbox 2482 943 2708 1011; x_wconf 85' lang='lat' dir='ltr'><strong><em>ejusdem</em></strong></span> <span class='ocrx_word' id='word_1_134' title='bbox 2743 943 2913 998; x_wconf 86' lang='lat' dir='ltr'><strong><em>Cincii</em></strong></span> <span class='ocrx_word' id='word_1_135' title='bbox 2935 949 3165 1003; x_wconf 86' lang='lat' dir='ltr'><strong><em>occidere</em></strong></span> <span class='ocrx_word' id='word_1_136' title='bbox 3197 952 3429 1005; x_wconf 80' lang='lat' dir='ltr'><strong><em>destina-</em></strong></span> 
     </span>
    </p>
   </div>
   <div class='ocr_carea' id='block_1_23' title="bbox 1886 1026 3433 1107">
    <p class='ocr_par' dir='ltr' id='par_1_23' title="bbox 1886 1026 3433 1107">
     <span class='ocr_line' id='line_1_23' title="bbox 1886 1026 3433 1107; baseline 0.012 -29"><span class='ocrx_word' id='word_1_137' title='bbox 1886 1027 1976 1079; x_wconf 86' lang='lat' dir='ltr'><strong><em>vit.</em></strong></span> <span class='ocrx_word' id='word_1_138' title='bbox 2006 1026 2113 1080; x_wconf 67' lang='lat' dir='ltr'><strong><em>“Sed</em></strong></span> <span class='ocrx_word' id='word_1_139' title='bbox 2136 1046 2254 1081; x_wconf 89' lang='lat' dir='ltr'><strong><em>cum</em></strong></span> <span class='ocrx_word' id='word_1_140' title='bbox 2297 1031 2530 1099; x_wconf 84' lang='lat' dir='ltr'><strong><em>gladium</em></strong></span> <span class='ocrx_word' id='word_1_141' title='bbox 2559 1051 2716 1102; x_wconf 87' lang='lat' dir='ltr'><strong><em>supra</em></strong></span> <span class='ocrx_word' id='word_1_142' title='bbox 2750 1047 2905 1104; x_wconf 88' lang='lat' dir='ltr'><strong><em>caput</em></strong></span> <span class='ocrx_word' id='word_1_143' title='bbox 2941 1038 3050 1106; x_wconf 88' lang='lat' dir='ltr'><strong><em>ejus</em></strong></span> <span class='ocrx_word' id='word_1_144' title='bbox 3077 1040 3319 1107; x_wconf 81' lang='lat' dir='ltr'><strong><em>vibraret,</em></strong></span> <span class='ocrx_word' id='word_1_145' title='bbox 3355 1045 3433 1095; x_wconf 88' lang='lat' dir='ltr'><strong><em>ni-</em></strong></span> 
     </span>
    </p>
   </div>
   <div class='ocr_carea' id='block_1_24' title="bbox 1885 1108 3428 1195">
    <p class='ocr_par' dir='ltr' id='par_1_24' title="bbox 1885 1108 3428 1195">
     <span class='ocr_line' id='line_1_24' title="bbox 1885 1108 3428 1195; baseline 0.01 -28"><span class='ocrx_word' id='word_1_146' title='bbox 1885 1114 1986 1168; x_wconf 78' lang='lat' dir='ltr'><strong><em>i&#39;nio</em></strong></span> <span class='ocrx_word' id='word_1_147' title='bbox 2024 1127 2215 1171; x_wconf 85' lang='lat' dir='ltr'><strong><em>terrore</em></strong></span> <span class='ocrx_word' id='word_1_148' title='bbox 2261 1108 2543 1191; x_wconf 87' lang='lat' dir='ltr'><strong><em>correptus,</em></strong></span> <span class='ocrx_word' id='word_1_149' title='bbox 2589 1127 2806 1189; x_wconf 85' lang='lat' dir='ltr'><strong><em>corruit,</em></strong></span> <span class='ocrx_word' id='word_1_150' title='bbox 2831 1143 2920 1178; x_wconf 88' lang='lat' dir='ltr'><strong><em>nec</em></strong></span> <span class='ocrx_word' id='word_1_151' title='bbox 2951 1127 3224 1195; x_wconf 73' lang='lat' dir='ltr'><strong><em>inemptum</em></strong></span> <span class='ocrx_word' id='word_1_152' title='bbox 3267 1132 3428 1184; x_wconf 82' lang='lat' dir='ltr'><strong><em>ictum</em></strong></span> 
     </span>
    </p>
   </div>
   <div class='ocr_carea' id='block_1_25' title="bbox 1882 1208 3458 1290">
    <p class='ocr_par' dir='ltr' id='par_1_25' title="bbox 1882 1208 3458 1290">
     <span class='ocr_line' id='line_1_25' title="bbox 1882 1208 3458 1290; baseline 0.01 -31"><span class='ocrx_word' id='word_1_153' title='bbox 1882 1208 2082 1276; x_wconf 73' lang='lat' dir='ltr'><strong><em>explere</em></strong></span> <span class='ocrx_word' id='word_1_154' title='bbox 2105 1212 2293 1278; x_wconf 88' lang='lat' dir='ltr'><strong><em>potuit.</em></strong></span> <span class='ocrx_word' id='word_1_155' title='bbox 3452 1283 3458 1290; x_wconf 40' lang='grc'><em>,</em></span> 
     </span>
    </p>
   </div>
   <div class='ocr_carea' id='block_1_26' title="bbox 1949 1295 3430 1362">
    <p class='ocr_par' dir='ltr' id='par_1_26' title="bbox 1949 1295 3430 1362">
     <span class='ocr_line' id='line_1_26' title="bbox 1949 1295 3430 1362; baseline 0.009 -13"><span class='ocrx_word' id='word_1_156' title='bbox 1949 1295 2215 1352; x_wconf 78' lang='lat' dir='ltr'><strong><em>Recenset</em></strong></span> <span class='ocrx_word' id='word_1_157' title='bbox 2263 1301 2402 1354; x_wconf 83' lang='lat' dir='ltr'><strong><em>idem</em></strong></span> <span class='ocrx_word' id='word_1_158' title='bbox 2438 1301 2717 1357; x_wconf 84' lang='lat' dir='ltr'><strong><em>Bertoldus</em></strong></span> <span class='ocrx_word' id='word_1_159' title='bbox 2762 1307 3018 1358; x_wconf 87' lang='lat' dir='ltr'><strong><em>nonnulla</em></strong></span> <span class='ocrx_word' id='word_1_160' title='bbox 3067 1308 3260 1361; x_wconf 70' lang='lat' dir='ltr'><strong><em>divinae</em></strong></span> <span class='ocrx_word' id='word_1_161' title='bbox 3313 1309 3430 1362; x_wconf 75' lang='lat' dir='ltr'><strong><em>vin-</em></strong></span> 
     </span>
    </p>
   </div>
   <div class='ocr_carea' id='block_1_27' title="bbox 1881 1387 3431 1464">
    <p class='ocr_par' dir='ltr' id='par_1_27' title="bbox 1881 1387 3431 1464">
     <span class='ocr_line' id='line_1_27' title="bbox 1881 1387 3431 1464; baseline 0.01 -26"><span class='ocrx_word' id='word_1_162' title='bbox 1881 1387 2037 1440; x_wconf 69' lang='lat' dir='ltr'><strong><em>dicta:</em></strong></span> <span class='ocrx_word' id='word_1_163' title='bbox 2074 1390 2315 1456; x_wconf 82' lang='lat' dir='ltr'><strong><em>exempla</em></strong></span> <span class='ocrx_word' id='word_1_164' title='bbox 2355 1391 2407 1442; x_wconf 92' lang='lat' dir='ltr'><strong><em>in</em></strong></span> <span class='ocrx_word' id='word_1_165' title='bbox 2445 1392 2781 1446; x_wconf 83' lang='lat' dir='ltr'><strong><em>adversarios</em></strong></span> <span class='ocrx_word' id='word_1_166' title='bbox 2816 1394 3056 1464; x_wconf 81' lang='lat' dir='ltr'><strong><em>Gregorii</em></strong></span> <span class='ocrx_word' id='word_1_167' title='bbox 3082 1395 3169 1448; x_wconf 81' lang='lat' dir='ltr'><strong><em>VII</em></strong></span> <span class='ocrx_word' id='word_1_168' title='bbox 3201 1406 3254 1450; x_wconf 87' lang='lat' dir='ltr'><strong><em>et</em></strong></span> <span class='ocrx_word' id='word_1_169' title='bbox 3290 1398 3431 1454; x_wconf 89' lang='lat' dir='ltr'><strong><em>IIcn-</em></strong></span> 
     </span>
    </p>
   </div>
   <div class='ocr_carea' id='block_1_28' title="bbox 1883 1477 3430 1547">
    <p class='ocr_par' dir='ltr' id='par_1_28' title="bbox 1883 1477 3430 1547">
     <span class='ocr_line' id='line_1_28' title="bbox 1883 1477 3430 1547; baseline 0.01 -19"><span class='ocrx_word' id='word_1_170' title='bbox 1883 1477 1979 1529; x_wconf 85' lang='lat' dir='ltr'><strong><em>rici</em></strong></span> <span class='ocrx_word' id='word_1_171' title='bbox 2026 1477 2166 1547; x_wconf 82' lang='lat' dir='ltr'><strong><em>regis</em></strong></span> <span class='ocrx_word' id='word_1_172' title='bbox 2202 1481 2455 1535; x_wconf 82' lang='lat' dir='ltr'><strong><em>asseclas.</em></strong></span> <span class='ocrx_word' id='word_1_173' title='bbox 2504 1480 2632 1546; x_wconf 66' lang='lat' dir='ltr'><strong><em>Quae</em></strong></span> <span class='ocrx_word' id='word_1_174' title='bbox 2679 1486 2947 1539; x_wconf 87' lang='lat' dir='ltr'><strong><em>ascribere</em></strong></span> <span class='ocrx_word' id='word_1_175' title='bbox 2987 1487 3176 1540; x_wconf 86' lang='lat' dir='ltr'><strong><em>Iubet:</em></strong></span> <span class='ocrx_word' id='word_1_176' title='bbox 3229 1487 3430 1543; x_wconf 82' lang='lat' dir='ltr'><strong><em>Vercel-</em></strong></span> 
     </span>
    </p>
   </div>
   <div class='ocr_carea' id='block_1_29' title="bbox 1882 1564 3428 1642">
    <p class='ocr_par' dir='ltr' id='par_1_29' title="bbox 1882 1564 3428 1642">
     <span class='ocr_line' id='line_1_29' title="bbox 1882 1564 3428 1642; baseline 0.01 -27"><span class='ocrx_word' id='word_1_177' title='bbox 1882 1564 2039 1617; x_wconf 88' lang='lat' dir='ltr'><strong><em>lensis</em></strong></span> <span class='ocrx_word' id='word_1_178' title='bbox 2069 1568 2356 1636; x_wconf 85' lang='lat' dir='ltr'><strong><em>episcopus,</em></strong></span> <span class='ocrx_word' id='word_1_179' title='bbox 2382 1569 2602 1639; x_wconf 85' lang='lat' dir='ltr'><strong><em>depositi</em></strong></span> <span class='ocrx_word' id='word_1_180' title='bbox 2627 1575 2759 1642; x_wconf 82' lang='lat' dir='ltr'><strong><em>regis</em></strong></span> <span class='ocrx_word' id='word_1_181' title='bbox 2789 1575 3152 1641; x_wconf 88' lang='lat' dir='ltr'><strong><em>cancellarius,</em></strong></span> <span class='ocrx_word' id='word_1_182' title='bbox 3177 1594 3292 1630; x_wconf 88' lang='lat' dir='ltr'><strong><em>cum</em></strong></span> <span class='ocrx_word' id='word_1_183' title='bbox 3316 1596 3428 1631; x_wconf 88' lang='lat' dir='ltr'><strong><em>om-</em></strong></span> 
     </span>
    </p>
   </div>
   <div class='ocr_carea' id='block_1_30' title="bbox 1884 1655 3426 1734">
    <p class='ocr_par' dir='ltr' id='par_1_30' title="bbox 1884 1655 3426 1734">
     <span class='ocr_line' id='line_1_30' title="bbox 1884 1655 3426 1734; baseline 0.011 -29"><span class='ocrx_word' id='word_1_184' title='bbox 1884 1655 2033 1707; x_wconf 88' lang='lat' dir='ltr'><strong><em>nibus</em></strong></span> <span class='ocrx_word' id='word_1_185' title='bbox 2058 1657 2168 1709; x_wconf 87' lang='lat' dir='ltr'><strong><em>suis</em></strong></span> <span class='ocrx_word' id='word_1_186' title='bbox 2213 1662 2516 1728; x_wconf 86' lang='lat' dir='ltr'><strong><em>sequacibus</em></strong></span> <span class='ocrx_word' id='word_1_187' title='bbox 2547 1663 2859 1732; x_wconf 87' lang='lat' dir='ltr'><strong><em>colloquium</em></strong></span> <span class='ocrx_word' id='word_1_188' title='bbox 2891 1668 3126 1734; x_wconf 88' lang='lat' dir='ltr'><strong><em>generale</em></strong></span> <span class='ocrx_word' id='word_1_189' title='bbox 3147 1670 3284 1720; x_wconf 85' lang='lat' dir='ltr'><strong><em>circa</em></strong></span> <span class='ocrx_word' id='word_1_190' title='bbox 3310 1667 3426 1722; x_wconf 87' lang='lat' dir='ltr'><strong><em>Ka-</em></strong></span> 
     </span>
    </p>
   </div>
   <div class='ocr_carea' id='block_1_31' title="bbox 1883 1735 3426 1827">
    <p class='ocr_par' dir='ltr' id='par_1_31' title="bbox 1883 1735 3426 1827">
     <span class='ocr_line' id='line_1_31' title="bbox 1883 1735 3426 1827; baseline 0.01 -32"><span class='ocrx_word' id='word_1_191' title='bbox 1883 1735 2062 1798; x_wconf 82' lang='lat' dir='ltr'><strong><em>lendas</em></strong></span> <span class='ocrx_word' id='word_1_192' title='bbox 2088 1745 2218 1798; x_wconf 82' lang='lat' dir='ltr'><strong><em>Maii</em></strong></span> <span class='ocrx_word' id='word_1_193' title='bbox 2233 1748 2287 1799; x_wconf 92' lang='lat' dir='ltr'><strong><em>in</em></strong></span> <span class='ocrx_word' id='word_1_194' title='bbox 2309 1748 2614 1805; x_wconf 86' lang='lat' dir='ltr'><strong><em>Rumalibus</em></strong></span> <span class='ocrx_word' id='word_1_195' title='bbox 2634 1755 2886 1820; x_wconf 76' lang='lat' dir='ltr'><strong><em>condixit,</em></strong></span> <span class='ocrx_word' id='word_1_196' title='bbox 2905 1765 2981 1821; x_wconf 89' lang='lat' dir='ltr'><strong><em>ut,</em></strong></span> <span class='ocrx_word' id='word_1_197' title='bbox 3012 1758 3058 1810; x_wconf 97' lang='lat' dir='ltr'><strong><em>si</em></strong></span> <span class='ocrx_word' id='word_1_198' title='bbox 3079 1757 3254 1827; x_wconf 88' lang='lat' dir='ltr'><strong><em>aliquo</em></strong></span> <span class='ocrx_word' id='word_1_199' title='bbox 3276 1759 3426 1811; x_wconf 88' lang='lat' dir='ltr'><strong><em>modo</em></strong></span> 
     </span>
    </p>
   </div>
   <div class='ocr_carea' id='block_1_32' title="bbox 1883 1838 3425 1917">
    <p class='ocr_par' dir='ltr' id='par_1_32' title="bbox 1883 1838 3425 1917">
     <span class='ocr_line' id='line_1_32' title="bbox 1883 1838 3425 1917; baseline 0.008 -27"><span class='ocrx_word' id='word_1_200' title='bbox 1883 1849 2070 1905; x_wconf 85' lang='lat' dir='ltr'><strong><em>posset,</em></strong></span> <span class='ocrx_word' id='word_1_201' title='bbox 2124 1838 2428 1909; x_wconf 83' lang='lat' dir='ltr'><strong><em>Gregorium</em></strong></span> <span class='ocrx_word' id='word_1_202' title='bbox 2481 1859 2672 1911; x_wconf 88' lang='lat' dir='ltr'><strong><em>papam</em></strong></span> <span class='ocrx_word' id='word_1_203' title='bbox 2717 1846 3018 1914; x_wconf 87' lang='lat' dir='ltr'><strong><em>deponeret;</em></strong></span> <span class='ocrx_word' id='word_1_204' title='bbox 3070 1852 3157 1900; x_wconf 86' lang='lat' dir='ltr'><strong><em>sed</em></strong></span> <span class='ocrx_word' id='word_1_205' title='bbox 3211 1851 3336 1917; x_wconf 86' lang='lat' dir='ltr'><strong><em>ipse,</em></strong></span> <span class='ocrx_word' id='word_1_206' title='bbox 3359 1851 3425 1903; x_wconf 80' lang='lat' dir='ltr'><strong><em>ad</em></strong></span> 
     </span>
    </p>
   </div>
   <div class='ocr_carea' id='block_1_33' title="bbox 241 1902 3424 2004">
    <p class='ocr_par' dir='ltr' id='par_1_33' title="bbox 241 1902 3424 2004">
     <span class='ocr_line' id='line_1_33' title="bbox 241 1902 3424 2004; baseline 0.011 -46"><span class='ocrx_word' id='word_1_207' title='bbox 241 1902 530 1975; x_wconf 75' lang='lat' dir='ltr'><strong><em>Gregorium</em></strong></span> <span class='ocrx_word' id='word_1_208' title='bbox 561 1913 726 1966; x_wconf 80' lang='lat' dir='ltr'><strong><em>virum</em></strong></span> <span class='ocrx_word' id='word_1_209' title='bbox 768 1916 1155 1970; x_wconf 85' lang='lat' dir='ltr'><strong><em>sanctissimum</em></strong></span> <span class='ocrx_word' id='word_1_210' title='bbox 1197 1919 1595 1986; x_wconf 89' lang='lat' dir='ltr'><strong><em>pervicaciorem</em></strong></span> <span class='ocrx_word' id='word_1_211' title='bbox 1618 1921 1783 1972; x_wconf 81' lang='lat' dir='ltr'><strong><em>exsti-</em></strong></span> <span class='ocrx_word' id='word_1_212' title='bbox 1818 1913 1858 1966; x_wconf 76' lang='grc' dir='ltr'><strong>Β</strong></span> <span class='ocrx_word' id='word_1_213' title='bbox 1882 1931 2116 1984; x_wconf 86' lang='lat' dir='ltr'><strong><em>eumdem</em></strong></span> <span class='ocrx_word' id='word_1_214' title='bbox 2148 1934 2422 1986; x_wconf 86' lang='lat' dir='ltr'><strong><em>terminum</em></strong></span> <span class='ocrx_word' id='word_1_215' title='bbox 2459 1935 2645 2003; x_wconf 85' lang='lat' dir='ltr'><strong><em>absque</em></strong></span> <span class='ocrx_word' id='word_1_216' title='bbox 2663 1937 3015 1991; x_wconf 85' lang='lat' dir='ltr'><strong><em>ecclesiastica</em></strong></span> <span class='ocrx_word' id='word_1_217' title='bbox 3049 1942 3424 2004; x_wconf 82' lang='lat' dir='ltr'><strong><em>communione,</em></strong></span> 
     </span>
    </p>
   </div>
   <div class='ocr_carea' id='block_1_34' title="bbox 243 1995 1778 2077">
    <p class='ocr_par' dir='ltr' id='par_1_34' title="bbox 243 1995 1778 2077">
     <span class='ocr_line' id='line_1_34' title="bbox 243 1995 1778 2077; baseline 0.011 -31"><span class='ocrx_word' id='word_1_218' title='bbox 243 1995 352 2049; x_wconf 86' lang='lat' dir='ltr'><strong><em>tisse</em></strong></span> <span class='ocrx_word' id='word_1_219' title='bbox 393 1999 594 2056; x_wconf 84' lang='lat' dir='ltr'><strong><em>Paulus</em></strong></span> <span class='ocrx_word' id='word_1_220' title='bbox 637 2004 1047 2071; x_wconf 85' lang='lat' dir='ltr'><strong><em>Bernriedensis,</em></strong></span> <span class='ocrx_word' id='word_1_221' title='bbox 1097 2010 1185 2076; x_wconf 88' lang='lat' dir='ltr'><strong><em>qui</em></strong></span> <span class='ocrx_word' id='word_1_222' title='bbox 1233 2009 1346 2077; x_wconf 85' lang='lat' dir='ltr'><strong><em>ejus</em></strong></span> <span class='ocrx_word' id='word_1_223' title='bbox 1418 2009 1590 2062; x_wconf 77' lang='lat' dir='ltr'><strong><em>Vitam</em></strong></span> <span class='ocrx_word' id='word_1_224' title='bbox 1631 2010 1778 2063; x_wconf 86' lang='lat' dir='ltr'><strong><em>libris</em></strong></span> 
     </span>
    </p>
   </div>
   <div class='ocr_carea' id='block_1_35' title="bbox 240 2085 1778 2168">
    <p class='ocr_par' dir='ltr' id='par_1_35' title="bbox 240 2085 1778 2168">
     <span class='ocr_line' id='line_1_35' title="bbox 240 2085 1778 2168; baseline 0.011 -33"><span class='ocrx_word' id='word_1_225' title='bbox 240 2085 420 2140; x_wconf 83' lang='lat' dir='ltr'><strong><em>duobus</em></strong></span> <span class='ocrx_word' id='word_1_226' title='bbox 455 2094 751 2162; x_wconf 74' lang='lat' dir='ltr'><strong><em>complexus</em></strong></span> <span class='ocrx_word' id='word_1_227' title='bbox 773 2105 869 2158; x_wconf 89' lang='lat' dir='ltr'><strong><em>est,</em></strong></span> <span class='ocrx_word' id='word_1_228' title='bbox 900 2105 947 2148; x_wconf 89' lang='lat' dir='ltr'><strong><em>et</em></strong></span> <span class='ocrx_word' id='word_1_229' title='bbox 988 2097 1172 2166; x_wconf 87' lang='lat' dir='ltr'><strong><em>reliqui</em></strong></span> <span class='ocrx_word' id='word_1_230' title='bbox 1213 2101 1326 2168; x_wconf 83' lang='lat' dir='ltr'><strong><em>ejus</em></strong></span> <span class='ocrx_word' id='word_1_231' title='bbox 1355 2101 1585 2167; x_wconf 90' lang='lat' dir='ltr'><strong><em>partium</em></strong></span> <span class='ocrx_word' id='word_1_232' title='bbox 1633 2117 1778 2152; x_wconf 83' lang='lat' dir='ltr'><strong><em>acer-</em></strong></span> 
     </span>
    </p>
   </div>
   <div class='ocr_carea' id='block_1_36' title="bbox 243 2176 1038 2253">
    <p class='ocr_par' dir='ltr' id='par_1_36' title="bbox 243 2176 1038 2253">
     <span class='ocr_line' id='line_1_36' title="bbox 243 2176 1038 2253; baseline 0.016 -28"><span class='ocrx_word' id='word_1_233' title='bbox 243 2176 348 2228; x_wconf 87' lang='lat' dir='ltr'><strong><em>rimi</em></strong></span> <span class='ocrx_word' id='word_1_234' title='bbox 367 2194 768 2251; x_wconf 75' lang='lat' dir='ltr'><strong><em>propugnatores</em></strong></span> <span class='ocrx_word' id='word_1_235' title='bbox 794 2186 1038 2253; x_wconf 87' lang='lat' dir='ltr'><strong><em>produnt.</em></strong></span> 
     </span>
    </p>
   </div>
   <div class='ocr_carea' id='block_1_37' title="bbox 300 2268 1776 2335">
    <p class='ocr_par' dir='ltr' id='par_1_37' title="bbox 300 2268 1776 2335">
     <span class='ocr_line' id='line_1_37' title="bbox 300 2268 1776 2335; baseline 0.01 -15"><span class='ocrx_word' id='word_1_236' title='bbox 300 2268 528 2331; x_wconf 64' lang='lat' dir='ltr'><strong><em>qusivi</em></strong></span> <span class='ocrx_word' id='word_1_237' title='bbox 556 2273 692 2328; x_wconf 86' lang='lat' dir='ltr'><strong><em>duos</em></strong></span> <span class='ocrx_word' id='word_1_238' title='bbox 718 2275 882 2328; x_wconf 88' lang='lat' dir='ltr'><strong><em>hosce</em></strong></span> <span class='ocrx_word' id='word_1_239' title='bbox 908 2286 1158 2333; x_wconf 85' lang='lat' dir='ltr'><strong><em>auctores</em></strong></span> <span class='ocrx_word' id='word_1_240' title='bbox 1207 2279 1259 2332; x_wconf 92' lang='lat' dir='ltr'><strong><em>in</em></strong></span> <span class='ocrx_word' id='word_1_241' title='bbox 1303 2279 1524 2335; x_wconf 76' lang='lat' dir='ltr'><strong><em>Bavaria</em></strong></span> <span class='ocrx_word' id='word_1_242' title='bbox 1546 2288 1599 2334; x_wconf 85' lang='lat' dir='ltr'><strong><em>et</em></strong></span> <span class='ocrx_word' id='word_1_243' title='bbox 1626 2290 1776 2335; x_wconf 74' lang='lat' dir='ltr'><strong><em>extra</em></strong></span> 
     </span>
    </p>
   </div>
   <div class='ocr_carea' id='block_1_38' title="bbox 240 2354 1777 2438">
    <p class='ocr_par' dir='ltr' id='par_1_38' title="bbox 240 2354 1777 2438">
     <span class='ocr_line' id='line_1_38' title="bbox 240 2354 1777 2438; baseline 0.012 -32"><span class='ocrx_word' id='word_1_244' title='bbox 240 2354 524 2427; x_wconf 79' lang='lat' dir='ltr'><strong><em>diligenter,</em></strong></span> <span class='ocrx_word' id='word_1_245' title='bbox 549 2365 742 2430; x_wconf 83' lang='lat' dir='ltr'><strong><em>partim</em></strong></span> <span class='ocrx_word' id='word_1_246' title='bbox 769 2381 910 2430; x_wconf 80' lang='lat' dir='ltr'><strong><em>mea,</em></strong></span> <span class='ocrx_word' id='word_1_247' title='bbox 935 2368 1130 2434; x_wconf 83' lang='lat' dir='ltr'><strong><em>partim</em></strong></span> <span class='ocrx_word' id='word_1_248' title='bbox 1154 2370 1455 2423; x_wconf 83' lang='lat' dir='ltr'><strong><em>amicorum</em></strong></span> <span class='ocrx_word' id='word_1_249' title='bbox 1475 2386 1656 2438; x_wconf 83' lang='lat' dir='ltr'><strong><em>opera,</em></strong></span> <span class='ocrx_word' id='word_1_250' title='bbox 1681 2387 1777 2424; x_wconf 84' lang='lat' dir='ltr'><strong><em>nec</em></strong></span> 
     </span>
    </p>
   </div>
   <div class='ocr_carea' id='block_1_39' title="bbox 242 2450 1776 2528">
    <p class='ocr_par' dir='ltr' id='par_1_39' title="bbox 242 2450 1776 2528">
     <span class='ocr_line' id='line_1_39' title="bbox 242 2450 1776 2528; baseline 0.012 -31"><span class='ocrx_word' id='word_1_251' title='bbox 242 2460 327 2515; x_wconf 76' lang='lat' dir='ltr'><strong><em>rep</em></strong></span> <span class='ocrx_word' id='word_1_252' title='bbox 358 2450 428 2514; x_wconf 88' lang='lat' dir='ltr'><strong><em>ri;</em></strong></span> <span class='ocrx_word' id='word_1_253' title='bbox 453 2468 573 2505; x_wconf 87' lang='lat' dir='ltr'><strong><em>cum</em></strong></span> <span class='ocrx_word' id='word_1_254' title='bbox 591 2463 769 2506; x_wconf 76' lang='lat' dir='ltr'><strong><em>tamen</em></strong></span> <span class='ocrx_word' id='word_1_255' title='bbox 790 2465 996 2508; x_wconf 85' lang='lat' dir='ltr'><strong><em>certum</em></strong></span> <span class='ocrx_word' id='word_1_256' title='bbox 1020 2457 1090 2511; x_wconf 84' lang='lat' dir='ltr'><strong><em>sit</em></strong></span> <span class='ocrx_word' id='word_1_257' title='bbox 1116 2459 1399 2528; x_wconf 87' lang='lat' dir='ltr'><strong><em>utriusque</em></strong></span> <span class='ocrx_word' id='word_1_258' title='bbox 1425 2470 1776 2516; x_wconf 77' lang='lat' dir='ltr'><strong><em>monumenta</em></strong></span> 
     </span>
    </p>
   </div>
   <div class='ocr_carea' id='block_1_40' title="bbox 241 2534 1776 2621">
    <p class='ocr_par' dir='ltr' id='par_1_40' title="bbox 241 2534 1776 2621">
     <span class='ocr_line' id='line_1_40' title="bbox 241 2534 1776 2621; baseline 0.01 -33"><span class='ocrx_word' id='word_1_259' title='bbox 241 2534 342 2590; x_wconf 59' lang='lat' dir='ltr'><strong><em>Visa</em></strong></span> <span class='ocrx_word' id='word_1_260' title='bbox 358 2549 410 2591; x_wconf 86' lang='lat' dir='ltr'><strong><em>et</em></strong></span> <span class='ocrx_word' id='word_1_261' title='bbox 429 2541 581 2606; x_wconf 80' lang='lat' dir='ltr'><strong><em>lecta,</em></strong></span> <span class='ocrx_word' id='word_1_262' title='bbox 610 2541 792 2597; x_wconf 77' lang='lat' dir='ltr'><strong><em>forsan</em></strong></span> <span class='ocrx_word' id='word_1_263' title='bbox 814 2553 868 2598; x_wconf 86' lang='lat' dir='ltr'><strong><em>et</em></strong></span> <span class='ocrx_word' id='word_1_264' title='bbox 893 2547 1122 2616; x_wconf 75' lang='lat' dir='ltr'><strong><em>expilata</em></strong></span> <span class='ocrx_word' id='word_1_265' title='bbox 1147 2565 1266 2604; x_wconf 86' lang='lat' dir='ltr'><strong><em>esse</em></strong></span> <span class='ocrx_word' id='word_1_266' title='bbox 1289 2551 1356 2603; x_wconf 84' lang='lat' dir='ltr'><strong><em>ab</em></strong></span> <span class='ocrx_word' id='word_1_267' title='bbox 1377 2550 1660 2615; x_wconf 73' lang='lat' dir='ltr'><strong><em>Aventino,</em></strong></span> <span class='ocrx_word' id='word_1_268' title='bbox 1685 2553 1776 2621; x_wconf 88' lang='lat' dir='ltr'><strong><em>qui</em></strong></span> 
     </span>
    </p>
   </div>
   <div class='ocr_carea' id='block_1_41' title="bbox 240 2624 1777 2708">
    <p class='ocr_par' dir='ltr' id='par_1_41' title="bbox 240 2624 1777 2708">
     <span class='ocr_line' id='line_1_41' title="bbox 240 2624 1777 2708; baseline 0.01 -31"><span class='ocrx_word' id='word_1_269' title='bbox 240 2624 414 2679; x_wconf 79' lang='lat' dir='ltr'><strong><em>colem</em></strong></span> <span class='ocrx_word' id='word_1_270' title='bbox 446 2627 580 2682; x_wconf 87' lang='lat' dir='ltr'><strong><em>libro</em></strong></span> <span class='ocrx_word' id='word_1_271' title='bbox 613 2634 808 2699; x_wconf 85' lang='lat' dir='ltr'><strong><em>quinto</em></strong></span> <span class='ocrx_word' id='word_1_272' title='bbox 840 2633 971 2699; x_wconf 73' lang='lat' dir='ltr'><strong><em>lucc,</em></strong></span> <span class='ocrx_word' id='word_1_273' title='bbox 1006 2651 1128 2702; x_wconf 66' lang='lat' dir='ltr'><strong><em>quae</em></strong></span> <span class='ocrx_word' id='word_1_274' title='bbox 1170 2636 1236 2688; x_wconf 85' lang='lat' dir='ltr'><strong><em>de</em></strong></span> <span class='ocrx_word' id='word_1_275' title='bbox 1268 2637 1555 2692; x_wconf 79' lang='lat' dir='ltr'><strong><em>Wilhclmo</em></strong></span> <span class='ocrx_word' id='word_1_276' title='bbox 1592 2638 1777 2708; x_wconf 80' lang='lat' dir='ltr'><strong><em>Traje-</em></strong></span> 
     </span>
    </p>
   </div>
   <div class='ocr_carea' id='block_1_42' title="bbox 241 2716 1776 2786">
    <p class='ocr_par' dir='ltr' id='par_1_42' title="bbox 241 2716 1776 2786">
     <span class='ocr_line' id='line_1_42' title="bbox 241 2716 1776 2786; baseline 0.012 -22"><span class='ocrx_word' id='word_1_277' title='bbox 241 2716 394 2768; x_wconf 67' lang='lat' dir='ltr'><strong><em>stensi</em></strong></span> <span class='ocrx_word' id='word_1_278' title='bbox 417 2719 722 2786; x_wconf 83' lang='lat' dir='ltr'><strong><em>accipienda</em></strong></span> <span class='ocrx_word' id='word_1_279' title='bbox 770 2721 1016 2776; x_wconf 71' lang='lat' dir='ltr'><strong><em>ridentur</em></strong></span> <span class='ocrx_word' id='word_1_280' title='bbox 1064 2743 1077 2777; x_wconf 89' lang='lat'><strong>:</strong></span> <span class='ocrx_word' id='word_1_281' title='bbox 1127 2724 1329 2779; x_wconf 86' lang='lat' dir='ltr'><strong><em>Paulus</em></strong></span> <span class='ocrx_word' id='word_1_282' title='bbox 1384 2727 1776 2783; x_wconf 88' lang='lat' dir='ltr'><strong><em>Bernriedensis</em></strong></span> 
     </span>
    </p>
   </div>
   <div class='ocr_carea' id='block_1_43' title="bbox 243 2802 1779 2886">
    <p class='ocr_par' dir='ltr' id='par_1_43' title="bbox 243 2802 1779 2886">
     <span class='ocr_line' id='line_1_43' title="bbox 243 2802 1779 2886; baseline 0.014 -34"><span class='ocrx_word' id='word_1_283' title='bbox 243 2815 409 2857; x_wconf 84' lang='lat' dir='ltr'><strong><em>narrat</em></strong></span> <span class='ocrx_word' id='word_1_284' title='bbox 430 2808 721 2877; x_wconf 77' lang='lat' dir='ltr'><strong><em>episcopum</em></strong></span> <span class='ocrx_word' id='word_1_285' title='bbox 751 2812 1044 2880; x_wconf 87' lang='lat' dir='ltr'><strong><em>quemdam,</em></strong></span> <span class='ocrx_word' id='word_1_286' title='bbox 1085 2802 1210 2868; x_wconf 89' lang='lat' dir='ltr'><strong><em>dum</em></strong></span> <span class='ocrx_word' id='word_1_287' title='bbox 1231 2834 1324 2886; x_wconf 89' lang='lat' dir='ltr'><strong><em>pro</em></strong></span> <span class='ocrx_word' id='word_1_288' title='bbox 1373 2821 1618 2873; x_wconf 86' lang='lat' dir='ltr'><strong><em>concione</em></strong></span> <span class='ocrx_word' id='word_1_289' title='bbox 1663 2821 1779 2875; x_wconf 85' lang='lat' dir='ltr'><strong><em>Ilil-</em></strong></span> 
     </span>
    </p>
   </div>
   <div class='ocr_carea' id='block_1_44' title="bbox 239 2892 1776 2982">
    <p class='ocr_par' dir='ltr' id='par_1_44' title="bbox 239 2892 1776 2982">
     <span class='ocr_line' id='line_1_44' title="bbox 239 2892 1776 2982; baseline 0.014 -39"><span class='ocrx_word' id='word_1_290' title='bbox 239 2892 540 2950; x_wconf 76' lang='lat' dir='ltr'><strong><em>debraudum</em></strong></span> <span class='ocrx_word' id='word_1_291' title='bbox 570 2901 901 2970; x_wconf 88' lang='lat' dir='ltr'><strong><em>vituperaret,</em></strong></span> <span class='ocrx_word' id='word_1_292' title='bbox 927 2905 1144 2972; x_wconf 88' lang='lat' dir='ltr'><strong><em>fulmine</em></strong></span> <span class='ocrx_word' id='word_1_293' title='bbox 1177 2918 1371 2962; x_wconf 78' lang='lat' dir='ltr'><strong><em>tactum</em></strong></span> <span class='ocrx_word' id='word_1_294' title='bbox 1404 2928 1530 2974; x_wconf 89' lang='lat' dir='ltr'><strong><em>esse,</em></strong></span> <span class='ocrx_word' id='word_1_295' title='bbox 1556 2913 1776 2982; x_wconf 84' lang='lat' dir='ltr'><strong><em>dumque</em></strong></span> 
     </span>
    </p>
   </div>
   <div class='ocr_carea' id='block_1_45' title="bbox 242 2990 1774 3065">
    <p class='ocr_par' dir='ltr' id='par_1_45' title="bbox 242 2990 1774 3065">
     <span class='ocr_line' id='line_1_45' title="bbox 242 2990 1774 3065; baseline 0.012 -29"><span class='ocrx_word' id='word_1_296' title='bbox 242 2997 401 3052; x_wconf 64' lang='lat' dir='ltr'><strong><em>egeret</em></strong></span> <span class='ocrx_word' id='word_1_297' title='bbox 432 2990 680 3056; x_wconf 86' lang='lat' dir='ltr'><strong><em>animam,</em></strong></span> <span class='ocrx_word' id='word_1_298' title='bbox 718 2993 916 3047; x_wconf 80' lang='lat' dir='ltr'><strong><em>dixisse</em></strong></span> <span class='ocrx_word' id='word_1_299' title='bbox 942 3011 959 3046; x_wconf 87' lang='lat'><strong><em>.&#39;</em></strong></span> <span class='ocrx_word' id='word_1_300' title='bbox 993 3015 1010 3046; x_wconf 73' lang='grc' dir='ltr'>ι</span> <span class='ocrx_word' id='word_1_301' title='bbox 1054 2996 1214 3065; x_wconf 89' lang='lat' dir='ltr'><strong><em>Ignea</em></strong></span> <span class='ocrx_word' id='word_1_302' title='bbox 1242 3009 1422 3052; x_wconf 84' lang='lat' dir='ltr'><strong><em>catena</em></strong></span> <span class='ocrx_word' id='word_1_303' title='bbox 1464 3004 1774 3056; x_wconf 89' lang='lat' dir='ltr'><strong><em>constrictus</em></strong></span> 
     </span>
    </p>
   </div>
   <div class='ocr_carea' id='block_1_46' title="bbox 243 3075 1772 3160">
    <p class='ocr_par' dir='ltr' id='par_1_46' title="bbox 243 3075 1772 3160">
     <span class='ocr_line' id='line_1_46' title="bbox 243 3075 1772 3160; baseline 0.014 -36"><span class='ocrx_word' id='word_1_304' title='bbox 243 3075 414 3128; x_wconf 86' lang='lat' dir='ltr'><strong><em>trahor</em></strong></span> <span class='ocrx_word' id='word_1_305' title='bbox 434 3079 497 3130; x_wconf 89' lang='lat' dir='ltr'><strong><em>ad</em></strong></span> <span class='ocrx_word' id='word_1_306' title='bbox 519 3081 743 3147; x_wconf 87' lang='lat' dir='ltr'><strong><em>inferos;</em></strong></span> <span class='ocrx_word' id='word_1_307' title='bbox 766 3083 856 3147; x_wconf 88' lang='lat' dir='ltr'><strong><em>ite,</em></strong></span> <span class='ocrx_word' id='word_1_308' title='bbox 884 3087 1120 3139; x_wconf 88' lang='lat' dir='ltr'><strong><em>nuntiate</em></strong></span> <span class='ocrx_word' id='word_1_309' title='bbox 1150 3087 1368 3155; x_wconf 69' lang='lat' dir='ltr'><strong><em>Caesari,</em></strong></span> <span class='ocrx_word' id='word_1_310' title='bbox 1395 3099 1451 3142; x_wconf 92' lang='lat' dir='ltr'><strong><em>ut</em></strong></span> <span class='ocrx_word' id='word_1_311' title='bbox 1482 3093 1772 3160; x_wconf 74' lang='lat' dir='ltr'><strong><em>resipiscat,</em></strong></span> 
     </span>
    </p>
   </div>
   <div class='ocr_carea' id='block_1_47' title="bbox 241 3163 1772 3248">
    <p class='ocr_par' dir='ltr' id='par_1_47' title="bbox 241 3163 1772 3248">
     <span class='ocr_line' id='line_1_47' title="bbox 241 3163 1772 3248; baseline 0.015 -36"><span class='ocrx_word' id='word_1_312' title='bbox 241 3171 284 3212; x_wconf 85' lang='lat' dir='ltr'><strong><em>et</em></strong></span> <span class='ocrx_word' id='word_1_313' title='bbox 305 3163 553 3232; x_wconf 77' lang='lat' dir='ltr'><strong><em>ﬂagitium</em></strong></span> <span class='ocrx_word' id='word_1_314' title='bbox 577 3168 632 3220; x_wconf 82' lang='lat' dir='ltr'><strong><em>in</em></strong></span> <span class='ocrx_word' id='word_1_315' title='bbox 673 3168 860 3237; x_wconf 84' lang='lat' dir='ltr'><strong><em>Deum,</em></strong></span> <span class='ocrx_word' id='word_1_316' title='bbox 904 3173 1078 3226; x_wconf 88' lang='lat' dir='ltr'><strong><em>divum</em></strong></span> <span class='ocrx_word' id='word_1_317' title='bbox 1125 3175 1362 3243; x_wconf 87' lang='lat' dir='ltr'><strong><em>Petrum,</em></strong></span> <span class='ocrx_word' id='word_1_318' title='bbox 1385 3179 1495 3248; x_wconf 80' lang='lat' dir='ltr'><strong><em>ejus</em></strong></span> <span class='ocrx_word' id='word_1_319' title='bbox 1521 3181 1772 3235; x_wconf 85' lang='lat' dir='ltr'><strong><em>vicarium</em></strong></span> 
     </span>
    </p>
   </div>
   <div class='ocr_carea' id='block_1_48' title="bbox 1882 2019 3425 2092">
    <p class='ocr_par' dir='ltr' id='par_1_48' title="bbox 1882 2019 3425 2092">
     <span class='ocr_line' id='line_1_48' title="bbox 1882 2019 3425 2092; baseline 0.008 -23"><span class='ocrx_word' id='word_1_320' title='bbox 1882 2019 2040 2070; x_wconf 87' lang='lat' dir='ltr'><strong><em>vitam</em></strong></span> <span class='ocrx_word' id='word_1_321' title='bbox 2076 2020 2234 2072; x_wconf 88' lang='lat' dir='ltr'><strong><em>simul</em></strong></span> <span class='ocrx_word' id='word_1_322' title='bbox 2280 2032 2330 2074; x_wconf 87' lang='lat' dir='ltr'><strong><em>et</em></strong></span> <span class='ocrx_word' id='word_1_323' title='bbox 2367 2023 2739 2092; x_wconf 87' lang='lat' dir='ltr'><strong><em>episcopatum,</em></strong></span> <span class='ocrx_word' id='word_1_324' title='bbox 2788 2025 2884 2078; x_wconf 85' lang='lat' dir='ltr'><strong><em>heu</em></strong></span> <span class='ocrx_word' id='word_1_325' title='bbox 2913 2027 3277 2080; x_wconf 88' lang='lat' dir='ltr'><strong><em>miserabiliter</em></strong></span> <span class='ocrx_word' id='word_1_326' title='bbox 3292 2029 3312 2080; x_wconf 89' lang='lat'><strong><em>.&#39;</em></strong></span> <span class='ocrx_word' id='word_1_327' title='bbox 3333 2030 3425 2081; x_wconf 84' lang='lat' dir='ltr'><strong><em>de—</em></strong></span> 
     </span>
    </p>
   </div>
   <div class='ocr_carea' id='block_1_49' title="bbox 1877 2107 3425 2184">
    <p class='ocr_par' dir='ltr' id='par_1_49' title="bbox 1877 2107 3425 2184">
     <span class='ocr_line' id='line_1_49' title="bbox 1877 2107 3425 2184; baseline 0.009 -28"><span class='ocrx_word' id='word_1_328' title='bbox 1877 2107 2068 2172; x_wconf 86' lang='lat' dir='ltr'><strong><em>posuit,</em></strong></span> <span class='ocrx_word' id='word_1_329' title='bbox 2101 2124 2202 2176; x_wconf 88' lang='lat' dir='ltr'><strong><em>quo</em></strong></span> <span class='ocrx_word' id='word_1_330' title='bbox 2238 2107 2328 2161; x_wconf 90' lang='lat' dir='ltr'><strong><em>ille</em></strong></span> <span class='ocrx_word' id='word_1_331' title='bbox 2348 2126 2538 2178; x_wconf 89' lang='lat' dir='ltr'><strong><em>papam</em></strong></span> <span class='ocrx_word' id='word_1_332' title='bbox 2583 2113 2786 2179; x_wconf 81' lang='lat' dir='ltr'><strong><em>nefaria</em></strong></span> <span class='ocrx_word' id='word_1_333' title='bbox 2818 2117 3211 2184; x_wconf 72' lang='lat' dir='ltr'><strong><em>praesumptione</em></strong></span> <span class='ocrx_word' id='word_1_334' title='bbox 3239 2119 3425 2169; x_wconf 89' lang='lat' dir='ltr'><strong><em>statuit</em></strong></span> 
     </span>
    </p>
   </div>
   <div class='ocr_carea' id='block_1_50' title="bbox 1874 2195 3421 2275">
    <p class='ocr_par' dir='ltr' id='par_1_50' title="bbox 1874 2195 3421 2275">
     <span class='ocr_line' id='line_1_50' title="bbox 1874 2195 3421 2275; baseline 0.008 -29"><span class='ocrx_word' id='word_1_335' title='bbox 1874 2195 2143 2263; x_wconf 86' lang='lat' dir='ltr'><strong><em>deponere.</em></strong></span> <span class='ocrx_word' id='word_1_336' title='bbox 2195 2195 2312 2248; x_wconf 85' lang='lat' dir='ltr'><strong><em>Non</em></strong></span> <span class='ocrx_word' id='word_1_337' title='bbox 2349 2198 2512 2251; x_wconf 90' lang='lat' dir='ltr'><strong><em>multo</em></strong></span> <span class='ocrx_word' id='word_1_338' title='bbox 2547 2211 2660 2268; x_wconf 90' lang='lat' dir='ltr'><strong><em>post</em></strong></span> <span class='ocrx_word' id='word_1_339' title='bbox 2689 2202 2801 2269; x_wconf 80' lang='lat' dir='ltr'><strong><em>ejus</em></strong></span> <span class='ocrx_word' id='word_1_340' title='bbox 2824 2204 3113 2271; x_wconf 88' lang='lat' dir='ltr'><strong><em>interitum,</em></strong></span> <span class='ocrx_word' id='word_1_341' title='bbox 3145 2206 3421 2275; x_wconf 68' lang='lat' dir='ltr'><strong><em>praefectus</em></strong></span> 
     </span>
    </p>
   </div>
   <div class='ocr_carea' id='block_1_51' title="bbox 1879 2283 3431 2357">
    <p class='ocr_par' dir='ltr' id='par_1_51' title="bbox 1879 2283 3431 2357">
     <span class='ocr_line' id='line_1_51' title="bbox 1879 2283 3431 2357; baseline 0.009 -23"><span class='ocrx_word' id='word_1_342' title='bbox 1879 2283 2123 2337; x_wconf 80' lang='lat' dir='ltr'><strong><em>Romana:</em></strong></span> <span class='ocrx_word' id='word_1_343' title='bbox 2145 2285 2308 2350; x_wconf 88' lang='lat' dir='ltr'><strong><em>urbis,</em></strong></span> <span class='ocrx_word' id='word_1_344' title='bbox 2342 2287 2628 2357; x_wconf 86' lang='lat' dir='ltr'><strong><em>indefessus</em></strong></span> <span class='ocrx_word' id='word_1_345' title='bbox 2656 2291 2801 2343; x_wconf 89' lang='lat' dir='ltr'><strong><em>miles</em></strong></span> <span class='ocrx_word' id='word_1_346' title='bbox 2833 2290 2889 2344; x_wconf 89' lang='lat' dir='ltr'><strong><em>S.</em></strong></span> <span class='ocrx_word' id='word_1_347' title='bbox 2920 2291 3068 2346; x_wconf 87' lang='lat' dir='ltr'><strong><em>Petri</em></strong></span> <span class='ocrx_word' id='word_1_348' title='bbox 3094 2304 3272 2348; x_wconf 84' lang='lat' dir='ltr'><strong><em>contra</em></strong></span> <span class='ocrx_word' id='word_1_349' title='bbox 3297 2296 3431 2349; x_wconf 62' lang='lat' dir='ltr'><strong><em>schio</em></strong></span> 
     </span>
    </p>
   </div>
   <div class='ocr_carea' id='block_1_52' title="bbox 1876 2363 3427 2446">
    <p class='ocr_par' dir='ltr' id='par_1_52' title="bbox 1876 2363 3427 2446">
     <span class='ocr_line' id='line_1_52' title="bbox 1876 2363 3427 2446; baseline 0.009 -22"><span class='ocrx_word' id='word_1_350' title='bbox 1876 2375 2145 2438; x_wconf 85' lang='lat' dir='ltr'><strong><em>smaticos,</em></strong></span> <span class='ocrx_word' id='word_1_351' title='bbox 2171 2393 2202 2427; x_wconf 94' lang='lat' dir='ltr'><strong><em>a</em></strong></span> <span class='ocrx_word' id='word_1_352' title='bbox 2224 2363 2450 2444; x_wconf 84' lang='lat' dir='ltr'><strong><em>quodam</em></strong></span> <span class='ocrx_word' id='word_1_353' title='bbox 2479 2379 2683 2446; x_wconf 88' lang='lat' dir='ltr'><strong><em>fautore</em></strong></span> <span class='ocrx_word' id='word_1_354' title='bbox 2719 2378 2934 2434; x_wconf 83' lang='lat' dir='ltr'><strong><em>Henrici</em></strong></span> <span class='ocrx_word' id='word_1_355' title='bbox 2969 2383 3249 2437; x_wconf 87' lang='lat' dir='ltr'><strong><em>crudeliter</em></strong></span> <span class='ocrx_word' id='word_1_356' title='bbox 3287 2387 3427 2438; x_wconf 85' lang='lat' dir='ltr'><strong><em>occi-</em></strong></span> 
     </span>
    </p>
   </div>
   <div class='ocr_carea' id='block_1_53' title="bbox 1877 2451 3426 2542">
    <p class='ocr_par' dir='ltr' id='par_1_53' title="bbox 1877 2451 3426 2542">
     <span class='ocr_line' id='line_1_53' title="bbox 1877 2451 3426 2542; baseline 0.008 -29"><span class='ocrx_word' id='word_1_357' title='bbox 1877 2463 2062 2525; x_wconf 66' lang='lat' dir='ltr'><strong><em>ditur;</em></strong></span> <span class='ocrx_word' id='word_1_358' title='bbox 2088 2451 2156 2516; x_wconf 83' lang='lat' dir='ltr'><strong><em>ad</em></strong></span> <span class='ocrx_word' id='word_1_359' title='bbox 2197 2466 2344 2532; x_wconf 88' lang='lat' dir='ltr'><strong><em>cujus</em></strong></span> <span class='ocrx_word' id='word_1_360' title='bbox 2379 2482 2561 2534; x_wconf 87' lang='lat' dir='ltr'><strong><em>corpus</em></strong></span> <span class='ocrx_word' id='word_1_361' title='bbox 2594 2470 2647 2520; x_wconf 89' lang='lat' dir='ltr'><strong><em>in</em></strong></span> <span class='ocrx_word' id='word_1_362' title='bbox 2673 2485 2830 2536; x_wconf 85' lang='lat' dir='ltr'><strong><em>parro</em></strong></span> <span class='ocrx_word' id='word_1_363' title='bbox 2855 2480 3093 2540; x_wconf 88' lang='lat' dir='ltr'><strong><em>tempore,</em></strong></span> <span class='ocrx_word' id='word_1_364' title='bbox 3125 2473 3240 2541; x_wconf 91' lang='lat' dir='ltr'><strong><em>plus</em></strong></span> <span class='ocrx_word' id='word_1_365' title='bbox 3273 2490 3426 2542; x_wconf 85' lang='lat' dir='ltr'><strong><em>quam</em></strong></span> 
     </span>
    </p>
   </div>
   <div class='ocr_carea' id='block_1_54' title="bbox 1876 2554 3426 2626">
    <p class='ocr_par' dir='ltr' id='par_1_54' title="bbox 1876 2554 3426 2626">
     <span class='ocr_line' id='line_1_54' title="bbox 1876 2554 3426 2626; baseline 0.009 -23"><span class='ocrx_word' id='word_1_366' title='bbox 1876 2554 2059 2621; x_wconf 86' lang='lat' dir='ltr'><strong><em>viginti</em></strong></span> <span class='ocrx_word' id='word_1_367' title='bbox 2091 2555 2346 2607; x_wconf 84' lang='lat' dir='ltr'><strong><em>miracula</em></strong></span> <span class='ocrx_word' id='word_1_368' title='bbox 2378 2558 2722 2626; x_wconf 87' lang='lat' dir='ltr'><strong><em>contigerunt,</em></strong></span> <span class='ocrx_word' id='word_1_369' title='bbox 2758 2569 2814 2611; x_wconf 88' lang='lat' dir='ltr'><strong><em>ut</em></strong></span> <span class='ocrx_word' id='word_1_370' title='bbox 2843 2561 3068 2613; x_wconf 75' lang='lat' dir='ltr'><strong><em>ﬁdelium</em></strong></span> <span class='ocrx_word' id='word_1_371' title='bbox 3096 2564 3319 2616; x_wconf 79' lang='lat' dir='ltr'><strong><em>virorum</em></strong></span> <span class='ocrx_word' id='word_1_372' title='bbox 3342 2581 3426 2617; x_wconf 89' lang='lat' dir='ltr'><strong><em>re-</em></strong></span> 
     </span>
    </p>
   </div>
   <div class='ocr_carea' id='block_1_55' title="bbox 1875 2641 3426 2722">
    <p class='ocr_par' dir='ltr' id='par_1_55' title="bbox 1875 2641 3426 2722">
     <span class='ocr_line' id='line_1_55' title="bbox 1875 2641 3426 2722; baseline 0.01 -31"><span class='ocrx_word' id='word_1_373' title='bbox 1875 2641 2070 2694; x_wconf 90' lang='lat' dir='ltr'><strong><em>latione</em></strong></span> <span class='ocrx_word' id='word_1_374' title='bbox 2089 2643 2388 2696; x_wconf 88' lang='lat' dir='ltr'><strong><em>didicimus.</em></strong></span> <span class='ocrx_word' id='word_1_375' title='bbox 2417 2642 2644 2698; x_wconf 88' lang='lat' dir='ltr'><strong><em>Imbrico</em></strong></span> <span class='ocrx_word' id='word_1_376' title='bbox 2670 2646 3004 2716; x_wconf 77' lang='lat' dir='ltr'><strong><em>Augustensis</em></strong></span> <span class='ocrx_word' id='word_1_377' title='bbox 3026 2652 3312 2720; x_wconf 90' lang='lat' dir='ltr'><strong><em>episcopus,</em></strong></span> <span class='ocrx_word' id='word_1_378' title='bbox 3337 2654 3426 2722; x_wconf 87' lang='lat' dir='ltr'><strong><em>qui</em></strong></span> 
     </span>
    </p>
   </div>
   <div class='ocr_carea' id='block_1_56' title="bbox 1877 2730 3426 2810">
    <p class='ocr_par' dir='ltr' id='par_1_56' title="bbox 1877 2730 3426 2810">
     <span class='ocr_line' id='line_1_56' title="bbox 1877 2730 3426 2810; baseline 0.008 -28"><span class='ocrx_word' id='word_1_379' title='bbox 1877 2730 1931 2782; x_wconf 90' lang='lat' dir='ltr'><strong><em>in</em></strong></span> <span class='ocrx_word' id='word_1_380' title='bbox 1954 2732 2217 2797; x_wconf 48' lang='lat' dir='ltr'><strong><em>praeterito</em></strong></span> <span class='ocrx_word' id='word_1_381' title='bbox 2262 2731 2468 2786; x_wconf 80' lang='lat' dir='ltr'><strong><em>Pascha</em></strong></span> <span class='ocrx_word' id='word_1_382' title='bbox 2503 2733 2774 2805; x_wconf 84' lang='lat' dir='ltr'><strong><em>Rudolpho</em></strong></span> <span class='ocrx_word' id='word_1_383' title='bbox 2807 2739 2912 2807; x_wconf 87' lang='lat' dir='ltr'><strong><em>regi</em></strong></span> <span class='ocrx_word' id='word_1_384' title='bbox 2947 2739 3251 2807; x_wconf 85' lang='lat' dir='ltr'><strong><em>fidelitatem</em></strong></span> <span class='ocrx_word' id='word_1_385' title='bbox 3271 2743 3426 2810; x_wconf 89' lang='lat' dir='ltr'><strong><em>jura-</em></strong></span> 
     </span>
    </p>
   </div>
   <div class='ocr_carea' id='block_1_57' title="bbox 1878 2819 3426 2889">
    <p class='ocr_par' dir='ltr' id='par_1_57' title="bbox 1878 2819 3426 2889">
     <span class='ocr_line' id='line_1_57' title="bbox 1878 2819 3426 2889; baseline 0.009 -20"><span class='ocrx_word' id='word_1_386' title='bbox 1878 2820 1968 2880; x_wconf 84' lang='lat' dir='ltr'><strong><em>vit,</em></strong></span> <span class='ocrx_word' id='word_1_387' title='bbox 1996 2819 2070 2871; x_wconf 89' lang='lat' dir='ltr'><strong><em>nil</em></strong></span> <span class='ocrx_word' id='word_1_388' title='bbox 2103 2821 2166 2872; x_wconf 88' lang='lat' dir='ltr'><strong><em>de</em></strong></span> <span class='ocrx_word' id='word_1_389' title='bbox 2194 2821 2426 2889; x_wconf 89' lang='lat' dir='ltr'><strong><em>perjurio</em></strong></span> <span class='ocrx_word' id='word_1_390' title='bbox 2446 2840 2654 2888; x_wconf 89' lang='lat' dir='ltr'><strong><em>curans,</em></strong></span> <span class='ocrx_word' id='word_1_391' title='bbox 2681 2824 2904 2878; x_wconf 82' lang='lat' dir='ltr'><strong><em>Henrico</em></strong></span> <span class='ocrx_word' id='word_1_392' title='bbox 2931 2829 3222 2882; x_wconf 83' lang='lat' dir='ltr'><strong><em>advenienti</em></strong></span> <span class='ocrx_word' id='word_1_393' title='bbox 3246 2831 3426 2882; x_wconf 78' lang='lat' dir='ltr'><strong><em>adlice-</em></strong></span> 
     </span>
    </p>
   </div>
   <div class='ocr_carea' id='block_1_58' title="bbox 1876 2908 3426 2984">
    <p class='ocr_par' dir='ltr' id='par_1_58' title="bbox 1876 2908 3426 2984">
     <span class='ocr_line' id='line_1_58' title="bbox 1876 2908 3426 2984; baseline 0.008 -27"><span class='ocrx_word' id='word_1_394' title='bbox 1876 2908 1967 2969; x_wconf 85' lang='lat' dir='ltr'><strong><em>sit,</em></strong></span> <span class='ocrx_word' id='word_1_395' title='bbox 1993 2917 2041 2958; x_wconf 88' lang='lat' dir='ltr'><strong><em>et</em></strong></span> <span class='ocrx_word' id='word_1_396' title='bbox 2072 2909 2211 2972; x_wconf 89' lang='lat' dir='ltr'><strong><em>apud</em></strong></span> <span class='ocrx_word' id='word_1_397' title='bbox 2243 2909 2391 2962; x_wconf 89' lang='lat' dir='ltr'><strong><em>illum</em></strong></span> <span class='ocrx_word' id='word_1_398' title='bbox 2438 2913 2664 2980; x_wconf 90' lang='lat' dir='ltr'><strong><em>quadam</em></strong></span> <span class='ocrx_word' id='word_1_399' title='bbox 2685 2913 2770 2965; x_wconf 86' lang='lat' dir='ltr'><strong><em>die</em></strong></span> <span class='ocrx_word' id='word_1_400' title='bbox 2792 2917 3007 2967; x_wconf 89' lang='lat' dir='ltr'><strong><em>missam</em></strong></span> <span class='ocrx_word' id='word_1_401' title='bbox 3041 2919 3258 2984; x_wconf 80' lang='lat' dir='ltr'><strong><em>faciens,</em></strong></span> <span class='ocrx_word' id='word_1_402' title='bbox 3292 2917 3426 2970; x_wconf 88' lang='lat' dir='ltr'><strong><em>hanc</em></strong></span> 
     </span>
    </p>
   </div>
   <div class='ocr_carea' id='block_1_59' title="bbox 1875 2993 3424 3069">
    <p class='ocr_par' dir='ltr' id='par_1_59' title="bbox 1875 2993 3424 3069">
     <span class='ocr_line' id='line_1_59' title="bbox 1875 2993 3424 3069; baseline 0.009 -25"><span class='ocrx_word' id='word_1_403' title='bbox 1875 2993 1978 3044; x_wconf 88' lang='lat' dir='ltr'><strong><em>sibi</em></strong></span> <span class='ocrx_word' id='word_1_404' title='bbox 2030 2997 2376 3049; x_wconf 89' lang='lat' dir='ltr'><strong><em>conditionem</em></strong></span> <span class='ocrx_word' id='word_1_405' title='bbox 2408 3000 2564 3051; x_wconf 88' lang='lat' dir='ltr'><strong><em>miser</em></strong></span> <span class='ocrx_word' id='word_1_406' title='bbox 2588 3001 2835 3069; x_wconf 88' lang='lat' dir='ltr'><strong><em>imposuit</em></strong></span> <span class='ocrx_word' id='word_1_407' title='bbox 2867 3012 2922 3053; x_wconf 91' lang='lat' dir='ltr'><strong><em>ut</em></strong></span> <span class='ocrx_word' id='word_1_408' title='bbox 2948 3020 3099 3055; x_wconf 89' lang='lat' dir='ltr'><strong><em>sacra</em></strong></span> <span class='ocrx_word' id='word_1_409' title='bbox 3145 3005 3424 3059; x_wconf 88' lang='lat' dir='ltr'><strong><em>oblationis</em></strong></span> 
     </span>
    </p>
   </div>
   <div class='ocr_carea' id='block_1_60' title="bbox 1876 3083 3421 3163">
    <p class='ocr_par' dir='ltr' id='par_1_60' title="bbox 1876 3083 3421 3163">
     <span class='ocr_line' id='line_1_60' title="bbox 1876 3083 3421 3163; baseline 0.01 -31"><span class='ocrx_word' id='word_1_410' title='bbox 1876 3083 2132 3150; x_wconf 88' lang='lat' dir='ltr'><strong><em>perceptio</em></strong></span> <span class='ocrx_word' id='word_1_411' title='bbox 2168 3084 2220 3135; x_wconf 90' lang='lat' dir='ltr'><strong><em>in</em></strong></span> <span class='ocrx_word' id='word_1_412' title='bbox 2242 3084 2503 3153; x_wconf 87' lang='lat' dir='ltr'><strong><em>judicium</em></strong></span> <span class='ocrx_word' id='word_1_413' title='bbox 2533 3089 2580 3139; x_wconf 91' lang='lat' dir='ltr'><strong><em>ei</em></strong></span> <span class='ocrx_word' id='word_1_414' title='bbox 2604 3089 2912 3156; x_wconf 70' lang='lat' dir='ltr'><strong><em>proveniret,</em></strong></span> <span class='ocrx_word' id='word_1_415' title='bbox 2946 3093 2992 3143; x_wconf 88' lang='lat' dir='ltr'><strong><em>si</em></strong></span> <span class='ocrx_word' id='word_1_416' title='bbox 3037 3091 3288 3146; x_wconf 88' lang='lat' dir='ltr'><strong><em>Dominus</em></strong></span> <span class='ocrx_word' id='word_1_417' title='bbox 3309 3094 3421 3163; x_wconf 85' lang='lat' dir='ltr'><strong><em>ejus</em></strong></span> 
     </span>
    </p>
   </div>
   <div class='ocr_carea' id='block_1_61' title="bbox 1885 3169 3426 3249">
    <p class='ocr_par' dir='ltr' id='par_1_61' title="bbox 1885 3169 3426 3249">
     <span class='ocr_line' id='line_1_61' title="bbox 1885 3169 3426 3249; baseline 0.01 -28"><span class='ocrx_word' id='word_1_418' title='bbox 1885 3169 2141 3226; x_wconf 88' lang='lat' dir='ltr'><strong><em>Ilenricus</em></strong></span> <span class='ocrx_word' id='word_1_419' title='bbox 2179 3190 2390 3243; x_wconf 89' lang='lat' dir='ltr'><strong><em>regnum</em></strong></span> <span class='ocrx_word' id='word_1_420' title='bbox 2433 3177 2534 3229; x_wconf 86' lang='lat' dir='ltr'><strong><em>sibi</em></strong></span> <span class='ocrx_word' id='word_1_421' title='bbox 2559 3177 2747 3247; x_wconf 83' lang='lat' dir='ltr'><strong><em>injuste</em></strong></span> <span class='ocrx_word' id='word_1_422' title='bbox 2797 3191 3088 3249; x_wconf 86' lang='lat' dir='ltr'><strong><em>usurparet.</em></strong></span> <span class='ocrx_word' id='word_1_423' title='bbox 3136 3182 3259 3236; x_wconf 89' lang='lat' dir='ltr'><strong><em>Post</em></strong></span> <span class='ocrx_word' id='word_1_424' title='bbox 3293 3184 3426 3238; x_wconf 88' lang='lat' dir='ltr'><strong><em>hanc</em></strong></span> 
     </span>
    </p>
   </div>
   <div class='ocr_carea' id='block_1_62' title="bbox 241 3237 3425 3342">
    <p class='ocr_par' dir='ltr' id='par_1_62' title="bbox 241 3237 3425 3342">
     <span class='ocr_line' id='line_1_62' title="bbox 241 3237 3425 3342; baseline 0.008 -39"><span class='ocrx_word' id='word_1_425' title='bbox 241 3256 571 3322; x_wconf 81' lang='lat' dir='ltr'><strong><em>commissum,</em></strong></span> <span class='ocrx_word' id='word_1_426' title='bbox 596 3259 789 3327; x_wconf 87' lang='lat' dir='ltr'><strong><em>officiis</em></strong></span> <span class='ocrx_word' id='word_1_427' title='bbox 814 3274 1121 3331; x_wconf 85' lang='lat' dir='ltr'><strong><em>compenset,</em></strong></span> <span class='ocrx_word' id='word_1_428' title='bbox 1158 3267 1259 3318; x_wconf 88' lang='lat' dir='ltr'><strong><em>nisi</em></strong></span> <span class='ocrx_word' id='word_1_429' title='bbox 1286 3283 1364 3319; x_wconf 88' lang='lat' dir='ltr'><strong><em>me</em></strong></span> <span class='ocrx_word' id='word_1_430' title='bbox 1399 3271 1776 3322; x_wconf 86' lang='lat' dir='ltr'><strong><em>antecedentem</em></strong></span> <span class='ocrx_word' id='word_1_431' title='bbox 1805 3237 1845 3291; x_wconf 60' lang='grc' dir='ltr'>Ο</span> <span class='ocrx_word' id='word_1_432' title='bbox 1879 3266 2209 3318; x_wconf 70' lang='lat' dir='ltr'><strong><em>temerariam</em></strong></span> <span class='ocrx_word' id='word_1_433' title='bbox 2234 3270 2631 3336; x_wconf 85' lang='lat' dir='ltr'><strong><em>perceptionem,</em></strong></span> <span class='ocrx_word' id='word_1_434' title='bbox 2657 3288 2814 3338; x_wconf 88' lang='lat' dir='ltr'><strong><em>parvo</em></strong></span> <span class='ocrx_word' id='word_1_435' title='bbox 2836 3274 2970 3342; x_wconf 87' lang='lat' dir='ltr'><strong><em>quod</em></strong></span> <span class='ocrx_word' id='word_1_436' title='bbox 2992 3275 3270 3342; x_wconf 73' lang='lat' dir='ltr'><strong><em>supervixit</em></strong></span> <span class='ocrx_word' id='word_1_437' title='bbox 3298 3284 3425 3330; x_wconf 86' lang='lat' dir='ltr'><strong><em>tent-</em></strong></span> 
     </span>
    </p>
   </div>
   <div class='ocr_carea' id='block_1_63' title="bbox 242 3342 1777 3427">
    <p class='ocr_par' dir='ltr' id='par_1_63' title="bbox 242 3342 1777 3427">
     <span class='ocr_line' id='line_1_63' title="bbox 242 3342 1777 3427; baseline 0.012 -34"><span class='ocrx_word' id='word_1_438' title='bbox 242 3342 304 3393; x_wconf 84' lang='lat' dir='ltr'><strong><em>ud</em></strong></span> <span class='ocrx_word' id='word_1_439' title='bbox 331 3354 515 3398; x_wconf 71' lang='lat' dir='ltr'><strong><em>(eterna</em></strong></span> <span class='ocrx_word' id='word_1_440' title='bbox 539 3348 798 3416; x_wconf 88' lang='lat' dir='ltr'><strong><em>supplicia</em></strong></span> <span class='ocrx_word' id='word_1_441' title='bbox 828 3352 1067 3420; x_wconf 86' lang='lat' dir='ltr'><strong><em>subsequi</em></strong></span> <span class='ocrx_word' id='word_1_442' title='bbox 1109 3355 1277 3406; x_wconf 89' lang='lat' dir='ltr'><strong><em>malit.</em></strong></span> <span class='ocrx_word' id='word_1_443' title='bbox 1309 3375 1327 3403; x_wconf 75' lang='grc' dir='ltr'><strong><em>ι</em></strong></span> <span class='ocrx_word' id='word_1_444' title='bbox 1361 3355 1555 3408; x_wconf 86' lang='lat' dir='ltr'><strong><em>Eodem</em></strong></span> <span class='ocrx_word' id='word_1_445' title='bbox 1579 3374 1777 3427; x_wconf 87' lang='lat' dir='ltr'><strong><em>quoque</em></strong></span> 
     </span>
    </p>
   </div>
   <div class='ocr_carea' id='block_1_64' title="bbox 242 3430 1774 3509">
    <p class='ocr_par' dir='ltr' id='par_1_64' title="bbox 242 3430 1774 3509">
     <span class='ocr_line' id='line_1_64' title="bbox 242 3430 1774 3509; baseline 0.013 -29"><span class='ocrx_word' id='word_1_446' title='bbox 242 3430 337 3492; x_wconf 89' lang='lat' dir='ltr'><strong><em>die,</em></strong></span> <span class='ocrx_word' id='word_1_447' title='bbox 367 3448 532 3502; x_wconf 83' lang='lat' dir='ltr'><strong><em>nempe</em></strong></span> <span class='ocrx_word' id='word_1_448' title='bbox 558 3436 894 3503; x_wconf 80' lang='lat' dir='ltr'><strong><em>paschalibus</em></strong></span> <span class='ocrx_word' id='word_1_449' title='bbox 937 3451 1124 3509; x_wconf 89' lang='lat' dir='ltr'><strong><em>quarto</em></strong></span> <span class='ocrx_word' id='word_1_450' title='bbox 1167 3441 1294 3496; x_wconf 87' lang='lat' dir='ltr'><strong><em>Kal.</em></strong></span> <span class='ocrx_word' id='word_1_451' title='bbox 1335 3443 1540 3508; x_wconf 80' lang='lat' dir='ltr'><strong><em>Martii,</em></strong></span> <span class='ocrx_word' id='word_1_452' title='bbox 1557 3457 1614 3498; x_wconf 88' lang='lat' dir='ltr'><strong><em>ut</em></strong></span> <span class='ocrx_word' id='word_1_453' title='bbox 1640 3448 1774 3501; x_wconf 88' lang='lat' dir='ltr'><strong><em>idem</em></strong></span> 
     </span>
    </p>
   </div>
   <div class='ocr_carea' id='block_1_65' title="bbox 244 3518 1773 3606">
    <p class='ocr_par' dir='ltr' id='par_1_65' title="bbox 244 3518 1773 3606">
     <span class='ocr_line' id='line_1_65' title="bbox 244 3518 1773 3606; baseline 0.012 -34"><span class='ocrx_word' id='word_1_454' title='bbox 244 3518 431 3576; x_wconf 85' lang='lat' dir='ltr'><strong><em>Paulus</em></strong></span> <span class='ocrx_word' id='word_1_455' title='bbox 457 3527 657 3592; x_wconf 81' lang='lat' dir='ltr'><strong><em>recitat,</em></strong></span> <span class='ocrx_word' id='word_1_456' title='bbox 682 3530 952 3599; x_wconf 86' lang='lat' dir='ltr'><strong><em>episcopus</em></strong></span> <span class='ocrx_word' id='word_1_457' title='bbox 985 3530 1264 3601; x_wconf 86' lang='lat' dir='ltr'><strong><em>Spirensis,</em></strong></span> <span class='ocrx_word' id='word_1_458' title='bbox 1291 3533 1536 3605; x_wconf 79' lang='lat' dir='ltr'><strong><em>Gregorio</em></strong></span> <span class='ocrx_word' id='word_1_459' title='bbox 1559 3539 1773 3606; x_wconf 90' lang='lat' dir='ltr'><strong><em>septimo</em></strong></span> 
     </span>
    </p>
   </div>
   <div class='ocr_carea' id='block_1_66' title="bbox 241 3613 1774 3691">
    <p class='ocr_par' dir='ltr' id='par_1_66' title="bbox 241 3613 1774 3691">
     <span class='ocr_line' id='line_1_66' title="bbox 241 3613 1774 3691; baseline 0.012 -27"><span class='ocrx_word' id='word_1_460' title='bbox 241 3613 453 3682; x_wconf 80' lang='lat' dir='ltr'><strong><em>iniquus,</em></strong></span> <span class='ocrx_word' id='word_1_461' title='bbox 485 3618 547 3670; x_wconf 86' lang='lat' dir='ltr'><strong><em>ab</em></strong></span> <span class='ocrx_word' id='word_1_462' title='bbox 572 3619 750 3673; x_wconf 85' lang='lat' dir='ltr'><strong><em>eodem</em></strong></span> <span class='ocrx_word' id='word_1_463' title='bbox 770 3619 1022 3676; x_wconf 76' lang='lat' dir='ltr'><strong><em>Kalendis</em></strong></span> <span class='ocrx_word' id='word_1_464' title='bbox 1049 3623 1256 3679; x_wconf 81' lang='lat' dir='ltr'><strong><em>Martiis</em></strong></span> <span class='ocrx_word' id='word_1_465' title='bbox 1284 3627 1512 3691; x_wconf 88' lang='lat' dir='ltr'><strong><em>devotus,</em></strong></span> <span class='ocrx_word' id='word_1_466' title='bbox 1546 3630 1774 3682; x_wconf 89' lang='lat' dir='ltr'><strong><em>animam</em></strong></span> 
     </span>
    </p>
   </div>
   <div class='ocr_carea' id='block_1_67' title="bbox 240 3704 1772 3786">
    <p class='ocr_par' dir='ltr' id='par_1_67' title="bbox 240 3704 1772 3786">
     <span class='ocr_line' id='line_1_67' title="bbox 240 3704 1772 3786; baseline 0.007 -28"><span class='ocrx_word' id='word_1_467' title='bbox 240 3704 430 3770; x_wconf 63' lang='lat' dir='ltr'><strong><em>efflavit.</em></strong></span> <span class='ocrx_word' id='word_1_468' title='bbox 484 3706 726 3779; x_wconf 87' lang='lat' dir='ltr'><strong><em>Gregorio</em></strong></span> <span class='ocrx_word' id='word_1_469' title='bbox 785 3710 1061 3766; x_wconf 88' lang='lat' dir='ltr'><strong><em>Salernum</em></strong></span> <span class='ocrx_word' id='word_1_470' title='bbox 1103 3717 1322 3786; x_wconf 83' lang='lat' dir='ltr'><strong><em>profugo</em></strong></span> <span class='ocrx_word' id='word_1_471' title='bbox 1367 3719 1610 3779; x_wconf 90' lang='lat' dir='ltr'><strong><em>intrante,</em></strong></span> <span class='ocrx_word' id='word_1_472' title='bbox 1647 3718 1772 3768; x_wconf 88' lang='lat' dir='ltr'><strong><em>civis</em></strong></span> 
     </span>
    </p>
   </div>
   <div class='ocr_carea' id='block_1_68' title="bbox 242 3794 1773 3873">
    <p class='ocr_par' dir='ltr' id='par_1_68' title="bbox 242 3794 1773 3873">
     <span class='ocr_line' id='line_1_68' title="bbox 242 3794 1773 3873; baseline 0.009 -31"><span class='ocrx_word' id='word_1_473' title='bbox 242 3794 434 3858; x_wconf 84' lang='lat' dir='ltr'><strong><em>quidam</em></strong></span> <span class='ocrx_word' id='word_1_474' title='bbox 455 3798 661 3849; x_wconf 75' lang='lat' dir='ltr'><strong><em>dixerat</em></strong></span> <span class='ocrx_word' id='word_1_475' title='bbox 695 3814 714 3849; x_wconf 91' lang='lat'><em>:</em></span> <span class='ocrx_word' id='word_1_476' title='bbox 744 3803 940 3853; x_wconf 75' lang='lat' dir='ltr'><strong><em>Auctor</em></strong></span> <span class='ocrx_word' id='word_1_477' title='bbox 968 3803 1322 3866; x_wconf 88' lang='lat' dir='ltr'><strong><em>dissensionis,</em></strong></span> <span class='ocrx_word' id='word_1_478' title='bbox 1359 3805 1446 3873; x_wconf 88' lang='lat' dir='ltr'><strong><em>qui</em></strong></span> <span class='ocrx_word' id='word_1_479' title='bbox 1491 3813 1652 3856; x_wconf 90' lang='lat' dir='ltr'><strong><em>totum</em></strong></span> <span class='ocrx_word' id='word_1_480' title='bbox 1688 3821 1773 3856; x_wconf 89' lang='lat' dir='ltr'><strong><em>or-</em></strong></span> 
     </span>
    </p>
   </div>
   <div class='ocr_carea' id='block_1_69' title="bbox 245 3879 1772 3963">
    <p class='ocr_par' dir='ltr' id='par_1_69' title="bbox 245 3879 1772 3963">
     <span class='ocr_line' id='line_1_69' title="bbox 245 3879 1772 3963; baseline 0.01 -33"><span class='ocrx_word' id='word_1_481' title='bbox 245 3879 344 3932; x_wconf 84' lang='lat' dir='ltr'><strong><em>l-cm</em></strong></span> <span class='ocrx_word' id='word_1_482' title='bbox 375 3892 625 3938; x_wconf 84' lang='lat' dir='ltr'><strong><em>terrarum</em></strong></span> <span class='ocrx_word' id='word_1_483' title='bbox 676 3887 840 3940; x_wconf 86' lang='lat' dir='ltr'><strong><em>armis</em></strong></span> <span class='ocrx_word' id='word_1_484' title='bbox 882 3898 931 3942; x_wconf 89' lang='lat' dir='ltr'><strong><em>et</em></strong></span> <span class='ocrx_word' id='word_1_485' title='bbox 971 3889 1116 3963; x_wconf 85' lang='lat' dir='ltr'><strong><em>bellis</em></strong></span> <span class='ocrx_word' id='word_1_486' title='bbox 1156 3891 1390 3958; x_wconf 78' lang='lat' dir='ltr'><strong><em>involvit,</em></strong></span> <span class='ocrx_word' id='word_1_487' title='bbox 1435 3893 1588 3961; x_wconf 89' lang='lat' dir='ltr'><strong><em>hujus</em></strong></span> <span class='ocrx_word' id='word_1_488' title='bbox 1623 3893 1772 3945; x_wconf 86' lang='lat' dir='ltr'><strong><em>urbis</em></strong></span> 
     </span>
    </p>
   </div>
   <div class='ocr_carea' id='block_1_70' title="bbox 239 3978 1770 4049">
    <p class='ocr_par' dir='ltr' id='par_1_70' title="bbox 239 3978 1770 4049">
     <span class='ocr_line' id='line_1_70' title="bbox 239 3978 1770 4049; baseline 0.005 -21"><span class='ocrx_word' id='word_1_489' title='bbox 239 3988 418 4042; x_wconf 70' lang='lat' dir='ltr'><strong><em>quoque</em></strong></span> <span class='ocrx_word' id='word_1_490' title='bbox 438 3978 655 4045; x_wconf 85' lang='lat' dir='ltr'><strong><em>quietem</em></strong></span> <span class='ocrx_word' id='word_1_491' title='bbox 694 3981 1095 4036; x_wconf 88' lang='lat' dir='ltr'><strong><em>conturbaturus</em></strong></span> <span class='ocrx_word' id='word_1_492' title='bbox 1126 3983 1352 4038; x_wconf 82' lang='lat' dir='ltr'><strong><em>advenit.</em></strong></span> <span class='ocrx_word' id='word_1_493' title='bbox 1392 3984 1514 4037; x_wconf 78' lang='lat' dir='ltr'><strong><em>Mox</em></strong></span> <span class='ocrx_word' id='word_1_494' title='bbox 1541 3982 1647 4049; x_wconf 86' lang='lat' dir='ltr'><strong><em>ille,</em></strong></span> <span class='ocrx_word' id='word_1_495' title='bbox 1690 3984 1770 4037; x_wconf 86' lang='lat' dir='ltr'><strong><em>his</em></strong></span> 
     </span>
    </p>
   </div>
   <div class='ocr_carea' id='block_1_71' title="bbox 243 4059 1831 4141">
    <p class='ocr_par' dir='ltr' id='par_1_71' title="bbox 243 4059 1831 4141">
     <span class='ocr_line' id='line_1_71' title="bbox 243 4059 1831 4141; baseline 0.008 -30"><span class='ocrx_word' id='word_1_496' title='bbox 243 4061 398 4128; x_wconf 82' lang='lat' dir='ltr'><strong><em>dictis,</em></strong></span> <span class='ocrx_word' id='word_1_497' title='bbox 426 4067 761 4132; x_wconf 84' lang='lat' dir='ltr'><strong><em>obmutescit;</em></strong></span> <span class='ocrx_word' id='word_1_498' title='bbox 787 4069 1038 4124; x_wconf 89' lang='lat' dir='ltr'><strong><em>deductus</em></strong></span> <span class='ocrx_word' id='word_1_499' title='bbox 1075 4072 1144 4123; x_wconf 92' lang='lat' dir='ltr'><strong><em>ad</em></strong></span> <span class='ocrx_word' id='word_1_500' title='bbox 1187 4071 1510 4141; x_wconf 87' lang='lat' dir='ltr'><strong><em>Gregorium,</em></strong></span> <span class='ocrx_word' id='word_1_501' title='bbox 1546 4088 1769 4126; x_wconf 89' lang='lat' dir='ltr'><strong><em>errorem</em></strong></span> <span class='ocrx_word' id='word_1_502' title='bbox 1820 4059 1831 4069; x_wconf 72' lang='grc'><strong>’</strong></span> 
     </span>
    </p>
   </div>
   <div class='ocr_carea' id='block_1_72' title="bbox 240 4157 1573 4224">
    <p class='ocr_par' dir='ltr' id='par_1_72' title="bbox 240 4157 1573 4224">
     <span class='ocr_line' id='line_1_72' title="bbox 240 4157 1573 4224; baseline 0.009 -22"><span class='ocrx_word' id='word_1_503' title='bbox 240 4168 373 4203; x_wconf 79' lang='lat' dir='ltr'><strong><em>suum</em></strong></span> <span class='ocrx_word' id='word_1_504' title='bbox 401 4157 693 4224; x_wconf 82' lang='lat' dir='ltr'><strong><em>conﬁtetur,</em></strong></span> <span class='ocrx_word' id='word_1_505' title='bbox 717 4159 787 4210; x_wconf 87' lang='lat' dir='ltr'><strong><em>ad</em></strong></span> <span class='ocrx_word' id='word_1_506' title='bbox 809 4160 984 4214; x_wconf 88' lang='lat' dir='ltr'><strong><em>eodem</em></strong></span> <span class='ocrx_word' id='word_1_507' title='bbox 1010 4162 1229 4212; x_wconf 79' lang='lat' dir='ltr'><strong><em>sanitati</em></strong></span> <span class='ocrx_word' id='word_1_508' title='bbox 1265 4162 1573 4214; x_wconf 89' lang='lat' dir='ltr'><strong><em>restituitur.</em></strong></span> 
     </span>
    </p>
   </div>
   <div class='ocr_carea' id='block_1_73' title="bbox 302 4241 1766 4316">
    <p class='ocr_par' dir='ltr' id='par_1_73' title="bbox 302 4241 1766 4316">
     <span class='ocr_line' id='line_1_73' title="bbox 302 4241 1766 4316; baseline 0.007 -23"><span class='ocrx_word' id='word_1_509' title='bbox 302 4241 469 4299; x_wconf 69' lang='lat' dir='ltr'><strong><em>XVIII.</em></strong></span> <span class='ocrx_word' id='word_1_510' title='bbox 527 4246 849 4304; x_wconf 86' lang='lat' dir='ltr'><strong><em>Bertholdus</em></strong></span> <span class='ocrx_word' id='word_1_511' title='bbox 893 4248 1347 4316; x_wconf 81' lang='lat' dir='ltr'><strong><em>Constantiensis,</em></strong></span> <span class='ocrx_word' id='word_1_512' title='bbox 1393 4252 1448 4304; x_wconf 90' lang='lat' dir='ltr'><strong><em>in</em></strong></span> <span class='ocrx_word' id='word_1_513' title='bbox 1474 4249 1766 4315; x_wconf 85' lang='lat' dir='ltr'><strong><em>Chronico,</em></strong></span> 
     </span>
    </p>
   </div>
   <div class='ocr_carea' id='block_1_74' title="bbox 243 4331 1765 4405">
    <p class='ocr_par' dir='ltr' id='par_1_74' title="bbox 243 4331 1765 4405">
     <span class='ocr_line' id='line_1_74' title="bbox 243 4331 1765 4405; baseline 0.005 -19"><span class='ocrx_word' id='word_1_514' title='bbox 243 4331 280 4383; x_wconf 85' lang='lat' dir='ltr'><strong><em>si</em></strong></span> <span class='ocrx_word' id='word_1_515' title='bbox 328 4342 494 4390; x_wconf 85' lang='lat' dir='ltr'><strong><em>tamen</em></strong></span> <span class='ocrx_word' id='word_1_516' title='bbox 537 4337 786 4393; x_wconf 79' lang='lat' dir='ltr'><strong><em>diversus</em></strong></span> <span class='ocrx_word' id='word_1_517' title='bbox 839 4349 923 4394; x_wconf 88' lang='lat' dir='ltr'><strong><em>est</em></strong></span> <span class='ocrx_word' id='word_1_518' title='bbox 965 4356 997 4394; x_wconf 86' lang='lat' dir='ltr'><strong><em>a</em></strong></span> <span class='ocrx_word' id='word_1_519' title='bbox 1049 4339 1314 4394; x_wconf 84' lang='lat' dir='ltr'><strong><em>Bernaldo</em></strong></span> <span class='ocrx_word' id='word_1_520' title='bbox 1342 4340 1765 4405; x_wconf 86' lang='lat' dir='ltr'><strong><em>Constantiensi,</em></strong></span> 
     </span>
    </p>
   </div>
   <div class='ocr_carea' id='block_1_75' title="bbox 239 4421 1767 4500">
    <p class='ocr_par' dir='ltr' id='par_1_75' title="bbox 239 4421 1767 4500">
     <span class='ocr_line' id='line_1_75' title="bbox 239 4421 1767 4500; baseline 0.008 -28"><span class='ocrx_word' id='word_1_521' title='bbox 239 4421 380 4488; x_wconf 75' lang='lat' dir='ltr'><strong><em>cujus</em></strong></span> <span class='ocrx_word' id='word_1_522' title='bbox 401 4439 530 4478; x_wconf 74' lang='lat' dir='ltr'><strong><em>nova</em></strong></span> <span class='ocrx_word' id='word_1_523' title='bbox 556 4441 657 4494; x_wconf 88' lang='lat' dir='ltr'><strong><em>pro</em></strong></span> <span class='ocrx_word' id='word_1_524' title='bbox 682 4426 940 4497; x_wconf 72' lang='lat' dir='ltr'><strong><em>Gregorio</em></strong></span> <span class='ocrx_word' id='word_1_525' title='bbox 963 4427 1052 4481; x_wconf 82' lang='lat' dir='ltr'><strong><em>VII</em></strong></span> <span class='ocrx_word' id='word_1_526' title='bbox 1073 4430 1381 4484; x_wconf 80' lang='lat' dir='ltr'><strong><em>testimonia</em></strong></span> <span class='ocrx_word' id='word_1_527' title='bbox 1402 4430 1512 4499; x_wconf 86' lang='lat' dir='ltr'><strong><em>jam</em></strong></span> <span class='ocrx_word' id='word_1_528' title='bbox 1537 4431 1767 4500; x_wconf 85' lang='lat' dir='ltr'><strong><em>primum</em></strong></span> 
     </span>
    </p>
   </div>
   <div class='ocr_carea' id='block_1_76' title="bbox 1875 3347 3422 3429">
    <p class='ocr_par' dir='ltr' id='par_1_76' title="bbox 1875 3347 3422 3429">
     <span class='ocr_line' id='line_1_76' title="bbox 1875 3347 3422 3429; baseline 0.01 -27"><span class='ocrx_word' id='word_1_529' title='bbox 1875 3368 1996 3419; x_wconf 89' lang='lat' dir='ltr'><strong><em>pore</em></strong></span> <span class='ocrx_word' id='word_1_530' title='bbox 2026 3347 2206 3422; x_wconf 86' lang='lat' dir='ltr'><strong><em>usque.</em></strong></span> <span class='ocrx_word' id='word_1_531' title='bbox 2231 3357 2300 3407; x_wconf 83' lang='lat' dir='ltr'><strong><em>ad</em></strong></span> <span class='ocrx_word' id='word_1_532' title='bbox 2337 3368 2552 3410; x_wconf 87' lang='lat' dir='ltr'><strong><em>mortem</em></strong></span> <span class='ocrx_word' id='word_1_533' title='bbox 2598 3376 2858 3429; x_wconf 87' lang='lat' dir='ltr'><strong><em>nunquam</em></strong></span> <span class='ocrx_word' id='word_1_534' title='bbox 2901 3379 2954 3414; x_wconf 89' lang='lat' dir='ltr'><strong><em>se</em></strong></span> <span class='ocrx_word' id='word_1_535' title='bbox 2976 3380 3159 3415; x_wconf 85' lang='lat' dir='ltr'><strong><em>sanqu</em></strong></span> <span class='ocrx_word' id='word_1_536' title='bbox 3198 3365 3259 3417; x_wconf 91' lang='lat' dir='ltr'><strong><em>de</em></strong></span> <span class='ocrx_word' id='word_1_537' title='bbox 3292 3363 3422 3416; x_wconf 88' lang='lat' dir='ltr'><strong><em>lecto</em></strong></span> 
     </span>
    </p>
   </div>
   <div class='ocr_carea' id='block_1_77' title="bbox 1873 3439 3419 3518">
    <p class='ocr_par' dir='ltr' id='par_1_77' title="bbox 1873 3439 3419 3518">
     <span class='ocr_line' id='line_1_77' title="bbox 1873 3439 3419 3518; baseline 0.009 -28"><span class='ocrx_word' id='word_1_538' title='bbox 1873 3439 2078 3493; x_wconf 82' lang='lat' dir='ltr'><strong><em>levavit.</em></strong></span> <span class='ocrx_word' id='word_1_539' title='bbox 2129 3441 2269 3494; x_wconf 81' lang='lat' dir='ltr'><strong><em>Nam</em></strong></span> <span class='ocrx_word' id='word_1_540' title='bbox 2314 3445 2456 3496; x_wconf 87' lang='lat' dir='ltr'><strong><em>circa</em></strong></span> <span class='ocrx_word' id='word_1_541' title='bbox 2487 3444 2610 3498; x_wconf 85' lang='lat' dir='ltr'><strong><em>Kal.</em></strong></span> <span class='ocrx_word' id='word_1_542' title='bbox 2646 3446 2782 3498; x_wconf 85' lang='lat' dir='ltr'><strong><em>Julii</em></strong></span> <span class='ocrx_word' id='word_1_543' title='bbox 2809 3449 3020 3518; x_wconf 86' lang='lat' dir='ltr'><strong><em>absque</em></strong></span> <span class='ocrx_word' id='word_1_544' title='bbox 3066 3449 3419 3504; x_wconf 86' lang='lat' dir='ltr'><strong><em>ecclesiastica</em></strong></span> 
     </span>
    </p>
   </div>
   <div class='ocr_carea' id='block_1_78' title="bbox 1875 3523 3420 3612">
    <p class='ocr_par' dir='ltr' id='par_1_78' title="bbox 1875 3523 3420 3612">
     <span class='ocr_line' id='line_1_78' title="bbox 1875 3523 3420 3612; baseline 0.008 -29"><span class='ocrx_word' id='word_1_545' title='bbox 1875 3534 2231 3585; x_wconf 89' lang='lat' dir='ltr'><strong><em>communione</em></strong></span> <span class='ocrx_word' id='word_1_546' title='bbox 2277 3523 2552 3602; x_wconf 82' lang='lat' dir='ltr'><strong><em>defunctus</em></strong></span> <span class='ocrx_word' id='word_1_547' title='bbox 2579 3547 2672 3589; x_wconf 89' lang='lat' dir='ltr'><strong><em>est.</em></strong></span> <span class='ocrx_word' id='word_1_548' title='bbox 2713 3537 2845 3590; x_wconf 86' lang='lat' dir='ltr'><strong><em>Item</em></strong></span> <span class='ocrx_word' id='word_1_549' title='bbox 2898 3537 3212 3608; x_wconf 88' lang='lat' dir='ltr'><strong><em>Sigehardus</em></strong></span> <span class='ocrx_word' id='word_1_550' title='bbox 3252 3543 3420 3612; x_wconf 79' lang='lat' dir='ltr'><strong><em>Aqui-</em></strong></span> 
     </span>
    </p>
   </div>
   <div class='ocr_carea' id='block_1_79' title="bbox 1871 3612 3421 3693">
    <p class='ocr_par' dir='ltr' id='par_1_79' title="bbox 1871 3612 3421 3693">
     <span class='ocr_line' id='line_1_79' title="bbox 1871 3612 3421 3693; baseline 0.01 -20"><span class='ocrx_word' id='word_1_551' title='bbox 1871 3621 2080 3674; x_wconf 88' lang='lat' dir='ltr'><strong><em>leiensis</em></strong></span> <span class='ocrx_word' id='word_1_552' title='bbox 2113 3612 2415 3693; x_wconf 78' lang='lat' dir='ltr'><strong><em>patriarcha</em></strong></span> <span class='ocrx_word' id='word_1_553' title='bbox 2443 3627 2497 3678; x_wconf 89' lang='lat' dir='ltr'><strong><em>in</em></strong></span> <span class='ocrx_word' id='word_1_554' title='bbox 2527 3628 2784 3681; x_wconf 77' lang='lat' dir='ltr'><strong><em>auxilium</em></strong></span> <span class='ocrx_word' id='word_1_555' title='bbox 2828 3629 3053 3684; x_wconf 84' lang='lat' dir='ltr'><strong><em>Henrico</em></strong></span> <span class='ocrx_word' id='word_1_556' title='bbox 3087 3642 3267 3686; x_wconf 88' lang='lat' dir='ltr'><strong><em>contra</em></strong></span> <span class='ocrx_word' id='word_1_557' title='bbox 3293 3635 3421 3688; x_wconf 87' lang='lat' dir='ltr'><strong><em>ban-</em></strong></span> 
     </span>
    </p>
   </div>
   <div class='ocr_carea' id='block_1_80' title="bbox 1875 3711 3421 3783">
    <p class='ocr_par' dir='ltr' id='par_1_80' title="bbox 1875 3711 3421 3783">
     <span class='ocr_line' id='line_1_80' title="bbox 1875 3711 3421 3783; baseline 0.008 -21"><span class='ocrx_word' id='word_1_558' title='bbox 1875 3728 1996 3763; x_wconf 89' lang='lat' dir='ltr'><strong><em>num</em></strong></span> <span class='ocrx_word' id='word_1_559' title='bbox 2033 3713 2326 3780; x_wconf 83' lang='lat' dir='ltr'><strong><em>apostolici,</em></strong></span> <span class='ocrx_word' id='word_1_560' title='bbox 2357 3711 2562 3774; x_wconf 80' lang='lat' dir='ltr'><strong><em>armata</em></strong></span> <span class='ocrx_word' id='word_1_561' title='bbox 2591 3734 2746 3768; x_wconf 80' lang='lat' dir='ltr'><strong><em>manu</em></strong></span> <span class='ocrx_word' id='word_1_562' title='bbox 2781 3719 3003 3783; x_wconf 85' lang='lat' dir='ltr'><strong><em>veniens,</em></strong></span> <span class='ocrx_word' id='word_1_563' title='bbox 3046 3721 3099 3772; x_wconf 90' lang='lat' dir='ltr'><strong><em>in</em></strong></span> <span class='ocrx_word' id='word_1_564' title='bbox 3141 3724 3421 3775; x_wconf 85' lang='lat' dir='ltr'><strong><em>amentiam</em></strong></span> 
     </span>
    </p>
   </div>
   <div class='ocr_carea' id='block_1_81' title="bbox 1873 3803 3420 3881">
    <p class='ocr_par' dir='ltr' id='par_1_81' title="bbox 1873 3803 3420 3881">
     <span class='ocr_line' id='line_1_81' title="bbox 1873 3803 3420 3881; baseline 0.008 -29"><span class='ocrx_word' id='word_1_565' title='bbox 1873 3803 2091 3854; x_wconf 86' lang='lat' dir='ltr'><strong><em>vertitur</em></strong></span> <span class='ocrx_word' id='word_1_566' title='bbox 2117 3803 2257 3870; x_wconf 89' lang='lat' dir='ltr'><strong><em>apud</em></strong></span> <span class='ocrx_word' id='word_1_567' title='bbox 2301 3804 2660 3872; x_wconf 84' lang='lat' dir='ltr'><strong><em>Ratisponam,</em></strong></span> <span class='ocrx_word' id='word_1_568' title='bbox 2697 3817 2746 3858; x_wconf 90' lang='lat' dir='ltr'><strong><em>et</em></strong></span> <span class='ocrx_word' id='word_1_569' title='bbox 2779 3825 2841 3859; x_wconf 77' lang='lat' dir='ltr'><strong><em>ex</em></strong></span> <span class='ocrx_word' id='word_1_570' title='bbox 2886 3810 2995 3876; x_wconf 84' lang='lat' dir='ltr'><strong><em>ipso</em></strong></span> <span class='ocrx_word' id='word_1_571' title='bbox 3026 3812 3209 3864; x_wconf 88' lang='lat' dir='ltr'><strong><em>itinere</em></strong></span> <span class='ocrx_word' id='word_1_572' title='bbox 3240 3829 3420 3881; x_wconf 81' lang='lat' dir='ltr'><strong><em>repen—</em></strong></span> 
     </span>
    </p>
   </div>
   <div class='ocr_carea' id='block_1_82' title="bbox 1874 3889 3423 3963">
    <p class='ocr_par' dir='ltr' id='par_1_82' title="bbox 1874 3889 3423 3963">
     <span class='ocr_line' id='line_1_82' title="bbox 1874 3889 3423 3963; baseline 0.012 -24"><span class='ocrx_word' id='word_1_573' title='bbox 1874 3889 1980 3940; x_wconf 87' lang='lat' dir='ltr'><strong><em>tina</em></strong></span> <span class='ocrx_word' id='word_1_574' title='bbox 2014 3899 2175 3942; x_wconf 89' lang='lat' dir='ltr'><strong><em>morte</em></strong></span> <span class='ocrx_word' id='word_1_575' title='bbox 2195 3891 2542 3959; x_wconf 89' lang='lat' dir='ltr'><strong><em>intercipitur,</em></strong></span> <span class='ocrx_word' id='word_1_576' title='bbox 2577 3895 2750 3963; x_wconf 87' lang='lat' dir='ltr'><strong><em>sicque</em></strong></span> <span class='ocrx_word' id='word_1_577' title='bbox 2776 3896 3006 3963; x_wconf 88' lang='lat' dir='ltr'><strong><em>domum,</em></strong></span> <span class='ocrx_word' id='word_1_578' title='bbox 3043 3917 3143 3952; x_wconf 88' lang='lat' dir='ltr'><strong><em>non</em></strong></span> <span class='ocrx_word' id='word_1_579' title='bbox 3176 3903 3287 3955; x_wconf 91' lang='lat' dir='ltr'><strong><em>sine</em></strong></span> <span class='ocrx_word' id='word_1_580' title='bbox 3320 3904 3423 3956; x_wconf 87' lang='lat' dir='ltr'><strong><em>ali—</em></strong></span> 
     </span>
    </p>
   </div>
   <div class='ocr_carea' id='block_1_83' title="bbox 1870 3978 3420 4055">
    <p class='ocr_par' dir='ltr' id='par_1_83' title="bbox 1870 3978 3420 4055">
     <span class='ocr_line' id='line_1_83' title="bbox 1870 3978 3420 4055; baseline 0.011 -27"><span class='ocrx_word' id='word_1_581' title='bbox 1870 3978 2056 4046; x_wconf 90' lang='lat' dir='ltr'><strong><em>quibus</em></strong></span> <span class='ocrx_word' id='word_1_582' title='bbox 2085 3995 2299 4032; x_wconf 89' lang='lat' dir='ltr'><strong><em>suorum</em></strong></span> <span class='ocrx_word' id='word_1_583' title='bbox 2335 3981 2622 4048; x_wconf 88' lang='lat' dir='ltr'><strong><em>funeribus,</em></strong></span> <span class='ocrx_word' id='word_1_584' title='bbox 2671 3985 2726 4035; x_wconf 92' lang='lat' dir='ltr'><strong><em>in</em></strong></span> <span class='ocrx_word' id='word_1_585' title='bbox 2760 4001 2970 4055; x_wconf 88' lang='lat' dir='ltr'><strong><em>corpore</em></strong></span> <span class='ocrx_word' id='word_1_586' title='bbox 2999 3997 3048 4040; x_wconf 90' lang='lat' dir='ltr'><strong><em>et</em></strong></span> <span class='ocrx_word' id='word_1_587' title='bbox 3078 3990 3253 4042; x_wconf 81' lang='lat' dir='ltr'><strong><em>anima</em></strong></span> <span class='ocrx_word' id='word_1_588' title='bbox 3278 4008 3420 4045; x_wconf 88' lang='lat' dir='ltr'><strong><em>mor-</em></strong></span> 
     </span>
    </p>
   </div>
   <div class='ocr_carea' id='block_1_84' title="bbox 1873 4077 2416 4145">
    <p class='ocr_par' dir='ltr' id='par_1_84' title="bbox 1873 4077 2416 4145">
     <span class='ocr_line' id='line_1_84' title="bbox 1873 4077 2416 4145; baseline 0.006 -19"><span class='ocrx_word' id='word_1_589' title='bbox 1873 4084 2010 4140; x_wconf 88' lang='lat' dir='ltr'><strong><em>tuus,</em></strong></span> <span class='ocrx_word' id='word_1_590' title='bbox 2039 4077 2416 4145; x_wconf 89' lang='lat' dir='ltr'><strong><em>reportabatur.</em></strong></span> 
     </span>
    </p>
   </div>
   <div class='ocr_carea' id='block_1_85' title="bbox 1940 4164 3416 4235">
    <p class='ocr_par' dir='ltr' id='par_1_85' title="bbox 1940 4164 3416 4235">
     <span class='ocr_line' id='line_1_85' title="bbox 1940 4164 3416 4235; baseline 0.004 -19"><span class='ocrx_word' id='word_1_591' title='bbox 1940 4164 2082 4218; x_wconf 88' lang='lat' dir='ltr'><strong><em>Idem</em></strong></span> <span class='ocrx_word' id='word_1_592' title='bbox 2117 4165 2418 4230; x_wconf 83' lang='lat' dir='ltr'><strong><em>Bertoldus,</em></strong></span> <span class='ocrx_word' id='word_1_593' title='bbox 2459 4181 2606 4220; x_wconf 83' lang='lat' dir='ltr'><strong><em>anno</em></strong></span> <span class='ocrx_word' id='word_1_594' title='bbox 2632 4166 2766 4219; x_wconf 82' lang='lat' dir='ltr'><strong><em>I085</em></strong></span> <span class='ocrx_word' id='word_1_595' title='bbox 2813 4185 2826 4219; x_wconf 89' lang='lat'>:</span> <span class='ocrx_word' id='word_1_596' title='bbox 2867 4167 2968 4220; x_wconf 88' lang='lat' dir='ltr'><strong><em>Sed</em></strong></span> <span class='ocrx_word' id='word_1_597' title='bbox 2995 4169 3110 4235; x_wconf 88' lang='lat' dir='ltr'><strong><em>jam</em></strong></span> <span class='ocrx_word' id='word_1_598' title='bbox 3135 4169 3274 4221; x_wconf 91' lang='lat' dir='ltr'><strong><em>Deus</em></strong></span> <span class='ocrx_word' id='word_1_599' title='bbox 3301 4187 3416 4222; x_wconf 90' lang='lat' dir='ltr'><strong><em>om-</em></strong></span> 
     </span>
    </p>
   </div>
   <div class='ocr_carea' id='block_1_86' title="bbox 1871 4252 3418 4324">
    <p class='ocr_par' dir='ltr' id='par_1_86' title="bbox 1871 4252 3418 4324">
     <span class='ocr_line' id='line_1_86' title="bbox 1871 4252 3418 4324; baseline 0.005 -21"><span class='ocrx_word' id='word_1_600' title='bbox 1871 4255 2103 4322; x_wconf 88' lang='lat' dir='ltr'><strong><em>nipotens</em></strong></span> <span class='ocrx_word' id='word_1_601' title='bbox 2157 4255 2416 4321; x_wconf 87' lang='lat' dir='ltr'><strong><em>famulum</em></strong></span> <span class='ocrx_word' id='word_1_602' title='bbox 2467 4270 2616 4306; x_wconf 89' lang='lat' dir='ltr'><strong><em>suum</em></strong></span> <span class='ocrx_word' id='word_1_603' title='bbox 2661 4252 2961 4322; x_wconf 87' lang='lat' dir='ltr'><strong><em>Gregorium</em></strong></span> <span class='ocrx_word' id='word_1_604' title='bbox 3000 4272 3186 4324; x_wconf 89' lang='lat' dir='ltr'><strong><em>papam</em></strong></span> <span class='ocrx_word' id='word_1_605' title='bbox 3241 4257 3418 4312; x_wconf 89' lang='lat' dir='ltr'><strong><em>nolens</em></strong></span> 
     </span>
    </p>
   </div>
   <div class='ocr_carea' id='block_1_87' title="bbox 1870 4340 3421 4413">
    <p class='ocr_par' dir='ltr' id='par_1_87' title="bbox 1870 4340 3421 4413">
     <span class='ocr_line' id='line_1_87' title="bbox 1870 4340 3421 4413; baseline 0.004 -21"><span class='ocrx_word' id='word_1_606' title='bbox 1870 4341 2068 4393; x_wconf 84' lang='lat' dir='ltr'><strong><em>diutius</em></strong></span> <span class='ocrx_word' id='word_1_607' title='bbox 2097 4340 2354 4406; x_wconf 89' lang='lat' dir='ltr'><strong><em>laborare,</em></strong></span> <span class='ocrx_word' id='word_1_608' title='bbox 2386 4342 2491 4392; x_wconf 90' lang='lat' dir='ltr'><strong><em>imo</em></strong></span> <span class='ocrx_word' id='word_1_609' title='bbox 2521 4357 2613 4410; x_wconf 90' lang='lat' dir='ltr'><strong><em>pro</em></strong></span> <span class='ocrx_word' id='word_1_610' title='bbox 2643 4340 2908 4394; x_wconf 82' lang='lat' dir='ltr'><strong><em>laboribus</em></strong></span> <span class='ocrx_word' id='word_1_611' title='bbox 2935 4345 3044 4396; x_wconf 89' lang='lat' dir='ltr'><strong><em>suis</em></strong></span> <span class='ocrx_word' id='word_1_612' title='bbox 3069 4344 3218 4413; x_wconf 88' lang='lat' dir='ltr'><strong><em>digne</em></strong></span> <span class='ocrx_word' id='word_1_613' title='bbox 3250 4361 3421 4398; x_wconf 89' lang='lat' dir='ltr'><strong><em>remu-</em></strong></span> 
     </span>
    </p>
   </div>
   <div class='ocr_carea' id='block_1_88' title="bbox 1870 4429 3417 4504">
    <p class='ocr_par' dir='ltr' id='par_1_88' title="bbox 1870 4429 3417 4504">
     <span class='ocr_line' id='line_1_88' title="bbox 1870 4429 3417 4504; baseline 0.005 -22"><span class='ocrx_word' id='word_1_614' title='bbox 1870 4447 2049 4483; x_wconf 87' lang='lat' dir='ltr'><strong><em>nerare</em></strong></span> <span class='ocrx_word' id='word_1_615' title='bbox 2089 4429 2282 4496; x_wconf 88' lang='lat' dir='ltr'><strong><em>volens,</em></strong></span> <span class='ocrx_word' id='word_1_616' title='bbox 2319 4431 2382 4484; x_wconf 89' lang='lat' dir='ltr'><strong><em>de</em></strong></span> <span class='ocrx_word' id='word_1_617' title='bbox 2410 4431 2562 4500; x_wconf 83' lang='lat' dir='ltr'><strong><em>hujus</em></strong></span> <span class='ocrx_word' id='word_1_618' title='bbox 2594 4433 2712 4485; x_wconf 74' lang='lat' dir='ltr'><strong><em>vita:</em></strong></span> <span class='ocrx_word' id='word_1_619' title='bbox 2754 4434 3014 4504; x_wconf 87' lang='lat' dir='ltr'><strong><em>ergastulo</em></strong></span> <span class='ocrx_word' id='word_1_620' title='bbox 3043 4451 3157 4486; x_wconf 87' lang='lat' dir='ltr'><strong><em>eum</em></strong></span> <span class='ocrx_word' id='word_1_621' title='bbox 3201 4439 3417 4490; x_wconf 89' lang='lat' dir='ltr'><strong><em>vocavit.</em></strong></span> 
     </span>
    </p>
   </div>
   <div class='ocr_carea' id='block_1_89' title="bbox 239 4509 3418 4613">
    <p class='ocr_par' dir='ltr' id='par_1_89' title="bbox 239 4509 3418 4613">
     <span class='ocr_line' id='line_1_89' title="bbox 239 4509 3418 4613; baseline 0.006 -54"><span class='ocrx_word' id='word_1_622' title='bbox 239 4509 285 4562; x_wconf 90' lang='lat' dir='ltr'><strong><em>in</em></strong></span> <span class='ocrx_word' id='word_1_623' title='bbox 311 4511 470 4567; x_wconf 86' lang='lat' dir='ltr'><strong><em>lucem</em></strong></span> <span class='ocrx_word' id='word_1_624' title='bbox 497 4515 797 4584; x_wconf 86' lang='lat' dir='ltr'><strong><em>promimus</em></strong></span> <span class='ocrx_word' id='word_1_625' title='bbox 823 4537 836 4570; x_wconf 90' lang='lat'>:</span> <span class='ocrx_word' id='word_1_626' title='bbox 875 4517 1051 4573; x_wconf 70' lang='lat' dir='ltr'><strong><em>Romae</em></strong></span> <span class='ocrx_word' id='word_1_627' title='bbox 1080 4520 1378 4587; x_wconf 72' lang='lat' dir='ltr'><strong><em>Alexander</em></strong></span> <span class='ocrx_word' id='word_1_628' title='bbox 1405 4539 1541 4591; x_wconf 91' lang='lat' dir='ltr'><strong><em>papa</em></strong></span> <span class='ocrx_word' id='word_1_629' title='bbox 1590 4524 1767 4576; x_wconf 86' lang='lat' dir='ltr'><strong><em>deces-</em></strong></span> <span class='ocrx_word' id='word_1_630' title='bbox 1803 4562 1844 4613; x_wconf 67' lang='grc' dir='ltr'><strong>Β</strong></span> <span class='ocrx_word' id='word_1_631' title='bbox 1875 4518 2012 4572; x_wconf 80' lang='lat' dir='ltr'><strong><em>Nam</em></strong></span> <span class='ocrx_word' id='word_1_632' title='bbox 2037 4519 2307 4590; x_wconf 82' lang='lat' dir='ltr'><strong><em>aliquanto</em></strong></span> <span class='ocrx_word' id='word_1_633' title='bbox 2353 4531 2577 4613; x_wconf 87' lang='lat' dir='ltr'><strong><em>tempore</em></strong></span> <span class='ocrx_word' id='word_1_634' title='bbox 2607 4523 2830 4591; x_wconf 82' lang='lat' dir='ltr'><strong><em>graviter</em></strong></span> <span class='ocrx_word' id='word_1_635' title='bbox 2866 4538 3074 4613; x_wconf 84' lang='lat' dir='ltr'><strong><em>corpore</em></strong></span> <span class='ocrx_word' id='word_1_636' title='bbox 3101 4522 3418 4604; x_wconf 78' lang='lat' dir='ltr'><strong><em>inﬁrmatus,</em></strong></span> 
     </span>
    </p>
   </div>
   <div class='ocr_carea' id='block_1_90' title="bbox 240 4600 1769 4674">
    <p class='ocr_par' dir='ltr' id='par_1_90' title="bbox 240 4600 1769 4674">
     <span class='ocr_line' id='line_1_90' title="bbox 240 4600 1769 4674; baseline 0.007 -21"><span class='ocrx_word' id='word_1_637' title='bbox 240 4600 332 4662; x_wconf 74' lang='lat' dir='ltr'><strong><em>sit;</em></strong></span> <span class='ocrx_word' id='word_1_638' title='bbox 352 4618 438 4670; x_wconf 89' lang='lat' dir='ltr'><strong><em>pro</em></strong></span> <span class='ocrx_word' id='word_1_639' title='bbox 469 4621 567 4674; x_wconf 83' lang='lat' dir='ltr'><strong><em>quo</em></strong></span> <span class='ocrx_word' id='word_1_640' title='bbox 603 4605 909 4660; x_wconf 88' lang='lat' dir='ltr'><strong><em>venerabilis</em></strong></span> <span class='ocrx_word' id='word_1_641' title='bbox 944 4607 1357 4674; x_wconf 87' lang='lat' dir='ltr'><strong><em>IIildebrandus,</em></strong></span> <span class='ocrx_word' id='word_1_642' title='bbox 1392 4610 1640 4665; x_wconf 78' lang='lat' dir='ltr'><strong><em>Romana:</em></strong></span> <span class='ocrx_word' id='word_1_643' title='bbox 1665 4611 1769 4663; x_wconf 87' lang='lat' dir='ltr'><strong><em>Ec-</em></strong></span> 
     </span>
    </p>
   </div>
   <div class='ocr_carea' id='block_1_91' title="bbox 241 4688 1768 4758">
    <p class='ocr_par' dir='ltr' id='par_1_91' title="bbox 241 4688 1768 4758">
     <span class='ocr_line' id='line_1_91' title="bbox 241 4688 1768 4758; baseline 0.011 -22"><span class='ocrx_word' id='word_1_644' title='bbox 241 4688 394 4742; x_wconf 73' lang='lat' dir='ltr'><strong><em>clesic</em></strong></span> <span class='ocrx_word' id='word_1_645' title='bbox 449 4692 892 4758; x_wconf 85' lang='lat' dir='ltr'><strong><em>archidiaconus,</em></strong></span> <span class='ocrx_word' id='word_1_646' title='bbox 949 4698 1209 4749; x_wconf 87' lang='lat' dir='ltr'><strong><em>communi</em></strong></span> <span class='ocrx_word' id='word_1_647' title='bbox 1259 4699 1489 4750; x_wconf 88' lang='lat' dir='ltr'><strong><em>omnium</em></strong></span> <span class='ocrx_word' id='word_1_648' title='bbox 1551 4700 1768 4753; x_wconf 91' lang='lat' dir='ltr'><strong><em>consilio</em></strong></span> 
     </span>
    </p>
   </div>
   <div class='ocr_carea' id='block_1_92' title="bbox 240 4776 1769 4856">
    <p class='ocr_par' dir='ltr' id='par_1_92' title="bbox 240 4776 1769 4856">
     <span class='ocr_line' id='line_1_92' title="bbox 240 4776 1769 4856; baseline 0.01 -30"><span class='ocrx_word' id='word_1_649' title='bbox 240 4776 475 4842; x_wconf 71' lang='lat' dir='ltr'><strong><em>cspetitur</em></strong></span> <span class='ocrx_word' id='word_1_650' title='bbox 509 4795 647 4848; x_wconf 89' lang='lat' dir='ltr'><strong><em>papa</em></strong></span> <span class='ocrx_word' id='word_1_651' title='bbox 686 4782 1098 4836; x_wconf 85' lang='lat' dir='ltr'><strong><em>constituendus.</em></strong></span> <span class='ocrx_word' id='word_1_652' title='bbox 1145 4782 1260 4848; x_wconf 82' lang='lat' dir='ltr'><strong><em>Quo</em></strong></span> <span class='ocrx_word' id='word_1_653' title='bbox 1304 4785 1506 4850; x_wconf 88' lang='lat' dir='ltr'><strong><em>audito,</em></strong></span> <span class='ocrx_word' id='word_1_654' title='bbox 1538 4787 1645 4856; x_wconf 87' lang='lat' dir='ltr'><strong><em>ipse</em></strong></span> <span class='ocrx_word' id='word_1_655' title='bbox 1682 4805 1769 4841; x_wconf 89' lang='lat' dir='ltr'><strong><em>ar-</em></strong></span> 
     </span>
    </p>
   </div>
   <div class='ocr_carea' id='block_1_93' title="bbox 240 4862 1760 4943">
    <p class='ocr_par' dir='ltr' id='par_1_93' title="bbox 240 4862 1760 4943">
     <span class='ocr_line' id='line_1_93' title="bbox 240 4862 1760 4943; baseline 0.011 -31"><span class='ocrx_word' id='word_1_656' title='bbox 240 4862 548 4920; x_wconf 73' lang='lat' dir='ltr'><strong><em>chidiaconus</em></strong></span> <span class='ocrx_word' id='word_1_657' title='bbox 594 4884 648 4922; x_wconf 90' lang='lat' dir='ltr'><strong><em>se</em></strong></span> <span class='ocrx_word' id='word_1_658' title='bbox 695 4869 890 4923; x_wconf 84' lang='lat' dir='ltr'><strong><em>viribus</em></strong></span> <span class='ocrx_word' id='word_1_659' title='bbox 941 4888 1047 4925; x_wconf 89' lang='lat' dir='ltr'><strong><em>esse</em></strong></span> <span class='ocrx_word' id='word_1_660' title='bbox 1081 4874 1328 4943; x_wconf 89' lang='lat' dir='ltr'><strong><em>imparem</em></strong></span> <span class='ocrx_word' id='word_1_661' title='bbox 1366 4884 1509 4926; x_wconf 90' lang='lat' dir='ltr'><strong><em>tanto</em></strong></span> <span class='ocrx_word' id='word_1_662' title='bbox 1558 4876 1760 4941; x_wconf 88' lang='lat' dir='ltr'><strong><em>honori,</em></strong></span> 
     </span>
    </p>
   </div>
   <div class='ocr_carea' id='block_1_94' title="bbox 242 4952 1760 5034">
    <p class='ocr_par' dir='ltr' id='par_1_94' title="bbox 242 4952 1760 5034">
     <span class='ocr_line' id='line_1_94' title="bbox 242 4952 1760 5034; baseline 0.005 -26"><span class='ocrx_word' id='word_1_663' title='bbox 242 4952 332 5006; x_wconf 79' lang='lat' dir='ltr'><strong><em>imo</em></strong></span> <span class='ocrx_word' id='word_1_664' title='bbox 361 4960 517 5024; x_wconf 84' lang='lat' dir='ltr'><strong><em>oneri,</em></strong></span> <span class='ocrx_word' id='word_1_665' title='bbox 563 4959 831 5034; x_wconf 59' lang='lat' dir='ltr'><strong><em>reputans,</em></strong></span> <span class='ocrx_word' id='word_1_666' title='bbox 862 4961 1100 5014; x_wconf 82' lang='lat' dir='ltr'><strong><em>inducias</em></strong></span> <span class='ocrx_word' id='word_1_667' title='bbox 1129 4965 1468 5032; x_wconf 86' lang='lat' dir='ltr'><strong><em>respondendi</em></strong></span> <span class='ocrx_word' id='word_1_668' title='bbox 1521 4967 1690 5034; x_wconf 85' lang='lat' dir='ltr'><strong><em>petiit,</em></strong></span> <span class='ocrx_word' id='word_1_669' title='bbox 1714 4975 1760 5017; x_wconf 89' lang='lat' dir='ltr'><strong><em>et</em></strong></span> 
     </span>
    </p>
   </div>
   <div class='ocr_carea' id='block_1_95' title="bbox 243 5031 1769 5116">
    <p class='ocr_par' dir='ltr' id='par_1_95' title="bbox 243 5031 1769 5116">
     <span class='ocr_line' id='line_1_95' title="bbox 243 5031 1769 5116; baseline 0.008 -22"><span class='ocrx_word' id='word_1_670' title='bbox 243 5043 308 5093; x_wconf 67' lang='lat' dir='ltr'><strong><em>sic</em></strong></span> <span class='ocrx_word' id='word_1_671' title='bbox 335 5043 452 5114; x_wconf 79' lang='lat' dir='ltr'><strong><em>fuga</em></strong></span> <span class='ocrx_word' id='word_1_672' title='bbox 484 5046 714 5114; x_wconf 85' lang='lat' dir='ltr'><strong><em>elapsus,</em></strong></span> <span class='ocrx_word' id='word_1_673' title='bbox 755 5031 955 5116; x_wconf 56' lang='lat' dir='ltr'><strong><em>bliquot</em></strong></span> <span class='ocrx_word' id='word_1_674' title='bbox 997 5051 1107 5103; x_wconf 88' lang='lat' dir='ltr'><strong><em>dies</em></strong></span> <span class='ocrx_word' id='word_1_675' title='bbox 1143 5053 1210 5104; x_wconf 90' lang='lat' dir='ltr'><strong><em>ad</em></strong></span> <span class='ocrx_word' id='word_1_676' title='bbox 1265 5051 1485 5106; x_wconf 76' lang='lat' dir='ltr'><strong><em>Vincula</em></strong></span> <span class='ocrx_word' id='word_1_677' title='bbox 1625 5054 1769 5106; x_wconf 86' lang='lat' dir='ltr'><strong><em>Petri</em></strong></span> 
     </span>
    </p>
   </div>
   <div class='ocr_carea' id='block_1_96' title="bbox 241 5133 1771 5212">
    <p class='ocr_par' dir='ltr' id='par_1_96' title="bbox 241 5133 1771 5212">
     <span class='ocr_line' id='line_1_96' title="bbox 241 5133 1771 5212; baseline 0.006 -26"><span class='ocrx_word' id='word_1_678' title='bbox 241 5133 504 5212; x_wconf 61' lang='lat' dir='ltr'><strong><em>occultatus</em></strong></span> <span class='ocrx_word' id='word_1_679' title='bbox 534 5135 713 5189; x_wconf 88' lang='lat' dir='ltr'><strong><em>latuit.</em></strong></span> <span class='ocrx_word' id='word_1_680' title='bbox 743 5134 846 5190; x_wconf 89' lang='lat' dir='ltr'><strong><em>Sed</em></strong></span> <span class='ocrx_word' id='word_1_681' title='bbox 869 5139 1072 5192; x_wconf 87' lang='lat' dir='ltr'><strong><em>tandem</em></strong></span> <span class='ocrx_word' id='word_1_682' title='bbox 1095 5143 1182 5194; x_wconf 87' lang='lat' dir='ltr'><strong><em>vix</em></strong></span> <span class='ocrx_word' id='word_1_683' title='bbox 1205 5144 1458 5204; x_wconf 85' lang='lat' dir='ltr'><strong><em>inventus,</em></strong></span> <span class='ocrx_word' id='word_1_684' title='bbox 1482 5153 1529 5194; x_wconf 91' lang='lat' dir='ltr'><strong><em>et</em></strong></span> <span class='ocrx_word' id='word_1_685' title='bbox 1552 5143 1619 5195; x_wconf 89' lang='lat' dir='ltr'><strong><em>ad</em></strong></span> <span class='ocrx_word' id='word_1_686' title='bbox 1647 5160 1771 5212; x_wconf 89' lang='lat' dir='ltr'><strong><em>apo-</em></strong></span> 
     </span>
    </p>
   </div>
   <div class='ocr_carea' id='block_1_97' title="bbox 239 5206 1766 5302">
    <p class='ocr_par' dir='ltr' id='par_1_97' title="bbox 239 5206 1766 5302">
     <span class='ocr_line' id='line_1_97' title="bbox 239 5206 1766 5302; baseline 0.009 -30"><span class='ocrx_word' id='word_1_687' title='bbox 239 5206 457 5294; x_wconf 73' lang='lat' dir='ltr'><strong><em>stolicam</em></strong></span> <span class='ocrx_word' id='word_1_688' title='bbox 487 5227 659 5282; x_wconf 85' lang='lat' dir='ltr'><strong><em>sedem</em></strong></span> <span class='ocrx_word' id='word_1_689' title='bbox 709 5227 761 5280; x_wconf 88' lang='lat' dir='ltr'><strong><em>vi</em></strong></span> <span class='ocrx_word' id='word_1_690' title='bbox 805 5227 1102 5297; x_wconf 89' lang='lat' dir='ltr'><strong><em>perductus,</em></strong></span> <span class='ocrx_word' id='word_1_691' title='bbox 1139 5249 1274 5302; x_wconf 87' lang='lat' dir='ltr'><strong><em>papa</em></strong></span> <span class='ocrx_word' id='word_1_692' title='bbox 1325 5217 1495 5288; x_wconf 78' lang='lat' dir='ltr'><strong><em>CLIX</em></strong></span> <span class='ocrx_word' id='word_1_693' title='bbox 1551 5206 1766 5302; x_wconf 79' lang='lat' dir='ltr'><strong><em>septimo</em></strong></span> 
     </span>
    </p>
   </div>
   <div class='ocr_carea' id='block_1_98' title="bbox 239 5307 1772 5394">
    <p class='ocr_par' dir='ltr' id='par_1_98' title="bbox 239 5307 1772 5394">
     <span class='ocr_line' id='line_1_98' title="bbox 239 5307 1772 5394; baseline 0.008 -29"><span class='ocrx_word' id='word_1_694' title='bbox 239 5307 445 5368; x_wconf 72' lang='lat' dir='ltr'><strong><em>Kalend.</em></strong></span> <span class='ocrx_word' id='word_1_695' title='bbox 479 5315 615 5371; x_wconf 58' lang='lat' dir='ltr'><strong><em>Maii</em></strong></span> <span class='ocrx_word' id='word_1_696' title='bbox 659 5318 956 5383; x_wconf 87' lang='lat' dir='ltr'><strong><em>ordinatur,</em></strong></span> <span class='ocrx_word' id='word_1_697' title='bbox 991 5330 1040 5372; x_wconf 90' lang='lat' dir='ltr'><strong><em>et</em></strong></span> <span class='ocrx_word' id='word_1_698' title='bbox 1089 5321 1366 5392; x_wconf 85' lang='lat' dir='ltr'><strong><em>Gregorius</em></strong></span> <span class='ocrx_word' id='word_1_699' title='bbox 1401 5323 1514 5376; x_wconf 84' lang='lat' dir='ltr'><strong><em>VII</em></strong></span> <span class='ocrx_word' id='word_1_700' title='bbox 1546 5325 1772 5394; x_wconf 87' lang='lat' dir='ltr'><strong><em>appella-</em></strong></span> 
     </span>
    </p>
   </div>
   <div class='ocr_carea' id='block_1_99' title="bbox 241 5397 1766 5474">
    <p class='ocr_par' dir='ltr' id='par_1_99' title="bbox 241 5397 1766 5474">
     <span class='ocr_line' id='line_1_99' title="bbox 241 5397 1766 5474; baseline 0.01 -28"><span class='ocrx_word' id='word_1_701' title='bbox 241 5403 331 5451; x_wconf 79' lang='lat' dir='ltr'><strong><em>tur.</em></strong></span> <span class='ocrx_word' id='word_1_702' title='bbox 347 5397 510 5470; x_wconf 78' lang='lat' dir='ltr'><strong><em>Cujus</em></strong></span> <span class='ocrx_word' id='word_1_703' title='bbox 529 5405 831 5472; x_wconf 86' lang='lat' dir='ltr'><strong><em>prudentia,</em></strong></span> <span class='ocrx_word' id='word_1_704' title='bbox 859 5419 960 5456; x_wconf 91' lang='lat' dir='ltr'><strong><em>non</em></strong></span> <span class='ocrx_word' id='word_1_705' title='bbox 991 5405 1159 5459; x_wconf 90' lang='lat' dir='ltr'><strong><em>solum</em></strong></span> <span class='ocrx_word' id='word_1_706' title='bbox 1194 5410 1247 5460; x_wconf 87' lang='lat' dir='ltr'><strong><em>in</em></strong></span> <span class='ocrx_word' id='word_1_707' title='bbox 1285 5407 1466 5474; x_wconf 90' lang='lat' dir='ltr'><strong><em>Italia,</em></strong></span> <span class='ocrx_word' id='word_1_708' title='bbox 1491 5412 1580 5463; x_wconf 87' lang='lat' dir='ltr'><strong><em>sed</em></strong></span> <span class='ocrx_word' id='word_1_709' title='bbox 1611 5413 1766 5463; x_wconf 88' lang='lat' dir='ltr'><strong><em>etiam</em></strong></span> 
     </span>
    </p>
   </div>
   <div class='ocr_carea' id='block_1_100' title="bbox 238 5482 1769 5562">
    <p class='ocr_par' dir='ltr' id='par_1_100' title="bbox 238 5482 1769 5562">
     <span class='ocr_line' id='line_1_100' title="bbox 238 5482 1769 5562; baseline 0.008 -25"><span class='ocrx_word' id='word_1_710' title='bbox 238 5482 306 5537; x_wconf 66' lang='lat' dir='ltr'><strong><em>in‘</em></strong></span> <span class='ocrx_word' id='word_1_711' title='bbox 325 5483 612 5544; x_wconf 74' lang='lat' dir='ltr'><strong><em>Teutonicis</em></strong></span> <span class='ocrx_word' id='word_1_712' title='bbox 645 5491 908 5561; x_wconf 83' lang='lat' dir='ltr'><strong><em>partibus,</em></strong></span> <span class='ocrx_word' id='word_1_713' title='bbox 935 5493 1193 5562; x_wconf 86' lang='lat' dir='ltr'><strong><em>refrenata</em></strong></span> <span class='ocrx_word' id='word_1_714' title='bbox 1215 5506 1290 5549; x_wconf 87' lang='lat' dir='ltr'><strong><em>est</em></strong></span> <span class='ocrx_word' id='word_1_715' title='bbox 1323 5499 1651 5550; x_wconf 87' lang='lat' dir='ltr'><strong><em>sacerdotum</em></strong></span> <span class='ocrx_word' id='word_1_716' title='bbox 1683 5503 1769 5549; x_wconf 83' lang='lat' dir='ltr'><strong><em>in-</em></strong></span> 
     </span>
    </p>
   </div>
   <div class='ocr_carea' id='block_1_101' title="bbox 241 5577 1770 5657">
    <p class='ocr_par' dir='ltr' id='par_1_101' title="bbox 241 5577 1770 5657">
     <span class='ocr_line' id='line_1_101' title="bbox 241 5577 1770 5657; baseline 0.007 -29"><span class='ocrx_word' id='word_1_717' title='bbox 241 5577 534 5637; x_wconf 68' lang='lat' dir='ltr'><strong><em>continentis:</em></strong></span> <span class='ocrx_word' id='word_1_718' title='bbox 556 5597 576 5636; x_wconf 90' lang='lat'><strong><em>:</em></strong></span> <span class='ocrx_word' id='word_1_719' title='bbox 601 5583 829 5648; x_wconf 79' lang='lat' dir='ltr'><strong><em>scilicet,</em></strong></span> <span class='ocrx_word' id='word_1_720' title='bbox 850 5584 984 5653; x_wconf 82' lang='lat' dir='ltr'><strong><em>quod</em></strong></span> <span class='ocrx_word' id='word_1_721' title='bbox 1005 5588 1349 5656; x_wconf 74' lang='lat' dir='ltr'><strong><em>prcedecessor</em></strong></span> <span class='ocrx_word' id='word_1_722' title='bbox 1373 5588 1484 5657; x_wconf 88' lang='lat' dir='ltr'><strong><em>ejus</em></strong></span> <span class='ocrx_word' id='word_1_723' title='bbox 1508 5590 1560 5640; x_wconf 90' lang='lat' dir='ltr'><strong><em>in</em></strong></span> <span class='ocrx_word' id='word_1_724' title='bbox 1586 5588 1770 5652; x_wconf 79' lang='lat' dir='ltr'><strong><em>Italia,</em></strong></span> 
     </span>
    </p>
   </div>
   <div class='ocr_carea' id='block_1_102' title="bbox 237 5666 1770 5749">
    <p class='ocr_par' dir='ltr' id='par_1_102' title="bbox 237 5666 1770 5749">
     <span class='ocr_line' id='line_1_102' title="bbox 237 5666 1770 5749; baseline 0.003 -24"><span class='ocrx_word' id='word_1_725' title='bbox 237 5667 324 5725; x_wconf 68' lang='lat' dir='ltr'><strong><em>lure</em></strong></span> <span class='ocrx_word' id='word_1_726' title='bbox 355 5673 460 5743; x_wconf 78' lang='lat' dir='ltr'><strong><em>ipse</em></strong></span> <span class='ocrx_word' id='word_1_727' title='bbox 495 5675 570 5749; x_wconf 16' lang='lat' dir='ltr'><strong><em>in.</em></strong></span> <span class='ocrx_word' id='word_1_728' title='bbox 596 5680 708 5728; x_wconf 86' lang='lat' dir='ltr'><strong><em>tota</em></strong></span> <span class='ocrx_word' id='word_1_729' title='bbox 757 5666 992 5731; x_wconf 79' lang='lat' dir='ltr'><strong><em>Ecclesia</em></strong></span> <span class='ocrx_word' id='word_1_730' title='bbox 1035 5680 1291 5736; x_wconf 84' lang='lat' dir='ltr'><strong><em>catholica</em></strong></span> <span class='ocrx_word' id='word_1_731' title='bbox 1334 5679 1602 5749; x_wconf 83' lang='lat' dir='ltr'><strong><em>prohibere</em></strong></span> <span class='ocrx_word' id='word_1_732' title='bbox 1657 5689 1770 5731; x_wconf 87' lang='lat' dir='ltr'><strong><em>stu-</em></strong></span> 
     </span>
    </p>
   </div>
   <div class='ocr_carea' id='block_1_103' title="bbox 237 5747 572 5818">
    <p class='ocr_par' dir='ltr' id='par_1_103' title="bbox 237 5747 572 5818">
     <span class='ocr_line' id='line_1_103' title="bbox 237 5747 572 5818; baseline 0.018 -4"><span class='ocrx_word' id='word_1_733' title='bbox 237 5755 360 5818; x_wconf 66' lang='lat' dir='ltr'><strong><em>ltam.</em></strong></span> <span class='ocrx_word' id='word_1_734' title='bbox 527 5761 532 5766; x_wconf 85' lang='grc'><em>’</em></span> <span class='ocrx_word' id='word_1_735' title='bbox 547 5747 572 5792; x_wconf 61' lang='grc' dir='ltr'><strong><em>’ί</em></strong></span> 
     </span>
    </p>
   </div>
   <div class='ocr_carea' id='block_1_104' title="bbox 1873 4598 3419 4680">
    <p class='ocr_par' dir='ltr' id='par_1_104' title="bbox 1873 4598 3419 4680">
     <span class='ocr_line' id='line_1_104' title="bbox 1873 4598 3419 4680; baseline 0.002 -16"><span class='ocrx_word' id='word_1_736' title='bbox 1873 4613 1960 4664; x_wconf 88' lang='lat' dir='ltr'><strong><em>sed</em></strong></span> <span class='ocrx_word' id='word_1_737' title='bbox 1984 4613 2044 4663; x_wconf 84' lang='lat' dir='ltr'><strong><em>in</em></strong></span> <span class='ocrx_word' id='word_1_738' title='bbox 2068 4612 2364 4680; x_wconf 84' lang='lat' dir='ltr'><strong><em>defensione</em></strong></span> <span class='ocrx_word' id='word_1_739' title='bbox 2399 4612 2626 4680; x_wconf 75' lang='lat' dir='ltr'><strong><em>justitiaz</em></strong></span> <span class='ocrx_word' id='word_1_740' title='bbox 2655 4627 2811 4679; x_wconf 89' lang='lat' dir='ltr'><strong><em>usque</em></strong></span> <span class='ocrx_word' id='word_1_741' title='bbox 2839 4611 2907 4663; x_wconf 91' lang='lat' dir='ltr'><strong><em>ad</em></strong></span> <span class='ocrx_word' id='word_1_742' title='bbox 2929 4620 3146 4664; x_wconf 87' lang='lat' dir='ltr'><strong><em>mortem</em></strong></span> <span class='ocrx_word' id='word_1_743' title='bbox 3173 4598 3419 4680; x_wconf 78' lang='lat' dir='ltr'><strong><em>firmissi-</em></strong></span> 
     </span>
    </p>
   </div>
   <div class='ocr_carea' id='block_1_105' title="bbox 1876 4699 3420 4769">
    <p class='ocr_par' dir='ltr' id='par_1_105' title="bbox 1876 4699 3420 4769">
     <span class='ocr_line' id='line_1_105' title="bbox 1876 4699 3420 4769; baseline 0.001 -17"><span class='ocrx_word' id='word_1_744' title='bbox 1876 4718 2009 4766; x_wconf 90' lang='lat' dir='ltr'><strong><em>mus,</em></strong></span> <span class='ocrx_word' id='word_1_745' title='bbox 2038 4699 2245 4753; x_wconf 89' lang='lat' dir='ltr'><strong><em>Salerni</em></strong></span> <span class='ocrx_word' id='word_1_746' title='bbox 2271 4701 2409 4752; x_wconf 88' lang='lat' dir='ltr'><strong><em>diem</em></strong></span> <span class='ocrx_word' id='word_1_747' title='bbox 2433 4699 2622 4750; x_wconf 89' lang='lat' dir='ltr'><strong><em>clausit</em></strong></span> <span class='ocrx_word' id='word_1_748' title='bbox 2668 4708 2972 4754; x_wconf 88' lang='lat' dir='ltr'><strong><em>extremum.</em></strong></span> <span class='ocrx_word' id='word_1_749' title='bbox 3010 4699 3085 4754; x_wconf 91' lang='lat' dir='ltr'><strong><em>De</em></strong></span> <span class='ocrx_word' id='word_1_750' title='bbox 3109 4701 3254 4769; x_wconf 88' lang='lat' dir='ltr'><strong><em>cujus</em></strong></span> <span class='ocrx_word' id='word_1_751' title='bbox 3277 4702 3420 4754; x_wconf 89' lang='lat' dir='ltr'><strong><em>obitu</em></strong></span> 
     </span>
    </p>
   </div>
   <div class='ocr_carea' id='block_1_106' title="bbox 1873 4790 3417 4859">
    <p class='ocr_par' dir='ltr' id='par_1_106' title="bbox 1873 4790 3417 4859">
     <span class='ocr_line' id='line_1_106' title="bbox 1873 4790 3417 4859; baseline 0.001 -17"><span class='ocrx_word' id='word_1_752' title='bbox 1873 4806 2045 4842; x_wconf 88' lang='lat' dir='ltr'><strong><em>omnes</em></strong></span> <span class='ocrx_word' id='word_1_753' title='bbox 2087 4790 2315 4859; x_wconf 85' lang='lat' dir='ltr'><strong><em>religiosi</em></strong></span> <span class='ocrx_word' id='word_1_754' title='bbox 2339 4790 2604 4858; x_wconf 87' lang='lat' dir='ltr'><strong><em>utriusque</em></strong></span> <span class='ocrx_word' id='word_1_755' title='bbox 2647 4806 2819 4856; x_wconf 78' lang='lat' dir='ltr'><strong><em>sexus,</em></strong></span> <span class='ocrx_word' id='word_1_756' title='bbox 2848 4801 2896 4844; x_wconf 90' lang='lat' dir='ltr'><strong><em>et</em></strong></span> <span class='ocrx_word' id='word_1_757' title='bbox 2930 4793 3152 4844; x_wconf 79' lang='lat' dir='ltr'><strong><em>maxime</em></strong></span> <span class='ocrx_word' id='word_1_758' title='bbox 3172 4807 3417 4859; x_wconf 88' lang='lat' dir='ltr'><strong><em>pauperes</em></strong></span> 
     </span>
    </p>
   </div>
   <div class='ocr_carea' id='block_1_107' title="bbox 1871 4879 3460 4950">
    <p class='ocr_par' dir='ltr' id='par_1_107' title="bbox 1871 4879 3460 4950">
     <span class='ocr_line' id='line_1_107' title="bbox 1871 4879 3460 4950; baseline 0.003 -18"><span class='ocrx_word' id='word_1_759' title='bbox 1871 4879 2164 4933; x_wconf 88' lang='lat' dir='ltr'><strong><em>doluerunt.</em></strong></span> <span class='ocrx_word' id='word_1_760' title='bbox 2194 4879 2322 4932; x_wconf 86' lang='lat' dir='ltr'><strong><em>Erat</em></strong></span> <span class='ocrx_word' id='word_1_761' title='bbox 2347 4881 2483 4932; x_wconf 88' lang='lat' dir='ltr'><strong><em>enim</em></strong></span> <span class='ocrx_word' id='word_1_762' title='bbox 2511 4881 2780 4935; x_wconf 72' lang='lat' dir='ltr'><strong><em>catholica:</em></strong></span> <span class='ocrx_word' id='word_1_763' title='bbox 2813 4882 3072 4950; x_wconf 86' lang='lat' dir='ltr'><strong><em>religionis</em></strong></span> <span class='ocrx_word' id='word_1_764' title='bbox 3099 4882 3419 4949; x_wconf 87' lang='lat' dir='ltr'><strong><em>ferventissi-</em></strong></span> <span class='ocrx_word' id='word_1_765' title='bbox 3451 4927 3460 4940; x_wconf 80' lang='lat'><strong><em>.</em></strong></span> 
     </span>
    </p>
   </div>
   <div class='ocr_carea' id='block_1_108' title="bbox 1873 4970 3417 5034">
    <p class='ocr_par' dir='ltr' id='par_1_108' title="bbox 1873 4970 3417 5034">
     <span class='ocr_line' id='line_1_108' title="bbox 1873 4970 3417 5034; baseline 0.005 -15"><span class='ocrx_word' id='word_1_766' title='bbox 1873 4985 1984 5020; x_wconf 84' lang='lat' dir='ltr'><strong><em>mus</em></strong></span> <span class='ocrx_word' id='word_1_767' title='bbox 2025 4970 2313 5034; x_wconf 88' lang='lat' dir='ltr'><strong><em>institutor,</em></strong></span> <span class='ocrx_word' id='word_1_768' title='bbox 2343 4979 2388 5022; x_wconf 90' lang='lat' dir='ltr'><strong><em>et</em></strong></span> <span class='ocrx_word' id='word_1_769' title='bbox 2427 4971 2790 5023; x_wconf 80' lang='lat' dir='ltr'><strong><em>ecclesiastica‘</em></strong></span> <span class='ocrx_word' id='word_1_770' title='bbox 2823 4971 3079 5023; x_wconf 90' lang='lat' dir='ltr'><strong><em>libertatis</em></strong></span> <span class='ocrx_word' id='word_1_771' title='bbox 3115 4975 3417 5026; x_wconf 84' lang='lat' dir='ltr'><strong><em>strenuissi-</em></strong></span> 
     </span>
    </p>
   </div>
   <div class='ocr_carea' id='block_1_109' title="bbox 1871 5057 3421 5128">
    <p class='ocr_par' dir='ltr' id='par_1_109' title="bbox 1871 5057 3421 5128">
     <span class='ocr_line' id='line_1_109' title="bbox 1871 5057 3421 5128; baseline 0.005 -19"><span class='ocrx_word' id='word_1_772' title='bbox 1871 5075 1984 5111; x_wconf 89' lang='lat' dir='ltr'><strong><em>mus</em></strong></span> <span class='ocrx_word' id='word_1_773' title='bbox 2009 5060 2267 5128; x_wconf 90' lang='lat' dir='ltr'><strong><em>defensor.</em></strong></span> <span class='ocrx_word' id='word_1_774' title='bbox 2301 5057 2485 5112; x_wconf 77' lang='lat' dir='ltr'><strong><em>Noluit</em></strong></span> <span class='ocrx_word' id='word_1_775' title='bbox 2508 5076 2632 5111; x_wconf 85' lang='lat' dir='ltr'><strong><em>sane</em></strong></span> <span class='ocrx_word' id='word_1_776' title='bbox 2656 5068 2709 5110; x_wconf 84' lang='lat' dir='ltr'><strong><em>ut</em></strong></span> <span class='ocrx_word' id='word_1_777' title='bbox 2732 5059 3114 5114; x_wconf 86' lang='lat' dir='ltr'><strong><em>ecclesiasticus</em></strong></span> <span class='ocrx_word' id='word_1_778' title='bbox 3150 5064 3276 5115; x_wconf 90' lang='lat' dir='ltr'><strong><em>ordo</em></strong></span> <span class='ocrx_word' id='word_1_779' title='bbox 3314 5081 3421 5116; x_wconf 80' lang='lat' dir='ltr'><strong><em>ma-</em></strong></span> 
     </span>
    </p>
   </div>
   <div class='ocr_carea' id='block_1_110' title="bbox 1870 5147 3420 5215">
    <p class='ocr_par' dir='ltr' id='par_1_110' title="bbox 1870 5147 3420 5215">
     <span class='ocr_line' id='line_1_110' title="bbox 1870 5147 3420 5215; baseline 0.003 -16"><span class='ocrx_word' id='word_1_780' title='bbox 1870 5149 2016 5200; x_wconf 90' lang='lat' dir='ltr'><strong><em>nibus</em></strong></span> <span class='ocrx_word' id='word_1_781' title='bbox 2044 5149 2297 5202; x_wconf 88' lang='lat' dir='ltr'><strong><em>laicorum</em></strong></span> <span class='ocrx_word' id='word_1_782' title='bbox 2321 5148 2626 5215; x_wconf 84' lang='lat' dir='ltr'><strong><em>subjaceret,</em></strong></span> <span class='ocrx_word' id='word_1_783' title='bbox 2656 5147 2744 5198; x_wconf 83' lang='lat' dir='ltr'><strong><em>sed</em></strong></span> <span class='ocrx_word' id='word_1_784' title='bbox 2769 5149 2984 5214; x_wconf 87' lang='lat' dir='ltr'><strong><em>eisdem,</em></strong></span> <span class='ocrx_word' id='word_1_785' title='bbox 3002 5160 3049 5202; x_wconf 88' lang='lat' dir='ltr'><strong><em>et</em></strong></span> <span class='ocrx_word' id='word_1_786' title='bbox 3077 5167 3274 5203; x_wconf 91' lang='lat' dir='ltr'><strong><em>morum</em></strong></span> <span class='ocrx_word' id='word_1_787' title='bbox 3301 5167 3420 5202; x_wconf 85' lang='lat' dir='ltr'><strong><em>san-</em></strong></span> 
     </span>
    </p>
   </div>
   <div class='ocr_carea' id='block_1_111' title="bbox 1867 5236 3416 5305">
    <p class='ocr_par' dir='ltr' id='par_1_111' title="bbox 1867 5236 3416 5305">
     <span class='ocr_line' id='line_1_111' title="bbox 1867 5236 3416 5305; baseline 0.002 -17"><span class='ocrx_word' id='word_1_788' title='bbox 1867 5237 2064 5299; x_wconf 88' lang='lat' dir='ltr'><strong><em>ctitate,</em></strong></span> <span class='ocrx_word' id='word_1_789' title='bbox 2099 5245 2148 5288; x_wconf 85' lang='lat' dir='ltr'><strong><em>et</em></strong></span> <span class='ocrx_word' id='word_1_790' title='bbox 2173 5236 2369 5288; x_wconf 89' lang='lat' dir='ltr'><strong><em>ordinis</em></strong></span> <span class='ocrx_word' id='word_1_791' title='bbox 2393 5236 2648 5305; x_wconf 88' lang='lat' dir='ltr'><strong><em>dignitate</em></strong></span> <span class='ocrx_word' id='word_1_792' title='bbox 2674 5240 3064 5305; x_wconf 75' lang='lat' dir='ltr'><strong><em>prwemineret;</em></strong></span> <span class='ocrx_word' id='word_1_793' title='bbox 3101 5238 3238 5305; x_wconf 88' lang='lat' dir='ltr'><strong><em>quod</em></strong></span> <span class='ocrx_word' id='word_1_794' title='bbox 3261 5238 3416 5291; x_wconf 87' lang='lat' dir='ltr'><strong><em>illum</em></strong></span> 
     </span>
    </p>
   </div>
   <div class='ocr_carea' id='block_1_112' title="bbox 1868 5325 3416 5396">
    <p class='ocr_par' dir='ltr' id='par_1_112' title="bbox 1868 5325 3416 5396">
     <span class='ocr_line' id='line_1_112' title="bbox 1868 5325 3416 5396; baseline 0.003 -20"><span class='ocrx_word' id='word_1_795' title='bbox 1868 5326 2026 5378; x_wconf 81' lang='lat' dir='ltr'><strong><em>latere</em></strong></span> <span class='ocrx_word' id='word_1_796' title='bbox 2061 5342 2162 5377; x_wconf 90' lang='lat' dir='ltr'><strong><em>non</em></strong></span> <span class='ocrx_word' id='word_1_797' title='bbox 2197 5327 2404 5394; x_wconf 89' lang='lat' dir='ltr'><strong><em>poterit,</em></strong></span> <span class='ocrx_word' id='word_1_798' title='bbox 2452 5328 2742 5396; x_wconf 85' lang='lat' dir='ltr'><strong><em>quicunque</em></strong></span> <span class='ocrx_word' id='word_1_799' title='bbox 2771 5327 3000 5395; x_wconf 88' lang='lat' dir='ltr'><strong><em>ejusdem</em></strong></span> <span class='ocrx_word' id='word_1_800' title='bbox 3034 5325 3308 5392; x_wconf 88' lang='lat' dir='ltr'><strong><em>apostolici</em></strong></span> <span class='ocrx_word' id='word_1_801' title='bbox 3333 5345 3416 5381; x_wconf 89' lang='lat' dir='ltr'><strong><em>re-</em></strong></span> 
     </span>
    </p>
   </div>
   <div class='ocr_carea' id='block_1_113' title="bbox 1870 5415 3415 5486">
    <p class='ocr_par' dir='ltr' id='par_1_113' title="bbox 1870 5415 3415 5486">
     <span class='ocr_line' id='line_1_113' title="bbox 1870 5415 3415 5486; baseline 0.001 -20"><span class='ocrx_word' id='word_1_802' title='bbox 1870 5425 2066 5484; x_wconf 80' lang='lat' dir='ltr'><strong><em>gestum</em></strong></span> <span class='ocrx_word' id='word_1_803' title='bbox 2097 5415 2370 5485; x_wconf 83' lang='lat' dir='ltr'><strong><em>diligenter</em></strong></span> <span class='ocrx_word' id='word_1_804' title='bbox 2410 5416 2697 5485; x_wconf 85' lang='lat' dir='ltr'><strong><em>perlegcrit.</em></strong></span> <span class='ocrx_word' id='word_1_805' title='bbox 2740 5416 3020 5483; x_wconf 86' lang='lat' dir='ltr'><strong><em>Postquam</em></strong></span> <span class='ocrx_word' id='word_1_806' title='bbox 3048 5424 3218 5466; x_wconf 84' lang='lat' dir='ltr'><strong><em>autem</em></strong></span> <span class='ocrx_word' id='word_1_807' title='bbox 3241 5417 3293 5468; x_wconf 89' lang='lat' dir='ltr'><strong><em>in</em></strong></span> <span class='ocrx_word' id='word_1_808' title='bbox 3318 5434 3415 5486; x_wconf 88' lang='lat' dir='ltr'><strong><em>gu-</em></strong></span> 
     </span>
    </p>
   </div>
   <div class='ocr_carea' id='block_1_114' title="bbox 1871 5501 3416 5572">
    <p class='ocr_par' dir='ltr' id='par_1_114' title="bbox 1871 5501 3416 5572">
     <span class='ocr_line' id='line_1_114' title="bbox 1871 5501 3416 5572; baseline 0 -18"><span class='ocrx_word' id='word_1_809' title='bbox 1871 5503 2167 5556; x_wconf 91' lang='lat' dir='ltr'><strong><em>bernatione</em></strong></span> <span class='ocrx_word' id='word_1_810' title='bbox 2199 5504 2334 5556; x_wconf 88' lang='lat' dir='ltr'><strong><em>sedis</em></strong></span> <span class='ocrx_word' id='word_1_811' title='bbox 2360 5504 2678 5572; x_wconf 69' lang='lat' dir='ltr'><strong><em>apostolica&#39;,</em></strong></span> <span class='ocrx_word' id='word_1_812' title='bbox 2703 5504 2806 5553; x_wconf 91' lang='lat' dir='ltr'><strong><em>imo</em></strong></span> <span class='ocrx_word' id='word_1_813' title='bbox 2834 5502 2991 5553; x_wconf 86' lang='lat' dir='ltr'><strong><em>totius</em></strong></span> <span class='ocrx_word' id='word_1_814' title='bbox 3021 5501 3266 5554; x_wconf 77' lang='lat' dir='ltr'><strong><em>Ecclesiw</em></strong></span> <span class='ocrx_word' id='word_1_815' title='bbox 3285 5504 3416 5554; x_wconf 87' lang='lat' dir='ltr'><strong><em>duo-</em></strong></span> 
     </span>
    </p>
   </div>
   <div class='ocr_carea' id='block_1_115' title="bbox 1873 5587 3412 5662">
    <p class='ocr_par' dir='ltr' id='par_1_115' title="bbox 1873 5587 3412 5662">
     <span class='ocr_line' id='line_1_115' title="bbox 1873 5587 3412 5662; baseline -0.001 -19"><span class='ocrx_word' id='word_1_816' title='bbox 1873 5593 2037 5646; x_wconf 74' lang='lat' dir='ltr'><strong><em>decim</em></strong></span> <span class='ocrx_word' id='word_1_817' title='bbox 2083 5609 2242 5644; x_wconf 79' lang='lat' dir='ltr'><strong><em>annos</em></strong></span> <span class='ocrx_word' id='word_1_818' title='bbox 2279 5601 2326 5643; x_wconf 86' lang='lat' dir='ltr'><strong><em>et</em></strong></span> <span class='ocrx_word' id='word_1_819' title='bbox 2378 5607 2537 5643; x_wconf 88' lang='lat' dir='ltr'><strong><em>unum</em></strong></span> <span class='ocrx_word' id='word_1_820' title='bbox 2579 5607 2801 5643; x_wconf 88' lang='lat' dir='ltr'><strong><em>mensem</em></strong></span> <span class='ocrx_word' id='word_1_821' title='bbox 2842 5591 3068 5662; x_wconf 87' lang='lat' dir='ltr'><strong><em>legitime</em></strong></span> <span class='ocrx_word' id='word_1_822' title='bbox 3114 5587 3412 5655; x_wconf 86' lang='lat' dir='ltr'><strong><em>decertavit,</em></strong></span> 
     </span>
    </p>
   </div>
   <div class='ocr_carea' id='block_1_116' title="bbox 1873 5679 3415 5740">
    <p class='ocr_par' dir='ltr' id='par_1_116' title="bbox 1873 5679 3415 5740">
     <span class='ocr_line' id='line_1_116' title="bbox 1873 5679 3415 5740; baseline 0.001 -9"><span class='ocrx_word' id='word_1_823' title='bbox 1873 5683 2076 5734; x_wconf 88' lang='lat' dir='ltr'><strong><em>tandem</em></strong></span> <span class='ocrx_word' id='word_1_824' title='bbox 2106 5696 2169 5731; x_wconf 75' lang='lat' dir='ltr'><strong><em>ex</em></strong></span> <span class='ocrx_word' id='word_1_825' title='bbox 2210 5680 2306 5731; x_wconf 91' lang='lat' dir='ltr'><strong><em>hac</em></strong></span> <span class='ocrx_word' id='word_1_826' title='bbox 2336 5680 2466 5740; x_wconf 83' lang='lat' dir='ltr'><strong><em>lucc,</em></strong></span> <span class='ocrx_word' id='word_1_827' title='bbox 2513 5696 2648 5731; x_wconf 86' lang='lat' dir='ltr'><strong><em>anno</em></strong></span> <span class='ocrx_word' id='word_1_828' title='bbox 2696 5680 3082 5734; x_wconf 77' lang='lat' dir='ltr'><strong><em>Incarnationis</em></strong></span> <span class='ocrx_word' id='word_1_829' title='bbox 3130 5679 3415 5733; x_wconf 81' lang='lat' dir='ltr'><strong><em>Dominij</em></strong></span> 
     </span>
    </p>
   </div>
   <div class='ocr_carea' id='block_1_117' title="bbox 1876 5764 3413 5836">
    <p class='ocr_par' dir='ltr' id='par_1_117' title="bbox 1876 5764 3413 5836">
     <span class='ocr_line' id='line_1_117' title="bbox 1876 5764 3413 5836; baseline -0.001 -14"><span class='ocrx_word' id='word_1_830' title='bbox 1876 5768 2027 5833; x_wconf 68' lang='grc'><strong><em>1083,</em></strong></span> <span class='ocrx_word' id='word_1_831' title='bbox 2058 5768 2336 5820; x_wconf 79' lang='lat' dir='ltr'><strong><em>indictione</em></strong></span> <span class='ocrx_word' id='word_1_832' title='bbox 2368 5764 2571 5836; x_wconf 77' lang='lat' dir='ltr'><strong><em>octava,</em></strong></span> <span class='ocrx_word' id='word_1_833' title='bbox 2616 5788 2710 5824; x_wconf 75' lang='lat' dir='ltr'><strong><em>\‘Ill</em></strong></span> <span class='ocrx_word' id='word_1_834' title='bbox 2744 5769 2868 5823; x_wconf 88' lang='lat' dir='ltr'><strong><em>Kal.</em></strong></span> <span class='ocrx_word' id='word_1_835' title='bbox 2907 5769 3054 5821; x_wconf 81' lang='lat' dir='ltr'><strong><em>Junii</em></strong></span> <span class='ocrx_word' id='word_1_836' title='bbox 3097 5768 3413 5836; x_wconf 71' lang='lat' dir='ltr'><strong><em>subtractus,</em></strong></span> 
     </span>
    </p>
   </div>
  </div>
