4098 6392
685 411 782 467 illi

1866 413 1921 469 s.
1969 371 2366 472 cnecontcs
2413 415 2499 470 ru
2538 415 2732 470 mes.

3879 54 3888 58 η
3907 55 3922 62 -
3935 49 4004 76 ,ιιι
4019 44 4075 72 :’-~“

3799 419 3907 474 212

683 544 884 599 super:
921 529 1202 608 zocationis
1237 519 1472 604 spiens?
1505 529 1762 598 accepisse
1810 545 1909 581 non
1944 529 2237 593 dubitatur,
2269 533 2313 588 Α
2337 523 2564 599 episcopi
2591 527 2806 598 singuli,
2827 528 3202 596 missisapapa
3217 526 3464 597 Gregorio
3489 528 3723 598 epistolis
3739 545 3758 580 :
3769 547 3909 598 prte-

685 618 919 690 sepultus
965 617 1174 674 Salerni
1206 619 1259 672 in
1291 619 1515 673 ecclesia
1559 617 1742 674 Sancti
1776 619 2035 684 .llattluei,
2079 635 2238 688 quam

686 715 794 779 ipse
818 712 993 766 eodem
1023 728 1160 766 anno
1186 712 1462 766 dedicarit.
1515 711 1616 768 Sed
1653 710 2237 766 Guibertus‘harresiar-

686 802 783 855 (Ιια
829 802 1052 856 multum
1098 803 1160 856 de
1201 803 1346 856 obitu
1396 804 1508 872 ejus
1557 802 1855 866 laetabatur,
1892 801 2009 854 licet
2052 815 2240 870 parum

685 893 1049 961 prosperitatis
1072 909 1181 948 sua:
1211 895 1355 962 parti
1376 895 1428 946 in
1459 910 1517 947 eo
1547 892 1862 946 lucraretur.
1904 890 2042 944 Nunt
2065 907 2239 947 omnes

687 980 936 1034 catholici
977 991 1093 1051 post
1127 989 1341 1034 mortem
1377 981 1576 1034 domini
1606 981 1881 1051 apostolici
1925 996 2027 1033 non
2067 981 2239 1032 minus

687 1089 843 1142 quam
867 1081 1007 1138 ante,
1029 1072 1194 1125 eidem
1225 1072 1585 1126 ltwresiarcha-
1628 1073 1947 1136 restiterunt,
1973 1071 2242 1140 ipsumque

689 1162 754 1213 de
785 1159 948 1214 Roma
973 1160 1267 1214 Ravennam
1301 1163 1543 1232 repedare
1565 1161 1940 1232 compulerunt.
2181 1153 2230 1229 ,’

763 1250 900 1306 XIX.
945 1251 1268 1318 Bcrnardns,
1306 1253 1537 1323 primum
1561 1252 2057 1307 Constantiensinm
2084 1251 2243 1305 scho-

691 1343 869 1397 larum
917 1344 1192 1413 magister,
1243 1354 1436 1414 postea
1472 1345 1771 1400 monachus
1801 1343 2145 1398 Corbeicusis
2186 1343 2240 1396 in

695 1429 953 1504 Saxonis,
988 1433 1094 1502 pro
1115 1431 1370 1502 Gregorio
1412 1432 1499 1486 VII
1544 1434 1845 1504 apologiam
1888 1432 2136 1501 seripsit,
2177 1431 2243 1485 de

693 1537 802 1592 qun
849 1521 1128 1576 Ilertoldus
1167 1520 1603 1578 Constantiensis
1638 1523 1691 1576 in
1735 1519 2008 1576 Chronico
2051 1521 2118 1574 ad
2147 1534 2246 1573 an-

695 1627 821 1665 num
877 1610 1012 1666 I088
1055 1629 1071 1665 :
1125 1611 1426 1665 Bernardus
1475 1611 1952 1667 Constantiensium
1999 1609 2247 1679 magister

692 1699 1013 1766 scholarum,
1049 1702 1128 1754 uir
1153 1702 1559 1768 eruditissimus,
1597 1703 1649 1755 in
1684 1718 1842 1756 causa
1876 1701 1931 1756 S.
1972 1701 2119 1754 Petri
2142 1700 2248 1767 fer-

691 1791 1035 1857 ventissimus,
1080 1793 1135 1844 in
1179 1777 1410 1847 Saxouia
1454 1794 1549 1848 sub
1597 1795 1886 1852 monastica
1925 1791 2246 1862 professione

694 1883 939 1952 migrauit
963 1882 1032 1936 ad
1059 1882 1358 1937 Dominum.

767 1971 838 2025 De
859 1973 1068 2037 eodem,
1100 1972 1166 2026 ad
1195 1988 1399 2027 annum
1424 1967 1580 2039 1091,
1604 1973 1744 2028 idem
1761 1972 2044 2027 Bertoldus
2079 1988 2097 2030 τ,
2119 1969 2246 2024 Ber-

693 2060 890 2113 nardus
915 2078 1114 2132 quoque
1136 2061 1614 2117 Constantiensium
1655 2061 1950 2116 scholarum
1979 2063 2246 2130 magister,

695 2150 861 2204 multa
886 2152 1032 2205 nobis
1061 2153 1141 2205 sui
1178 2154 1370 2222 ingenii
1415 2162 1745 2207 monumenta
1799 2152 2028 2222 reliquit,
2058 2149 2252 2204 multa-

697 2256 794 2308 que
835 2257 929 2309 pro
959 2242 1232 2295 catholicis
1264 2241 1445 2296 contra
1483 2243 1842 2296 schismaticos
1874 2244 1962 2295 sui
2007 2243 2253 2310 temporis

695 2326 1078 2397 elegantissime
1100 2331 1328 2398 scripsit,
1346 2339 1392 2384 et
1418 2333 1642 2400 primum
1675 2332 1879 2400 quidem
1907 2332 1974 2384 ad
2002 2331 2253 2401 quosdam

699 2433 820 2472 suos
861 2421 1075 2484 amicos,
1119 2420 1180 2473 de
1213 2421 1420 2489 judicio
1467 2421 1703 2492 Gregorii
1746 2439 1894 2491 papa’
1947 2421 2055 2474 Vl!
2103 2439 2257 2491 super

697 2507 1068 2573 schismaticis,
1093 2519 1140 2562 et
1165 2509 1228 2563 de
1248 2513 1587 2564 sacramentis
1608 2521 1756 2564 extra
1785 2510 2075 2564 Ecclesium
2104 2528 2257 2564 usur-

701 2598 858 2664 patis.
894 2596 1084 2650 Postea
1105 2599 1357 2674 etiam'ad
1379 2600 1714 2653 uenerabilem
1747 2599 2075 2669 liartungum
2102 2599 2256 2668 Mag-

703 2687 1068 2755 deburgensem
1114 2689 1408 2756 episcopum
1462 2689 1524 2740 de
1574 2689 1751 2740 eadem
1795 2705 1954 2740 causa
2012 2704 2259 2758 magnum

703 2775 898 2829 librum
950 2775 1421 2830 luculentissimum
1468 2779 1773 2847 composuit,
1799 2795 1862 2832 ex
1891 2795 2109 2848 persona
2143 2795 2264 2832 san-

703 2876 802 2922 cla?
834 2867 1115 2932 Ecclesia;
1153 2871 1205 2922 in
1233 2873 1332 2938 quo
1357 2870 1664 2923 testimoniis
1700 2880 1998 2924 sanctorum
2037 2871 2261 2929 Patrum

704 2971 877 3022 omnes
921 2941 1200 3020 insidiosas
1235 2957 1592 3012 cavillationes
1626 2961 1920 3013 earumdem
1959 2961 2264 3014 schismati-

707 3060 886 3097 corum
923 3047 1200 3114 prudenter
1250 3049 1531 3106 annulasse
1571 3051 1791 3103 ridetur.
1831 3050 1932 3104 Sed
1985 3052 2038 3103 in
2071 3053 2264 3104 eisdem

2341 620 2525 676 moniti
2539 620 2855 685 sunt,_etiam
2872 619 3129 673 obsecrati
3150 635 3243 688 pro
3257 619 3578 672 observanda
3604 616 3664 673 S.
3680 618 3842 671 Petro
3857 629 3908 669 et

2339 709 2450 778 ejus
2468 711 2665 764 vicario
2680 710 2990 774 obedientia,
3006 710 3267 762 inbanniti
3291 725 3489 779 quoque
3507 719 3556 763 et
3571 709 3664 762 sub
3691 699 3908 769 obtentu

2339 800 2422 851 sui
2434 800 2589 868 ofﬁcii
2602 812 2718 852 sunt
2732 800 2938 852 astricti
2953 816 3014 852 ne
3026 801 3132 868 regi
3144 798 3592 852 anathematizato
3602 809 3652 852 et
3660 799 3772 867 ejus
3784 815 3912 850 cou-

2339 887 2564 942 siliariis
2616 887 2894 942 nominatis
2931 889 3388 942 connnunicarent.
3427 887 3540 941 Hoc
3563 905 3770 953 norum,
3802 889 3913 940 sies

2343 993 2521 1030 rarum
2542 979 2596 1030 in
2610 995 2775 1050 regem
2792 979 3090 1045 anathema,
3117 989 3292 1036 utrum
3309 996 3374 1034 ex
3388 981 3678 1034 venditione
3701 981 3913 1049 episco-

2340 1069 2543 1137 piorum
2565 1077 2613 1122 et
2633 1069 2984 1134 abbatiarum,
3003 1086 3069 1122 an
3084 1085 3147 1122 ex
3176 1069 3285 1122 alia
3309 1069 3532 1139 infamia
3553 1086 3742 1124 causas
3765 1084 3915 1122 sum-

2339 1163 2498 1229 pserit
2513 1177 2663 1230 penes
2679 1176 2859 1214 earum
2875 1161 3106 1214 conscios
3121 1161 3204 1213 sui
3223 1170 3271 1214 et
3284 1161 3512 1230 judices.
3534 1158 3700 1214 Nobis
3714 1168 3918 1213 senten-

2343 1253 2419 1304 tia
2435 1251 2664 1322 pastoris
2680 1251 2911 1304 timenda
2928 1259 3026 1315 est,
3038 1251 3326 1320 sicejusta,
3338 1252 3444 1308 sire
3459 1251 3686 1320 injusta.
3698 1247 3924 1305 Prttdi-.

2343 1351 2456 1394 ctus
2480 1341 2617 1394 enim
2639 1341 2742 1410 pice
2771 1341 3036 1394 memoriis
3064 1357 3201 1410 papa
3253 1339 3552 1410 Gregorius,
3593 1339 3727 1394 velut
3779 1338 3920 1392 alter

2346 1430 2520 1494 Elias,
2546 1430 2737 1498 spiritu
2770 1429 2868 1482 Dei
2897 1429 3100 1500 plenus,
3136 1439 3183 1482 et
3221 1429 3329 1482 zelo
3347 1429 3576 1498 justitiw
3605 1439 3653 1484 et
3677 1431 3918 1483 ueritatis

2345 1534 2610 1598 accensus,
2663 1519 2954 1572 sacerdotes
3009 1519 3166 1585 Baal,
3195 1511 3316 1572 non
3363 1519 3794 1596 quadringentos,
3824 1519 3926 1573 sed

2345 1611 2553 1680 infinita
2579 1610 2746 1664 millia
2790 1611 3162 1675 trucidaverat,
3197 1613 3342 1682 quia,
3377 1611 3455 1666 vel
3474 1628 3561 1665 eos
3583 1615 3672 1681 qui
3695 1629 3790 1682 per
3824 1609 3921 1664 Si-

2350 1701 2580 1754 maniam
2623 1701 2985 1770 episcopatus,
3032 1701 3299 1767 abbatias,
3349 1703 3747 1772 prwposituras,
3787 1716 3934 1771 prato.

2351 1790 2544 1844 bendas
2581 1790 2659 1843 vel
2714 1789 2961 1844 ecclesias
2987 1791 3338 1857 obtinuerant,
3367 1790 3464 1856 rel,
3509 1791 3602 1860 qui
3644 1791 3700 1842 in
3735 1806 3922 1842 sacer—

2279 1873 2321 1927 B
2346 1882 2490 1935 dotio
2519 1891 2634 1947 _aut
2664 1882 2948 1934 diaconatu
2976 1898 3162 1935 uxores
3189 1882 3499 1946 habuerant,
3525 1881 3624 1947 rel,
3651 1883 3741 1952 qui
3763 1899 3795 1933 α
3829 1879 3924 1935 Si-

2347 1973 2600 2025 moniacis
2645 1972 2725 2024 vel
2769 1971 3117 2025 scltismaticis
3159 1972 3393 2025 ordinati
3431 1972 3679 2041 fuerant,
3738 1970 3927 2041 gladio

2349 2063 2499 2117 Petri
2544 2080 2716 2118 omnes
2741 2063 2901 2117 simul
2926 2073 3273 2118 truncaverat.
3323 2063 3554 2118 Proinde
3588 2065 3808 2118 istorum
3833 2064 3918 2116 in-

2351 2156 2565 2219 stinctu,
2600 2153 2859 2210 Henricus
2896 2156 3180 2224 imperator
3210 2155 3516 2210 Guibertum
3569 2155 3930 2210 Ravennatem

2353 2245 2775 2311 hcrcsiarcltam,
2802 2245 3018 2316 expulso
3038 2249 3261 2318 prtefato
3279 2265 3415 2318 papa
3441 2247 3713 2320 Gregorio,
3743 2249 3930 2303 Roma

2354 2337 2747 2390 int/tronizacit.
2792 2336 3002 2411 Videres
3039 2354 3174 2390 nunc
3216 2337 3514 2391 naviculam
3558 2338 3697 2392 beati
3748 2337 3926 2402 Petri,

2355 2429 2507 2497 quasi
2531 2427 2815 2479 dormiente
2848 2428 3057 2480 interim
3090 2426 3239 2492 Iesu,
3271 2427 3638 2497 propemodum
3674 2427 3840 2496 mergi
3873 2434 3930 2479 et

2358 2528 2720 2587 tempestatum
2747 2518 2973 2588 procella
2998 2520 3196 2585 curari,
3221 2519 3346 2571 dum
3383 2535 3556 2571 omnes
3580 2519 3852 2572 reritalen:
3873 2527 3928 2570 et

2357 2609 2512 2676 ﬁdem
2558 2609 2706 2661 beato
2743 2608 2898 2662 Petro
2938 2619 2986 2662 et
3023 2610 3134 2678 ejus
3172 2610 3369 2662 ricario
3411 2619 3692 2672 seruantes,
3737 2617 3828 2660 aut
3869 2609 3934 2660 in

2359 2699 2526 2751 undas
2553 2701 2734 2751 mortis
2757 2700 2931 2752 dirum
2975 2701 3197 2769 fremens
3222 2718 3282 2754 ac
3314 2702 3512 2769 fervens
3544 2700 3715 2752 salum
3745 2699 3934 2753 trahe-

2360 2788 2468 2851 bat,
2498 2788 2661 2839 autin
2685 2786 2891 2856 longum
2915 2787 3180 2852 exsilium,
3213 2791 3408 2856 patria,
3443 2788 3747 2851 honoribus,
3773 2787 3932 2840 rebus

2359 2888 2588 2932 extorres
2615 2878 2874 2952 jactabat.
2908 2877 3157 2947 Tempora
3193 2881 3442 2931 mmirnm
3469 2888 3590 2931 tunc
3612 2878 3766 2931 ualde
3786 2878 3936 2946 peri-

2360 2969 2539 3022 culosa
2567 2969 2852 3033 instabant,
2901 2983 3038 3031 cum,
3067 2976 3258 3037 pra'ter
3299 2968 3498 3022 Christi
3525 2967 3778 3019 athletam
3829 2984 3933 3019 no-

2361 3067 2528 3110 strum
2559 3057 2829 3110 dominum
2873 3057 3230 3111 Gebehardum
3277 3042 3724 3128 archiepiscopum
3770 3055 3936 3109 Sal:-

708 3134 918 3204 scriptis
945 3139 1105 3190 nimio
1155 3137 1263 3190 zelo
1286 3139 1492 3204 ductus,
1522 3140 1714 3192 alicubi
1759 3141 1967 3193 modum
1989 3142 2265 3194 excessisse
2296 3203 2330 3217 η
2365 3146 2686 3215 bnrgensem,
2718 3145 3057 3198 Altmannum
3106 3144 3490 3212 Patariensem,
3541 3146 3960 3199 Adalberanem-

709 3236 938 3290 notatur,
967 3227 1198 3281 uidelicet
1225 3230 1313 3282 ubi
1350 3231 1459 3298 agit
1503 3232 1566 3284 de
1591 3232 1930 3284 sacramentis
1959 3231 2262 3284 schismati—
2293 3204 2332 3256 (³
2373 3234 2840 3302 l'r'irsburgensem,
2889 3235 3244 3300 llermannum
3283 3237 3578 3302 .lletensem,
3611 3237 3935 3308 Meginwar-

709 3331 907 3368 corum.
949 3315 1116 3386 Negat
1149 3319 1286 3370 enim
1322 3320 1530 3372 omnino
1573 3321 1634 3371 ab
1667 3321 1741 3372 eis
1765 3329 1813 3372 et
1841 3319 1903 3372 ab
1931 3336 2268 3372 eorum'com-

709 3408 1124 3461 municatoribus
1153 3419 1482 3462 sacramenta
1502 3427 1648 3479 posse
1671 3411 1874 3478 confici,
1901 3412 1976 3462 ita
1999 3421 2054 3463 ut
2069 3411 2132 3463 ab
2152 3411 2262 3464 illis

709 3496 998 3561 ordinatos,
1035 3499 1083 3550 si
1118 3501 1442 3568 resipiscant,
1467 3503 1654 3552 iterum
1690 3500 2008 3558 ordinandos
2037 3511 2260 3554 censeat.

711 3583 968 3638 Ceterum
999 3588 1050 3638 si
1091 3589 1206 3655 quis
1244 3589 1351 3641 haec
1379 3589 1581 3656 plenius
1610 3605 1757 3640 nosse
1797 3588 2079 3653 desiderat,
2131 3591 2266 3642 scri-

711 3682 858 3743 ptum
907 3675 1182 3742 cujusdam
1222 3676 1292 3728 ad
1340 3677 1573 3730 eumdem
1619 3677 1966 3741 Bernardum,
1995 3678 2058 3729 de
2086 3679 2265 3730 eadem

709 3764 992 3830 quastione
1037 3764 1310 3831 directum,
1346 3755 1740 3836 diligentissime
1788 3766 2054 3836 perlegat;
2090 3767 2142 3819 in
2167 3782 2268 3836 quo

711 3853 1020 3906 testimoniis
1075 3865 1374 3908 sanctorum
1401 3854 1624 3908 Patrum
1656 3856 2037 3909 euidentissime
2057 3855 2266 3912 docebi-

713 3949 801 3994 tur
829 3943 953 4010 quid
980 3940 1078 3996 SS.
1109 3941 1292 3996 Patres
1319 3944 1380 3996 de
1401 3943 1497 3997 illa
1517 3946 1799 4013 qurestione
1831 3946 2122 3998 censuerint
2153 3962 2268 3999 sen-

680 4030 964 4085 'tiendum.
1001 4032 1208 4099 Verum,
1237 4035 1373 4087 idem
1394 4035 1701 4088 venerabilis
1735 4035 2033 4089 Bernardns
2057 4038 2110 4090 in
2140 4039 2266 4102 ista,

709 4123 846 4176 sicut
883 4132 931 4176 et
982 4124 1045 4176 Β.
1086 4123 1380 4194 Cyprianus
1429 4128 1484 4191 in
1531 4127 1959 4197 rebaptizationis
1991 4133 2268 4195 sententia,
2327 4115 2333 4122 ⁸

711 4210 814 4265 non
840 4216 1174 4281 pertinaciter
1219 4229 1398 4271 contra
1435 4217 1726 4272 Ecclesiam
1770 4233 2002 4291 egerunt,
2058 4225 2147 4277 sed
2181 4234 2267 4276 utv-

715 4315 931 4368 cunque,
979 4303 1197 4355 nimium
1252 4314 1434 4357 contra
1477 4307 1835 4364 schismaticos
1881 4311 2128 4377 zelantes,
2163 4313 2270 4366 ali-

715 4388 1028 4458 quantulum
1054 4390 1284 4459 regulum
1317 4392 1724 4448 ecclesiasticam
1751 4409 2096 4463 excesserunt.

785 4476 1119 4538 Bcrnardum
1155 4479 1300 4534 hunc
1329 4479 1403 4534 ita
1436 4480 1674 4536 sensisse
1708 4485 1840 4539 satis
1873 4485 2043 4565 lignet
2063 4504 2128 4543 ex
2152 4490 2269 4559 epi-

716 4570 856 4625 stola
875 4570 994 4638 ejns
1015 4570 1080 4624 ad
1103 4569 1422 4624 Bernaldum
1451 4568 1942 4640 Constantieusem,
1982 4593 2145 4646 quam
2181 4568 2267 4634 in-

716 4660 800 4716 ira
846 4660 986 4714 inter
1036 4661 1295 4729 opuscula
1336 4659 1582 4714 Bernaldi
1626 4662 1880 4732 reperies,
1907 4671 1961 4718 et
1993 4679 2060 4718 ex
2093 4667 2270 4734 primo

716 4759 951 4807 tractatu
987 4749 1236 4804 Bernaldi
1275 4748 1348 4804 De
1390 4752 1744 4806 sacramentis
1772 4737 2269 4810 excommUnicato-

719 4838 860 4908 mm,
883 4857 1043 4912 quem
1072 4848 1260 4912 rogatu
1275 4839 1556 4908 Bernardi,
1578 4839 1921 4899 Corbeiensis
1941 4852 2128 4912 postea
2151 4860 2241 4900 mo
2259 4871 2274 4888 ε

720 4930 902 4994 nachi,
936 4931 1303 5000 composuisse
1344 4932 1574 4998 videtur,
1603 4933 1670 4988 de
1701 4933 1989 5003 quoplura
2022 4933 2269 4990 inferius.

789 5016 908 5073 XX.
937 5019 1284 5083 Gebehardns
1312 5025 1766 5096 archiepiscopus
1786 5003 1803 5024 ’
1819 5024 2272 5097 Salisbnrgensis,

721 5107 789 5164 de
807 5121 917 5177 quo
938 5106 1237 5174 Bertoldus,
1255 5104 1399 5166 anno
1423 5111 1559 5168 1088
1583 5133 1595 5167 :
1623 5111 1955 5170 Gebehardus
1972 5117 2276 5171 veneranda:
2335 5118 2341 5125 ’

722 5205 988 5258 memoria
1011 5201 1336 5258 Juuaviensis
1358 5197 1794 5279 archiepiscopus,
1824 5213 1880 5264 in
1900 5227 2061 5266 causa
2086 5210 2142 5266 8.
2173 5211 2276 5266 Pe-

726 5297 796 5348 tri
817 5297 1131 5364 praecipuus,
1155 5295 1249 5364 qui
1264 5294 1624 5350 schismatic‘os
1645 5297 1847 5364 publice
1873 5300 2030 5354 dictis
2059 5311 2107 5354 et
2137 5302 2273 5356 scri-

710 5385 830 5464 lptis
854 5387 1126 5457 confutare
1165 5386 1447 5450 consueuit,
1470 5385 1650 5462 dghac
1679 5385 1792 5439 luce
1809 5378 2108 5448 subtractus
2142 5404 2274 5446 xvm

729 5471 981 5542 Kalend.,
1009 5505 1080 5516 —
1103 5491 1350 5545 magnum
1377 5467 1644 5528 maerorem
1674 5473 1950 5528 catholicis
1980 5475 2276 5546 dereliquit.

731 5569 737 5575 '
795 5565 934 5621 XXI.
987 5566 1210 5632 Auctor,
1235 5567 1330 5643 qui
1364 5561 1540 5620 Vitam
1583 5564 1639 5619 S.
1688 5565 1989 5621 Gebehardi
2042 5566 2280 5635 scripsit,

733 5660 880 5708 tomo
923 5653 989 5708 VI
1031 5653 1280 5726 Antiqua:
1315 5655 1586 5712 Lectionis
1636 5673 1648 5708 :
1693 5655 1822 5710 Post
1874 5656 2073 5728 aliquot
2119 5672 2280 5711 annos

730 5744 1208 5804 excommunicatur
1230 5750 1318 5799 rex
1351 5745 1607 5802 Henricus
1646 5749 1697 5800 in
1719 5748 1914 5817 synodo
1950 5737 2208 5814 Romana,
2236 5755 2284 5799 et

2366 3326 2491 3379 dum
2528 3325 2934 3395 Frisingensem,
2964 3338 3154 3396 prwter
3175 3329 3266 3381 ltus
3303 3329 3437 3381 solos
3461 3331 3704 3398 quinque,
3734 3331 3786 3382 in
3823 3339 3935 3382 toto

2364 3436 2518 3491 regno
2545 3419 2822 3474 Teutonico
2844 3423 3108 3491 episcopus
3144 3422 3430 3475 catholicus
3462 3423 3682 3475 inreuiri
3708 3436 3811 3474 non
3831 3437 3932 3489 po-

2364 3519 2517 3566 terat.
2546 3510 2626 3563 Ea
2659 3512 2823 3580 igitur
2853 3521 3151 3580 tempestate
3185 3515 3283 3573 iste
3310 3522 3484 3568 noster
3523 3513 3791 3578 dominus,
3825 3527 3936 3564 sa!-

2364 3600 2570 3673 pefatus
2608 3601 3023 3668 archiepiscopus
3070 3601 3240 3668 ﬁdelis
3288 3601 3538 3658 Romana:
3581 3600 3854 3663 Ecclesice,
3879 3609 3936 3652 et

2366 3691 2600 3742 veritatis
2647 3689 2920 3742 catholica:
2961 3699 3325 3760 prapugnator
3348 3689 3627 3751 eminebat,
3651 3689 3767 3758 qui,
3795 3687 3937 3740 velut

2367 3779 2503 3831 alter
2527 3777 2858 3831 Macltabteus
2880 3777 3046 3834 lorica
3071 3778 3196 3845 fidei
3221 3794 3273 3830 se
3294 3778 3646 3846 succinxerat,
3673 3787 3723 3828 et
3741 3776 3942 3846 gladio

2369 3869 2507 3926 rerbi
2555 3869 2637 3924 sui
2682 3877 2856 3925 castra
2895 3866 3145 3926 Ecclesiae
3189 3868 3242 3919 in
3293 3853 3401 3919 toto
3433 3883 3587 3939 regno
3642 3863 3936 3919 Teutonico

2367 3961 2681 4029 protegebat.
3721 4018 3729 4023 _

2437 4049 2598 4103 XXII.
2641 4049 2984 4118 Micrologns,
3023 4066 3115 4103 seu
3153 4049 3347 4114 Guido,
3389 4050 3644 4104 Art-tinus
3677 4065 3799 4119 cap.
3843 4049 3934 4109 Ii,

2369 4139 2461 4193 lib.
2505 4137 2580 4192 De
2613 4139 2800 4193 otliciis
2833 4138 3212 4193 ecclesiasticis
3248 4159 3259 4192 :
3296 4137 3417 4193 Sedi
3453 4138 3724 4203 Romanar,
3753 4147 3938 4192 nostro

2371 4235 2594 4295 tempore
2617 4225 2771 4280 talem
2800 4226 2936 4280 Deus
2979 4228 3390 4298 gubernatorem,
3430 4226 3720 4279 reverendte
3745 4243 3948 4285 memo—.

2371 4318 2466 4371 rice
2501 4315 2804 4387 Gregorium
2841 4307 3039 4387 papam'
3059 4320 3340 4387 imposuit;
3373 4319 3462 4388 qui
3487 4318 3581 4370 sub
3607 4317 3786 4369 decem
3821 4318 3938 4370 suis

2373 4408 2780 4461 antecessoribus
2831 4425 2862 4460 a
2900 4425 3058 4478 puero
3107 4393 3285 4462 Romae
3316 4409 3542 4460 nutritus
3587 4416 3638 4459 et
3670 4407 3944 4476 eruditus,

2375 4515 2548 4553 onmes
2578 4497 2892 4568 apostolicus
2925 4499 3232 4552 traditiones
3275 4499 3674 4569 diligentissime
3717 4500 3940 4552 inresti-

2371 4589 2534 4668 garit,
2565 4599 2611 4641 et
2643 4590 2980 4659 investigatas
3012 4590 3395 4644 studiosissime
3429 4590 3483 4642 in
3518 4600 3696 4642 actum
3742 4591 3942 4660 referre

2372 4681 2592 4732 curarit.
2626 4677 2778 4745 Hunc
2800 4695 2921 4749 ergo
2943 4679 3227 4746 doctorem,
3255 4680 3502 4750 religione
3545 4688 3594 4733 et
3619 4683 3942 4747 auctoritate

2373 4772 2714 4838 prccipuum,
2763 4771 2868 4824 imo
2891 4771 3234 4839 apostolicam
3281 4771 3616 4825 traditionem
3639 4787 3734 4839 per
3766 4772 3941 4840 ipsum

2378 4857 2433 4909 in
2467 4859 2830 4917 consecrandis
2864 4859 3125 4928 mysteriis
3155 4860 3482 4928 potissimum
3522 4859 3728 4920 imitari
3756 4858 3939 4910 decre-

2380 4948 2568 5020 vimus,
2622 4948 2731 5013 etc.
2777 4935 3081 5014 Reseranda:
3146 4946 3412 5003 memorie
3461 4943 3744 5000 Greaorius
3799 4961 3939 5013 papa

2379 5034 2522 5103 fecit,
2546 5044 2648 5090 etc.
2669 5053 2676 5057 ι
2866 5037 2869 5039 ’
2949 5030 2952 5034 ί
3600 5091 3610 5098 _

2446 5122 2631 5178 XXIII.
2683 5123 2944 5178 Domnizo
2995 5123 3273 5194 presbyter
3313 5119 3623 5193 ququitam
3663 5114 3938 5176 MathiIJis

2378 5213 2625 5268 versibus
2669 5212 2972 5283 descripsit.
3030 5211 3089 5267 In
3145 5229 3252 5284 qua
3307 5208 3680 5268 lucubratione
3721 5219 3940 5266 exstant

2378 5303 2531 5368 varia
2555 5303 2798 5374 Gregorii
2824 5302 2914 5355 VII
2939 5311 2994 5358 et
3008 5302 3246 5359 Anselmi
3277 5298 3748 5371 Lucensiselogia.
3773 5301 3940 5357 Multa

2379 5411 2446 5450 ex
2475 5394 2594 5464 ejus
2621 5394 2762 5449 libro
2794 5393 3052 5460 describit
3097 5391 3395 5462 Baconins,
3423 5399 3572 5456 torno
3604 5388 3698 5457 XI,
3731 5390 3939 5461 passim

2382 5485 2434 5538 in
2461 5483 2618 5539 annis
2637 5483 2984 5554 pontiﬁcatus
3011 5479 3254 5551 Gregorii
3279 5477 3389 5532 VII.

2449 5571 2638 5627 XXIV.
2698 5571 2820 5627 Leo
2854 5566 3135 5640 Ostiensis
3193 5572 3246 5625 in
3298 5559 3586 5638 Chronico
3619 5571 3942 5630 CaSsinensi

2383 5661 2476 5717 lib.
2499 5679 2582 5727 ut,
2604 5678 2724 5733 cap.
2743 5663 2847 5716 θὲς
2874 5661 3022 5714 Anno
3044 5660 3334 5715 Dominicis
3358 5660 3753 5719 Incarnationis
3776 5659 3939 5735 1085.

2389 5750 2670 5803 indictione
2709 5759 2913 5816 actura,
2946 5768 3060 5804 cum
3115 5752 3414 5806 venerabilis
3463 5767 3759 5824 semperque
3795 5755 3944 5805 rem:
