4098 6356
303 404 402 459 213

1042 395 1568 458 PROLEGOMENA.
1628 359 1703 437 ὲ-
1738 389 2076 448 ΑιιοωςιΑ
2113 387 2250 443 vna
2284 386 2631 443 cnnaoma
2675 385 2781 440 vn.

3439 384 3543 432 2H

302 515 467 571 tendis
500 515 775 570 memorice
811 513 1098 586 Gregorius
1117 531 1253 586 papa
1297 511 1402 568 VH
1440 511 1647 567 Salerni
1689 524 1876 579 magna
1908 510 1952 565 Α
1976 505 2257 576 dignitatis
2292 504 2461 557 virum
2490 517 2592 554 non
2617 497 2825 552 decebat
2855 496 2930 549 ire
2962 493 3129 586 solum
3157 494 3238 586 ad,
3260 485 3543 586 infernum,

304 608 355 658 ri
378 607 542 660 morbi
573 615 928 675 premeretur,
974 616 1097 660 ante
1143 606 1351 659 tertium
1392 605 1477 658 sui
1504 605 1673 671 oblitus
1719 603 1878 668 diem,

307 705 519 765 rogatus
552 699 619 748 ab
648 698 910 766 episcopis
944 705 995 750 et
1032 695 1416 760 cardinalibus,
1466 696 1554 764 qui
1587 694 1719 764 forte
1763 704 1884 745 tunc

303 785 528 839 aderant
577 803 685 839 una
729 802 850 838 cum
887 785 1180 851 Desideria,
1211 784 1337 855 quid
1380 783 1444 837 de
1473 783 1723 836 [latitante
1746 782 1882 835 sedis

302 886 419 947 post
449 878 652 931 obitum
691 895 848 932 suum
898 877 1230 932 ordinatione
1264 876 1491 946 juberet,
1523 876 1762 929 hortatus
1805 885 1883 928 est

304 977 384 1034 ut,
411 970 464 1022 si
507 985 609 1039 qua
638 978 794 1038 pacta
828 976 1056 1038 possent,
1093 969 1264 1036 ipsum
1299 965 1630 1020 Desiderium
1674 964 1882 1034 pontiﬁ-

304 1075 417 1114 cem
445 1061 697 1128 facerent,
724 1068 830 1113 etc.

371 1145 575 1203 Narrat
609 1149 752 1202 idem
795 1146 903 1202 Leo
942 1147 1128 1201 eodem
1173 1145 1269 1200 lib.
1297 1161 1379 1210 ιιι,
1412 1159 1532 1214 cap.
1571 1143 1660 1207 εδ,
1703 1141 1878 1197 visum

304 1239 584 1310 quoddam
629 1238 852 1293 caeleste
881 1236 1147 1291 columba:
1184 1235 1375 1300 niveae,
1420 1249 1583 1302 super
1620 1231 1879 1302 Gregorio

304 1327 625 1393 residentis,
667 1341 792 1381 cum
829 1341 986 1380 sacra
1012 1325 1306 1380 missarum
1345 1321 1611 1378 solemnia
1643 1320 1880 1376 celebra-

306 1427 425 1484 ret;
450 1419 595 1488 quod
626 1418 824 1482 visum,
857 1432 1001 1481 cum,
1043 1417 1134 1491 qui
1179 1415 1330 1479 vidit,
1372 1414 1626 1484 evulgare
1657 1421 1882 1468 cuncta-

305 1516 482 1573 retur,
540 1507 629 1562 bis
675 1505 856 1561 verbis
903 1504 1165 1559 divinitus
1208 1501 1512 1572 patefacere
1536 1503 1726 1572 jussus
1759 1509 1877 1556 est:

319 1594 464 1649 Vade
487 1595 747 1662 celeriter,
779 1604 828 1648 et
872 1594 969 1648 hoc
996 1595 1167 1664 ipsum
1190 1593 1408 1648 auribus
1441 1608 1592 1663 papce
1615 1593 1878 1658 intimata,

302 1695 362 1739 ut
384 1693 692 1738 constanter
724 1685 896 1754 vigore
919 1685 1091 1738 sancti
1120 1681 1352 1752 Spiritus
1383 1681 1519 1752 quod
1555 1681 1707 1750 coepit
1736 1695 1882 1734 exse—

303 1785 522 1844 quatur.

1987 595 2363 666 quinquaginta
2391 593 2548 662 (sicut
2582 587 2898 658 audivimus)
2920 585 2983 638 de
3012 583 3122 638 suis
3152 582 3331 636 habuit
3355 581 3544 668 socias,

1984 685 2162 737 cadem
2188 691 2352 735 marte
2389 680 2653 750 repentina
2676 684 2956 744 correptos,
2992 688 3054 725 ne
3082 687 3208 740 quos
3237 669 3458 742 habebat
3495 669 3547 720 in

1979 776 2258 845 iniquitate
2280 751 2563 838 consortes,
2591 772 2643 823 in
2681 768 3018 845 retributione
3065 781 3163 817 nan
3194 763 3402 830 haberet
3425 777 3549 830 par-

1983 843 2180 936 nespas.
2201 861 2206 872 "
2800 843 2809 852 ’
3177 856 3179 858 ·

2055 955 2168 1010 Uda
2205 955 2518 1009 Trevirensis
2542 951 2992 1020 archiepiscopus,
3031 947 3171 1002 omni
3209 946 3400 1016 pietate
3437 942 3549 1016 ple-

1980 1062 2096 1110 nus,
2133 1045 2256 1097 dum
2305 1043 2460 1096 nimis
2495 1049 2797 1094 mansuetus
2833 1037 3100 1108 tyrannidi
3135 1052 3237 1089 non
3279 1033 3546 1113 resistens,

1982 1133 2211 1188 Henrico
2244 1133 2360 1202 plus
2388 1147 2544 1202 quam
2589 1120 2798 1183 decebat
2826 1127 3145 1196 obsequitur,
3169 1125 3282 1193 ejus
3305 1124 3549 1192 ﬂamntco

1979 1223 2148 1292 furari
2183 1238 2292 1276 suae
2321 1220 2672 1275 consensionis
2703 1217 2872 1271 oleum
2906 1215 3193 1278 ministrat,
3221 1223 3269 1266 et
3297 1222 3352 1266 ut
3383 1210 3550 1273 eccle-

1945 1313 2072 1368 -si¢e
2109 1312 2475 1382 depraadentur
2517 1310 2784 1363 licentiam
2827 1306 3007 1371 donat,
3057 1321 3178 1358 mox
3214 1305 3268 1358 in
3312 1295 3549 1356 crastina

1979 1419 2130 1455 mane
2161 1412 2396 1455 mortuus
2428 1403 2706 1464 invenitur,
2734 1407 2789 1451 ut
2813 1396 3050 1450 omnibus
3084 1403 3258 1464 aperte
3284 1382 3549 1455 constaret

1980 1492 2095 1546 ideo
2128 1490 2223 1544 tali
2247 1507 2363 1544 eum
2386 1499 2550 1544 marte
2580 1489 2767 1542 abiisse
2790 1485 2927 1557 quod
2952 1486 3006 1537 in
3040 1483 3376 1537 ecclesiarum
3408 1497 3545 1551 prcr-

1980 1583 2192 1637 datiane
2227 1598 2331 1635 non
2369 1583 2543 1634 timuit
2573 1592 2842 1635 assensum
2867 1578 3112 1648 prwberc.

2053 1671 2126 1727 De
2163 1671 2384 1742 Eppone
2416 1668 2676 1724 Citizensi
2709 1669 2985 1738 episcom,
3020 1667 3087 1721 de
3118 1681 3228 1736 quo
3266 1665 3354 1718 hic
3381 1662 3542 1718 etiam

1983 1762 2186 1828 Bruno,
2213 1777 2374 1832 supra
2397 1762 2509 1831 jam
2532 1761 2770 1816 diximus
2795 1779 2807 1813 :
2840 1757 3156 1827 Godefridus
3183 1758 3310 1820 dux,
3335 1756 3421 1826 qui
3444 1755 3544 1825 fuit

373 1863 544 1918 XXV.
583 1862 728 1919 Otho
771 1863 1154 1936 Fﬁsingensis,
1201 1865 1293 1920 lib,
1323 1880 1374 1918 γι
1406 1883 1418 1918 ε
1456 1864 1607 1917 Amm
1641 1864 1878 1934 “quem;
1910 1847 1953 1902 Β
1981 1854 2244 1906 maximus
2281 1853 2443 1905 hastis
2473 1849 2736 1915 Saxoniae,
2762 1848 2915 1918 periit
2947 1848 3001 1900 in
3023 1847 3289 1899 secretiori
3314 1846 3546 1914 corporis

304 1941 612 2010 Alexander
641 1956 748 2009 vita
776 1964 826 2009 et
856 1956 1149 2009 sacerdotio
1193 1955 1496 2024 perfunctus
1538 1954 1776 2018 decessit,
1803 1969 1880 2006 se-

302 2041 522 2112 demque
558 2042 885 2116 Hiltpranda
920 2043 1291 2096 archidiacono
1318 2059 1433 2106 sua,
1475 2043 1564 2112 qui
1597 2040 1875 2111 Gregorius

313 2130 428 2186 VII
450 2135 626 2187 dictus
651 2144 749 2199 est,
767 2133 996 2204 reliquit.
1015 2133 1222 2187 Exhinc
1236 2132 1463 2187 schisma
1485 2133 1874 2203 gravissimum,

299 2237 362 2275 ea
388 2222 528 2291 quod
565 2222 759 2292 absque
793 2238 1044 2276 consensu
1085 2223 1222 2293 regis
1272 2239 1364 2293 per
1405 2222 1707 2276 electionem
1749 2236 1874 2273 can-

301 2313 523 2366 stitutus
568 2314 765 2382 fuerat,
819 2315 1008 2367 oritur.
1061 2312 1180 2383 Ipse
1229 2325 1424 2379 autem,
1473 2314 1562 2385 qui
1607 2330 1700 2383 per
1740 2313 1877 2366 mul-

306 2416 416 2457 tum
485 2406 732 2473 temporis
788 2404 857 2457 ad
906 2404 1198 2458 libertatem
1234 2403 1487 2458 Ecclesia:
1541 2403 1876 2457 obtinendam

303 2496 542 2564 privatus
592 2496 942 2560 laboraverat,
977 2494 1094 2564 jam
1136 2495 1204 2547 ad
1233 2494 1872 2562 saccrdotalemdignita-

306 2593 406 2637 tem
461 2594 763 2652 provectus,
811 2601 842 2636 α
889 2592 1052 2652 empto
1083 2583 1330 2636 desistere
1364 2582 1634 2652 indignant
1660 2581 1871 2645 ducens,

305 2685 412 2725 tam
437 2674 500 2726 ab
535 2673 634 2726 hac
659 2689 819 2742 quam
853 2689 944 2742 pro
972 2671 1210 2727 Simonia
1233 2672 1573 2742 exstirpanda
1606 2688 1667 2723 ac
1692 2673 1874 2723 incan-

307 2764 446 2816 tinen
476 2763 530 2815 ia
569 2763 887 2816 clericorum
929 2763 1277 2832 reprimenda,
1319 2763 1607 2832 plurimum
1645 2762 1874 2815 desuda-

305 2852 414 2914 bat,
465 2851 701 2922 Denique
731 2857 832 2905 non
856 2853 1023 2905 solum
1059 2870 1226 2923 regem
1271 2869 1365 2923 pro
1400 2853 1657 2921 ejusmodi
1686 2853 1755 2904 ad
1785 2868 1875 2919 sy-

306 2943 524 2995 nodalia
569 2959 816 3012 responsa
850 2943 1027 2995 crebra
1056 2943 1274 3005 vocavit,
1319 2941 1409 2993 sed
1439 2949 1488 2992 et
1522 2941 1663 2992 datis
1694 2939 1873 2992 decre-

306 3027 402 3098 tis,’
425 3032 762 3095 clericorum,
793 3050 823 3084 a
857 3033 1236 3085 subdiacanatu
1258 3041 1305 3083 et
1333 3047 1512 3100 supra,
1539 3031 1795 3083 connubia
1820 3031 1876 3083 in

305 3132 414 3176 toto
447 3123 571 3176 orbe
620 3122 856 3176 Romano
886 3123 1137 3188 cohibuit,
1168 3124 1438 3193 formaque
1465 3124 1633 3193 gregis
1679 3123 1872 3191 factus,

1976 1951 2125 2012 parte
2165 1943 2428 2012 perfossus
2468 1957 2601 1996 stevo
2641 1954 2913 2002 mucrone,
2946 1953 3035 1990 nec
3070 1944 3322 2005 purgatus
3358 1935 3546 1988 ultima

1977 2032 2322 2101 confessione,
2357 2048 2446 2085 nec
2476 2032 2710 2084 munitus
2741 2045 2898 2082 sacra
2931 2027 3306 2080 communione.

2049 2136 2402 2209 chebaldus,
2449 2143 2574 2195 dum
2609 2157 2738 2211 equa
2771 2155 2865 2193 sua
2896 2140 3094 2192 naviter
3139 2137 3333 2206 ferrato
3366 2135 3546 2205 pedem

1975 2235 2311 2304 posteriorem
2333 2234 2546 2298 levaret,
2568 2241 2622 2286 ut
2646 2248 2714 2285 an
2735 2240 2853 2301 apte
2877 2230 3073 2300 ferrum
3095 2237 3224 2282 esset
3248 2227 3550 2295 impositum

1977 2325 2310 2393 perspiceret,
2354 2324 2418 2375 ab
2455 2324 2566 2391 ipso
2610 2321 2736 2391 pede
2769 2322 2824 2373 in
2864 2318 3034 2388 fronte
3059 2318 3353 2393 percutitur
3385 2323 3433 2369 et
3471 2315 3549 2366 sic

1977 2391 2042 2463 ab
2068 2391 2166 2463 hac
2194 2413 2300 2464 vita
2326 2409 2669 2462 abstrahitur.
3267 2391 3269 2393 1

2049 2501 2386 2555 Burchardus
2419 2499 2698 2553 Misnensis
2728 2497 3028 2566 prrefectus,
3065 2495 3189 2546 dum
3228 2495 3283 2545 in
3316 2492 3543 2561 quadam

1976 2611 2093 2657 sua,
2119 2595 2205 2646 cui
2235 2606 2477 2661 prceerat,
2504 2591 2628 2643 u'rbe
2663 2581 2725 2643 ab
2751 2589 2964 2642 urbanis
2999 2586 3287 2650 invaditur,
3311 2600 3438 2652 equo
3461 2582 3546 2636 cui

1977 2683 2234 2736 insidebat
2277 2682 2476 2750 frustra
2514 2679 2811 2734 calcaribus
2847 2677 3140 2741 vulnerata,
3185 2675 3359 2744 fugere
3394 2671 3549 2725 moli-

1980 2782 2094 2836 tur;
2115 2774 2204 2842 qui
2225 2789 2380 2842 equus
2402 2787 2536 2840 sa'pe
2557 2771 2704 2839 prius
2727 2769 2788 2822 de
2811 2767 3079 2821 velocitate
3103 2766 3372 2828 laudatus,
3399 2767 3549 2814 modo

1978 2877 2095 2913 cmn
2132 2863 2361 2914 maxime
2398 2861 2628 2912 maximo
2665 2873 2819 2909 cursu
2859 2872 2986 2923 opus
3024 2857 3164 2918 erat;
3197 2855 3256 2921 [it
3292 2853 3550 2905 stationa-

1981 2951 2114 3014 rius,
2145 2949 2296 3017 quasi
2335 2949 2524 3000 diceret
2551 2961 2568 2997 :
2605 2943 2735 2996 Mihi
2761 2959 2862 2995 non
2893 2943 3010 2994 licet
3034 2957 3151 3006 eum
3196 2956 3330 2992 nunc
3355 2957 3384 2990 a
3409 2939 3546 2990 vobis

1981 3041 2179 3108 eripere
2202 3038 2310 3107 qui,
2335 3036 2458 3089 dum
2486 3035 2584 3088 sibi
2611 3033 2781 3096 licuit,
2810 3031 3013 3084 nolebat
3041 3046 3093 3083 se
3128 3030 3402 3098 corrigere.
3435 3028 3548 3080 Mo-

1985 3130 2124 3181 ritur
2167 3143 2286 3196 ergo
2327 3141 2445 3178 cum
2488 3138 2676 3192 magna
2717 3123 2907 3173 animae
2955 3135 3062 3172 sua:
3107 3116 3367 3188 periculo,
3411 3124 3545 3185 quod

301 3215 442 3282 quod
490 3214 643 3268 verba
679 3216 857 3268 docuit
901 3216 1134 3286 exempla
1176 3215 1571 3280 demonstravit,
1629 3233 1691 3268 ac
1723 3216 1878 3283 fartis
1908 3196 1948 3251 (δ
1983 3237 2117 3288 serpe
2158 3232 2461 3272 consensum
2494 3214 2712 3284 prcebuit
2757 3211 3049 3282 periculosa
3093 3209 3368 3264 srevtssimi
3417 3209 3546 3277 regis

303 3319 395 3372 per
422 3306 606 3358 omnia
627 3303 846 3370 athleta,
863 3321 1068 3356 murum
1089 3321 1143 3357 se
1166 3319 1261 3372 pro
1283 3304 1435 3355 doma
1454 3303 1665 3355 Domini
1696 3318 1883 3370 ponere

301 3409 406 3446 non
445 3393 649 3457 timuit,
675 3402 781 3446 etc.

370 3477 517 3533 Idem
555 3476 738 3533 Otho:
779 3477 1074 3532 Prcedictus
1107 3479 1344 3548 pontifex
1379 3477 1659 3548 Gregorius
1694 3496 1726 3531 a
1766 3495 1881 3550 rege

303 3569 431 3623 urbe
465 3567 707 3638 pellitur,
750 3566 1127 3639 Guibertusque
1167 3569 1574 3624 Ravennatensis
1615 3571 1883 3645 episcgpus

303 3662 360 3713 in
388 3658 567 3712 locum
589 3659 702 3727 ejus
733 3659 1081 3712 subtruditur.
1127 3657 1296 3711 Porro
1329 3657 1630 3728 Gregorius,
1676 3657 1883 3710 Salerni

304 3767 555 3816 manens,
606 3740 1056 3819 appropinquante
1115 3749 1403 3802 vocationis
1452 3765 1563 3802 sua:
1628 3758 1883 3818 tempore,

300 3842 506 3894 dixisse
538 3840 711 3910 fertur
733 3855 752 3892 :
785 3839 961 3895 Dilexi
977 3841 1272 3911 justitiam,
1294 3852 1343 3896 et
1367 3843 1507 3896 odivi
1533 3843 1883 3912 iniquitatem,

302 3932 584 3998 propterea
606 3930 806 3984 morior
824 3930 878 3982 in
897 3930 1108 3984 exsilia.
1135 3930 1275 3996 Quia
1298 3948 1418 4001 ergo
1455 3932 1508 3983 in
1532 3931 1770 4000 principe
1789 3946 1884 3982 sus

306 4035 549 4091 regnum,
594 4021 661 4074 ab
699 4019 940 4074 Ecclesia
980 4023 1278 4090 praecisum,
1319 4021 1548 4090 graviter
1583 4036 1883 4090 percussum

305 4110 434 4182 fuit,
476 4107 718 4164 Ecclesia
751 4126 952 4181 quoque
979 4119 1127 4164 tanta
1152 4121 1381 4180 pastore,
1418 4111 1507 4182 qui
1546 4113 1684 4166 inter
1711 4128 1885 4167 omnes

303 4201 608 4256 sacerdotes
639 4209 688 4253 et
712 4199 973 4255 Romanos
1000 4204 1270 4272 pontiﬁces
1293 4205 1548 4272 prwcipui
1581 4203 1679 4258 zeli
1700 4221 1762 4257 ac
1786 4221 1885 4258 au-

307 4292 582 4347 ctoritatis
611 4301 745 4358 erat,
763 4292 981 4360 orbata,
1007 4293 1240 4348 dolorem
1264 4311 1365 4348 non
1396 4295 1656 4346 modicum
1677 4294 1879 4346 habuit.

379 4382 531 4437 Idem
567 4381 661 4452 lib.
686 4399 782 4449 vn,
806 4398 924 4453 cap.
953 4384 977 4438 l
1003 4403 1016 4438 :
1046 4383 1306 4454 Defuncto
1341 4381 1548 4437 Salerni
1583 4383 1746 4436 beatte
1770 4398 1886 4457 .mc-

308 4473 497 4528 maria:
527 4489 732 4526 summa
760 4473 1006 4542 pontifice
1031 4470 1300 4542 Gregorio,
1322 4481 1426 4527 etc.
1773 4480 1775 4482 ’

1985 3308 2225 3361 consilio.
2683 3351 2691 3355 .

2054 3395 2340 3464 Luipoldus
2381 3394 2550 3461 frater
2587 3390 2892 3450 Berthaldi,
2933 3389 3066 3457 rcgis
3111 3385 3424 3448 consiliarii,
3458 3401 3546 3452 qui

1981 3494 2028 3539 et
2061 3486 2166 3555 ipse
2200 3484 2311 3552 ejus
2338 3481 2673 3536 consiliarius
2703 3489 2837 3545 erat,
2873 3480 2997 3532 dum
3029 3477 3253 3547 quadam
3284 3475 3366 3528 die
3382 3475 3545 3544 juxta

1986 3594 2151 3646 regem
2182 3576 2419 3645 cquitans
2451 3589 2568 3626 cum
2601 3589 2659 3625 co
2683 3570 2935 3642 quaslibet
2981 3585 3238 3624 sermones
3271 3568 3546 3636 conferret,

1984 3670 2260 3736 accipiter,
2314 3683 2463 3736 quem
2504 3665 3046 3734 sinistraportabat,
3105 3662 3322 3716 volitare
3374 3663 3552 3732 carpit,

1983 3759 2136 3827 quasi
2173 3766 2446 3824 capturum
2480 3763 2702 3823 peteret:
2747 3753 2838 3806 ille
2871 3768 2988 3805 vero
3022 3761 3136 3820 post
3169 3768 3310 3805 avent
3341 3769 3558 3820 partem-

1983 3864 2074 3917 per
2100 3863 2155 3917 se
2197 3845 2478 3909 inclinans,
2533 3844 2597 3896 ab
2641 3860 2770 3913 equo
2812 3845 2984 3913 gravis
3022 3843 3238 3905 cecidit;
3269 3855 3316 3897 et
3360 3860 3556 3912 ensem,

1982 3952 2084 4007 qua
2107 3937 2309 3988 cinctus
2331 3943 2466 3998 erat,
2487 3951 2514 3987 e
2536 3933 2723 4003 vagina
2746 3933 2953 4002 lapsum
2970 3932 3156 4002 capulo
3183 3942 3338 3989 terra:
3359 3936 3558 4004 deﬁxo,

1984 4029 2039 4079 in
2069 4035 2271 4096 pectore
2313 4024 2482 4077 medio
2523 4025 2733 4093 recepit,
2776 4032 2827 4076 et
2861 4024 2951 4092 qui
2992 4039 3126 4091 stupe
3167 4028 3317 4091 pravi
3351 4024 3559 4076 consilii

1986 4135 2196 4174 consors
2229 4117 2306 4172 vel
2341 4125 2524 4170 auctor
2548 4115 2670 4184 fuit,
2697 4115 2808 4168 sine
2837 4112 3059 4166 consilio
3079 4124 3343 4181 perpetuae
3365 4111 3558 4164 salutis

1986 4211 2050 4264 ab
2075 4211 2172 4262 hac
2196 4210 2300 4262 cita
2334 4208 2561 4260 recessit.

2056 4298 2266 4352 XXVI].
2328 4296 2670 4361 Helmoldus,
2717 4295 2810 4349 lib.
2859 4311 2875 4348 I
2930 4292 3190 4352 Chronic.
3249 4293 3558 4360 Slavorum,

1986 4405 2104 4459 cap.
2130 4389 2232 4442 28:
2258 4387 2390 4440 Post
2411 4404 2605 4457 paucos
2629 4395 2801 4441 autem
2825 4385 2957 4451 dies,
2982 4385 3244 4455 principes
3269 4383 3556 4446 Saxonum,

1987 4487 2177 4558 pra-ter
2207 4477 2525 4530 voluntatem
2565 4477 2702 4546 regis
2729 4476 3032 4546 captivitate
3066 4474 3317 4540 absoluti,
3354 4474 3410 4527 in
3438 4459 3558 4542 pra-

377 4561 573 4618 XXVI.
613 4540 798 4616 Bruna
838 4540 917 4618 ini
938 4540 1178 4618 Historia
1217 4562 1340 4617 belli
1387 4561 1661 4617 Saxonici.
1699 4559 1890 4616 Exstat
1921 4540 1964 4595 θ
1987 4540 2107 4637 pria
2143 4567 2330 4620 reversi
2353 4574 2494 4632 sunt,
2522 4540 2864 4636 nec'unquam
2894 4565 2957 4619 de
2984 4571 3175 4628 catlera
3197 4540 3560 4634 promissioni-

309 4664 465 4708 torno
497 4653 519 4706 ι
556 4651 895 4721 Scriptorum
927 4652 1217 4707 illustrium
1244 4651 1565 4715 Germaniae,
1597 4665 1736 4718 quos
1765 4649 1888 4703 Cal-

311 4741 573 4797 viniauus
599 4738 870 4795 Frelierus
894 4740 1183 4811 evulgavit.
1218 4737 1354 4795 Tota
1387 4740 1500 4794 haec
1536 4737 1775 4793 Historia
1806 4746 1890 4793 est

310 4840 510 4888 contra
553 4827 846 4886 Henricum
882 4840 937 4885 et
977 4828 1334 4908 llenricianas
1375 4843 1474 4900 pro
1505 4828 1766 4900 Gregorio
1797 4827 1887 4882 VII

310 4932 369 4980 et
407 4923 520 4979 illis
561 4920 656 4992 qui
697 4937 917 4977 causam
961 4915 1197 4992 S.‘3Petri
1244 4919 1548 4975 tuebantur.
1597 4917 1890 4975 Enumerat

316 5014 434 5085 ipse
459 4983 682 5083 quoilue
704 5010 939 5078 tragicos
963 4983 1215 5079 interitus
1239 5007 1599 5079 quorumdam
1621 5009 1888 5065 schisma-

317 5103 581 5167 tiwrum;
633 5098 702 5153 de
749 5098 947 5168 quibus
979 5114 1145 5169 supra
1184 5117 1248 5155 ex
1297 5098 1789 5171 Sclialnaburgcnsi
1835 5111 1890 5157 et

315 5188 596 5246 Chronico
627 5186 888 5243 Citizensi
916 5185 1118 5251 aliquid
1151 5189 1355 5244 dictum
1385 5207 1398 5242 :
1425 5186 1768 5256 Patriarcha,
1802 5190 1886 5244 in-

316 5281 439 5355 quit
460 5280 667 5348 Bruno,
702 5280 794 5350 qui
833 5278 1033 5349 legatus
1069 5279 1366 5349 apostolici,
1399 5278 1662 5333 maximus
1705 5290 1890 5334 auctor

320 5375 676 5446 abjurationis
713 5373 988 5427 exstiterat
1027 5370 1267 5442 Henrici,
1308 5382 1357 5428 et
1402 5374 1519 5426 novi
1553 5373 1693 5448 regis
1738 5375 1890 5428 insti-

323 5464 523 5530 tuendi,
553 5459 871 5534 pastquam,
901 5461 1074 5533 esregi
1103 5464 1259 5532 quasi
1295 5464 1404 5533 regi
1441 5462 1694 5528 sociatus,
1730 5471 1894 5515 retro-

326 5555 518 5622 gradus
571 5553 820 5623 eﬁcitur,
873 5553 1138 5624 repentina
1189 5563 1354 5609 morte
1398 5541 1710 5628 praventus,
1758 5552 1894 5622 quod

351 5642 749 5721 muicabat
791 5645 1252 5715 mommittiicntis
1276 5686 1291 5711 ,
1336 5645 1806 5698 incommunicatus
1848 5651 1897 5696 et

321 5725 648 5813 inconfusus
676 5733 802 5788 huic
825 5733 944 5792 vita:
966 5735 1306 5813 subtrahitur.
1349 5735 1556 5816 Verum,
1580 5735 1898 5807 quadtanta:

1991 4659 2086 4711 bus
2135 4659 2269 4728 regis
2319 4658 2476 4727 ﬁdem
2526 4660 2877 4727 praebuerunt.
2929 4654 3099 4709 Missa
3143 4671 3263 4726 ergo
3311 4653 3560 4707 relatione

1992 4743 2263 4801 Saxonum
2296 4747 2555 4817 principes
2597 4745 2667 4798 ad
2702 4745 3045 4816 apostolicam
3088 4745 3258 4798 sedem
3294 4745 3558 4810 conquesti

1987 4846 2109 4891 sunt
2130 4836 2556 4891 reverendissimo
2580 4819 2740 4906 papa!
2760 4835 3008 4906 Gregorio
3051 4832 3161 4892 VII
3182 4831 3413 4903 qualiter
3445 4847 3557 4898 res,

1989 4929 2181 4984 divina:
2209 4928 2339 4998 legis
2371 4935 2712 4998 contemptor,
2750 4926 3004 4980 Ecclesiis
3042 4922 3142 4978 Dei
3177 4925 3234 4978 in
3265 4924 3561 4979 statuendis

1989 5018 2242 5089 episcopis
2277 5034 2481 5072 omnem
2526 5017 2791 5071 canonica
2825 5014 3096 5068 electionis
3128 5014 3419 5069 libertatem
3443 5012 3562 5065 adi-

1958 5100 1974 5118 ⁶
1992 5118 2174 5175 meret,
2196 5125 2388 5172 ponens
2409 5123 2500 5175 per
2523 5103 2825 5158 violentiam
2849 5105 3115 5174 episcopos
3147 5120 3273 5174 quas
3295 5101 3558 5156 valuisset.

1995 5199 2216 5268 Insuper
2247 5195 2406 5264 quod,
2443 5210 2583 5248 mare
2619 5193 3036 5256 Nicolaitarum,
3068 5194 3131 5245 de
3156 5206 3315 5245 uxore
3334 5206 3432 5245 sua
3458 5206 3555 5260 pu-

1993 5289 2185 5342 blicum
2217 5287 2420 5356 fecisset
2451 5285 2818 5354 prostibulum,
2859 5283 3142 5350 subjicieus
3179 5296 3294 5333 eam
3324 5296 3416 5349 per
3457 5283 3561 5335 vim

1993 5375 2505 5439 aliarum‘libidini;
2543 5365 2750 5444 aliaque
2788 5369 3132 5446 perplurima,
3163 5385 3279 5438 qua:
3322 5371 3560 5424 inconve-

1994 5461 2193 5520 nieutia
2219 5466 2332 5519 visa
2355 5473 2476 5520 sunt
2510 5472 2560 5517 et
2589 5461 2775 5515 auditu
2803 5456 3062 5526 difﬁcilia.
3090 5456 3435 5522 Quamobrem
3465 5457 3561 5510 da-

1996 5559 2168 5613 minus
2200 5556 2535 5631 apostolicus,
2565 5552 2678 5607 zelo
2695 5551 2924 5622 justitia:
2956 5547 3241 5620 permotus,
3277 5547 3451 5599 missis
3484 5547 3560 5601 le.

1998 5650 2157 5719 gatis,
2190 5646 2386 5720 vocarit
2420 5659 2587 5714 regem
2613 5642 2683 5707 ad
2719 5640 3021 5712 apostolico:
3050 5637 3189 5716 sedis
3211 5632 3555 5720 audientiam.

2004 5740 2105 5806 Qui
2149 5736 2426 5792 secundum
2452 5744 2500 5790 et
2524 5735 2735 5797 tertiani
2765 5719 3080 5797 vacationem
3103 5719 3466 5788 dissimulans,
3493 5725 3561 5777 nd

4012 2289 4013 2370 ἰ

4012 2385 4013 2454 1

4011 2461 4013 2528 1

4012 2677 4013 2766 ᾗ

4011 2769 4013 2860 1

4011 2865 4013 2946 ἰ

4011 2981 4013 3050 1
