4098 6404
681 406 785 458 SIT;

678 625 740 660 ne
771 623 921 673 regno
940 617 1082 673 juste
1108 605 1462 673 deponeretur.
1498 605 1589 656 irit
1619 602 1857 662 Romam,
1879 611 1981 654 etc.

751 694 981 748 XXVIII.
1032 694 1285 764 Albi-rtus
1331 694 1499 747 abbas
1542 691 1821 747 Statlensis
1863 691 1915 742 in
1967 685 2238 742 (llironico

678 786 867 837 ι.Ι.Ι‹ἠι
903 782 1014 837 fere
1042 783 1231 837 scribit
1264 798 1384 851 qua:
1420 780 1757 834 llelmoldns:
1787 776 1909 832 Ilaec
1944 780 2067 831 item
2093 790 2238 830 anno

690 873 818 923 ilttl‘i
857 889 867 924 :
918 870 1306 923 Ilildebrandus
1347 886 1503 939 papa,
1546 871 1635 939 qui
1671 879 1718 921 et
1754 867 2062 936 Gregorius,
2097 867 2237 935 apud

682 961 961 1013 Salernum
989 964 1240 1025 moritur;
1270 963 1355 1014 cui
1400 961 1697 1015 Desiderius
1729 958 2016 1012 cardinalis
2041 957 2236 1010 Roma-

681 1067 797 1115 nus,
828 1062 876 1105 et
906 1052 1065 1105 abbas
1099 1053 1443 1113 Cassinensis,
1483 1068 1627 1104 rerns
1652 1051 1849 1105 Christi
1880 1025 2130 1118 famulus,
2173 1045 2240 1097 Ii-

681 1150 758 1190 ret
790 1141 1011 1193 multum
1054 1145 1297 1206 renitens,
1324 1142 1662 1195 substituitur
1689 1157 1901 1195 assensu
1940 1138 2241 1191 Nordman-

684 1247 887 1295 noram,
904 1243 952 1285 et
973 1231 1245 1286 .Ilathildis
1265 1235 1639 1302 potettlissinta'
1656 1248 1748 1301 per
1762 1229 1797 1306 ,1
1804 1230 1988 1283 talium
2010 1227 2238 1297 femina',

684 1332 1083 1392 cunctarumque
1124 1323 1383 1390 ejusmodi
1417 1333 1606 1375 sectum
1651 1320 2032 1375 teurulantiurtt.
2080 1316 2145 1369 Et
2185 1316 2240 1368 hi

683 1411 911 1477 quidem,
925 1412 1013 1479 qui
1031 1412 1335 1465 ridebantur
1351 1414 1683 1485 perfectiores
1696 1419 1743 1462 et
1757 1409 2073 1462 columna-in
2085 1408 2240 1459 domo
2312 1460 2315 1461 ,

684 1500 801 1563 llei,
830 1502 1156 1556 adha'serunt
1189 1506 1322 1557 sicut
1346 1504 1613 1573 Gregorio,
1642 1504 1717 1555 ita
1740 1512 1789 1555 et
1814 1501 2113 1562 Desiderio;
2135 1516 2238 1552 αι’-

685 1591 781 1641 teri
814 1606 947 1654 ceco,
974 1608 1101 1659 quos
1137 1601 1227 1644 aut
1257 1593 1415 1644 timor
1439 1601 1529 1644 aut
1560 1593 1708 1660 furor
1736 1591 2007 1644 Ca'sareus
2034 1588 2239 1658 agebat,

682 1683 847 1731 secuti
870 1690 991 1731 sunt
1017 1680 1342 1745 Guibertum,
1367 1684 1457 1751 qui
1480 1692 1528 1734 et
1553 1681 1809 1744 Clemens,
1837 1689 1940 1733 etc.

752 1769 907 1824 (It-rte
936 1788 1058 1826 cuin
1090 1789 1455 1829 successorem
1482 1775 1743 1844 Gregorii,
1786 1789 1945 1843 quem
1982 1772 2240 1841 Gregorio

684 1859 1108 1915 :rldictissintum
1163 1862 1330 1917 fuisse
1371 1864 1536 1932 probe
1583 1873 1759 1927 norat,
1791 1864 1954 1917 tantis
1991 1861 2238 1915 laudibus

684 1949 897 2010 alliciat,
926 1966 1031 2003 non
1067 1953 1240 2020 potuit
1279 1954 1344 2006 tlt‘
1370 1953 1630 2021 Gregorio
1662 1954 1878 2006 sinistre
1911 1956 2129 2016 sentire,
2158 1950 2239 2003 vel

681 2055 745 2089 «ιχ
788 2055 887 2091 suo
933 2055 1095 2094 sensu
1139 2042 1393 2102 scribere,
1427 2058 1548 2096 enin
1586 2043 1768 2096 eadem
1813 2058 2035 2112 prorsus
2083 2043 2239 2096 fuerit

682 2144 846 2181 mulsa
874 2132 1221 2195 successoris,
1245 2147 1365 2201 qua-
1387 2133 1627 2201 Gregorii
1653 2132 2028 2186 antecessoris.

759 2215 942 2269 XXIX.
980 2218 1259 2287 Alphanus
1302 2222 1743 2290 archiepiscopus
1780 2220 2152 2273 Sali-rnitanns
2186 2218 2239 2270 in

682 2307 938 2361 Oratione
969 2310 1191 2363 metrica
1217 2312 1357 2379 apud
1384 2311 1695 2371 Baronium,
1727 2319 1873 2364 torno
1898 2308 1963 2361 XI
1988 2328 2001 2361 :

754 2401 1188 2469 .Irchiapostolici
1209 2405 1295 2472 qui
1327 2401 1551 2455 culmine
1575 2401 1737 2470 fulget
1768 2400 1979 2452 honoris

829 2491 1044 2561 l’rofcge
1070 2491 1396 2561 Gregorium,
1424 2496 1527 2546 scis
1559 2509 1707 2561 quem
1730 2507 1909 2544 amare
1932 2488 2148 2544 Petrum

753 2579 1015 2650 Septimus
1052 2584 1104 2634 in
1138 2598 1351 2637 numero
1376 2582 1683 2651 rigilantum
1709 2597 1921 2635 munera
1946 2590 2136 2649 septem

824 2673 1097 2727 Possideat
1130 2690 1328 2742 semper
1347 2674 1579 2743 flaminis
1613 2673 1702 2726 ille
1729 2673 1825 2724 tui.

753 2761 917 2816 XXX.
960 2761 1250 2817 Deusdedit
1310 2763 1586 2834 presbyter
1637 2760 1936 2830 carilinalis
1986 2760 2041 2814 in
2094 2773 2243 2813 com-

684 2853 952 2908 inenturin
978 2851 1051 2906 De
1079 2852 1373 2922 privilegiis
1398 2853 1654 2906 Romana:
1685 2850 1938 2905 Ecclesiae
1969 2848 2109 2918 apud
2142 2846 2243 2901 Ba-

682 2948 918 3011 ronium,
945 2956 1092 3001 tmno
1115 2946 1205 3011 XI,
1234 2964 1378 3002 anno
1407 2947 1540 3001 I080
1568 2967 1580 3001 :
1618 2947 1745 3000 Post
1768 2946 2008 3015 pra-stita
2032 2944 2243 2997 domino

682 3052 777 3088 suo
808 3038 970 3090 beata:
993 3039 1255 3091 memoria:
1276 3039 1495 3106 septimo
1526 3038 1772 3105 Gregorio
1797 3053 1946 3104 papa'
1968 3035 2241 3103 fidelitatis

623 3185 633 3193 _
682 3135 1030 3188 sacramenta,
1055 3135 1104 3178 et
1126 3126 1469 3179 obedientiam
1491 3141 1585 3179 VIII
1607 3125 1759 3178 annis
1784 3124 2087 3186 exhibitam,
2116 3138 2242 3191 apo-
2268 3152 2309 3209 ο

682 3214 926 3301 stolicmn
963 3214 1202 3268 thronum
1228 3215 1437 3268 invasit.
1474 3212 1739 3284 Loquitur
1759 3213 1825 3267 de
1856 3211 2113 3266 Guiberto
2146 3226 2242 3264 an-

683 3307 882 3375 tipapa.

754 3394 940 3448 XXXI.
981 3393 1232 3465 Magnum
1254 3393 1561 3449 Chronicon
1589 3392 1882 3463 Belgicum,
1906 3391 2107 3445 editum
2143 3406 2245 3444 nu-

685 3506 777 3557 pu-
795 3506 824 3542 a
851 3488 1167 3542 clarissima:
1178 3496 1231 3541 et
1253 3485 1633 3540 laudatissima:
1655 3475 1929 3538 memoriae
1948 3483 2010 3534 D.
2036 3480 2243 3536 Joanne

687 3580 955 3633 I’istorio:
1000 3576 1276 3647 Gregorius
1314 3574 1420 3627 VII
1462 3576 1671 3626 natione
1708 3571 1926 3634 Tuscus,
1951 3578 2078 3633 cte.,
2118 3568 2242 3621 Hil-

684 3670 981 3722 debraudus
1011 3669 1157 3736 prius
1188 3674 1418 3729 uocatus,
1452 3673 1580 3727 etc.,
1620 3662 1944 3732 postmodum
1982 3674 2095 3712 vero
2126 3674 2244 3711 car-

684 3758 902 3822 tlinalis,
945 3768 1155 3827 propter
1190 3754 1510 3809 laudabilem
1550 3754 1663 3822 ejus
1705 3751 1864 3804 ritum
1897 3751 1949 3803 in
1991 3765 2179 3819 papam
2211 3766 2243 3801 a

685 3850 1044 3903 cardinalibus
1071 3859 1146 3899 est
1174 3847 1387 3909 electus,
1409 3856 1514 3899 etc.
1540 3827 1681 3898 Infra
1710 3863 1722 3897 :
1754 3843 2010 3911 Defuncto
2034 3840 2242 3894 Salerni

685 3943 848 3993 lreattr
881 3941 1144 3991 memoria'
1172 3952 1373 3989 sannio
1406 3934 1649 4002 ponti/ica
1672 3924 1943 4001 Gregorio,
1968 3941 2071 3984 etc.

755 4029 965 4084 XXXII.
1022 4028 1344 4082 \Villielinus
1390 4024 1612 4096 Tyrius,
1667 4023 1760 4077 lib.
1812 4038 1829 4076 ι
1883 4020 2014 4076 Belli
2060 4021 2243 4087 sacri,

684 4139 800 4191 mp.
850 4121 929 4184 I3,
967 4119 1057 4172 ubi
1093 4120 1320 4186 loquens
1349 4116 1414 4169 de
1464 4113 1795 4168 Investituris
1836 4112 2244 4182 episcopatuum

686 4210 1010 4265 alrllenrici
1033 4208 1269 4264 conferri
1299 4206 1494 4271 solitis,
1521 4206 1601 4259 sic
1635 4203 1821 4258 scribit
1848 4221 1861 4255 :
1896 4201 2047 4265 Quod
2076 4201 2247 4254 domi-

687 4319 781 4354 nus
804 4317 940 4371 papa
965 4306 1147 4351 contra
1171 4313 1371 4350 omnem
1405 4295 1521 4364 fieri
1546 4294 1865 4347 honestatem
1889 4288 2243 4353 considerans,

684 4404 731 4445 «σε
748 4394 873 4461 jura
899 4393 952 4444 in
973 4406 1032 4443 eo
1055 4389 1197 4457 facto
1218 4385 1516 4440 conculcari
1534 4382 1887 4437 ecclesiastica
1908 4377 2244 4448 perpendens,

685 4481 861 4542 semel,
900 4480 1145 4539 secundo,
1181 4493 1242 4528 ac
1274 4475 1426 4527 tertio
1450 4471 1686 4525 eumdem
1714 4470 2076 4538 imperatorem
2106 4480 2249 4517 com-

689 4574 907 4636 monuit,
934 4578 991 4623 ut
1020 4585 1052 4620 a
1079 4577 1188 4619 tam
1211 4562 1504 4617 detestabili
1531 4561 1798 4614 desisteret
1825 4555 2245 4627 prwsumptione.

689 4662 851 4725 Quem
896 4657 1167 4729 prteceptis
1212 4650 1536 4708 salutaribus
1571 4648 1972 4709 commonitum,
2013 4659 2130 4697 cum
2169 4658 2278 4709 re-,

688 4767 869 4805 tueare
897 4765 996 4801 non
1018 4754 1209 4817 posset,
1229 4740 1432 4795 riuculo
1457 4737 1804 4793 anathematis
1830 4734 2120 4797 innodavit,
2142 4740 2245 4791 etc.

761 4842 992 4896 XXXIII.
1030 4836 1348 4894 Vincentius
1373 4835 1428 4888 in
1463 4833 1682 4903 speequ
1721 4832 1818 4885 lib.
1846 4844 1973 4894 xxv,
2007 4842 2126 4897 cap.
2158 4827 2247 4891 44,

685 4934 1005 5002 Gregorium
1029 4928 1305 4984 miraculis
1330 4934 1384 4980 et
1404 4922 1729 4999 charismate
1748 4935 1946 4974 arcana
1966 4926 2244 4988 pectorum

686 5019 1052 5095 cognoscendi
1085 5018 1348 5074 claruisse
1382 5014 1586 5070 scribit.

757 5094 993 5170 XXXIV.
1036 5109 1091 5163 S.
1153 5106 1491 5168 Antoninus,
1540 5110 1691 5173 parte
1740 5098 1975 5166 secunda
2034 5094 2244 5151 Summ.

690 5207 851 5272 llist.,
882 5208 962 5261 tit.
1007 5203 1089 5268 16,
1122 5216 1241 5270 cap.
1278 5200 1327 5264 I,
1369 5197 1396 5268 ς
1426 5197 1486 5251 2|
1522 5214 1535 5249 :
1584 5196 1719 5249 Erat
1746 5196 1839 5247 'rir
1878 5195 1977 5246 iste
2013 5190 2248 5261 (Grego-

692 5300 807 5353 rius
834 5295 941 5364 VII)
972 5294 1243 5364 religiosus
1267 5306 1329 5343 ac
1354 5289 1539 5342 timens
1566 5284 1752 5347 Deum,
1765 5283 1992 5351 justitite
2012 5290 2060 5335 et
2087 5281 2250 5353 aequi-

694 5391 821 5443 tatis
852 5394 1085 5448 amator,
1118 5382 1172 5435 in
1202 5379 1433 5435 adversis
1464 5383 1730 5439 constans,
1762 5374 1817 5426 in
1842 5372 2103 5441 prosperis
2139 5388 2251 5425 mo-

693 5481 929 5539 det'attts,
960 5474 1062 5546 fuit
1088 5478 1138 5524 et
1172 5469 1321 5524 valde
1351 5468 1619 5530 cordatus,
1657 5462 1910 5518 Ecclesia
1925 5460 2130 5531 jurium
2160 5462 2250 5515 de-

694 5571 871 5643 fensor
892 5565 1276 5631 acerrimus,et
1305 5558 1394 5630 qui
1422 5566 1611 5627 printer
1633 5554 1818 5618 Deum,
1842 5553 1899 5607 in
1926 5550 2006 5604 his
2037 5565 2153 5622 qua
2182 5549 2250 5601 ad

689 5662 956 5745 justitiam
987 5653 1333 5725 pertinebant,
1364 5649 1441 5705 nil
1470 5647 1726 5701 timuisset
1754 5646 1962 5715 edicere.

770 5735 979 5805 XXXV.
1017 5744 1253 5800 Blondus
1282 5740 1504 5797 Dccadis
1536 5735 1784 5794 secunda:
1819 5736 1911 5790 lib.
1940 5750 2001 5791 ιιι
2034 5730 2125 5787 ubi
2165 5742 2252 5787 res

1879 398 1933 451 S.
1966 395 2356 451 GRIZILOIIIL'S
2392 395 2479 451 VII
2514 397 2708 452 PAPA.

582 513 593 521 ’
638 524 643 529 '
678 515 922 569 uliimum
969 514 1317 578 fana-Elimiam
1352 514 1585 566 co-riliis
1625 512 1892 575 astrictus,
1948 510 2239 564 timentium
2270 516 2312 568 Α
2338 526 2370 565 a
2401 511 2662 582 Gregorio
2683 509 3106 581 gestaseopiose
3138 523 3261 563 cum
3284 507 3523 577 ejusdem
3547 506 3709 563 laude
3730 522 3887 564 esse-

3783 394 3890 448 216

2335 598 2535 667 quitur.

2358 690 2361 693 ’
2406 687 2641 741 XXXVI.
2693 687 3031 757 Epitomatbr
3084 685 3273 739 Blondi
3322 683 3522 740 A-Incas
3571 685 3788 756 Sylvius
3830 684 3886 739 in

2337 777 2656 846 compendio
2687 776 2895 830 Blondi.

2406 862 2666 917 XXXVII.
2701 862 2939 918 Joannes
2973 861 3215 916 Villanus
3257 862 3348 915 lib.
3395 877 3445 914 IV
3486 858 3622 913 Ilist.
3671 858 3890 913 Floren-

2339 957 2483 1011 tiliae.

2408 1046 2688 1100 XXXVIII.
2742 1046 3005 1100 Martinus
3045 1045 3282 1100 Polonus
3326 1044 3379 1097 in
3428 1043 3741 1097 Chronico:
3788 1039 3889 1095 llic

2337 1148 2547 1209 propter
2587 1136 2905 1191 laudabilem
2953 1138 3111 1189 vitam
3159 1145 3236 1189 est
3285 1138 3340 1189 in
3386 1152 3576 1204 papam
3621 1133 3816 1187 electus
3859 1149 3893 1186 α

2340 1227 2717 1292 cardinalibus,
2751 1236 2854 1281 etc.
2894 1225 3102 1280 Salerni
3128 1235 3361 1278 mortuus
3390 1235 3466 1279 est
3501 1223 3779 1278 miraculis
3808 1238 3898 1275 co-

2341 1318 2620 1370 ruscando.

2408 1404 2645 1459 XXXIX.
2676 1382 2971 1459 Sabellicus
3000 1402 3239 1459 Ennead.
3265 1403 3317 1465 9.
3344 1404 3435 1456 lib.
3467 1418 3545 1455 III.

2316 1500 2320 1502 ⁷
2404 1499 2514 1553 XL.
2545 1496 2931 1553 Volaterranos
2971 1496 3063 1550 lib.
3119 1511 3233 1548 xm
3278 1489 3757 1561 Antliropologim:
3796 1487 3903 1541 Hie

2343 1590 2651 1662 (Gregorius
2678 1587 2787 1657 VII)
2813 1597 3001 1656 prater
3029 1601 3224 1649 omnes,
3256 1588 3390 1653 quod
3427 1584 3502 1635 rir
3522 1583 3639 1651 pius
3668 1588 3718 1633 et
3746 1578 3907 1633 Clui-

2339 1685 2529 1737 stianas
2570 1681 2837 1750 religionis
2873 1679 3159 1731 acerrimus
3200 1674 3437 1743 defensor
3483 1668 3662 1740 fuerit,
3696 1669 3906 1722 lalores

2339 1774 2553 1843 pertulit
2587 1786 2821 1840 magnos.

2406 1860 2545 1916 XLI.
2582 1860 2911 1914 'l'ritliemius
2942 1856 2998 1911 in
3030 1855 3304 1910 Chronico
3336 1850 3727 1921 Hirsaugiensi,
3758 1863 3909 1902 anno

2340 1953 2553 2007 Domini
2580 1950 2713 2005 I073
2737 1969 2751 2003 :
2783 1951 2990 2003 Mortuo
3010 1962 3149 2015 papa
3169 1940 3470 1997 Aleaiandro
3498 1940 3748 1995 successit
3780 1936 3913 1990 Hil-

2339 2043 2633 2099 debrandus
2668 2040 2827 2093 abbas
2860 2037 3043 2092 Sancti
3075 2034 3236 2089 Pauli
3260 2033 3461 2087 ordinis
3492 2030 3677 2095 nostri,
3709 2037 3760 2083 et
3793 2025 3912 2080 Ro-

2342 2152 2510 2189 manu:
2546 2132 2795 2186 Ecclesia:
2819 2128 3245 2189 archidiaconus,
3278 2134 3328 2177 et
3357 2122 3568 2192 prtefuit
3592 2107 3754 2173 annis
3776 2119 3914 2171 duo-

2340 2223 2526 2286 decim,
2567 2216 2954 2287 dictusqueest
2990 2213 3267 2284 Gregorius
3297 2211 3450 2280 hujus
3487 2210 3711 2261 nominis
3743 2207 3913 2275 septi-

2342 2315 2519 2375 timus,
2552 2311 2632 2363 rir
2656 2318 2793 2362 certe
2817 2305 2998 2359 multa:
3021 2304 3295 2368 doctrinae,
3338 2315 3637 2375 magnaque
3664 2296 3910 2366 pietatis,

2339 2400 2651 2468 prudentius,
2695 2395 2943 2465 justitiw,
2995 2390 3302 2444 constantia!
3348 2398 3398 2442 et
3454 2386 3762 2458 religionis,
3816 2383 3911 2453 qui

2340 2488 2506 2542 multa
2540 2503 2634 2556 pro
2674 2484 2971 2553 defensione
3005 2481 3264 2534 libertatis
3306 2478 3671 2531 ecclesiastica:
3696 2485 3747 2528 et
3780 2474 3915 2543 fecit

2340 2581 2493 2646 bona,
2527 2589 2578 2634 et
2611 2577 2862 2632 sustinuit
2906 2575 3145 2628 aduersa.
3180 2569 3281 2624 Hic
3324 2570 3550 2638 primum
3582 2566 3683 2635 fuit
3721 2580 3915 2617 mona-

2340 2672 2465 2726 chus
2489 2668 2874 2732 Cluniacensis,
2903 2673 2952 2719 et
2988 2680 3019 2717 a
3050 2661 3218 2717 Leone
3238 2677 3387 2729 papa,
3417 2656 3496 2711 IX
3528 2654 3585 2711 S.
3615 2655 3678 2709 Β.
3718 2653 3786 2708 Ε.
3818 2670 3915 2707 ar-

2340 2761 2678 2817 chidiaconus
2708 2757 2777 2811 ad
2804 2754 3177 2809 monasterium
3204 2748 3262 2803 S.
3296 2748 3458 2801 Pauli
3483 2746 3780 2808 ordinatus,
3812 2742 3913 2796 hoc

2340 2867 2477 2904 anno
2520 2857 2635 2920 post
2684 2844 3045 2900 Alexandrum
3098 2841 3626 2897 omnium_consensu
3670 2851 3913 2889 summus

2340 2941 2575 3011 pontifex
2598 2945 2804 2990 creatus
2838 2942 2939 2988 est.

2408 3030 2567 3085 XLII.
2603 3027 2904 3082 Nauclerus
2924 3025 2979 3077 in
3001 3022 3274 3077 Chronico
3302 3018 3553 3075 Generat.
3584 3017 3653 3072 56
3675 3028 3727 3071 et
3758 3017 3853 3070 '57.

2410 3116 2588 3172 XLIII.
2611 3109 3267 3170 AlbertusCrantziuslib.
3286 3124 3338 3161 ν.
3358 3106 3687 3174 Metropolis,
3710 3119 3832 3174 cap.
3856 3120 3909 3157 ιε

2343 3208 2621 3279 Gregorius
2663 3203 2791 3269 VII,
2820 3198 3211 3255 Hildebrandus
3257 3205 3377 3250 ante
3417 3202 3651 3258 vocatus,
3695 3194 3915 3245 natione

2344 3300 2620 3363 Etruscus,
2652 3312 2769 3349 cum
2803 3294 2970 3346 multa
3004 3309 3097 3361 pro
3127 3290 3378 3344 Romanis
3403 3287 3738 3358 pontiﬁcibus
3772 3287 3915 3357 egis-

2342 3396 2449 3452 set,
2504 3385 2829 3439 acclamante
2871 3381 3009 3434 clero
3056 3388 3105 3433 et
3151 3377 3371 3447 populo,
3413 3375 3839 3430 Hildebrandum
3878 3393 3913 3429 a

2343 3478 2405 3532 B.
2442 3477 2597 3530 Petro
2627 3474 2845 3528 electum
2879 3484 3253 3532 successorem,
3289 3467 3489 3537 magnis
3532 3467 3666 3520 rotis
3696 3476 3746 3520 et
3780 3483 3910 3520 con-

2343 3566 2584 3620 cordibus
2619 3579 2737 3617 eum
2777 3562 3108 3631 designarere
3152 3558 3361 3611 Patres.
3404 3557 3604 3610 Multus
3636 3556 3723 3611 illi
3759 3558 3913 3611 labor

2340 3665 2454 3711 erat
2477 3672 2594 3709 cum
2619 3653 2845 3707 Henrico
2871 3650 2897 3704 1
2914 3650 2976 3717 γ,
2992 3649 3269 3718 multiplex
3291 3647 3617 3711 colluctatio,
3644 3646 3735 3698 sed
3757 3662 3911 3715 supe-

2343 3748 2478 3801 rarit
2528 3745 2737 3808 veritas,
2780 3750 2829 3795 et
2853 3740 3089 3810 justitia,
3121 3739 3441 3808 obtinuitque
3464 3735 3702 3805 pontifex
3734 3743 3794 3788 ut
3840 3734 3910 3789 ad

2341 3851 2534 3890 annum
2553 3833 2807 3888 decimum
2823 3830 3031 3883 tertium
3047 3828 3347 3897 perueniret.
3678 3858 3681 3865 ι

2412 3923 2597 3978 XLIV.
2636 3920 2919 3990 Philippus
2982 3916 3359 3989 Bergomensis
3413 3915 3469 3968 in
3525 3912 3909 3982 supplemento

2341 4015 2777 4071 Cbronicorum:
2827 4011 3108 4080 Gregorius
3163 4006 3270 4062 VII
3298 4023 3455 4077 papa,
3495 4005 3708 4059 natione
3748 4003 3909 4057 litui.

2343 4120 2489 4170 scus,
2527 4110 2630 4157 etc.
2683 4099 2778 4153 Vir
2810 4106 2946 4152 certe
2987 4096 3096 4149 Deo
3130 4105 3181 4148 et
3216 4094 3509 4147 hominibus
3548 4093 3907 4163 gratissimus,

2341 4191 2588 4263 prudens,
2630 4190 2828 4259 justus,
2873 4186 3118 4248 clemens,
3158 4198 3442 4253 pauperum
3488 4181 3909 4251 pupillos-unique

2343 4298 2405 4335 ac
2429 4280 2708 4335 viduarum
2740 4286 2991 4347 patronus
3024 4283 3075 4328 et
3113 4283 3284 4344 pater,
3316 4287 3407 4325 nec
3439 4287 3541 4324 non
3567 4279 3617 4324 et
3639 4268 3907 4338 ,Ecclesia

2343 4370 2593 4423 Romanis
2625 4374 2808 4419 contra
2843 4364 3205 4417 hereticorum
3238 4360 3625 4431 improbitatem
3655 4368 3707 4413 et
3737 4358 3908 4413 malo~
3935 4412 3942 4419 ,

2279 4479 2324 4534 ι)
2349 4475 2465 4512 rum
2504 4457 2799 4528 principum
2831 4453 3136 4524 potentiam,
3173 4468 3252 4505 res
3278 4451 3658 4506 ecclesiasticas
3688 4467 3780 4519 per
3806 4451 3908 4504 eius

2348 4565 2600 4618 occupare
2624 4546 2923 4601 conantium
2944 4544 3128 4597 unicus
3161 4550 3211 4596 et
3244 4542 3529 4595 acerrimus
3553 4540 3817 4609 defensor.

2416 4640 2587 4695 Paulo
2619 4637 2760 4694 infra
2789 4638 2857 4692 de
2885 4644 3044 4706 capto
3073 4634 3326 4706 pentitice
3345 4634 3553 4689 eodem.
3625 4648 3635 4654 ’

2420 4729 2536 4796 Sed,
2555 4730 2639 4783 die
2677 4726 2929 4797 sequenti,
2958 4724 3183 4791 Romani
3208 4725 3412 4794 cognito
3453 4722 3712 4791 facinore,
3739 4722 3907 4790 ipsum

2349 4820 2590 4877 Cincium
2611 4808 2992 4888 prosequuntur
3012 4823 3062 4867 et
3086 4815 3381 4884 pontiﬁcem
3401 4819 3642 4865 sanctum
3661 4809 3906 4873 liberant,

2352 4911 2638 4979 turrimque
2660 4915 2913 4971 erertunt,
2935 4912 3041 4960 etc.

2421 5003 2551 5058 Post
2576 5016 2747 5072 pauca
2783 5001 2847 5055 de
2878 4998 3132 5053 Matbilde
3158 5014 3171 5049 :
3206 4993 3481 5049 Mathildis
3510 4993 3782 5046 comitissa
3811 5007 3905 5045 no-

2353 5095 2611 5149 bilissima
2643 5102 2692 5147 et
2726 5093 2923 5162 optima
2957 5099 3109 5158 atque
3142 5087 3366 5142 illustris
3396 5071 3613 5156 femina,
3641 5083 3833 5137 uirtute
3857 5088 3907 5137 et

2353 5185 2502 5237 rebus
2538 5183 2729 5253 optime
2768 5179 2924 5250 gestis
2958 5176 3104 5230 clara
3131 5186 3181 5231 et
3213 5163 3410 5245 inclyta
3442 5170 3629 5241 ubique
3652 5170 3908 5241 pradica-

2355 5284 2457 5328 tur.
2501 5272 2816 5328 Guibertum
2864 5276 3043 5321 autem
3080 5266 3230 5320 illum
3272 5258 3630 5334 (Clementem
3668 5257 3905 5328 dictum)

2355 5365 2658 5434 antipapam
2690 5366 2866 5414 vocat.
2907 5356 3029 5423 Hic,
3066 5355 3247 5411 subdit
3266 5358 3388 5422 post
3410 5349 3712 5420 paululum,
3737 5347 3903 5402 ntale-

2355 5471 2471 5510 rum
2493 5455 2723 5508 omnium
2755 5456 2932 5520 caput,
2967 5456 3129 5501 morte
3160 5444 3433 5500 subitanea
3460 5448 3728 5511 correptus
3751 5448 3882 5493 seets

2356 5561 2473 5599 rum
2495 5559 2709 5598 suorum
2737 5555 2913 5610 poenas
2945 5537 3108 5592 dedit.

2424 5634 2582 5690 XLV.
2622 5632 2865 5688 Andreas
2894 5624 3300 5684 Ratisbonensis
3336 5624 3389 5679 in
3420 5620 3692 5680 Chronico
3715 5629 3907 5675 manu-

2357 5733 2559 5802 scripto
2582 5727 2923 5782 Bibliotheca:
2950 5724 3013 5777 ad
3042 5723 3097 5777 S.
3124 5720 3524 5777 Emmeramum
3556 5715 3901 5807 Ratisboua:

3786 6138 4049 6299 ,Δ
