4098 6362
122 176 482 239 φ

210 432 301 490 ﬁl?

959 396 1482 488 enonscouexs.
1519 460 1588 472 —
1623 429 1958 486 APOLOCIA
1997 427 2130 485 eno
2165 425 2510 483 CREGORIO
2548 425 2653 480 vn.

3301 435 3403 490 illi

213 546 470 615 Gregorius
500 543 871 609 Vll,natione
899 544 1114 609 Tuscus,
1135 544 1393 613 quondam
1411 541 1758 611 Hiltprandus
1786 550 1830 602 Α
1854 560 2038 599 errore
2055 545 2165 614 jam
2189 545 2319 599 olim
2367 545 2419 598 in
2453 528 2646 614 priscis
2685 544 2976 609 harrcticis,
3002 547 3316 600 nominatim
3348 548 3405 600 in

213 637 339 704 prior
349 634 730 698 Cluniacensis,
747 644 961 703 propter
975 633 1290 686 laudabilem
1302 634 1458 685 vitam
1471 649 1502 684 a
1517 633 1760 685 cardina-

214 726 332 777 libus
351 727 403 776 in
430 741 626 793 papam
648 725 867 789 electus,
895 724 1245 793 Wichpertum
1270 723 1645 777 Rave'nnensem
1667 739 1758 776 ar-

216 812 596 881 chiepiscopum,
608 814 700 881 qui
711 813 884 866 dictus
895 822 970 866 est
984 810 1236 878 Clemens,
1247 812 1427 864 habuit
1437 821 1757 880 antrpapam.

278 903 338 955 Et
369 904 526 972 paulo
564 903 748 958 infra:
790 905 894 967 Qui
919 913 1033 972 post
1075 905 1129 955 in
1167 901 1412 972 Apuliam
1449 901 1760 954 descendens

221 988 405 1044 Salerni
437 1002 676 1046 mortuus
699 1003 778 1046 est
804 993 1075 1046 miraculis
1100 1009 1400 1046 coruscans.
1430 992 1569 1046 Infra
1601 993 1764 1046 ecfert

222 1083 518 1138 miraculum
553 1084 705 1153 quod
757 1085 967 1154 legatus
1004 1083 1324 1153 Lugdunum
1356 1082 1481 1136 fecit
1503 1083 1646 1137 circa
1676 1098 1764 1136 ar-

223 1173 599 1242 chiepiscopum
623 1173 1101 1228 Eberndunensem
1127 1171 1512 1236 Simoniacum,
1539 1172 1630 1241 qui
1657 1187 1762 1224 non

223 1264 376 1331 potuit
419 1271 542 1317 ante
586 1262 988 1331 depositionem
1033 1263 1254 1316 dicere:
1289 1261 1474 1316 Gloria
1514 1261 1668 1314 Patri
1715 1270 1765 1313 et

227 1351 352 1404 Filio
370 1363 418 1404 et
440 1351 675 1420 Spiritui
703 1361 914 1412 sancto;
943 1363 1064 1420 post
1086 1351 1331 1419 expedite
1362 1351 1494 1403 dixit
1519 1369 1532 1403 :
1569 1359 1617 1401 et
1641 1347 1765 1416 Spi-

228 1442 336 1492 ritui
359 1450 554 1494 sancto.
585 1440 850 1494 Eamdem
877 1440 1162 1505 historiam
1193 1439 1356 1493 refert
1385 1438 1677 1492 Gobelinus
1712 1438 1764 1489 in

227 1543 315 1581 suo
335 1527 772 1593 Cosmodromio,
795 1537 951 1582 atate
974 1543 1050 1591 vn,
1078 1542 1196 1595 cap.
1228 1527 1314 1580 57.

286 1615 454 1670 XLVI.
493 1617 710 1670 Platina
748 1618 801 1670 in
840 1615 960 1670 Vita
981 1615 1224 1685 Gregorii
1256 1614 1365 1668 VII.

286 1707 477 1761 XLVII.
515 1707 873 1778 Onnphrins,
906 1708 961 1762 in
995 1708 1087 1762 lib.
1132 1707 1207 1761 De
1240 1707 1467 1762 summis
1503 1704 1769 1774 pontiﬁci-

231 1800 336 1862 bus,
359 1808 410 1852 et
435 1800 488 1853 in
513 1799 977 1854 Annotationibus
1017 1799 1085 1853 ad
1117 1798 1403 1862 Platinam,
1430 1797 1518 1850 ubi
1547 1794 1678 1850 dicit
1709 1810 1768 1848 se

235 1888 387 1943 Vitam
415 1891 575 1958 hujus
611 1890 882 1959 pontificis
918 1890 1156 1958 quinque
1186 1888 1336 1942 libris
1365 1887 1766 1954 conscripSIsse.
1803 1872 1844 1926 Β

290 1977 504 2031 XLVIII.
543 1976 826 2048 Sigonius,
873 1978 1012 2030 libro
1045 1993 1094 2029 Ix
1134 1976 1208 2029 De
1256 1990 1420 2044 regno
1464 1974 1647 2038 Italiae,
1680 1975 1769 2027 ubi

235 2067 281 2119 in
303 2067 451 2135 hujus
475 2067 750 2135 pontiﬁcis
785 2066 1000 2118 laudem
1038 2065 1192 2133 plura
1225 2065 1498 2134 eleganter
1529 2078 1596 2116 ex
1627 2063 1769 2116 anti-

235 2155 489 2221 quioribus
512 2156 885 2208 monumentis
908 2154 1192 2224 depromit.
1406 2155 1409 2158 ’

293 2242 464 2297 XLIX.
489 2244 734 2299 Joannes
755 2243 1192 2312 archiepiscopus
1216 2241 1591 2310 Lugdunensis
1610 2241 1766 2309 epist.

239 2331 295 2384 ad
319 2330 520 2386 Isonem
549 2332 944 2386 Carnotensem
985 2332 1088 2398 (est
1131 2330 1292 2398 epist.
1339 2329 1445 2381 259
1487 2329 1621 2381 inter
1649 2328 1770 2381 Ivo-

241 2421 427 2488 nianas)
454 2441 466 2475 :
489 2421 744 2490 Nunquid
769 2422 980 2472 incusas
1010 2415 1312 2488 Gregorium
1356 2417 1459 2469 VH
1491 2419 1576 2486 qui
1605 2433 1770 2486 regem

242 2507 502 2560 Heuricum
531 2514 594 2561 ob
622 2525 719 2562 sua
743 2507 938 2560 scelera
969 2506 1237 2558 damnavit
1255 2507 1280 2556 .9

297 2597 778 2667 Quinquagesimus
811 2611 940 2664 ergo
967 2597 1120 2648 testis
1146 2609 1243 2662 pro
1288 2593 1589 2656 innocentia
1635 2592 1768 2645 Gre-

242 2688 360 2756 gorii
377 2686 462 2739 VII
485 2687 596 2742 sint
622 2687 735 2742 hinc
757 2686 1013 2756 opuscula
1044 2684 1288 2743 Bernaldi
1316 2683 1356 2737 C
1396 2683 1768 2746 nstanticnsis,

244 2792 369 2832 nunc
387 2779 616 2846 primum
649 2777 703 2829 in
736 2776 910 2829 lucem
941 2766 1282 2844 deprompta;
1321 2789 1443 2826 cum
1486 2773 1630 2825 enim
1664 2771 1771 2824 hu:-

245 2866 376 2919 retici
395 2876 499 2920 tam
520 2867 807 2936 diligentes
829 2866 938 2918 sint
958 2865 1011 2917 in
1032 2863 1332 2930 evulgando
1359 2861 1770 2914 meudacissimo

245 2969 331 3006 suo
352 2952 617 3019 Bennone,
641 2968 857 3008 summo
882 2951 1121 3020 Gregorii
1141 2951 1294 3002 hoste
1324 2958 1378 3000 et
1403 2947 1767 3007 criminatore,

247 3045 370 3098 haud
416 3046 568 3101 decet
606 3054 665 3098 ut
708 3042 994 3097 orthodoxi
1041 3056 1071 3094 a
1096 3039 1478 3108 conquirendis
1527 3035 1769 3104 Gregorii

245 3133 594 3188 defensoribus
618 3140 672 3186 et
697 3129 971 3184 advocatis
994 3137 1222 3183 cessent.

303 3223 386 3278 Est
403 3233 578 3278 autem
601 3221 997 3277 observandum
1023 3221 1134 3273 haec
1157 3217 1412 3286 opuscula
1437 3216 1600 3270 fuisse
1623 3230 1771 3268 com—

247 3313 400 3378 posita
423 3329 452 3365 a
475 3312 758 3375 Bernaldo,
793 3311 1077 3364 occasione
1106 3310 1466 3369 decretorum,
1501 3322 1619 3373 quae
1641 3306 1770 3358 Gre-

247 3401 407 3466 gorius
444 3399 684 3468 pontifex
715 3407 911 3452 contra
947 3396 1304 3459 Simoniacos,
1339 3395 1769 3458 concubinarios,

245 3497 292 3538 et
309 3475 519 3542 clemens
538 3489 857 3557 conjugatos
883 3486 1108 3540 diversis
1135 3485 1464 3553 temporibus
1491 3485 1590 3538 sub
1617 3499 1772 3552 pcena

247 3579 797 3634 excommunicationis
845 3577 1279 3646 promulgaverat
1302 3617 1318 3642 ,
1372 3575 1555 3628 addito
1600 3582 1772 3637 inter-

248 3672 374 3723 dicto
406 3687 470 3724 ne
502 3672 625 3740 quis
655 3667 970 3738 hujusmodi
1011 3667 1346 3722 sacerdotum
1379 3665 1560 3718 missis
1589 3665 1771 3716 inter-

248 3771 384 3815 esset.
438 3761 604 3830 Hujus
660 3760 959 3815 sanctionis
1013 3760 1252 3828 plerique
1293 3773 1358 3812 ex
1400 3773 1562 3826 supra
1615 3758 1774 3830 dictis

251 3852 532 3906 auctoribus
587 3851 917 3906 mentionem
970 3848 1212 3913 faciunt,
1268 3863 1388 3917 quae
1449 3857 1502 3901 et
1555 3863 1584 3900 a
1636 3833 1771 3910 (ἕη-
1839 3850 1844 3855 ’

251 3944 375 3996 tiano
395 3943 444 3997 in
467 3944 714 3996 volumen
737 3940 1082 3995 Decretorum
1113 3940 1281 3992 relata
1299 3944 1381 3989 est
1405 3936 1643 3992 distinct.
1672 3935 1766 3987 81:

253 4030 300 4083 Si
326 4033 402 4099 qui
423 4044 540 4085 sunt
570 4014 876 4101 presbyteri,
901 4029 1108 4082 diaconi
1153 4027 1230 4082 vel
1253 4028 1554 4080 subdiaconi
1599 4027 1688 4097 qui
1717 4027 1772 4079 in

251 4133 440 4174 mutue
483 4120 843 4189 fornicationis
897 4118 1128 4187 jaceant,
1173 4119 1532 4171 interdicimus
1581 4120 1677 4183 eis,
1711 4133 1774 4170 ea:

251 4219 376 4261 certe
398 4208 488 4262 Dei
508 4209 873 4279 omnipotentis
897 4217 946 4262 et
975 4206 1031 4267 S.
1072 4207 1220 4262 Petri
1248 4208 1581 4272 auctoritate,
1607 4206 1771 4270 eccle-

252 4303 331 4356 sia
352 4305 627 4369 introitum,
654 4320 818 4374 usque
837 4304 961 4356 dum
991 4304 1269 4372 pwniteant
1311 4311 1360 4355 et
1381 4301 1664 4354 emendent.
1715 4298 1774 4353 Si

253 4397 324 4462 qui
348 4413 457 4462 vero
473 4399 527 4450 in
546 4413 637 4449 suo
661 4404 874 4465 peccato
904 4409 1222 4465 perseverare
1264 4394 1561 4459 maluerint,
1599 4393 1772 4446 nullus

1861 633 2171 700 Donatistis,
2195 635 2469 689 damnato.
2502 633 2753 688 Nonnulli
2779 635 2961 699 etiam,
2996 637 3241 704 quanwis
3275 634 3407 690 Gre-

1859 728 2010 797 gorio
2040 728 2413 792 addictissimi,
2449 742 2553 780 non
2602 727 2744 781 malo
2782 728 2985 794 animo,
3013 729 3104 781 sed
3150 727 3406 781 nimirum

1860 817 2028 870 nimio
2058 818 2314 870 adversus
2365 816 2758 882 schismaticos,
2809 815 3144 871 Simoniacos
3191 825 3244 870 et
3273 831 3407 880 cop-

1859 907 2167 961 cubinarios
2201 906 2314 959 zelo
2346 905 2612 973 provecti,
2645 904 2928 958 defendere
2972 905 3072 958 lzoc
3114 906 3287 973 ipsum
3325 904 3408 956 in-

1860 998 2147 1060 stiterunt,
2195 995 2350 1065 quasi
2404 1005 2563 1049 rectae
2625 1005 2679 1048 et
2724 1011 2870 1050 sana:
2909 996 3193 1059 doctrinae,
3248 1004 3408 1063 atque

1861 1089 1994 1141 adeo
2026 1087 2125 1155 ipsi
2167 1087 2326 1139 etiam
2365 1087 2478 1139 sedi
2514 1086 2822 1154 apostolica:
2858 1094 3306 1149 consentaneum;
3339 1099 3407 1137 ex

1862 1192 2091 1245 quorum
2120 1191 2344 1228 numero
2375 1191 2515 1229 unus
2546 1175 2645 1228 fuit
2679 1174 2985 1228 Bernardus
3017 1175 3103 1228 ille
3127 1173 3411 1227 Corbeicn—

1864 1264 1960 1328 sis,
1997 1272 2055 1315 ut
2076 1271 2297 1331 apparet
2318 1277 2380 1314 ex
2408 1263 2630 1330 epistola
2656 1262 2775 1330 ejus
2797 1277 2956 1330 quam
2983 1261 3119 1314 infra
3147 1263 3330 1324 habes,
3358 1269 3411 1314 et

1864 1370 2026 1422 supra
2060 1355 2110 1407 id
2131 1355 2293 1407 etiam
2325 1369 2389 1407 ex
2423 1354 2654 1407 Berloldi
2685 1352 3114 1407 Constanticnsis
3140 1350 3411 1404 Chronico

1864 1444 2257 1498 adnotavimus.

1934 1534 2102 1586 Erant
2146 1542 2403 1602 praetezea
2452 1548 2558 1585 non
2603 1533 2756 1600 pauci
2788 1532 2880 1600 qui
2925 1530 3167 1599 Gregorii
3199 1530 3408 1584 decreta

1865 1625 2193 1685 vellicarent,
2224 1622 2641 1675 traducerent'ct
2681 1621 3040 1690 repudiarent,
3076 1619 3218 1688 quod
3260 1618 3410 1672 carni

1867 1722 1920 1766 et
1955 1712 2224 1780 sanguini,
2259 1719 2311 1763 et
2333 1710 2757 1777 corruptissimis
2784 1709 2912 1762 clari
2949 1709 3188 1762 moribus
3222 1721 3410 1776 parum

1869 1810 2020 1869 grata
2077 1807 2130 1852 et
2185 1799 2358 1850 amica
2406 1797 2722 1850 acciderent.
2785 1796 3049 1860 Quocirca
3110 1795 3414 1862 ubicunque

1869 1889 2386 1959 promulgabantur,
2435 1886 2612 1940 clerici
2664 1885 3048 1952 propemodum
3101 1884 3155 1937 in
3212 1883 3412 1937 rabiem

1869 1983 2010 2035 versi
2051 1981 2262 2048 quidvis
2295 1980 2475 2046 potius
2514 1977 2652 2030 ferre
2692 1975 2961 2039 volebant,
2998 1989 3159 2043 quam
3191 1973 3418 2027 licentia:

1869 2087 1981 2124 sua:
2038 2070 2241 2138 imponi
2290 2068 2529 2120 fibulam.
2583 2066 2720 2119 Audi
2776 2065 3170 2119 Lambertum:
3227 2062 3416 2115 Hilde-

1871 2148 2096 2215 brandns
2139 2177 2273 2228 papa
2297 2176 2412 2211 cum
2446 2160 2698 2227 episcopis
2745 2158 2924 2211 Italia:
2975 2156 3270 2210 conueniens
3301 2154 3417 2222 jam

1871 2253 2217 2323 frequentibus
2269 2252 2478 2320 synodis
2537 2251 2830 2303 decreuerat
2869 2244 2943 2302 fut
3002 2248 3280 2302 secundum
3338 2246 3420 2297 in-

1869 2345 2053 2395 stituta
2089 2343 2420 2424 untiquorum
2465 2356 2743 2403 canonum,
2779 2337 3063 2408 presbyteri
3091 2352 3277 2390 uxores
3320 2351 3420 2389 non

1869 2434 2120 2494 habeant;
2157 2432 2418 2493 habentes,
2466 2440 2556 2481 aut
2606 2432 2896 2494 dimittant,
2929 2439 3021 2482 aut
3069 2429 3421 2496 deponantur;

1870 2539 1958 2575 nec
1982 2523 2253 2591 quisquam
2288 2521 2496 2572 omnino
2529 2519 2596 2570 ad
2622 2518 2968 2571 sacerdotium
3003 2518 3314 2569 admittatur
3333 2513 3422 2582 qui

1869 2628 1969 2664 non
2014 2612 2066 2662 in
2109 2618 2407 2678 perpetuum
2459 2607 2827 2660 continentiam
2883 2606 3140 2674 uitamque
3172 2601 3422 2679 .ca’libem

1869 2702 2192 2770 proﬁteatur.
2233 2698 2345 2751 Hoc
2376 2699 2576 2751 decreto
2619 2715 2710 2767 per
2740 2706 2902 2751 totam
2936 2694 3151 2748 Italiam
3186 2691 3421 2763 promul-

1871 2802 2010 2862 gato,
2055 2792 2258 2843 crebras
2289 2791 2494 2842 litteras
2525 2790 2594 2841 ad
2629 2792 2889 2864 episcopos
2927 2784 3221 2842 Galliarum
3249 2795 3424 2838 trans-

1872 2882 2127 2942 mittebat,
2163 2881 2465 2949 pracipicns
2505 2889 2559 2930 ut
2589 2881 2690 2947 ipsi
2714 2896 2909 2948 quoque
2941 2880 2992 2930 in
3025 2883 3134 2930 suis
3173 2877 3424 2929 Ecclesiis

1869 2972 2112 3025 similiter
2161 2972 2406 3038 facerent,
2441 2980 2592 3038 atque
2635 2986 2665 3020 a
2719 2968 3048 3020 contubernio
3096 2967 3423 3020 sacerdotum

1871 3077 2042 3113 omnes
2091 3059 2298 3110 omnino
2333 3058 2552 3125 feminas
2587 3067 2827 3126 perpetuo
2861 3056 3185 3108 anathemate
3222 3071 3422 3108 reseca-

1797 3186 1837 3239 ρ
1871 3158 2000 3204 rent.
2027 3149 2283 3200 Adversus
2315 3148 2409 3199 hoc
2450 3147 2707 3199 decretum
2731 3147 2964 3215 protinus
2999 3145 3314 3198 vehementer
3339 3145 3422 3196 in-

1872 3239 2082 3307 fremuit
2109 3246 2216 3288 tota
2248 3237 2410 3304 factio
2441 3235 2778 3297 clericorum;
2801 3234 3055 3286 hominem
3085 3234 3237 3302 plane
3257 3233 3422 3286 ha'rc-

1873 3327 2053 3387 ticum,
2079 3333 2126 3376 et
2151 3323 2328 3375 vesani
2350 3323 2610 3390 dogmatis
2635 3339 2744 3373 esse
2766 3322 3044 3388 clamitans
3069 3337 3086 3380 ;
3117 3322 3203 3389 qui
3234 3302 3443 3373 oblitus.

1869 3414 2119 3468 sermonis
2167 3412 2398 3474 Domini,
2435 3427 2534 3480 quo
2580 3412 2655 3462 ait
2689 3425 2706 3461 :
2746 3429 2762 3458 ι
2820 3408 2938 3460 Νοη
2989 3424 3160 3459 omnes
3212 3407 3422 3475 capiunt

1871 3503 2074 3557 uerbum
2101 3501 2223 3562 hoc;
2248 3501 2526 3569 qui-potest
2554 3515 2752 3566 capere,
2777 3499 2948 3564 capiat
2984 3496 3195 3565 (Matth.
3222 3498 3334 3564 nx)
3366 3515 3382 3547 ι
3407 3512 3420 3548 :

1869 3603 1918 3647 et
1945 3591 2254 3660 Apostolus;
2287 3611 2305 3640 ε
2348 3589 2450 3653 Qui
2497 3605 2549 3642 se
2586 3605 2685 3640 non
2718 3588 2962 3651 continet,
3019 3587 3207 3649 nubat;
3241 3586 3425 3639 melius

1870 3691 1945 3736 est
1980 3682 2117 3734 enim
2159 3679 2345 3732 nubere
2389 3695 2544 3748 quam
2590 3678 2673 3729 uri
2723 3673 2931 3746 (LCor.
2966 3674 3093 3742 vn);
3143 3693 3159 3724 ι
3203 3674 3424 3726 uiolenta

1870 3773 2138 3828 exactione
2182 3771 2411 3821 homines
2447 3769 2609 3838 vivere
2637 3774 2835 3835 cogeret
2884 3765 2986 3816 ritu
3017 3765 3345 3832 angelorum;
3376 3769 3425 3814 ct

1868 3845 1992 3914 dum
2017 3867 2317 3913 consuetum
2353 3872 2561 3908 cursum
2592 3864 2793 3907 natura:
2825 3863 3058 3922 negaret,
3093 3850 3431 3922 fornicationi

1868 3959 1918 4004 et
1948 3948 2296 4002 immunditiei
2333 3946 2478 4013 frena
2521 3944 2743 3997 laxaret.
2779 3943 2929 4006 Quod
2957 3943 3003 3994 si
3037 3949 3263 4010 pergeret
3309 3953 3426 3989 sen-

1871 4042 2085 4094 tentiam
2115 4038 2442 4106 conﬁrmare,
2477 4035 2634 4087 malle
2656 4051 2710 4086 se
2730 4033 3073 4085 sacerdotium
3119 4044 3271 4096 quam
3297 4042 3392 4077 con

1864 4133 2068 4202 jugium
2102 4131 2351 4191 deserere,
2392 4136 2440 4180 et
2487 4135 2608 4178 tunc
2651 4125 2879 4206 uisurum
2910 4136 3044 4183 eum,
3075 4119 3159 4170 cui
3194 4117 3424 4168 homines

1869 4220 2154 4281 sorderent,
2189 4216 2325 4270 unde
2355 4213 2702 4285 gubernandis
2751 4226 2838 4279 per
2871 4208 3160 4261 Ecclesium
3195 4205 3290 4258 Dei
3315 4205 3426 4275 ple-

1871 4311 2017 4364 bibus
2047 4307 2253 4378 angelos
2282 4314 2678 4375 comparaturus
2709 4310 2858 4355 esset.

1945 4396 2300 4450 Nihilominus
2326 4395 2427 4448 .ille
2459 4393 2710 4456 instabat,
2754 4399 2802 4444 et
2831 4387 3057 4441 assiduis
3081 4383 3422 4452 legationibus

255 4495 449 4539 restrum
483 4488 701 4556 officium
725 4502 905 4540 eorum
925 4484 1106 4536 audire
1139 4493 1440 4551 prcesurnat,
1471 4485 1592 4553 quia
1622 4484 1772 4538 bene—
1806 4513 1848 4565 ι)
1871 4489 2131 4557 episcopos
2179 4502 2351 4538 omnes
2399 4483 2651 4536 socordia:
2700 4497 2759 4531 ac
2806 4477 3017 4528 desidia:
3059 4472 3340 4561 arguebat;
3372 4480 3424 4524 et

251 4574 392 4626 il‘ctio
413 4591 584 4628 eorum
611 4577 834 4629 uertitur
866 4575 921 4624 in
959 4571 1392 4638 maledictionem,
1423 4583 1473 4626 et
1519 4575 1689 4626 oratio
1719 4575 1772 4626 in

251 4675 509 4728 peccatum,
538 4673 756 4718 testante
784 4663 1008 4716 Domino
1050 4680 1140 4732 per
1162 4665 1501 4733 prophetam:
1549 4682 1568 4713 ε
1603 4663 1794 4718 Male--

253 4751 420 4816 dicam,
441 4754 620 4822 inquit,
645 4752 1084 4807 benedictionibus
1112 4753 1291 4805 uestris
1317 4749 1471 4818 (Mal.
1505 4749 1585 4821 ιι).
1622 4769 1640 4802 ι
1670 4751 1772 4816 Qui

255 4855 352 4893 vero
375 4842 487 4895 huic
505 4843 846 4902 saluberrimo
869 4850 1122 4913 praecepto
1146 4839 1350 4894 obedire
1376 4839 1620 4905 noluerit,
1658 4842 1773 4893 ido-

256 4929 459 4984 lolttlrit!
490 4931 1262 5000 peccatumiucurrit,8amuele
1285 4939 1502 4984 testante
1532 4946 1549 4982 :
1585 4949 1604 4980 ι
1639 4929 1770 4982 Pec-

258 5025 408 5070 ωιιω
427 5019 677 5072 ariolandi
702 5028 801 5083 est,
832 5029 934 5070 non
959 5019 1180 5084 obedire,
1204 5027 1255 5072 et
1279 5019 1430 5086 quasi
1457 5018 1620 5071 scelus
1648 5019 1767 5070 ido-

257 5103 474 5173 lolatria,
504 5124 599 5163 non
617 5111 942 5178 acquiescere
964 5108 1018 5180 (1
1044 5109 1166 5180 Reg.
1195 5108 1316 5176 xv);
1348 5126 1369 5158 ι
1396 5117 1445 5162 et
1466 5105 1615 5161 beato
1637 5107 1766 5162 Gre-

258 5195 383 5258 ςπίο
417 5207 699 5254 Istrueute:
722 5197 1004 5252 Peccatum
1021 5201 1184 5269 igitur
1209 5199 1526 5266 paganitatis
1548 5199 1769 5250 incurrit

259 5284 480 5356 φώνει.
501 5291 620 5343 dum
643 5288 1001 5345 Christianum
1035 5306 1088 5342 se
1107 5289 1311 5352 asserit,
1332 5287 1439 5341 sedi
1473 5287 1769 5354 apostolicce

262 5371 439 5426 obedire
458 5379 747 5432 mtemuit.

319 5457 442 5517 Hoc
457 5469 712 5534 nonnulli,
732 5480 966 5536 quorum
986 5467 1129 5522 haud
1149 5475 1450 5536 postremus
1465 5464 1771 5535 Sigebertus

264 5547 310 5603 il
325 5547 590 5622 ειη-ξω,
613 5572 803 5613 ansam
822 5557 1164 5624 arripuerunt
1183 5556 1768 5611 calumniam-struendi

264 5636 513 5712 “mh.
536 5649 690 5716 quasi
711 5649 955 5705 crederet
978 5655 1312 5701 sacramenta
1341 5646 1408 5701 ab
1438 5646 1695 5714 improbis
1717 5653 1770 5698 et

265 5734 704 5792 “unitatis
764 5737 939 5791 valide
993 5736 1352 5802 administrari
1408 5751 1514 5790 non
1568 5750 1725 5804 posse
1751 5773 1766 5800 ,

1875 4578 2168 4632 nisi-ocius
2220 4576 2509 4643 injunctum
2555 4570 2656 4620 sibi
2705 4567 2960 4634 negotium
3009 4553 3422 4631 exsequerentur,

1872 4668 2157 4736 apostolica
2206 4680 2258 4715 se
2293 4673 2509 4713 censura
2543 4658 2597 4708 in
2631 4673 2715 4709 eos
2766 4653 3247 4706 animadversurum
3280 4666 3422 4702 com-

1874 4758 2188 4809 minabatur.
2237 4751 2663 4818 Archiepiscopus
2716 4746 3044 4813 Moguntinus
3100 4743 3262 4794 sciens
3320 4755 3422 4791 non

1871 4861 2027 4914 parco
2053 4851 2288 4894 constare
2323 4856 2531 4909 cperant
2567 4839 2721 4900 hanc,
2750 4846 2804 4887 ut
2836 4843 2982 4886 tanto
3014 4840 3235 4895 tempore
3260 4827 3420 4880 inoli-

1823 4955 1827 4959 ·
1874 4944 1982 4986 tum
2031 4930 2451 4983 consuetudinem
2499 4925 2757 4978 recelleret
2800 4931 2949 4988 atque
2999 4918 3066 4969 ad
3127 4917 3421 4980 rudimenta

1876 5023 2133 5073 nascentis
2170 5018 2417 5071 Ecclesia:
2440 5019 2775 5066 senescentem
2801 5010 2915 5077 jam
2961 5007 3206 5066 mundum
3251 5005 3420 5073 refor-

1876 5119 2067 5172 maret,
2106 5106 2422 5160 moderatius
2457 5103 2638 5172 agebat
2672 5116 2786 5153 cum
2822 5100 2928 5159 eis;
2967 5104 3014 5147 et
3049 5096 3216 5162 primo
3251 5097 3324 5149 cis
3365 5097 3418 5148 in

1871 5198 2145 5250 dimidium
2169 5209 2361 5246 annum
2387 5192 2622 5244 inducias
2646 5185 3024 5242 etdcliberandi
3041 5185 3238 5254 copiam
3255 5184 3417 5246 dedit,

1872 5291 2087 5342 hortans
2113 5302 2216 5350 eos,
2249 5293 2305 5337 ut
2339 5283 2475 5354 quod
2499 5280 2784 5336 necessario
2803 5277 3098 5345 faciendum
3124 5279 3212 5339 sit,
3240 5283 3417 5342 sponte

1871 5377 2106 5445 faciant;
2144 5384 2190 5429 et
2229 5384 2334 5426 tam
2356 5373 2455 5427 sibi
2477 5385 2629 5438 quam
2665 5367 2897 5420 Romano
2930 5367 3162 5436 pontiﬁci
3198 5365 3418 5418 necessi-

1871 5474 2031 5518 tatem
2057 5465 2289 5516 adimant
2329 5457 2526 5527 aliquid
2561 5457 2615 5508 in
2656 5472 2739 5508 eos
2769 5457 2904 5526 quod
2935 5469 3077 5506 secus
3125 5452 3193 5506 sit
3235 5451 3414 5502 decer-

1871 5556 2042 5608 nendi.
2096 5553 2174 5618 Ad
2208 5549 2467 5611 ultimum,
2516 5555 2821 5615 congregata
2847 5542 3038 5611 synodo
3074 5541 3128 5592 in
3165 5539 3414 5607 Erfordia

1870 5657 2037 5695 mense
2073 5636 2302 5698 Octobri,
2331 5635 2556 5702 pressius
2574 5634 2688 5702 jam
2722 5630 3040 5691 imminebat,
3069 5637 3144 5694 ut,
3190 5626 3414 5696 relegata

1867 5730 2004 5782 onmi
2029 5725 2442 5794 tcrgircrsstionc
2472 5726 2526 5776 in
2558 5721 2969 5790 prasentiarum,
2994 5728 3082 5775 aut
3117 5718 3412 5789 conjugium
