4098 6354
265 408 352 462 Sil
553 395 560 406 ’
871 395 1400 456 PROLEGOMI‘INA.
1442 425 1498 435 —
1543 390 1829 448 ιιιιουειι.
1869 389 2116 446 GRETS.
2152 388 2217 443 IN
2254 388 2456 443 PAUL.
2497 387 2858 441 BERNllll-ID.

3381 389 3483 444 Μ

268 527 344 572 tor
372 535 434 572 ac
466 516 652 570 vinlcx
691 515 824 578 luit;
870 513 1036 568 nullis
1078 512 1238 566 minis
1269 509 1537 578 nullisque
1566 505 1820 577 periculis
1849 506 1893 562 Λ
1920 505 2306 575 approbatione
2329 513 2384 560 et
2404 506 2585 560 ltetitia
2617 516 2838 563 evectus
2868 514 3031 572 esset,
3067 507 3215 562 misit
3256 505 3322 560 ad
3357 521 3483 567 eum.

267 623 397 676 (qua:
426 606 653 676 plurima
691 605 881 671 subiit)
919 605 986 658 de
1033 612 1181 657 recto
1220 600 1436 655 tramite
1478 615 1595 654 sese
1625 597 1819 653 abduci

266 712 476 754 nassae:
499 697 652 766 cujus
675 694 994 766 integritati,
1017 692 1336 770 innocentia:
1355 700 1407 745 et
1428 687 1816 753 sanctimoniae,

263 802 376 839 cum
411 787 563 840 varia
610 787 716 840 alia
757 786 1094 840 luculentum
1145 780 1514 836 testimonium
1560 780 1818 849 praebent,

265 883 366 928 tum
400 877 504 930 hoc
533 876 800 945 praecipue
823 875 967 945 quod
996 874 1096 928 viri
1119 874 1198 926 .iis
1223 872 1554 940 temporibus
1584 879 1636 923 et
1661 870 1822 939 paulo

263 975 378 1034 post
397 967 704 1021 subsecutis
723 965 1044 1028 doctissimi,
1065 969 1120 1018 et
1148 963 1364 1017 virtutis
1396 962 1550 1017 laude
1583 960 1823 1015 celebra-

264 1057 474 1120 tissimi,
498 1057 550 1110 in
577 1058 872 1112 schismate
897 1055 1133 1111 excitato
1159 1054 1224 1108 ad
1260 1053 1500 1123 Gregorii
1536 1060 1714 1122 partes
1728 1041 1822 1104 in-

264 1147 461 1216 trepide
487 1163 544 1201 se
567 1147 961 1216 adiunxerunt;
987 1160 1221 1215 quorum
1247 1143 1489 1198 nonnulli
1514 1143 1823 1197 maluerunt

262 1237 497 1291 omnium
523 1254 706 1292 rerum
740 1254 963 1294 suarum
992 1238 1265 1306 jacturam
1310 1236 1486 1290 facere
1519 1245 1572 1288 et
1597 1233 1649 1287 in
1673 1232 1819 1287 exsi-

263 1325 384 1379 lium
407 1327 577 1393 abire,
601 1343 769 1398 quam
794 1329 971 1392 fidem,
996 1325 1354 1382 reverentiam
1375 1335 1430 1380 et
1459 1323 1819 1380 obedientiam

263 1429 380 1483 erga
409 1415 592 1470 sedem
622 1417 978 1485 apostolicam
1014 1417 1258 1486 perdere.

324 1503 471 1570 Quos
497 1506 643 1558 inter
663 1505 924 1560 familiam
951 1506 1159 1560 ducunt.
1185 1525 1197 1558 :
1224 1507 1512 1560 Anselmus
1537 1504 1818 1570 Lucensis,

262 1594 541 1650 Ansclmus
571 1594 1009 1660 Gantuariensis,‘
1030 1595 1372 1651 Hermanuus
1403 1595 1677 1663 Metensis,
1706 1596 1823 1650 Alt-

264 1697 486 1738 mannus
509 1693 563 1738 et
585 1682 872 1739 Udalricus
895 1682 1296 1750 Passavienses,
1328 1685 1646 1740 Gebhardus
1675 1684 1789 1739 Con
1818 1715 1822 1720 -

263 1775 594 1839 stantiensis,
639 1773 960 1830 Gebhardus
999 1784 1054 1830 ct
1082 1773 1309 1830 Tbiemo
1352 1774 1818 1846 Salisburgcnscs,

1921 594 1977 650 S.
2023 595 2318 665 Gregorius
2348 595 2723 651 Nazianzenus
2761 598 3167 668 gratulatoriam
3200 596 3480 667 epistolam

1919 685 2108 752 (epist.
2147 688 2217 741 ξι
2245 689 2257 748 )
2286 729 2299 750 .
2356 703 2518 757 quam
2562 689 2705 742 hunc
2748 689 2800 742 in
2849 691 3070 745 modum
3115 691 3427 759 auspicatur
3467 708 3479 742 :

1919 773 2267 844 Posteaquam
2304 787 2351 829 te
2380 778 2434 830 in
2465 777 2680 831 sublimi
2722 779 2904 832 throno
2943 770 3275 844 collocatum,
3311 795 3372 832 ac
3395 779 3481 832 lu-

1919 882 2124 919 cernam
2152 883 2214 920 ne
2242 867 2395 920 illam
2438 870 2644 937 quidem
2665 912 2678 932 ,
2727 871 2874 938 prius
2906 871 3117 924 obscure
3147 870 3420 931 lucentem,
3450 887 3482 924 a

1918 955 2122 1025 spiritu'
2150 958 2377 1024 victore,
2422 976 2581 1027 supra
2621 961 2992 1012 candrlabrum
3035 959 3198 1012 oculis
3251 959 3480 1011 omnium

1917 1049 2207 1116 expositam
2229 1065 2340 1104 esse
2365 1047 2621 1114 intellexi,
2646 1051 2855 1104 lretutus
2889 1067 3026 1114 simi,
3059 1051 3245 1119 fateor.
3285 1047 3481 1112 Quidni

1917 1128 2099 1191 enim?
2137 1155 2254 1191 cum
2291 1138 2546 1192 Ecclesite
2587 1156 2773 1208 corpus
2813 1141 2945 1193 ntale
2967 1141 3212 1209 affectum
3243 1154 3371 1200 esse,
3402 1146 3484 1189 at-

1917 1247 2016 1299 que
2045 1221 2347 1299 Imjusinodi
2386 1231 2545 1285 ductu
2575 1240 2625 1284 et
2659 1232 2860 1285 auxilio
2903 1248 3029 1300 opus
3062 1229 3248 1283 habere
3281 1228 3487 1296 conspi-

1918 1338 2106 1376 cerem.
2123 1328 2127 1333 “
2383 1382 2385 1384 ,
2628 1391 2637 1401 ⁸

1989 1411 2212 1478 Liceat,
2265 1415 2626 1470 illustrissimc
2663 1416 2901 1486 praesul;
2935 1424 3120 1486 aperte
3151 1426 3204 1470 et
3236 1415 3482 1484 ingenim.

1920 1503 2062 1558 bona
2089 1520 2213 1559 cum
2245 1506 2582 1560 celsitudinis
2603 1515 2791 1561 vestra:
2817 1506 2990 1569 venia,
3021 1506 3072 1560 id
3102 1505 3244 1576 quod
3272 1519 3357 1558 res
3379 1510 3483 1565 est,

1922 1595 2189 1665 proloqui.
2222 1595 2394 1650 Simul
2419 1606 2581 1666 atque
2604 1596 2767 1659 fama,
2793 1582 2993 1666 aliolpti
3023 1606 3129 1650 tam
3153 1595 3300 1664 pravi
3320 1606 3483 1662 quam

1923 1688 2056 1742 recti
2091 1699 2272 1755 tenax,
2305 1700 2359 1744 et
2394 1701 2503 1744 tam
2549 1691 2668 1744 falsi
2704 1707 2864 1760 quam
2894 1691 3003 1744 veri
3046 1691 3252 1754 nuntia,
3289 1688 3352 1742 avl
3387 1703 3486 1742 nos

1922 1780 2240 1835 electionem
2292 1781 2353 1836 C.
2404 1781 2463 1834 ν.
2517 1783 2744 1846 detulit,
2794 1792 2846 1836 et
2899 1783 3112 1851 quidem
3161 1769 3482 1844 verissime;

262 1862 411 1917 Anno
452 1865 826 1930 Coloniensis,
876 1865 1256 1921 Burclrhardus
1326 1864 1816 1929 llalberstatensis,
1854 1844 1894 1900 Β
1921 1871 2163 1923 omnium
2213 1872 2603 1925 catholicorum
2633 1912 2648 1937 ,
2693 1881 2962 1940 quotquot
3006 1871 3152 1935 vidi,
3200 1871 3358 1932 idem,
3392 1869 3485 1939 qui

222 1980 234 1987 -
263 1967 440 2008 omnes
459 1955 851 2024 archiepiscopi
873 1964 926 2008 et
941 1955 1205 2025 episcopi;
1241 1955 1477 2023 itemque
1501 1952 1819 2009 Wilhelmus

262 2042 420 2098 abbas
454 2034 852 2115 llirsaugiensis
874 2088 888 2108 ,
931 2047 1016 2099 vir
1049 2045 1323 2116 religionis
1376 2043 1632 2114 opinione
1675 2043 1818 2112 apud

257 2147 443 2190 omnes
473 2135 813 2202 decantatus,
846 2146 904 2190 ut
943 2137 1079 2191 alios
1111 2136 1320 2191 sileam.

323 2222 429 2279 Nec
446 2225 735 2281 defuerunt
761 2243 826 2280 ex
849 2226 1184 2281 eruditorum
1207 2236 1371 2290 cmtu,
1395 2226 1489 2295 qui
1517 2225 1817 2280 litteratum

264 2317 621 2370 monumentis
667 2317 968 2385 posteritati
1019 2311 1276 2370 bstatum
1332 2314 1605 2380 facerent,
1653 2332 1815 2385 quam

262 2404 468 2460 sedulus
489 2415 542 2459 et
569 2405 872 2462 indefessus
907 2406 1161 2462 Ecclesia:
1185 2415 1372 2475 pastor
1405 2405 1698 2474 Gregorius
1728 2404 1816 2457 \‘ll

263 2494 454 2559 fuerit,
513 2503 718 2564 quanta
781 2512 912 2550 cura
976 2504 1030 2550 et
1085 2496 1360 2566 vigilantia
1417 2495 1558 2549 ovile
1614 2494 1816 2548 Christi

264 2585 472 2649 rexerit,
506 2596 557 2648 et
592 2603 755 2655 quam
790 2588 1121 2641 mendaciter
1149 2597 1202 2641 et
1236 2587 1571 2642 calumniose
1605 2603 1637 2641 a
1672 2588 1817 2642 schi—

264 2683 486 2729 smatum
521 2678 794 2732 sator-ibus
829 2675 1162 2744 traducatur,
1202 2679 1360 2748 quasi
1394 2678 1448 2731 in
1482 2678 1598 2748 ipso
1639 2678 1816 2732 omnis

263 2765 494 2818 omnium
540 2767 818 2821 turbarum
869 2776 924 2822 et
956 2770 1327 2823 turbationum
1373 2784 1539 2824 causa
1572 2777 1627 2823 et
1658 2769 1816 2839 culpa

264 2850 490 2916 laeserit,
516 2861 608 2906 aut
634 2854 930 2908 etiamnum
963 2856 1182 2910 laet-eat.

326 2940 396 2994 Ex
436 2943 524 2996 his
551 2942 793 3013 Gregorii
821 2943 910 2996 Vll
935 2947 1287 3014 apologetieis
1306 2944 1686 3000 defensoribus
1706 2946 1814 3000 duo

263 3032 565 3086 claruerunt
593 3035 720 3087 olim
753 3035 808 3088 in
844 3034 1066 3090 Bavaria
1099 3037 1202 3091 sub
1234 3035 1466 3090 Henrico
1489 3035 1553 3088 ιν
1589 3046 1642 3090 et
1673 3035 1815 3090 Hen-

260 3121 367 3176 rico
400 3122 441 3174 ν
489 3125 704 3194 regibus
734 3135 788 3179 et
825 3127 1239 3196 imperatoribus
1263 3170 1278 3194 ,
1321 3127 1521 3183 Paulus
1565 3129 1814 3183 Bernrie-
1841 3165 1881 3220 ο

261 3214 451 3278 densis,
490 3226 544 3268 et
581 3216 857 3273 Gerochus
895 3218 1457 3289 Reicherspergensis;
1504 3221 1624 3285 sed,
1667 3223 1812 3290 quod

261 3300 564 3366 dolendum,
602 3319 790 3358 eorum
821 3322 920 3373 pro
949 3306 1208 3376 Gregorio
1241 3306 1328 3358 Vll
1365 3318 1714 3361 monumenta
1738 3309 1811 3362 ita

263 3388 401 3442 fuere
423 3401 569 3456 nata,
594 3394 748 3461 quasi
781 3404 904 3448 nata
934 3405 1041 3449 non
1071 3396 1109 3449 ft
1152 3406 1325 3462 ssent;
1351 3398 1509 3466 longa
1541 3387 1811 3453 oblivione

263 3483 596 3540 tenebrisque
623 3485 815 3538 obruta
855 3505 866 3538 :
898 3502 1019 3540 uua:
1059 3397 1349 3540 a/iiauando
1395 3489 1666 3540 exstitisse
1702 3489 1810 3540 fur-

263 3483 596 3551 tenebristu
623 3485 815 3538 obruta
855 3505 866 3538 :
898 3502 1019 3554 qua:
1059 3483 1349 3556 aliquando
1395 3489 1666 3544 exstitisse
1702 3489 1810 3544 for-

261 3587 350 3624 san
377 3573 796 3641 ignozassemns,
832 3577 934 3630 nisi
962 3576 1279 3660 Aventinus,
1311 3579 1404 3649 qui
1425 3569 1560 3634 vidit
1579 3588 1634 3634 et
1664 3581 1806 3651 legit,

260 3660 506 3717 indicium
531 3664 743 3721 fecisset
765 3667 816 3719 in
852 3667 1149 3722 Annalibus
1172 3668 1367 3723 Boicis.
1401 3668 1509 3723 Nec
1538 3671 1669 3725 vidit
1692 3680 1809 3725 tan-

260 3763 369 3808 tum
401 3757 718 3823 Aventinus,
741 3759 853 3821 scd,
886 3769 942 3813 ut
975 3760 1200 3822 videtur,
1229 3762 1462 3829 posteris
1488 3778 1704 3830 quoque
1727 3763 1808 3844 ig-

263 3842 410 3910 vidit,
443 3862 509 3899 ne
544 3847 804 3900 haberent
831 3863 969 3915 quos
1011 3847 1492 3905 Pseudobennonis
1527 3851 1580 3903 in
1605 3842 1808 3920 Grego-

259 3929 396 3994 Iium.
423 3932 511 3986 ΠΙ
547 3933 921 3992 furiosissimis
953 3937 1422 3992 criminationibus
1452 3949 1802 4008 opponerent.

261 4014 650 4090 Utcunque‘sit,
678 4025 899 4078 numine
923 4026 1060 4087 bene
1087 4027 1282 4089 amico,
1314 4027 1529 4080 tandem
1567 4028 1620 4080 in
1668 4028 1807 4080 Pau-

260 4104 366 4160 lum
399 4107 844 4178 Bernriedcnstitn
888 4113 1052 4168 variis
1087 4114 1140 4166 in
1179 4115 1519 4168 bibliothecis
1542 4115 1801 4180 studi..se,

261 4195 362 4250 imo
402 4206 455 4250 et
488 4198 646 4252 anxie
688 4199 973 4268 quaesitum
997 4241 1013 4266 ,
1057 4201 1238 4255 incidi.
1277 4199 1384 4255 Nec
1425 4201 1492 4255 de
1535 4201 1802 4267 Gerocho,

259 4287 401 4342 socio
463 4288 743 4358 scriptoris
775 4278 852 4342 ὀι
895 4290 1258 4345 calamitatum
1320 4307 1456 4361 quas
1523 4291 1721 4346 Paulus
1773 4309 1802 4345 a

257 4376 608 4434 schismaticis
631 4381 943 4448 pertulerat,
967 4397 1114 4450 spem
1140 4397 1354 4436 omnem
1383 4383 1595 4452 penitus
1625 4383 1797 4452 posui.

1919 1960 2047 2014 olim
2083 1959 2429 2026 Naziauzcni,
2473 1962 2682 2018 Basilio
2706 1964 2993 2032 episcopali
3031 1964 3164 2017 tiara
3209 1962 3486 2031 insignito,

1918 2049 2134 2103 animus
2177 2058 2232 2102 et
2277 2050 2444 2103 animi
2492 2049 2680 2113 index,
2725 2052 2900 2104 oratio
2951 2050 3051 2104 fuit
3087 2069 3097 2102 :
3134 2051 3319 2103 multis
3361 2064 3484 2102 cum

1881 2202 1883 2204 η
1918 2137 2176 2206 Gregorio
2202 2180 2216 2201 ,
2269 2137 2513 2209 Gregorii
2549 2138 2869 2193 Nazianzeui
2902 2148 3148 2208 parente,
3184 2141 3235 2191 in
3273 2139 3369 2191 has
3392 2154 3516 2209 ιιι-⁸

1916 2241 2007 2279 ces
2028 2228 2439 2295 erumpentibus
2465 2229 2636 2296 (epist.
2661 2229 2749 2292 22’),
2770 2230 2904 2281 inter
2923 2230 3074 2297 epist.
3106 2228 3483 2294 Nmianzcni):

1917 2315 2024 2367 Alii
2046 2317 2252 2385 quidem
2277 2318 2413 2369 atios
2439 2317 2650 2388 eligent,
2678 2328 2831 2387 atque
2855 2319 2908 2370 in
2933 2319 3156 2371 medium
3179 2326 3485 2386 proponent,

1919 2408 2166 2460 nimirum
2219 2425 2314 2476 pro
2364 2410 2473 2461 suis
2511 2411 2732 2479 quisque
2767 2412 3017 2475 moribus,
3055 2420 3148 2462 aut
3181 2411 3484 2472 comrnodis,

1917 2497 2354 2564 quemadmodum
2385 2499 2688 2568 lmjusmodi
2725 2502 2874 2554 rebus
2918 2501 3156 2555 arridere
3201 2502 3483 2553 consuerit.

1920 2585 2030 2640 Nos
2067 2605 2182 2641 vero
2213 2591 2501 2651 neminem;
2530 2608 2691 2660 neque
2713 2593 2850 2658 enim
2879 2592 2962 2660 fas
2985 2600 3080 2654 est,
3106 2608 3213 2646 non
3243 2593 3354 2658 jam
3387 2590 3484 2643 lla-

1916 2677 2059 2741 silio,
2090 2678 2181 2732 sezl
2209 2677 2393 2732 JOANNI
2439 2679 2749 2734 Goosrnmo
2792 2681 2856 2732 ab
2892 2681 3210 2742 Ascltausm,
3242 2680 3490 2748 prmferre

1914 2784 2207 2838 possumus.
2241 2768 2464 2839 Ecquem
2489 2771 2626 2823 enim
2660 2787 2724 2824 ex
2758 2771 3028 2834 omnibus,
3065 2787 3194 2839 quos
3230 2773 3484 2837 norimus,
3550 2801 3556 2806 -

1916 2856 1992 2910 rel
2019 2858 2126 2910 vita
2149 2857 2522 2925 probatiorem,
2554 2859 2633 2912 rel
2667 2862 2902 2912 sermone
2927 2877 2989 2912 ac
3028 2859 3269 2913 doctrina
3305 2860 3484 2913 valen-

1916 2949 2120 3012 tiorem,
2148 2950 2414 3018 magisque
2435 2951 2503 3001 ad
2537 2952 2744 3002 virtutis
2768 2950 3078 3019 elegantiam
3110 2951 3335 3018 undique
3369 2966 3485 3017 per-

1914 3036 2136 3104 politum
2171 3039 2526 3104 reperiemus?

1985 3125 2092 3180 Nec
2141 3143 2270 3181 sane
2303 3130 2571 3182 immerito
2599 3146 2888 3184 commune
2922 3130 3174 3200 gaudium
3219 3131 3483 3196 exoritur,

1915 3234 2038 3272 cum
2069 3220 2231 3272 alicui
2261 3219 2514 3274 Ecclesia:
2540 3221 2874 3290 gubernator
2896 3222 3116 3277 sedulus
3139 3233 3192 3277 et
3220 3221 3484 3277 in'omnes

1915 3317 2095 3374 partes
2126 3308 2364 3361 intentus
2391 3311 2702 3377 praeﬁcitur.
2741 3311 2895 3376 Nam,
2931 3322 2995 3366 ut
3015 3314 3154 3365 idem
3192 3313 3484 3379 Gregorius

1912 3395 1988 3448 ait
2021 3396 2192 3464 (epist.
2232 3397 2321 3459 ‘22)
2364 3417 2376 3450 :
2411 3397 2646 3451 Lucerna
2677 3403 2909 3467 corporis
2944 3409 3021 3452 est
3048 3401 3228 3452 oculus
3265 3417 3365 3452 non
3397 3400 3482 3451 hic

1913 3494 2114 3537 tantum
2149 3486 2237 3554 qui
2267 3502 2511 3554 corporeo
2545 3490 2696 3541 modo
2732 3491 2897 3541 cernit
2931 3507 2992 3541 ac
3029 3492 3277 3553 cernitur,
3309 3491 3398 3542 sed
3435 3492 3480 3542 is

1909 3578 2066 3628 etiam
2115 3579 2202 3645 qui
2226 3578 2576 3644 spiritualiter
2615 3590 2812 3648 spectat
2839 3593 2884 3633 et
2923 3591 3202 3650 spectatur.
3245 3580 3482 3651 Lucerna

1910 3675 2083 3720 autem
2121 3665 2369 3720 Ecclesia:
2398 3679 2472 3722 est
2509 3672 2795 3739 episcopus.
2829 3670 3014 3740 Itaque
3045 3653 3480 3740 quemadmodum

1910 3773 2026 3809 eum
2063 3758 2152 3810 ille
2181 3775 2306 3826 pure
2329 3769 2376 3811 et
2408 3762 2604 3828 integre
2628 3778 2680 3813 se
2715 3762 2887 3822 habet,
2912 3780 3096 3831 corpus
3120 3780 3320 3832 quoque
3349 3775 3481 3817 recte

1909 3846 2152 3908 ducitur;
2191 3863 2307 3898 cum
2335 3858 2508 3900 autem
2544 3850 2780 3917 impurus
2816 3860 2912 3913 est,
2945 3868 3045 3903 non
3079 3861 3214 3904 recte
3254 3868 3268 3903 :
3303 3855 3479 3905 consi-

1911 3935 2023 3986 mili
2043 3952 2242 4004 quoque
2267 3938 2484 4000 ratione,
2516 3939 2758 3990 utrolibet
2787 3940 2936 3991 modo
2965 3957 3073 3992 sese
3107 3939 3356 3994 lz'cclesia'
3378 3959 3478 3993 un-

1909 4026 2053 4077 tistes
2087 4026 2346 4092 habuerit,
2383 4030 2591 4081 omnino
2623 4030 2700 4081 rel
2719 4030 2942 4097 periculi
2976 4031 3052 4082 rel
3077 4030 3267 4081 salutis
3302 4033 3476 4097 parti-

1907 4128 2021 4180 ceps
2053 4129 2160 4166 esse
2195 4130 2396 4167 necesse
2426 4125 2521 4168 est.
2576 4115 2698 4169 Haec
2757 4117 3039 4170 verissime
3094 4116 3474 4172 sanctissimus
3525 4119 3528 4124 ’

1906 4199 2065 4262 simul
2102 4209 2156 4253 et
2182 4201 2531 4258 doctissimus
2571 4204 2858 4273 cpiscopus
2911 4205 3204 4275 Gregorius
3240 4204 3473 4260 Nazian-

1907 4306 2093 4344 renus.

1973 4377 2140 4432 Porro
2175 4395 2300 4433 eum
2338 4383 2439 4436 hoc
2471 4393 2710 4454 tempore
2742 4385 2794 4438 in
2827 4386 3156 4455 supellectile
3181 4401 3300 4440 mea
3332 4387 3474 4441 litte-

319 4466 553 4534 lnterea,
585 4471 713 4525 dum
755 4472 856 4526 iste
898 4473 1266 4543 investigatur,
1295 4483 1350 4528 et
1379 4489 1445 4528 ex
1487 4475 1713 4545 caligine
1752 4474 1803 4528 in
1840 4479 1882 4532 ι)
1908 4472 2049 4524 raria
2081 4481 2134 4524 et
2161 4472 2398 4539 libraria,
2437 4476 2570 4528 nihil
2615 4492 2724 4546 quo
2762 4477 2932 4530 c:-lsit.
2962 4476 3024 4529 ν.
3057 4473 3266 4544 partam
3295 4476 3472 4545 digni-

255 4554 420 4610 lucem
465 4559 787 4626 vindicatur,
835 4559 1058 4616 Paulum
1097 4565 1240 4618 notis
1288 4564 1611 4624 illustratum
1658 4563 1815 4634 foras

255 4647 461 4715 prodire
478 4648 648 4717 jussi;
681 4658 738 4703 et
774 4649 990 4719 quidem
1029 4653 1130 4706 sub
1152 4661 1247 4706 tuo
1291 4654 1608 4722 patrocinio,
1655 4669 1806 4707 reve-

258 4735 572 4790 rendissime
597 4745 654 4790 et
691 4736 1055 4796 illustrissime
1087 4742 1354 4811 princeps.
1401 4741 1630 4797 Decebat
1655 4741 1802 4796 enim

258 4826 384 4881 utin
405 4827 510 4882 hac
530 4827 744 4898 publica
769 4834 825 4882 et
844 4829 1070 4887 solemni
1099 4832 1370 4891 bonorum
1393 4836 1634 4890 omnium
1670 4835 1804 4888 laeti-

256 4917 344 4982 tia,
373 4920 572 4988 partim
606 4919 733 4986 sibi,
757 4920 973 4990 partim,
1002 4929 1221 4978 ἀνθιό
1252 4924 1617 4990 potissimum,
1646 4925 1802 4982 nobi-

256 5005 469 5065 lissima:
489 5003 1154 5079 Bambergensi'Ecclesie
1192 5018 1250 5063 et
1273 5010 1492 5065 ditecesi
1526 5014 1803 5082 gratulan-

259 5093 388 5150 tium
425 5097 500 5153 ob
542 5097 913 5154 celsitudinem
948 5095 1010 5150 V.
1061 5097 1128 5155 ad
1181 5097 1439 5154 thronum
1479 5098 1540 5161 S.
1573 5098 1802 5157 Othonis

257 5193 486 5243 nectam
525 5206 539 5242 :
568 5189 764 5258 partim
790 5204 1023 5259 quoque,
1060 5189 1147 5259 pia
1170 5198 1296 5244 vota
1320 5204 1420 5258 pro
1451 5190 1705 5245 celsitud.
1733 5192 1797 5248 V.

257 5271 504 5330 diuturna
541 5263 928 5344 incolumitate,
957 5286 1012 5334 et
1053 5279 1329 5348 auspicata
1367 5267 1802 5348 episcopatuset

257 5360 578 5434 κὶυόμιιιε
611 5370 1080 5440 administratione
1103 5371 1537 5440 suscipiendum,
1581 5384 1682 5439 ego
1711 5370 1801 5424 iti-

256 5451 456 5534 dem'ex
473 5455 704 5514 Bantia
723 5463 967 5532 concepti
1007 5465 1206 5534 passim
1237 5463 1416 5534 gaudii
1447 5462 1800 5534 signiﬁcatio-

255 5544 809 5614 nempalamdarem.

319 5629 449 5688 Cum
485 5632 544 5687 S.
570 5633 808 5691 Basilius
842 5638 909 5693 ad
944 5641 1460 5713 archiepiscopatum
1497 5641 1814 5700 Caesarient

257 5738 362 5779 seu
388 5725 660 5780 communi
705 5727 947 5783 omnium
997 5733 1304 5790 orthodoxae
1341 5735 1458 5791 ΙΗςὶ
1497 5734 1794 5790 amantium

1906 4571 2068 4616 tatem
2095 4565 2418 4632 gratularer,
2460 4576 2654 4634 prazter
2699 4566 2945 4632 Ρλιῖιωι,
2993 4567 3278 4634 reperirem
3307 4584 3334 4632 ;.
3360 4583 3469 4621 non

1904 4653 2143 4707 dubitavi
2180 4654 2324 4708 hunc
2352 4655 2419 4707 ad
2449 4656 2618 4709 celsit.
2646 4653 2709 4708 ν.
2745 4656 3060 4711 internuntii
3091 4659 3206 4712 vice
3250 4657 3467 4712 functu-

1904 4758 2052 4806 rum,
2088 4742 2353 4812 ablegare.
2392 4743 2446 4796 Si
2481 4745 2624 4798 enim
2665 4747 2823 4800 tertio
2859 4748 3056 4802 abhinc
3085 4733 3469 4801 anno-Prcdi-

1903 4841 2105 4885 cantem
2140 4831 2483 4901 Vapulantem
2511 4851 2540 4888 a
2566 4851 2650 4890 mc
2682 4837 2920 4891 oblatum
2950 4848 3056 4891 tam
3087 4835 3342 4890 benevole
3366 4848 3465 4890 ex-

1902 4923 2070 4992 cepit;
2116 4923 2246 4992 quid
2294 4925 2395 4978 sibi
2438 4924 2641 4980 Paulus
2687 4941 2797 4980 non
2831 4925 3026 4992 poterit
3055 4924 3332 4992 polliceri;
3371 4927 3464 4995 qui

1903 5016 2153 5085 pontilice
2175 5016 2430 5081 maximo,
2452 5026 2506 5068 et
2524 5015 2738 5083 quidem
2763 5014 2855 5068 tali
2890 5030 2951 5068 ac
2979 5023 3150 5079 tanto,
3175 5017 3466 5074 comitatus

1901 5108 2076 5171 venit;
2109 5123 2207 5161 nec
2237 5105 2486 5174 pontiﬁce
2514 5112 2746 5168 tantum,
2774 5106 2868 5159 sed
2890 5116 2944 5159 et
2973 5108 3267 5177 cardinale,
3290 5127 3464 5181 eoque

1901 5195 2204 5251 clarissimo
2230 5203 2285 5247 et
2312 5194 2684 5249 eruditissimo
2708 5193 2926 5278 Caesare
2964 5193 3235 5264 Baronio;
3286 5200 3458 5256 celsit.

1898 5293 2118 5350 vestrae,
2156 5285 2230 5339 nil
2265 5285 2480 5356 ambigo
2503 5328 2518 5352 ,
2571 5294 2790 5355 propter
2821 5301 3016 5341 aureos
3055 5288 3344 5342 Annalium
3378 5297 3462 5350 to-

1899 5390 2038 5441 mos,
2073 5376 2128 5430 in
2157 5390 2342 5432 arnore
2361 5384 2416 5429 et
2445 5376 2618 5446 pretio
2647 5393 2661 5428 :
2687 5391 2719 5430 a
2749 5390 2859 5444 quo
2895 5374 3238 5447 Calvinianas
3275 5391 3460 5444 asper-

1898 5467 2050 5538 gines
2081 5463 2531 5537 apologetica,'ut
2571 5467 2651 5522 sic
2684 5467 2903 5536 loquar.
2945 5466 3168 5534 spongia
3207 5466 3458 5530 abstersi,

1898 5557 2352 5628 quemadmodum
2372 5556 2504 5611 olim
2525 5555 2725 5612 Paulus
2745 5572 2778 5610 a
2801 5553 3059 5630 Gregorio
3082 5551 3170 5606 ιτιι
3198 5554 3481 5614 schisma-.

1898 5649 2051 5702 ticas.
2106 5645 2173 5699 Et
2224 5647 2326 5699 hoc
2371 5651 2574 5708 totum.
2620 5644 2877 5714 quidquid
2918 5649 3003 5696 est
3044 5642 3456 5718 lucubrationis,

1899 5757 1941 5791 σι
1963 5738 2067 5792 lsit.
2099 5735 2163 5793 γε
2197 5743 2250 5787 ut
2281 5733 2524 5801 libenter,
2550 5735 2625 5789 sic
2647 5742 2698 5788 et
2729 5739 3028 5787 reverenter
3050 5733 3169 5788 diro
3192 5743 3244 5791 ct
3269 5737 3457 5802 ollcro,
