4098 6402
586 526 593 533 ί
671 507 777 558 Ἦῧ

1871 486 1924 538 S.
1967 479 2359 537 lililiGURlL'S
2394 478 2481 530 \ll
2520 475 2714 528 l'Al’A.

3784 456 3858 511 9.2
3869 458 3896 509 ι

633 624 637 629 ’
672 620 842 668 donec
862 610 1062 681 aliquid
1082 609 1339 678 dignitate
1358 614 1410 659 et
1431 604 1643 673 fastigio
1660 601 1829 652 celsit.
1849 597 1911 650 Υ.
1928 596 2144 665 dignius
2159 608 2244 645 or-

2362 592 2677 643 ievolentem
2701 568 3039 637 .‘liecrualetu
3063 594 3223 649 quam
3246 576 3545 631 diutissime
3566 569 3896 627 incolumem

2637 675 2647 681 .
3186 667 3198 681 ι
3280 666 3291 677 ν
3393 673 3405 681 .
3474 660 3698 681 μιμλνιεξμ
3735 656 3869 681 ---1,

673 701 905 755 carro-rit
930 720 941 753 :
968 701 1074 751 lien
1095 696 1363 752 suluuisse
1389 692 1701 763 supplicans
1727 699 1780 741 ut
1810 686 2057 739 Ecclesia:
2080 681 2239 736 llam-

674 792 915 861 bergensi
935 790 1324 843 moderatorem
1347 783 1849 850 vigilantissinntm;
1872 773 2114 829 societati
2140 786 2239 824 no-

675 892 799 935 stre:
820 889 1105 949 patronum
1132 877 1487 945 singularem;
1511 881 1563 924 et
1593 867 1849 923 omnilnts
1873 862 2123 918 litteratis
2149 859 2235 913 be-

2333 686 2388 731 et
2419 675 2785 745 superstitem,
2813 684 3127 739 semperque
3167 666 3324 721 donis
3357 673 3411 718 et
3445 660 3702 718 subsidiis
3732 656 3898 712 cclc-

2336 765 2510 821 stibus
2540 762 2818 815 ﬂorentem
2851 766 3087 828 praestet.

2407 849 2738 921 lngolstadii,
2774 849 2835 901 ιε)
2863 836 3229 909 Martii,'auno
3256 838 3632 910 Redemptoris
3668 834 3826 891 ιθω.

1047 1176 1643 1244 PROLEGUMENA
1692 1172 1768 1231 IN
1820 1164 2074 1228 \'l'l'A.\l
2122 1158 2264 1220 (ηιμ

2359 1150 2501 1213 )uu
2549 1149 2661 1208 vn
2708 1123 3154 1206 rox'ririas’
3191 1136 3519 1200 uxxnu.

731 1350 867 1417 linJo
908 1357 976 1409 te,
1007 1346 1173 1397 amice
1204 1340 1408 1403 Lector,
1439 1349 1491 1389 ut
1519 1336 1665 1404 prius
1698 1333 1805 1383 Iure

753 1503 881 1565 Qui:
918 1500 1074 1569 fuerit
1128 1494 1325 1548 Paulus
1363 1488 1773 1545 Brrnriedensis.

752 1592 806 1645 IJ
833 1568 988 1645 unliis
1014 1588 1336 1658 explicatum
1371 1582 1517 1637 dabit
1544 1577 1841 1632 Aventinus
1875 1571 1967 1624 lb.
1999 1585 2028 1619 v
2063 1568 2242 1619 Anna—

684 1685 813 1737 lium
850 1683 1144 1751 llojortnn:
1189 1698 1206 1726 ι
1243 1675 1369 1745 Legi
1417 1672 1635 1732 multos,
1679 1664 1973 1736 pncsrrtim
2019 1658 2240 1712 Paulqu

687 1754 1149 1833 liJrnriedeusem,
1193 1767 1499 1821 Geroelnnu
1536 1761 2107 1824 Reicbersp‘rgensem
2148 1763 2242 1800 an-

686 1868 929 1927 tistitem,
973 1859 1394 1929 Augustinianos
1442 1853 1664 1924 .‘lystas,
1714 1849 1765 1901 in
1815 1843 2023 1912 Bojaria
2071 1849 2241 1892 ortos.

686 1955 923 2024 l'terque
968 1953 1034 2005 de
1081 1945 1454 2017 hujuscemodi
1504 1939 1773 1995 disi-ordia
1822 1932 2127 2004 perniciosa
2176 1929 2243 1980 li-

687 2049 812 2100 Irus
837 2044 1022 2105 edidit,
1058 2051 1281 2108 uterque
1323 2052 1447 2106 pars
1482 2034 1648 2102 bujus
1676 2028 1939 2084 tumultus
1975 2024 2091 2075 fuit.
2134 2017 2243 2083 Ille,

689 2134 1106 2205 Reginubnrgii;
1153 2132 1236 2182 hic
1259 2171 1273 2193 ,
1319 2128 1573 2196 Augustae
1603 2118 1874 2190 primarize
1913 2113 2041 2169 :edis
2068 2125 2246 2165 sacer—

684 2230 802 2285 dos.
830 2226 989 2279 ambo
1013 2224 1173 2276 rebus
1209 2213 1552 2273 llildebrandi
1582 2212 1856 2267 studuere.
1883 2203 2244 2272 Quamobrem

687 2320 902 2372 sedibus
950 2316 1112 2384 pulsi,
1144 2314 1197 2365 iu
1243 2310 1493 2365 exsilium
1531 2306 1635 2359 acti
1668 2311 1813 2358 sunt.
1857 2319 1874 2349 i
1912 2296 1987 2349 lta
2027 2292 2245 2346 Aventi—

692 2424 813 2461 utts.

757 2497 982 2569 Paulum
1010 2494 1177 2549 fuisse
1208 2490 1542 2546 sacerdotem
1582 2500 1677 2539 seu
1706 2479 2029 2537 canonicum
2069 2474 2247 2529 llatis-
2299 2516 2302 2520 λ

689 2590 980 2642 bonensem
1031 2588 1248 2655 planum
1290 2584 1355 2639 ,lit
1410 2598 1473 2632 ex
1523 2576 1640 2631 Vita
1698 2572 1922 2643 virginis
1971 2568 2247 2629 llerluc.e,

691 2696 808 2747 cap.
836 2680 903 2731 .ἱό
943 2688 994 2731 et
1024 2679 1051 2730 .i
1067 2678 1109 2730 ι.
1160 2674 1452 2729 liatisbona
1500 2670 1687 2739 pulsus
1722 2661 1996 2717 Bernriedi
2032 2676 2126 2715 Seu
2158 2656 2252 2711 Be-
2286 2664 2297 2674 ’

692 2771 889 2822 rouica:
943 2769 1248 2821 institutum
1301 2764 1701 2817 (lanuuii-orum
1749 2755 2092 2825 [tegularnnn
2136 2763 2251 2803 am-
2278 2799 2318 2852 Ο

692 2860 879 2927 plexus
920 2859 1147 2922 videtur,
1189 2873 1296 2909 non
1338 2854 1526 2923 prius:
1567 2853 1665 2906 etsi
1710 2851 1860 2920 prius
1893 2846 2055 2899 etiam
2087 2839 2250 2895 decli-

695 2950 885 3003 "1|"th
938 2948 1273 3003 llenriciaua:
1318 2946 1709 3015 persecutionis
1743 2956 1905 2995 causa
1956 2935 2248 2991 Ratisbona

696 3039 923 3092 subinde
946 3056 1003 3094 se
1029 3039 1310 3102 subduxit,
1340 3047 1395 3091 ut
1429 3055 1493 3090 ex
1529 3038 1716 3107 eadem
1744 3033 1977 3088 llistoria
2000 3030 2066 3083 de
2096 3029 2251 3082 beata

696 3130 904 3200 virgine
936 3128 1165 3185 llerlura
1194 3131 1380 3199 liquet.

765 3220 906 3275 Idem
939 3221 1236 3275 Aventinus
1259 3220 1386 3274 ibid.
1426 3240 1439 3273 :
1479 3239 1497 3270 ι
1540 3219 1881 3290 Gregorium,
1922 3217 2093 3268 vit-um
2131 3230 2255 3267 sau-

695 3315 997 3369 ctissimum
1042 3314 1457 3383 pervicaciorem
1505 3312 1798 3373 exstitisse,
1851 3307 2049 3362 Paulus
2090 3304 2256 3356 Bern-

698 3407 980 3467 riedeusis,
1018 3407 1110 3474 qui
1157 3407 1274 3473 ejus
1317 3403 1492 3459 Vitam
1523 3404 1677 3457 libris
1706 3403 1921 3457 duobus
1944 3398 2258 3468 complexus

694 3507 799 3559 est,
822 3507 875 3549 et
904 3498 1094 3565 reliqui
1122 3499 1239 3563 ejus
1263 3496 1495 3565 partium
1524 3496 1773 3551 acerrimi
1809 3502 2256 3563 propugnatores,

702 3589 953 3655 produnt.
1002 3607 1017 3637 ι
1068 3586 1261 3642 Nescio
1305 3588 1504 3655 quibus
1544 3588 1718 3640 oculis
1758 3588 2054 3640 Aventinus
2098 3584 2261 3639 Bern-

705 3677 1002 3729 i-iedensem
1037 3677 1241 3745 legerit.
1276 3675 1328 3727 lu
1364 3692 1483 3728 meo
1526 3686 1670 3729 certe
1706 3675 1877 3729 Paulo
1931 3676 2135 3739 nullum
2171 3689 2261 3727 ve-

702 3766 919 3831 stigium
954 3765 1033 3817 vel
1057 3764 1421 3818 accusationis
1442 3765 1524 3817 vel
1558 3774 1697 3817 notae
1729 3764 1891 3829 bnjus
1926 3764 1991 3817 de
2023 3762 2263 3831 pervica-

702 3854 784 3905 cia
811 3861 1051 3921 apparet.
1089 3851 1153 3905 Et
1180 3854 1314 3906 adeo
1356 3852 1650 3921 Gregorius
1682 3853 1733 3905 in
1773 3854 1873 3906 bac
1900 3867 2062 3906 causa
2090 3851 2264 3920 pervi-

701 3963 801 3998 cax
838 3962 942 3998 non
981 3943 1101 4007 fuit,
1139 3955 1198 3998 ut
1238 3945 1453 4013 quoties
1499 3943 1762 3999 llenricus
1809 3961 1932 4009 rex;
1984 3943 2065 3997 vel
2107 3941 2266 3995 mini-

704 4052 846 4089 mam
884 4036 1277 4089 emendationis
1313 4036 1764 4104 signiﬁcationem
1811 4026 1993 4098 daret;
2037 4049 2162 4086 eum
2210 4032 2264 4090 in

705 4128 932 4190 gratiam
966 4136 1017 4180 et
1051 4126 1490 4181 conuumnionem
1522 4127 1665 4180 sedis
1687 4126 1996 4194 apostolica:
2032 4125 2266 4193 recipere
2300 4118 2342 4171 D

706 4226 927 4285 paratus
963 4215 1145 4269 fuerit.
1200 4216 1357 4269 Certe
1412 4225 1621 4269 tantum
1679 4217 1866 4279 abest,
1909 4223 1967 4268 ut
2023 4212 2266 4268 Saxones

706 4309 1022 4376 Gregorium
1056 4306 1370 4377 pervicacia:
1399 4308 1701 4374 arguerint,
1739 4316 1798 4359 ut
1832 4320 1956 4358 eum
1990 4320 2270 4373 propemo-

707 4400 833 4449 dum
861 4398 1039 4449 nimiae
1082 4395 1417 4449 lentitudinis
1450 4397 1501 4448 in
1527 4394 1755 4447 llenrieo
1786 4394 2094 4448 damnando
2131 4373 2268 4446 insi-

708 4488 984 4550 mutarint,
1010 4486 1152 4540 datis
1182 4486 1251 4538 ad
1274 4500 1397 4538 eum
1431 4484 1694 4552 epistolis,
1720 4501 1857 4553 quas
1888 4502 2001 4540 sua:
2023 4483 2271 4538 Historia:

707 4582 771 4631 de
814 4580 953 4631 bello
1004 4578 1273 4631 Saxonico
1319 4576 1777 4630 Brunoiatexuit.
1828 4574 1892 4628 Et.
1938 4574 2053 4643 ipsa
2096 4575 2271 4628 oratio

707 4668 950 4737 liregurii
1000 4667 1064 4720 ad
1109 4666 1637 4734 sanetos‘apostolos
1666 4666 1883 4721 Petrum
1915 4675 1969 4719 et
2019 4662 2269 4728 Paulum,

706 4775 830 4811 cum
864 4758 1054 4811 ultimo
1094 4754 1383 4810 Ilenricum
1424 4756 1933 4820 excommunicavit,
1978 4756 2201 4810 recitata
2241 4772 2271 4813 ιι

708 4849 895 4912 l'anlo,
929 4848 1061 4901 satis
1088 4849 1323 4901 ostendit
1353 4864 1517 4915 quam
1561 4847 1694 4901 nihil
1731 4846 2025 4917 Gregorius
2068 4847 2172 4901 boc
2216 4848 2272 4900 in

708 4943 924 5011 negotio
947 4940 1296 5011 pertinaciter
1318 4940 1506 5008 egerit.

778 5053 958 5122 Pergit
980 5055 1275 5107 Aventinus
1316 5072 1327 5106 :
1361 5072 1379 5101 ε
1409 5050 1689 5105 Gerocbus
1710 5064 1927 5118 quoque
1959 5052 2090 5117 (quo
2115 5064 2275 5102 nemo

711 5148 891 5203 acrius
916 5144 1133 5213 scriptis
1168 5146 1320 5197 libris
1352 5143 1776 5197 Hildebrandum
1814 5150 2023 5194 tutatus
2053 5149 2156 5201 est,
2193 5150 2277 5192 ut-

712 5247 835 5306 pote
864 5236 956 5305 qui
981 5233 1212 5289 crimina
1238 5233 1438 5287 Caasari
1474 5233 1706 5300 objecta.
1741 5247 1862 5301 qme
1903 5230 2042 5299 apud
2069 5229 2275 5282 nullum

712 5326 876 5379 aliut’n
914 5325 1153 5395 legerim,
1191 5323 1446 5392 explicat)
1483 5322 1696 5374 tandem
1742 5337 1854 5374 sum
1900 5320 2071 5388 partis
2115 5320 2279 5386 perti-

714 5417 945 5480 naciam,
985 5433 1049 5470 ne
1072 5417 1245 5470 dicam
1281 5412 1620 5486 tyrannidem
1652 5411 1799 5464 bisce
1819 5410 2019 5470 verbis,
2056 5419 2278 5464 coactus

713 5505 956 5567 veritate,
1017 5514 1187 5557 notat.
1244 5524 1261 5554 ι
1323 5500 1825 5568 Romani,’inqnit,
1882 5499 1983 5552 sibi
2036 5498 2277 5551 divinum

719 5616 739 5650 ι
773 5606 1037 5667 usurpant
1088 5596 1369 5657 honorem,
1417 5594 1684 5649 rationem
1754 5600 2002 5645 actorum
2057 5589 2281 5643 reddere

720 5705 741 5737 ι
778 5687 991 5750 nolunt,
1031 5702 1129 5741 nec
1159 5686 1261 5741 sibi
1289 5686 1394 5740 dici
1423 5698 1579 5751 aequo
1604 5684 1786 5737 animo
1816 5683 1995 5736 ferunt
2028 5680 2175 5735 :Cur
2208 5680 2282 5733 ita

722 5795 742 5830 ι
773 5779 921 5849 agis?
960 5796 978 5828 ι
1011 5786 1114 5830 etc.

785 5869 1091 5927 Cerochuzn
1125 5885 1231 5923 non
1269 5869 1405 5932 vidi;
1457 5866 1660 5922 utinam
1695 5865 1986 5933 aliquando
2033 5864 2239 5918 videam
2269 5862 2281 5913 Σ

1833 1324 2123 1407 pra-loqui“
2148 1320 2311 1388 legas,
2339 1327 2491 1383 quant
2523 1311 2589 1362 ad
2614 1305 3041 1361 ronnmenlmium
3074 1304 3207 1355 hunc
3233 1300 3571 1355 (enitendum
3602 1299 3846 1353 accedas.

2280 1474 2319 1528 Β
2347 1465 2451 1517 Sed
2474 1479 2539 1516 ex
2582 1462 2649 1515 iis
2673 1476 2793 1529 qum
2815 1459 2885 1543 ple
2916 1457 3162 1512 Gerorbo
3194 1464 3381 1509 narrat
3424 1455 3537 1524 ipse
3581 1453 3909 1513 Aventinus.

2343 1562 2391 1605 et
2418 1568 2483 1604 ex
2519 1550 2766 1604 Aventini
2790 1540 3025 1615 ingenio,
3050 1560 3223 1613 exque
3254 1544 3358 1598 illis
3384 1543 3564 1596 itidem
3587 1558 3711 1611 quae
3736 1540 3912 1595 Paulo

2346 1638 2721 1694 lleruricdensi
2768 1634 2990 1704 attingit,
3031 1636 3300 1688 aestimare
3346 1618 3472 1686 licet
3511 1647 3619 1700 qua
3654 1630 3758 1684 lii-le
3794 1630 3914 1684 haec

2343 1730 2409 1782 de
2437 1727 2685 1782 Gerocbo
2712 1722 3022 1795 prodiderit.
3064 1722 3292 1775 Credam
3334 1721 3460 1774 talia
3496 1735 3525 1772 a
3556 1718 3807 1773 Gerocbo
3831 1716 3916 1771 ef-

2346 1823 2485 1883 fusa.
2522 1833 2645 1873 cum
2688 1815 2824 1871 meis
2857 1814 3127 1868 oculis~ea
3162 1811 3216 1863 in
3254 1809 3499 1864 Geroebo
3533 1809 3731 1877 legero.

2417 1910 2557 1962 Idem
2585 1904 2883 1957 Aventinus
2913 1919 2925 1954 :
2964 1919 2983 1949 ι
3020 1897 3220 1952 Paulus
3252 1895 3659 1950 Bernriedensis
3700 1903 3916 1959 narrat,

2345 2000 2655 2068 episcopum
2681 1990 2993 2061 quemdam,
3020 1989 3148 2042 dum
3170 2002 3269 2057 pro
3299 1988 3561 2040 concione
3589 1984 3920 2040 llildebrau-

2345 2090 2472 2144 dum
2504 2087 2792 2154 vituperat,
2826 2081 3050 2135 fulmine
3085 2087 3287 2133 tactum
3322 2094 3470 2143 esse;
3504 2077 3744 2146 dumque
3786 2091 3922 2146 age—

2350 2189 2429 2233 ret
2473 2177 2731 2239 animam,
2777 2173 2978 2227 dixisse
3014 2190 3027 2225 :
3077 2189 3096 2220 ι
3136 2168 3294 2239 Ignea
3340 2178 3532 2223 catena
3580 2167 3923 2223 constrictus

2351 2268 2537 2322 tralmr
2562 2265 2628 2318 ad
2663 2260 2909 2316 inferos:
2948 2261 3041 2323 ite,
3079 2259 3325 2312 nuntiate
3368 2258 3572 2313 (laesari
3613 2268 3673 2312 ut
3718 2257 3925 2327 resipi-

2350 2364 2542 2419 scat,et
2566 2350 2916 2422 tlagitium‘in
2952 2348 3143 2413 Deum,
3177 2347 3362 2401 divum
3401 2344 3641 2409 Petrum,
3674 2344 3796 2413 ejus
3833 2345 3921 2397 vi-

2348 2447 2579 2508 carium,
2603 2442 2975 2501 commissum,
3000 2438 3189 2493 olliciis
3216 2445 3550 2507 eompenset,
3579 2436 3685 2491 nisi
3708 2451 3798 2491 me
3821 2452 3926 2490 an-

2351 2538 2682 2592 tecedentem
2719 2542 2918 2587 aeterna
2955 2531 3218 2599 supplicia
3266 2529 3524 2596 subsequi
3551 2528 3720 2582 malit.
3756 2547 3777 2579 ι
3824 2526 3927 2580 Ευ-

2349 2629 2469 2682 dem
2505 2638 2724 2695 quoque
2768 2622 2877 2686 die,
2916 2635 3107 2688 nempe
3146 2616 3519 2680 Paschalibus,
3565 2624 3767 2684 quarto
3811 2613 3926 2668 Ka-

2351 2720 2537 2774 lendas
2568 2714 2764 2778 Martii,
2821 2721 2882 2767 ut
2932 2712 3071 2766 idem
3126 2709 3326 2764 Paulus
3367 2708 3577 2772 recitat,
3629 2706 3928 2776 episcopus

2354 2808 2647 2879 Spirensis,
2700 2803 2963 2875 Gregorio
3019 2802 3252 2879 septimo
3300 2788 3544 2867 iniquus,
3604 2797 3675 2852 ab
3728 2796 3928 2851 eodem

2353 2899 2602 2954 Kalendis
2625 2895 2799 2951 Martii
2829 2894 3079 2956 devotus,
3117 2891 3354 2945 animam
3395 2888 3612 2942 efflavit.
3660 2886 3929 2956 Gregorio

2354 2993 2637 3045 Salernum
2671 2985 2898 3056 profugo
2933 2984 3191 3045 intrante,
3234 2978 3368 3034 civis
3409 2979 3629 3047 quidam
3657 2977 3877 3031 dixerat
3912 2993 3927 3030 :

2359 3104 2375 3132 ι
2399 3081 2604 3134 Auctor
2620 3073 2998 3136 dissensionis,
3022 3070 3113 3141 qui
3138 3078 3311 3124 totum
3332 3067 3519 3121 orbem
3545 3075 3816 3120 terrarum
3840 3080 3931 3118 ar-

2357 3172 2461 3226 mis
2493 3179 2547 3223 et
2573 3150 2730 3221 bellis
2761 3163 3007 3224 involvit,
3052 3159 3216 3227 hujus
3245 3157 3396 3212 urbis
3438 3169 3658 3227 quoque
3684 3153 3929 3222 quietem

2356 3259 2779 3316 conturbaturus
2800 3251 3035 3308 advenit.
3067 3268 3086 3301 ι
3116 3247 3238 3303 Mox
3276 3247 3386 3312 ille,
3410 3246 3495 3300 his
3514 3228 3696 3308 dictis,
3731 3242 3933 3297 obmu-

2359 3352 2511 3409 trsrit
2547 3370 2559 3404 :
2587 3349 2849 3404 deductus
2879 3344 2944 3399 ad
2967 3341 3286 3412 Gregorium
3312 3379 3327 3404 ,
3350 3351 3591 3392 errorem
3615 3348 3777 3389 suum
3803 3346 3934 3390 con-

2358 3447 2558 3506 litetur,
2591 3440 2659 3493 ab
2690 3438 2879 3492 eodem
2912 3432 3130 3489 sanitati
3161 3429 3482 3484 restituitur.
3512 3425 3739 3479 Benried
3765 3424 3934 3479 colle-

2360 3532 2505 3602 gium
2540 3537 2625 3583 est
2649 3525 2928 3581 flaminum
2976 3519 3354 3591 Augustalium
3392 3514 3687 3586 superioris
3720 3512 3931 3569 Vinde-

2360 3621 2516 3685 liciae,
2563 3608 2783 3688 propter
2824 3613 3048 3668 Verrem
3107 3613 3307 3674 lacum,
3356 3622 3522 3676 supra
3584 3603 3933 3660 Monacbium

2361 3709 2669 3779 quindecim
2691 3705 2857 3759 millia
2883 3708 3167 3772 passuum,
3211 3698 3283 3752 ibi
3313 3697 3556 3751 llerlnca:
3601 3703 3830 3749 sacratae
3865 3693 3936 3748 fe-

2364 3801 2523 3854 mina:
2573 3796 2883 3868 sepulcrum
2937 3791 3261 3847 ostenditur.
3330 3787 3406 3842 Ea
3470 3786 3560 3841 illa
3611 3792 3935 3855 tempestate

2363 3890 2516 3952 vixit,
2551 3897 2606 3943 et
2646 3884 2929 3942 nocturnis
2961 3897 3243 3954 superum,
3272 3889 3327 3935 et.
3365 3878 3596 3933 inferum
3622 3876 3933 3947 congressi-

2366 3979 2489 4044 bus,
2514 3976 2843 4043 secretisque
2873 3970 3161 4040 colloquiis
3197 3968 3458 4021 interesse
3491 3972 3773 4028 consueta,
3806 3977 3936 4016 nar-

2367 4083 2488 4121 rare
2518 4066 2676 4120 solita
2711 4063 2838 4127 fuit;
2872 4067 3184 4114 exsecratus
3206 4057 3422 4111 flamma
3454 4054 3702 4108 omnium
3727 4051 3930 4105 arden-

2368 4156 2575 4210 tissima
2608 4150 2926 4207 excruciari.
2965 4169 2982 4197 ι

2440 4229 2563 4299 llaec
2604 4242 2809 4305 omnia,
2866 4248 2926 4292 ut
2970 4238 3040 4290 ab
3094 4226 3361 4289 Aventino
3415 4237 3931 4292 commemorantur.

2368 4338 2584 4387 exstant
2614 4328 2666 4382 in
2724 4328 2847 4392 hac,
2905 4340 3069 4396 quam
3114 4337 3265 4377 nunc
3308 4319 3644 4389 evulgamus,
3689 4314 3935 4384 Gregorii

2370 4421 2513 4487 Vita,
2550 4429 2609 4474 ut
2644 4428 2698 4474 et
2731 4418 2817 4472 illa
2847 4434 2968 4488 qua:
2992 4416 3060 4471 de
3086 4412 3355 4478 Rulando,
3403 4408 3683 4464 Parmensi
3715 4407 3932 4469 clerico,

2369 4521 2424 4567 et
2456 4512 2523 4566 de
2556 4526 2649 4563 ovo
2670 4508 2979 4577 prodigiose
3013 4509 3423 4559 commemorat.
3471 4499 3575 4553 Ille
3610 4492 3933 4569 (Bulandus)

2372 4602 2458 4653 vix
2480 4615 2571 4667 ope
2596 4596 2835 4667 Gregorii
2870 4594 2968 4665 (ita
3000 4591 3199 4646 Paulus
3241 4589 3428 4655 refert)
3466 4589 3650 4642 evasit.
3689 4586 3755 4640 Et
3774 4583 3933 4655 quid-

2371 4689 2501 4761 quid
2555 4686 2854 4743 Aventinns
2909 4685 3016 4739 illic
3064 4681 3272 4741 scribit.
3333 4679 3385 4733 id
3444 4677 3611 4731 ferme
3658 4691 3725 4731 ex
3771 4674 3935 4729 Paulo

2373 4778 2748 4834 Bernriedensi
2808 4777 3121 4843 decerptum
3171 4787 3294 4827 esse
3317 4811 3333 4836 ,
3393 4768 3676 4839 perspicue
3727 4766 3937 4823 docebit

2374 4868 2750 4922 Aventinianze
2780 4863 3112 4918 narrationis
3138 4872 3260 4915 cum
3284 4861 3387 4913 hac
3410 4856 3530 4911 Vita
3561 4856 3797 4912 collatio.
3830 4854 3933 4908 Ex-

2374 4958 2517 5027 eipio
2541 4966 2721 5011 tamen
2744 4955 3047 5010 calumnias
3068 4966 3206 5021 quas
3238 4949 3537 5003 Aventinus
3558 4961 3673 5001 sua:
3702 4944 3936 5001 historic

2377 5048 2602 5103 subinde
2640 5047 2901 5117 aspergit;
2947 5060 3072 5098 nam
3109 5043 3209 5096 bas
3250 5048 3342 5095 aut
3386 5040 3500 5108 ipse
3544 5052 3611 5093 ex
3643 5052 3748 5092 suo
3768 5035 3936 5105 capite

2376 5139 2613 5202 extudit;
2648 5147 2741 5191 aut
2774 5152 2839 5190 ex
2885 5133 3144 5204 Apologia
3193 5129 3516 5184 innominati
3564 5127 3806 5182 auctoris
3841 5138 3934 5194 pro

2379 5230 2610 5285 llenrieo
2634 5227 2701 5281 ιν
2749 5227 2987 5295 accepit;
3019 5234 3075 5278 et
3099 5222 3253 5276 valde
3288 5220 3535 5289 suspicor
3578 5217 3813 5271 indidem
3846 5215 3936 5271 de-

2379 5328 2682 5389 promptum
2741 5318 2881 5369 hanc
2937 5312 3205 5367 Aventino
3261 5309 3668 5365 assertionem:
3728 5326 3749 5358 ι
3804 5304 3934 5373 Opes

2380 5424 2596 5481 quoque
2650 5406 3077 5470 ecclesiasticas,
3121 5403 3320 5473 quibus
3379 5396 3645 5453 hactenus
3686 5408 3934 5469 pauperes

2381 5500 2686 5563 alebantur,
2708 5497 2973 5550 militibus
2995 5503 3051 5548 et
3073 5494 3151 5547 rei
3174 5491 3376 5545 bellica:
3406 5488 3596 5558 peritis
3618 5487 3840 5556 largitus
3857 5488 3937 5536 est

2385 5588 2699 5659 (Gregorius
2722 5586 2856 5655 Vll).
2884 5584 3040 5651 Quod
3065 5590 3120 5636 et
3149 5576 3553 5635 Hildebrandini
3595 5574 3868 5630 Gerocbus
3885 5578 3936 5625 et

2384 5679 2587 5733 Paulus
2624 5692 2731 5731 non
2768 5674 2977 5729 inlicias
3026 5678 3177 5733 euut,
3214 5678 3267 5723 et
3301 5670 3387 5722 hic
3414 5706 3430 5730 ,
3485 5673 3744 5731 tanquam
3781 5661 3933 5715 bene-

2340 5766 2350 5776 ’
2388 5770 2587 5824 factum
2611 5774 2852 5827 excusat,
2876 5772 2930 5818 et
2965 5763 3017 5815 id
3046 5762 3205 5815 licere
3238 5756 3494 5815 defendit.
3534 5774 3553 5806 ι
3587 5752 3705 5808 Non
3732 5749 3934 5807 invenio

2391 5860 2529 5913 bane
2570 5855 2970 5912 excusationem
3005 5861 3056 5907 et
3080 5849 3441 5906 defensionem
3469 5845 3523 5900 in
3546 5837 3730 5899 nostro
3758 5838 3930 5896 Paulo.

3810 6196 4039 6299 ..Α
