4098 6428
646 533 753 590 2‘37

1836 525 1893 578 S.
1933 522 2275 578 GREGOIllL
2287 522 2324 575 S
2342 524 2386 579 iV
2400 523 2440 573 ll
2475 515 2670 573 PM’A.

3754 504 3855 559 338

653 658 896 701 normam
931 651 984 697 et
1010 642 1235 705 electus,
1260 623 1315 695 et
1344 646 1623 708 promotus
1658 635 1851 701 fuerat,
1881 635 2206 690 obdormivit
2235 638 2277 691 Α
2305 617 2533 686 brandus
2558 632 2656 684 fuit
2684 629 2973 698 Gregorius
3005 625 3111 680 \‘ll.
3146 623 3369 679 liorem)
3402 626 3566 691 enim,
3594 624 3789 680 ducem
3814 634 3869 679 ct

653 734 708 787 in
734 732 957 789 Domino
986 745 1129 785 anno
1158 729 1331 783 aetatis
1353 742 1464 782 sua:
1487 742 1571 792 ev,
1602 745 1620 775 ι
1646 734 1747 779 etc.
1794 785 1799 787 _

722 819 846 878 Harc
875 824 955 874 vir
990 822 1075 875 ille
1102 820 1449 889 doctissimus
1471 827 1525 872 et
1557 815 2001 871 humanissimus.
2033 814 2077 867 Α
2098 828 2207 883 quo

652 922 832 968 tamen
881 913 947 966 de
992 912 1223 981 epitomc
1273 911 1363 963 vix
1415 909 1759 978 persuadeor.
1811 905 1944 960 Nam
1995 906 2049 959 in
2107 905 2208 958 hac

653 1011 849 1063 nostra
882 1001 1114 1055 llistoria
1157 1000 1290 1058 adeo
1334 998 1452 1052 fuse
1495 996 1738 1067 Gregorii
1787 994 1877 1048 Vll
1912 1010 1999 1047 res
2047 1001 2209 1062 gesta:

652 1094 1031 1148 describuntur
1063 1092 1304 1161 (excepta
1345 1089 1655 1159 Berengarii
1687 1087 2053 1149 damnatione,
2090 1099 2210 1153 qua:

654 1200 686 1241 a
721 1185 887 1241 Paulo
913 1184 1237 1256 praeteritur)
1266 1191 1326 1238 ut
1363 1198 1521 1239 nemo
1560 1183 1819 1252 majorem
1842 1181 2051 1249 copiam
2098 1193 2211 1232 me-

656 1276 765 1329 rito
798 1273 1102 1328 desiderare
1131 1273 1319 1341 pessit.
1366 1306 1377 1323 ι

728 1360 783 1415 ln
807 1362 907 1416 hac
933 1361 1113 1415 itidem
1137 1360 1465 1430 Gregoriana
1486 1357 1722 1413 Historia
1744 1372 1809 1411 ex
1832 1365 2011 1413 vetere
2031 1370 2228 1410 enim--

658 1450 793 1520 piari
821 1450 1193 1513 exscribenda,
1225 1458 1279 1503 et
1318 1464 1443 1502 cum
1490 1447 1824 1517 autographo
1865 1444 2209 1509 conferenda,

659 1539 926 1608 egregiam
958 1536 1114 1607 piam:
1147 1548 1202 1592 et
1224 1537 1557 1592 fructuosam
1583 1536 1861 1591 catholicas
1884 1536 1961 1589 rei
1994 1549 2211 1604 operam

658 1627 801 1695 cepit
824 1624 887 1678 ll.
927 1625 986 1678 Ρ.
1029 1625 1292 1696 Georgius
1334 1624 1568 1680 Sturnus
1604 1624 1878 1679 societatis
1908 1631 2126 1689 nostrze,
2159 1623 2212 1675 in

660 1717 883 1787 collegio
925 1714 1218 1770 Viennensi
1250 1715 1603 1784 philosophiae
1637 1712 1929 1783 professor,
1969 1712 2055 1767 cui
2088 1727 2217 1781 pro-

661 1808 806 1872 inde,
849 1814 909 1860 ut
949 1814 1004 1859 et
1045 1805 1254 1859 clariss.
1306 1804 1684 1874 Tengnagelio,
1725 1802 1924 1857 Paulus
1965 1801 2215 1855 Bernrie-

661 1898 844 1953 densis
880 1897 1105 1952 salutem
1130 1896 1402 1965 vitamque
1432 1910 1617 1959 suam;
1643 1902 1698 1947 et
1720 1908 1910 1948 omnes
1929 1892 2040 1946 veri
2064 1907 2214 1945 ama-

662 1996 828 2052 tores,
852 1995 906 2040 et
929 1984 1411 2042 Schismatieorum
1434 1994 1596 2053 atque
1621 1981 2009 2036 Haereticorum
2029 1994 2219 2034 osores

2386 1969 2429 2019 A
2462 1967 2714 2036 pradicta
2762 1964 3120 2035 originatione
3170 1979 3275 2019 non
3321 1964 3550 2019 multum
3604 1966 3715 2019 abit
3772 1966 3892 2020 alia'

664 2076 892 2147 grandes
927 2064 1128 2145 gratias
1164 2074 1379 2129 debent.
1422 2071 1636 2127 Utinam
1683 2073 1913 2126 alterum
1946 2071 2220 2140 exemplar

666 2165 905 2222 nancisci
938 2164 1199 2219 licuisset.
1236 2161 1349 2232 Ego
1388 2170 1535 2216 certe
1568 2170 1627 2215 ut
1662 2161 2021 2225 nanciscerer,
2057 2160 2219 2215 nullis

665 2260 941 2315 laboribus
954 2258 1186 2329 peperci.
1211 2256 1313 2315 Sed
1331 2256 1529 2311 frustra
1551 2255 1651 2310 feci
1667 2273 1681 2320 ;
1698 2255 1958 2309 hactenus
1971 2253 2185 2323 quidem
2201 2270 2216 2318 ;

665 2350 761 2404 sed
783 2362 889 2403 non
910 2346 1154 2416 despero.
1181 2345 1317 2410 Erit,
1343 2345 1435 2413 qui
1459 2360 1488 2399 a
1512 2343 1666 2398 nobis
1687 2344 1938 2417 inchoata
1959 2342 2218 2411 perﬁciat,

667 2437 830 2493 etiam
865 2437 1109 2492 Gerocho
1137 2436 1191 2489 in
1218 2436 1391 2490 lucem
1426 2442 1688 2490 extracto.
1717 2433 1857 2500 Fiat,
1888 2434 2012 2500 ﬁat;
2049 2448 2228 2502 neque

667 2526 810 2580 enim
854 2525 997 2580 aliud
1039 2525 1276 2579 occurrit
1317 2538 1426 2593 quo
1458 2523 1784 2577 desiderium
1827 2537 2006 2576 meum
2051 2522 2221 2590 expli-

667 2631 803 2673 cem.

979 2707 1056 2762 De
1096 2708 1492 2778 etymonomim‘s
1532 2706 1901 2761 Hildebrandt'.

738 2795 919 2852 Placet
959 2798 1146 2852 audire
1172 2797 1303 2866 quid
1343 2796 1762 2865 originationum
1812 2797 2222 2866 investigatores

640 2887 737 2943 Ade
756 2896 945 2959 etymo
978 2888 1142 2958 h‘ujus
1173 2888 1419 2942 vocabuli
1452 2887 1843 2941 Hildebrandus
1872 2887 2217 2953 tradiderint;

670 2994 794 3034 cum
816 2978 959 3034 enim
984 2976 1197 3033 sectarii
1223 2977 1326 3031 hoc
1347 2992 1545 3032 nomen
1564 2964 1775 3047 semper
1794 2978 1850 3032 in
1872 2994 1966 3032 ore
1991 2993 2222 3033 cucum-

671 3066 866 3134 i'erant,
897 3075 951 3121 et
980 3065 1297 3136 Gregorium
1340 3063 1429 3119 VII
1455 3082 1646 3135 papam
1689 3067 1777 3121 vix
1810 3083 2049 3138 unquam
2089 3067 2220 3122 Gre—

618 3202 621 3203 ν
672 3159 895 3226 getiam,
929 3155 1023 3212 sed
1065 3155 1177 3210 fere
1200 3171 1412 3225 semper
1435 3155 1853 3216 Hildebrandum
1882 3157 2218 3225 appellitent,

2302 723 2715 791 antesignanum
2760 735 2819 774 se
2869 718 3094 788 prmbuit
3136 718 3208 770 illi
3255 716 3543 781 exercitui,
3591 715 3657 769 ad
3701 731 3864 783 quem

2303 812 2418 866 haec
2451 809 2679 879 apostoli
2720 807 2915 876 Ephcs.
2943 823 2995 860 vt
3039 805 3344 860 exhortatio
3380 813 3593 859 exstat:
3651 824 3669 855 ι
3716 803 3869 857 State

2303 914 2430 969 ergo
2464 897 2721 953 succincti
2755 897 2969 949 lumbos
2994 903 3203 948 vestros
3244 894 3297 947 in
3335 894 3577 957 veritate,
3603 902 3658 946 et
3692 892 3869 946 induti

2304 990 2526 1043 loricam
2580 988 2822 1056 justitiae,
2880 996 3021 1050 etc.,
3074 992 3129 1039 et
3190 984 3394 1054 galeam
3462 983 3652 1037 salutis
3711 998 3872 1037 assu-

2306 1078 2455 1143 mitc,
2491 1097 2509 1128 ι
2553 1085 2657 1131 etc.
2690 1075 2900 1142 Quanta
2936 1075 3082 1128 enim
3132 1073 3269 1127 bella
3318 1073 3478 1127 heros
3518 1072 3641 1139 iste,
3687 1080 3762 1135 et,
3806 1083 3873 1139 ut

2306 1167 2560 1223 Germani
2602 1168 2890 1237 appellant,
2937 1164 3105 1219 Helde
3149 1165 3208 1235 (a
3247 1180 3357 1234 quo
3396 1162 3663 1218 Lutherus
3704 1162 3874 1218 Hilte-

2307 1259 2499 1314 brandi
2530 1274 2725 1312 nomen
2768 1257 3004 1326 deducit)
3050 1256 3365 1325 susceperit,
3404 1264 3459 1309 et
3491 1254 3717 1310 feliciter
3762 1264 3875 1310 tam

2308 1356 2499 1403 contra
2522 1346 2875 1419 aspectabiles
2895 1360 3059 1415 quam
3090 1345 3499 1413 inaspectabiles
3528 1345 3711 1399 hostes
3738 1359 3875 1398 con-

2310 1435 2515 1500 iecerit,
2541 1434 2761 1512 abunde
2774 1435 2969 1488 docent
2995 1449 3117 1488 cum
3145 1434 3255 1496 alii,
3288 1442 3401 1486 tum
3430 1431 3629 1486 Paulus
3654 1440 3876 1494 noster;

2310 1523 2382 1577 ita
2424 1532 2485 1575 ut
2516 1536 2624 1576 non
2671 1521 2775 1576 nisi
2818 1530 2951 1574 nutu
2976 1520 3160 1577 divino
3201 1519 3533 1574 Hiltehrandi
3579 1535 3777 1575 nomen
3826 1520 3879 1574 ei

2310 1612 2561 1682 primitus
2582 1611 2852 1681 obtigerit,
2885 1625 2984 1679 pro
3019 1600 3185 1679 cujus
3219 1619 3328 1664 tam
3363 1611 3591 1665 honesta
3613 1611 3881 1681 etymolo-

2312 1700 2426 1770 gia,
2469 1706 2554 1753 est
2595 1699 2740 1767 quod
2786 1697 3054 1764 Luthero,
3104 1698 3308 1767 alioqui
3365 1699 3881 1766 immerantissimo,

2313 1787 2514 1857 gratias
2536 1802 2761 1857 agamus
2790 1805 2802 1839 :
2850 1786 2897 1842 si
2935 1794 3114 1840 tamen
3159 1785 3427 1843 Lutherus
3460 1795 3544 1842 est
3588 1797 3777 1844 auctor
3812 1789 3882 1843 li-

2313 1880 2457 1943 belli,
2497 1878 2562 1932 de
2588 1893 2698 1947 quo
2731 1885 2909 1931 antea.

2319 2056 2558 2110 Goldasti
2589 2053 2912 2120 Calviniani,
2946 2055 3039 2123 qui
3074 2054 3128 2107 in
3161 2056 3305 2109 notis
3338 2054 3404 2109 ad
3425 2054 3738 2110 Partenescs
3774 2054 3887 2127 Ty-

2319 2145 2449 2201 rolis
2500 2143 2787 2198 Scotorum
2838 2143 2980 2213 regis
3030 2152 3185 2213 putat
3232 2159 3328 2199 eos
3377 2145 3470 2213 qui
3530 2146 3889 2200 nominantur

2319 2233 2500 2299 Cella,
2543 2234 2815 2288 veteribus
2854 2233 3021 2289 fuisse
3061 2232 3245 2299 Cheld,
3277 2243 3373 2288 aut
3410 2235 3745 2303 aspiratione
3778 2236 3888 2291 du-

2318 2325 2514 2392 plicata
2545 2323 2736 2387 Hheld,
2764 2323 2857 2392 qui
2892 2323 3048 2377 nobis
3083 2338 3228 2377 nunc
3259 2322 3417 2377 Held.
3448 2323 3537 2379 Sic
3567 2324 3886 2379 Hiltebran-

2319 2415 2446 2466 dum
2489 2414 2715 2478 dictum,
2768 2412 2923 2482 quasi
2969 2411 3146 2467 Cltelte
3192 2410 3351 2477 Bron,
3405 2413 3508 2468 hoc
3550 2423 3634 2469 est
3676 2413 3888 2469 Celtam

2320 2505 2617 2569 Brennum;
2652 2514 2708 2559 et
2748 2506 2817 2559 ab
2858 2504 3045 2559 eadem
3081 2504 3290 2575 origine
3331 2506 3657 2561 descendere
3697 2506 3887 2561 itidem

2230 2649 2259 2667 ,ι
2320 2594 2462 2650 ista:
2508 2593 2784 2661 Hiltebolt,
2832 2594 3114 2661 Hiltiman,
3167 2594 3430 2650 Hiltiwin.
3481 2594 3546 2651 Et
3593 2597 3888 2652 mulierum

2319 2686 2540 2740 nomina
2584 2685 2866 2756 Hiltlgart,
2904 2685 3131 2768 Hiltrut,
3166 2686 3460 2757 Hiltegunt,
3497 2688 3744 2754 Adllln'lt,
3781 2689 3889 2743 Re-

2320 2773 2528 2843 ginln'lt.
2568 2773 2669 2828 Ubi
2705 2776 2902 2849 iterum
2938 2777 3108 2841 vides,
3144 2777 3199 2830 in
3220 2776 3581 2835 -Hildebrandi
3615 2779 3889 2834 vocabulo

2321 2862 2455 2915 nihil
2489 2876 2609 2917 esse
2637 2858 2896 2932 fuférnale
2925 2880 3021 2919 seu
3056 2864 3388 2933 Tartareum,
3420 2876 3480 2921 ut
3509 2869 3746 2925 haeretici
3776 2870 3889 2925 cri-

2322 2951 2619 3017 minantur,
2645 2951 2739 3021 sed
2767 2952 2951 3006 omnia
2979 2952 3217 3020 hernica,
3239 2955 3308 3008 ab
3334 2953 3484 3008 Celta
3509 2971 3606 3011 seu
3639 2955 3813 3010 Herae
3834 2966 3890 3012 et

2321 3041 2492 3111 galea.

2390 3154 2689 3209 Aventinus
2711 3154 2765 3208 in
2782 3152 3198 3212 Nomenclatura
3218 3157 3559 3226 propriorum
3578 3157 3885 3213 nominum.

586 3301 591 3305 ,
671 3245 947 3314 dispicere.
973 3250 1204 3313 oportet,
1235 3260 1363 3298 num
1404 3245 1474 3298 sit
1507 3245 1772 3313 ejusmodi
1814 3262 2030 3311 nomen,
2078 3247 2223 3317 quod
2251 3292 2288 3317 ρ
2326 3241 2471 3308 Hclt,
2519 3241 2707 3296 Heroa.
2753 3242 2921 3313 Hyld,
2967 3243 3135 3311 Huld,
3177 3262 3327 3298 amor
3369 3256 3465 3300 est.
3519 3246 3889 3317 Hyldeprand,

674 3332 932 3404 Gregorio
952 3333 1133 3403 probri
1164 3334 1284 3388 loco
1307 3336 1487 3404 oggeri
1504 3336 1624 3403 jure
1647 3344 1826 3405 queat,
1858 3345 1912 3390 et
1939 3352 2068 3390 num
2092 3337 2224 3392 satis

674 3439 853 3479 causa:
876 3424 1127 3489 habeant,
1147 3439 1243 3478 cur
1259 3423 1674 3479 Hildebrandum
1711 3427 1763 3480 in
1793 3425 2220 3492 Hellebrandum,

674 3521 880 3569 veteres
908 3513 1279 3569 schismaticos
1308 3514 1521 3579 imitati,
1549 3514 1953 3571 transforment.

744 3607 1058 3678 Anonymus
1091 3606 1157 3661 de
1203 3606 1432 3676 propriis
1462 3606 1772 3662 nominibus
1810 3606 2221 3672 Germanorum,

627 3743 629 3746 .
675 3709 837 3763 quem
878 3694 1096 3763 quidam
1138 3693 1433 3757 Lutherum
1482 3694 1811 3749 existimant.
1856 3694 2042 3750 Exstat
2078 3704 2225 3750 tomo

676 3782 853 3852 primo
877 3783 1058 3851 operis
1082 3782 1326 3836 historici
1366 3782 1496 3835 editi
1523 3782 1764 3847 Basileae,
1796 3799 1941 3841 anno
1974 3774 2127 3839 1576.
2162 3784 2228 3838 Et

594 3936 599 3941 η
677 3870 965 3939 separatim
1002 3884 1217 3939 quoque
1242 3868 1465 3925 Ursellis
1494 3886 1639 3925 anno
1673 3871 1808 3945 1569
1841 3888 2094 3943 expresse
2125 3876 2228 3929 'sub

680 3955 902 4013 Lutheri
953 3960 1171 4013 nomine
1210 3948 1422 4014 libellus
1466 3960 1565 4015 iste
1605 3962 1885 4031 evulgatus
1923 3971 2024 4017 est.
2073 3948 2105 4015 ς’
2134 3962 2230 4019 Est

568 4088 569 4091 η
679 4044 861 4116 Brynn
881 4060 986 4101 'seu
1009 4047 1183 4100 Brenn
1207 4048 1289 4117 (ut
1311 4050 1531 4119 antiqua
1558 4051 1802 4110 carmina
1823 4052 2047 4105 heroum
2075 4051 2231 4124 [Hel-

680 4133 963 4209 denbuech]
1002 4138 1259 4209 indicant)
1284 4140 1473 4209 galea,
1523 4142 1821 4210 praesertim
1869 4142 2088 4199 cristata
2134 4159 2226 4198 seu

678 4242 934 4300 cornuta;
963 4248 1092 4304 ergo
1116 4233 1361 4289 Brennus
1394 4243 1477 4290 est
1511 4234 1803 4303 Galeatius,
1826 4244 1880 4292 et
1915 4236 2231 4308 Brennhurg

681 4324 766 4377 vel
791 4323 943 4379 ducis
969 4323 1164 4378 Brenni
1186 4325 1463 4380 castellum
1484 4326 1567 4380 vel
1590 4325 1945 4394 Brennorum,
1970 4344 2070 4384 ceu
2094 4343 2231 4398 prg-

682 4412 878 4487 sidium
909 4412 1247 4467 Gaieatorum
1276 4423 1331 4468 et
1359 4424 1689 4492 armatorum
1726 4420 1793 4474 ad
1834 4400 2112 4475 tutandam
2145 4437 2231 4477 re-

684 4500 918 4570 gionem.
949 4499 1013 4571 Et
1036 4502 1323 4557 scarabeus
1353 4504 1453 4557 iste
1481 4505 1833 4575 majuseulus,
1862 4510 1957 4579 qui
1989 4511 2232 4580 galeatus

2250 3292 2291 3347 C

2324 3333 2519 3385 amoris
2554 3332 2691 3385 tilio.
2734 3331 2877 3387 Idem
2924 3333 3104 3400 habet,
3140 3333 3453 3404 Luitprand,
3479 3337 3660 3407 populi
3692 3339 3813 3392 lilio
3834 3347 3891 3392 rt

2324 3420 2490 3474 amor.
2514 3420 2641 3475 'Sed
2672 3421 2842 3491 ρνωιᾴ
2878 3421 2991 3477 sive
3024 3422 3193 3476 brand
3234 3424 3288 3478 in
3324 3424 3628 3500 istiusmodi
3662 3442 3889 3499 compo-

2323 3511 2515 3580 positis
2575 3527 2674 3581 pro
2719 3514 2901 3567 titione
2938 3515 3108 3584 accipi
3148 3515 3330 3571 multis
3370 3533 3564 3586 parum
3600 3518 3662 3573 ﬁt
3692 3520 3890 3577 verisi-

2324 3601 2486 3656 mile:
2532 3602 2655 3657 licet
2686 3602 2759 3657 ita
2796 3604 2961 3663 etiam
3000 3605 3199 3659 sentiat
3228 3603 3427 3661 Paulus
3458 3616 3643 3671 noster
3684 3608 3740 3661 in
3766 3608 3890 3677 ipso

2326 3690 2576 3746 Historiae
2611 3707 2724 3746 suae
2754 3694 3040 3750 vestibulo.
3079 3692 3567 3763 Uteunquetamen
3596 3698 3685 3762 sit,
3711 3714 3890 3768 neque

2326 3776 2592 3849 Aventino
2624 3778 2677 3832 in
2712 3787 2947 3834 mentem
2980 3781 3146 3846 venit,
3177 3790 3395 3852 etymon
3431 3775 3786 3838 Hildebrandt‘
3821 3801 3887 3841 ex

2327 3867 2467 3945 orco
2487 3877 2687 3937 petere,
2712 3870 2807 3926 sed
2829 3871 2898 3925 ab
2922 3870 3092 3925 Herae
3112 3874 3195 3927 vel
3215 3889 3392 3927 amore
3412 3875 3674 3945 sumpsit;
3702 3877 3890 3952 cujus-

2328 3960 2475 4014 modi
2518 3962 2686 4015 multa
2732 3963 2951 4032 propria
2994 3965 3215 4019 nomina
3257 3964 3512 4030 Germani
3561 3967 3781 4035 habent,
3830 3978 3890 4024 ut

2331 4050 2646 4128 Huldreich,
2696 4052 3067 4120 Hulrlenreich,
3111 4042 3275 4111 Amor
3305 4055 3489 4128 Regni,
3529 4058 3642 4113 sive
3687 4062 3888 4115 amaris

2331 4139 2469 4193 dives
2502 4149 2550 4193 et
2574 4140 2774 4210 plenus.
2809 4141 2999 4213 Vulgo,
3038 4142 3267 4199 Ulricus.
3301 4143 3519 4213 Priscis,
3555 4144 3884 4203 Hildertcus.

2328 4232 2514 4299 Celtis,
2541 4231 2899 4303 Chylclericus.
2927 4235 3298 4307 Hyldeprecltt,
3321 4239 3491 4291 amari
3512 4238 3723 4309 dignus.
3751 4238 3890 4309 Hyl-

2329 4323 2587 4389 debertus,
2634 4324 2828 4392 Celtis,
2876 4322 3257 4405 Childelzertus.
3306 4326 3634 4398 Hyldegart,
3687 4330 3889 4382 amoris

2330 4413 2528 4468 hortus.
2580 4413 2753 4483 Hujus
2795 4418 3008 4485 generis
3057 4418 3288 4487 plurima
3338 4418 3585 4473 invenies
3625 4419 3887 4474 vocabula

2331 4511 2441 4557 tam
2463 4504 2723 4570 virorum,
2752 4522 2915 4575 quam
2937 4506 3302 4567 mulierumi'n
3321 4504 3582 4575 Catalogo
3605 4506 3887 4562 nominum

687 4589 866 4657 rubris
890 4589 1145 4644 cornibus
1170 4598 1225 4643 et
1256 4589 1357 4646 alis
1390 4594 1639 4648 testaceis
1669 4605 1930 4664 armatus,
1956 4596 2232 4653 Husbren—
2262 4607 2306 4664 ι)
2330 4591 2668 4658 propriorum
2688 4633 2704 4657 ν
2747 4588 2946 4661 quibus
2988 4592 3271 4646 Alemanni
3318 4593 3593 4662 «ιιιοιιάειω
3637 4597 3889 4665 appellati

688 4694 785 4733 ner
808 4678 1003 4733 dicitur
1030 4668 1084 4732 in
1117 4687 1300 4735 nostra
1336 4682 1571 4751 regione.
1615 4679 1925 4739 Hiltebrand
1954 4701 2053 4754 pro
2079 4685 2229 4740 Hell-

687 4770 878 4835 brenn,
920 4769 973 4823 id
1003 4778 1086 4824 est
1113 4769 1261 4840 gigas
1292 4780 1346 4825 et
1382 4772 1541 4827 heros
1567 4771 1924 4841 Brennorum,
1947 4790 2047 4830 ceu
2073 4784 2234 4845 caput

686 4867 740 4914 ct
766 4859 875 4915 dux
907 4873 1117 4925 eorum,
1162 4858 1319 4913 hodie
1350 4858 1697 4929 Hauptmann’
1714 4864 1841 4917 uber
1885 4864 1985 4923 den
2013 4866 2232 4935 reisigen

688 4946 857 5018 Zeug;
884 4946 1003 5002 Hell
1034 4948 1179 5003 enim
1202 4948 1439 5014 heroem,
1466 4950 1611 5003 velut
1631 4952 1891 5007 Achillem
1920 4954 2005 5007 vel
2038 4952 2232 5009 ﬂecto-

658 5040 667 5047 '
690 5052 803 5091 rem
838 5038 1123 5117 significat.
1142 5037 1436 5108 Luitprand
1466 5055 1559 5094 rex
1578 5032 1963 5110 Lengobardiaa
1984 5057 2082 5111 pro
2105 5041 2234 5096 Lut-

691 5125 870 5189 brenn,
902 5124 952 5178 id
978 5135 1063 5179 est
1080 5128 1358 5184 hominum
1380 5130 1648 5200 galeatus,
1674 5131 1767 5201 qui
1794 5132 2040 5186 homines
2069 5132 2235 5186 armis

693 5219 915 5280 tutatur,
942 5212 1177 5270 diximus
1196 5218 1336 5271 enim
1369 5218 1513 5289 Luit,
1534 5219 1655 5291 Lyt,
1681 5236 1773 5275 seu
1808 5221 2032 5276 Suevice
2052 5220 2230 5287 Leute,

687 5300 991 5374 signiﬁcare
1014 5301 1266 5357 homines
1287 5318 1510 5380 numero
1542 5309 1750 5374 plurali.
1784 5329 1801 5359 ι
1835 5309 1985 5365 Licet
2016 5325 2144 5365 vero
2178 5314 2231 5366 in

688 5397 794 5451 hac
846 5394 1185 5465 etymologia,
1212 5395 1379 5469 nimis
1426 5396 1658 5467 violenta
1714 5400 1956 5469 videatur
2007 5405 2234 5459 mutatio

2327 4678 2564 4743 fuerunt,
2593 4689 2724 4734 tom.
2749 4681 2794 4734 ll
2814 4680 3009 4751 Script.
3037 4682 3527 4757 Alemannicorum.

2362 4843 2365 4845 ί
2398 4765 2522 4821 Fuit
2560 4784 2777 4838 quoque
2829 4770 3125 4840 majoribus
3176 4773 3375 4829 nostris
3420 4773 3603 4831 Brand
3636 4778 3883 4852 gladius.

2330 4856 2448 4923 Quo
2477 4875 2641 4913 sensu
2668 4876 2799 4916 voce
2832 4861 2921 4915 illa
2953 4870 3123 4932 poetae
3156 4862 3269 4918 Itali
3303 4866 3600 4927 etiamnum
3640 4877 3883 4924 utuntur.

2331 4948 2469 5013 Quid
2494 4949 2541 5003 si
2565 4948 2726 5018 igitur
2749 4950 3061 5005 Hiltebrand
3084 4968 3177 5007 seu
3202 4953 3552 5021 Hildebrund,
3580 4957 3653 5012 sit
3674 4956 3883 5023 Heroa,

2332 5038 2413 5092 vel
2440 5029 2634 5113 amoris
2661 5040 2910 5110 gladius?
2930 5041 3063 5097 Nam
3090 5043 3350 5103 ridiculus
3374 5032 3505 5101 mihi
3522 5046 3630 5101 ille
3646 5047 3883 5114 videtur,

2332 5130 2425 5201 qui
2453 5130 2508 5185 in
2534 5132 2731 5199 libello,
2755 5149 2915 5203 quem
2950 5136 3242 5206 inscripsit,
3271 5136 3463 5206 Etyma
3486 5137 3756 5207 variorum
3790 5155 3883 5192 tto-

2333 5223 2687 5289 minum,etc.,
2702 5226 2858 5280 nobis
2880 5226 3020 5280 hanc
3040 5225 3451 5295 originationem
3473 5226 3743 5293 procudit;
3768 5227 3888 5283 Hil-

2328 5311 2552 5377 lebrant,
2588 5312 2985 5379 Hillebrandus,
3030 5313 3236 5367 Hillam
3269 5314 3479 5377 ardens,
3517 5330 3726 5383 aniens,
3768 5332 3886 5390 pro-

2330 5420 2498 5462 eam;
2548 5403 2748 5460 Saltem
2792 5407 3047 5462 dixisset.
3088 5404 3232 5469 Hm,
3274 5420 3367 5460 seu
3419 5405 3628 5463 Hiltam
3664 5427 3880 5479 amans;

686 5484 872 5553 “Brand
903 5485 959 5559 in
991 5482 1192 5547 Brenn,
1224 5483 1345 5538 inde
1386 5492 1565 5537 tamen
1606 5484 1779 5540 elucet
1817 5484 2233 5545 Hildebrandum
2333 5510 2458 5548 nam
2480 5494 2595 5549 habe
2619 5495 2726 5549 duo
2748 5504 2875 5549 sunt
2895 5494 3178 5547 mulierum
3201 5493 3439 5558 nomina,
3469 5504 3528 5549 ut
3553 5512 3621 5552 ex
3645 5500 3883 5569 proxime

587 5586 590 5591 '
692 5574 926 5653 Luthero
954 5589 1061 5651 non
1087 5587 1208 5627 esse
1252 5572 1676 5638 Hellebrandum,
1704 5575 1807 5629 hoc
1834 5584 1917 5629 est
1944 5577 2135 5644 inferni
2160 5581 2233 5631 ti-

693 5666 898 5732 tionem,
927 5674 985 5720 ut
1016 5664 1304 5737 Lutberani
1328 5673 1381 5718 et
1408 5663 1705 5718 Calviniani
1737 5681 1880 5721 nunc
1904 5667 2236 5721 calumnian-

694 5763 811 5821 tur,
844 5759 936 5811 sed
980 5757 1324 5820 Brennorum,
1376 5756 1477 5808 hoc
1519 5764 1618 5819 est,
1666 5756 1987 5824 galeatorum
2030 5756 2233 5821 ducem,

690 5824 864 5911 caput,
892 5846 1195 5913 prandium
1228 5855 1276 5900 et
1326 5856 1575 5899 tutamen.
1611 5844 1675 5899 Et
1713 5862 1833 5900 vere
1880 5848 2001 5903 talis
2048 5846 2235 5901 Hilde-

2331 5585 2497 5638 citato
2520 5585 2762 5653 catalogo
2789 5590 3020 5638 constat.
3053 5580 3320 5636 Hactenus
3348 5582 3415 5637 de
3448 5587 3669 5642 nomine
3697 5588 3869 5642 Hilde-

2334 5673 2557 5726 orandi-

2404 5761 2718 5830 Gregorium
2742 5758 2940 5813 Grazcis
2955 5759 3092 5813 idem
3114 5762 3386 5830 essequod
3408 5761 3616 5825 Latinis
3636 5764 3881 5834 l’igilz'utn

2335 5857 2385 5902 el
2418 5848 2760 5918 Vigilantiam
2791 5848 2921 5918 (jam
2950 5857 3128 5904 tamen
3160 5852 3479 5920 probrosum
3506 5861 3562 5907 et
3582 5850 3884 5922 inauspicata

3804 6136 4050 6326 μ]

3384 6414 3752 6422 ἡὴ
