4098 6354
236 471 319 527 9.19
1154 448 1680 512 pnurxconrza‘a.
1720 483 1787 492 —
1824 449 1910 504 on
1946 449 2145 505 conc.
2190 446 2495 503 wonnu

3336 439 3443 498 130

237 594 326 637 tum
358 593 569 644 nomen,
602 576 678 631 ob
700 575 1078 647 ‘Vigilantium
1107 568 1447 638 haereticum)
1476 567 1655 623 notius
1678 572 1782 631 est,
1813 570 1859 627 Α
1884 564 2040 629 chiri,
2077 562 2305 627 Vuacho,
2353 560 2615 615 Vuahcho.
2652 557 2817 611 Porro
2843 556 3160 626 Gregorium
3192 554 3275 607 ΠΙ
3310 554 3445 647 Gre-

234 672 378 741 quam'
395 677 453 724 ut
479 668 669 721 multis
701 661 1195 721 demonstrandum
1220 659 1309 715 sit.
1348 655 1629 712 Veteribus
1654 654 1780 709 Ale-

235 758 417 814 mannis
455 765 573 813 erat
613 755 930 824 Gregorius
978 750 1241 815 Vuacliar,
1300 747 1580 811 Vuacliere,
1639 743 1780 799 Vua-

533 929 634 930 7i,
968 929 1393 941 ____-——————

1883 654 2018 725 gorii
2048 667 2245 707 nomen
2267 665 2375 705 non
2410 648 2609 704 frustra
2639 647 2843 711 tulisse,
2874 654 3073 699 norunt
3099 661 3223 699 cum
3248 644 3444 714 gaudio

1884 740 2165 806 catholici;
2200 738 2529 795 schismatici
2561 745 2615 791 et
2646 734 2883 791 haaretici
2923 750 3030 788 non
3072 733 3188 787 sine
3219 734 3439 803 gemitu.

2134 903 2515 919 .__—_———.—

2251 894 3425 933 ——-___——-.__.--:_.—.=====—_—_—_-=ﬂ

1908 922 2237 933 ——.—_—

1044 1098 1454 1214 PAULI
1539 1090 2645 1207 BERNRIEDENSIS

956 1317 1147 1379 vum
1190 1315 1254 1377 s.
1299 1312 1681 1378 cnnconn
1726 1268 1846 1373 vn.
1882 1308 2322 1371 pommus
2364 1308 2698 1372 MAXIM].

1524 1475 1683 1547 (Vide
1717 1490 1878 1544 supra
1914 1472 2013 1527 col.
2044 1472 2156 1542 '59.)

247 1659 3437 1699 ww

407 1946 411 1948 γ
512 1860 1241 1955 EXCERPTUM
1310 1860 1475 1949 EX
1541 1857 2109 1948 GRETSERI
2185 1856 3124 1952 DISSERTATIONE

1554 2065 1684 2129 CUI
1722 2066 2060 2128 TITULUS
2092 2085 2109 2124 :
2200 2116 2204 2120 .

236 2235 393 2292 (ἴτων
416 2237 701 2304 Baronius,
737 2234 797 2291 S.
834 2235 898 2290 Β.
930 2233 993 2288 E.
1028 2229 1320 2288 cardinalis
1346 2228 1736 2301 amplissimus,
1772 2246 1805 2282 a
1844 2226 2121 2283 rationalis
2158 2226 2459 2284 Calriniani
2500 2233 2954 2289 criminationibus
2988 2236 3278 2291 vindicatus
3318 2247 3366 2292 et
3390 2238 3447 2294 in

314 2344 368 2382 eo
390 2346 503 2383 cum
528 2328 625 2382 alii
645 2327 924 2398 pontiﬁces
947 2324 1188 2389 Romani,
1220 2333 1331 2377 tum
1363 2320 1644 2392 Gregorius
1684 2317 1813 2385 VII,
1844 2335 1937 2388 per
1958 2317 2217 2373 Iacobum
2246 2318 2565 2389 Gretserum,
2590 2324 2855 2379 societatis
2876 2324 3005 2380 Jesu
3028 2327 3321 2401 theologum
3343 2356 3347 2367 ί

1355 2470 1513 2544 (Opp.
1542 2470 1728 2527 Jacobi
1756 2470 2019 2535 Gretseri,
2052 2468 2141 2536 Vl,
2170 2470 2320 2541 224.)

1620 2628 2078 2642 ﬂ

904 2757 991 2814 DE
1024 2755 1340 2813 CONCILIO
1376 2753 1867 2812 WORMATIENSI
1899 2752 2175 2810 CONTRA
2202 2750 2619 2831 GREGORIUM
2659 2756 2765 2811 VII.

277 2922 357 2991 ‘De
385 2938 485 2992 hoc
519 2937 788 2993 videndus
826 2934 1097 2991 Baronius
1121 2944 1253 2990 tom.
1293 2932 1382 2999 XI,
1423 2948 1567 2987 anno
1593 2932 1783 2988 salutis
1813 2936 1856 2991 B
1884 2938 1986 2994 ten,
2025 2944 2146 2999 qua:
2196 2929 2263 2984 ad
2305 2930 2508 2984 calcem
2552 2932 2792 3000 epistolae
2838 2932 3171 2993 Henricianae
3204 2949 3445 3010 apparet,

233 3025 371 3091 {076,
392 3026 481 3096 qui
502 3041 570 3081 ex
605 3024 833 3079 Alberto
869 3023 1117 3078 Stadensi
1145 3020 1308 3076 refert
1344 3019 1643 3076 Saxonicos
1664 3019 1778 3088 epi-

232 3130 406 3185 scopas
426 3129 773 3186 nequaquam
797 3112 851 3168 in
866 3112 1259 3182 depositionem
1273 3109 1518 3182 Gregorii
1540 3110 1631 3164 V11
1647 3126 1778 3167 con-

230 3205 461 3260 sensisse.
485 3204 768 3275 Obstrepit
801 3202 1120 3269 Calvinista,
1162 3222 1181 3254 ι
1219 3202 1323 3258 sibi
1352 3201 1629 3279 Albertum
1667 3218 1777 3257 non

229 3308 334 3351 esse
363 3294 428 3349 ad
461 3288 711 3358 manum,
747 3294 944 3362 itaque
986 3308 1046 3347 se
1087 3307 1195 3346 non
1222 3307 1382 3361 posse
1405 3292 1711 3346 decernere.
1752 3310 1770 3343 ι

229 3380 288 3433 At
311 3380 536 3437 Baronio
558 3383 628 3436 ad
652 3397 877 3436 manum
901 3388 1037 3436 erat.
1065 3379 1202 3435 Audi
1225 3381 1342 3451 ipsa
1366 3380 1568 3434 Alberti
1591 3382 1773 3435 verba.

234 3489 251 3520 σ
290 3472 437 3527 Anno
476 3472 701 3529 Domini
738 3472 877 3527 i076
917 3472 1161 3528 habitum
1198 3480 1283 3528 est
1312 3472 1602 3528 concilium
1636 3472 1778 3542 apud

230 3559 589 3631 Wormatiam,
624 3572 892 3635 praesente
946 3563 1180 3619 Henrico
1235 3578 1380 3635 rege,
1431 3563 1485 3618 in
1527 3577 1636 3633 quo
1659 3563 1780 3617 uni-

227 3655 354 3709 versi
414 3654 525 3711 fere
568 3654 856 3711 Teutonici
904 3654 1163 3725 episcopi,
1203 3663 1399 3723 praeter
1456 3652 1776 3720 Saxonicos,

230 3744 524 3816 Gregorium
557 3762 757 3816 papam
789 3744 1128 3801 abdicarunt.
1168 3764 1187 3797 ι

287 3833 662 3892 Furiosissime
687 3834 915 3889 incurrit
944 3833 1243 3891 Calvinista
1273 3836 1337 3905 in
1360 3834 1675 3901 Baronium,
1701 3844 1775 3899 et,

229 3932 281 3977 ut
300 3938 362 3978 eo
380 3924 688 3979 uberiorem
713 3922 1015 3978 insectandi
1039 3925 1320 3978 materiam
1348 3923 1561 3987 habeat,
1584 3939 1651 3976 ex
1677 3938 1777 3977 suo

230 4012 428 4067 cerebro
460 4011 671 4083 afﬁngit
715 4011 983 4077 Baronio,
1013 4026 1139 4065 eum
1173 4012 1371 4075 dicere,
1416 4029 1434 4060 ε
1486 4010 1776 4066 Reinerum

231 4096 554 4156 Rcinewium
602 4101 840 4170 primum
894 4098 1082 4166 fuisse,
1132 4099 1235 4177 qui
1261 4097 1437 4154 Vitam
1462 4098 1677 4158 Henrici
1709 4100 1776 4155 IV

228 4196 275 4241 et
308 4188 613 4246 Bennonem
661 4191 728 4246 de
785 4188 1047 4262 Gregorio
1090 4190 1181 4245 Ἧι
1213 4192 1494 4264 evulgarit.
1528 4213 1546 4245 ι
1585 4192 1779 4251 Osten—

1883 3021 1942 3079 in
1971 3018 2310 3091 Heptecosten
2332 3037 2426 3077 seu
2466 3022 2850 3093 Heptacosten;
2876 3042 3071 3084 novam
3094 3032 3222 3087 etin
3255 3033 3444 3092 Latina

1879 3108 2118 3167 Ecclesia
2159 3110 2454 3166 inauditam
2492 3127 2681 3167 vocem
2711 3130 2810 3185 pro
2848 3115 3263 3190 Septuagesima.
3295 3122 3446 3181 Hanc

1879 3200 2092 3254 critices
2122 3201 2387 3273 rationem
2425 3202 2471 3257 si
2518 3205 2672 3273 sequi
2705 3208 2960 3274 velimus,
2996 3211 3085 3265 vix
3122 3213 3262 3271 ullus
3294 3230 3449 3271 error

1876 3296 1989 3357 tam
2017 3284 2336 3344 manifestus
2354 3291 2480 3357 erit,
2498 3294 2591 3347 cui
2615 3308 2679 3348 ex
2713 3298 2975 3365 apotheca
2997 3302 3210 3357 critices
3236 3319 3344 3358 non
3370 3306 3446 3361 sis

1879 3376 2123 3432 facturus
2163 3379 2507 3447 medicinam,
2541 3383 2588 3436 si
2624 3384 2728 3439 hoc
2763 3394 2849 3440 est
2889 3389 3214 3446 medicinam
3244 3391 3442 3460 facere,

1877 3476 1931 3523 et
1972 3484 2081 3523 non
2129 3470 2306 3539 potius
2354 3472 2535 3526 omnia
2582 3489 2787 3545 susque
2826 3477 2999 3549 deque
3050 3491 3278 3539 vertere.
3323 3482 3448 3555 Ipso

1877 3560 2120 3629 epistolae
2148 3561 2372 3617 exordio
2416 3560 2550 3626 satis
2574 3565 2886 3636 figmentum
2918 3568 3325 3633 Calvinisticum
3363 3591 3444 3633 rc-

1878 3649 2191 3719 darguitur;
2226 3665 2352 3705 nam
2389 3654 2767 3717 auctorjllum
2812 3658 2880 3713 ad
2910 3676 3070 3729 quem
3116 3664 3303 3719 scribit
3340 3681 3447 3722 non

1882 3743 2137 3805 tanquam
2164 3752 2337 3807 nuper
2361 3738 2587 3807 factum,
2617 3744 2711 3799 sed
2736 3754 2795 3798 ut
2820 3759 3132 3805 veteranum
3168 3761 3226 3807 et
3248 3756 3449 3810 multo-
3494 3800 3497 3807 .

1879 3838 1999 3877 rum
2038 3824 2355 3879 meritorum
2392 3829 2691 3898 principem
2713 3832 2930 3901 laudat;
2967 3840 3112 3907 quod
3142 3841 3208 3895 de
3245 3841 3437 3899 Hildol-

1877 3912 1985 3982 pho
2018 3912 2126 3967 dici
2172 3914 2379 3983 nequit,
2434 3917 2527 3986 qui
2580 3920 2988 3980 recentissimus
3034 3928 3089 3981 in
3135 3932 3447 4003 episcopatu

1877 4010 1995 4056 erat
2040 4011 2282 4088 tempore
2326 4008 2671 4064 conciliabuli
2705 4010 3164 4085 .Wormatiensis;
3224 4036 3345 4075 nam
3390 4033 3446 4079 ut

1878 4093 2160 4151 Bertoldus
2186 4095 2623 4155 Constantiensis
2644 4102 2699 4155 in
2726 4102 2998 4161 Chronico
3030 4090 3275 4163 testatur.
3304 4131 3321 4160 ‹
3354 4113 3443 4167 Ai-

1878 4199 1970 4239 mo
2024 4200 2118 4239 seu
2177 4186 2335 4239 Anno
2402 4189 2723 4244 venerabilis
2789 4192 3227 4267 archiepiscopus
3285 4198 3436 4256 Colo-

228 4276 297 4331 δίε
327 4277 424 4334 hoc
454 4278 655 4335 falsum
693 4294 834 4335 esse,
876 4277 1019 4335 Bene
1060 4279 1209 4347 facit,
1243 4262 1371 4351 qui;
1401 4298 1511 4337 non
1536 4280 1773 4348 Βετοηίί,
1803 4262 1844 4317 C
1877 4273 2100 4337 niensis,
2122 4274 2289 4350 mine
2323 4275 2626 4331 sanctitatis
2669 4280 2933 4349 requievit
2966 4283 3019 4337 in
3060 4262 3191 4354 pace
3231 4305 3284 4342 XI
3338 4288 3436 4345 No-

229 4366 309 4421 sed
335 4384 483 4423 suam
529 4367 823 4423 falsitatem
858 4367 1148 4438 patefacit:
1184 4384 1309 4422 nam
1344 4368 1609 4423 Baronius
1642 4370 1777 4423 dixit

229 4450 551 4512 Reineccium
608 4455 778 4512 fuisse
812 4457 1097 4520 editorem;
1137 4457 1367 4526 primum
1422 4456 1609 4524 fuisse,
1665 4474 1774 4514 noa

228 4542 366 4598 dixit.

288 4630 489 4687 Refellit
522 4632 795 4686 Baronius
824 4631 1106 4701 epistolam
1142 4630 1357 4688 Henrici
1392 4634 1459 4689 ad
1488 4633 1773 4691 Annonem

226 4723 673 4795 archiepiscopum
722 4723 1103 4779 Coloniensem
1163 4734 1421 4797 tanquam
1480 4728 1772 4796 suppositi-

229 4812 362 4891 tiain,
383 4816 509 4885 quia
541 4816 702 4871 Anno
722 4817 1165 4896 archiepiscopus
1187 4832 1332 4872 anno
1353 4819 1643 4887 pr‘aterita,
1668 4818 1772 4872 hoc

227 4911 299 4956 est
318 4903 466 4969 {085,
496 4906 611 4975 jam
654 4906 897 4977 obierat';
930 4916 985 4960 et
1024 4916 1205 4961 tamen
1238 4920 1382 4961 anno
1415 4905 1552 4960 1086
1576 4906 1771 4961 invita-

230 5002 308 5047 tur
326 4993 390 5049 ad
417 4996 682 5066 synodum
707 4980 1182 5051 Womiatiensem.
1214 4994 1533 5061 Calvinista,
1561 5004 1621 5049 ut
1645 4995 1769 5051 hinc

230 5093 279 5134 se
296 5083 551 5153 expediat,
577 5091 915 5138 transmutat
932 5085 1201 5138 Annonem
1232 5084 1286 5138 in
1325 5082 1690 5155 Hildolplium,
1715 5094 1770 5139 et

231 5168 343 5227 huic
376 5174 655 5244 epistolam
692 5173 764 5227 ab
808 5170 1043 5229 Henrico
1074 5176 1386 5244 inscriptam
1431 5176 1579 5230 dicit.
1612 5174 1768 5242 Quod

230 5270 567 5319 ωωωωω
590 5278 767 5335 neque
789 5261 1095 5331 Reineccio,
1122 5279 1295 5334 neque
1317 5263 1570 5329 Urstisio,
1595 5280 1768 5334 neque

232 5336 473 5412 Habeto,
496 5363 672 5418 neque
694 5348 789 5401 ulli
821 5346 976 5401 alteri
1019 5354 1072 5400 in
1104 5356 1338 5404 mentem
1370 5350 1534 5404 venit.
1567 5348 1768 5403 Omnes

232 5430 355 5486 enim
369 5433 452 5489 isti
472 5438 758 5493 ediderunt
785 5438 931 5493 hanc
956 5438 1239 5508 epistolam
1261 5456 1383 5495 cum
1407 5443 1639 5495 Aunouis
1658 5456 1765 5494 non

233 5519 481 5598 Πυὼφὸἱ
503 5534 745 5588 nomine.
765 5532 825 5588 Id
840 5532 1088 5588 fecundae
1109 5550 1221 5604 sua:
1238 5537 1439 5591 critica:
1466 5537 1763 5592 Calvinista

229 5610 387 5682 άώα,
427 5634 530 5688 qua
589 5622 896 5681 instructus
941 5624 1109 5680 nodos
1150 5626 1309 5679 etiam
1364 5626 1765 5683 indissolubilcs

231 5703 469 5765 dissolvit.

288 5794 522 5874 Eiusdem
549 5803 770 5861 critioes
804 5805 1066 5862 beneﬁcio
1101 5807 1450 5863 transformat
1482 5808 1765 5863 Pentecou

1877 4376 1981 4415 nas
2016 4360 2317 4418 decembris
2358 4363 2514 4432 1075,
2538 4367 2627 4421 cui
2660 4366 2934 4440 Hiltolfus,
2974 4375 3149 4445 impar
3173 4395 3368 4449 genere
3392 4392 3442 4437 et

1875 4450 2139 4517 moribus,
2196 4454 2477 4509 successit.
2512 4474 2529 4506 ι
2580 4456 2645 4512 Et
2697 4461 2879 4515 statim
2912 4472 3033 4532 post
3068 4466 3124 4520 in
3152 4466 3441 4541 Septuage-

1874 4541 2013 4597 sima
2051 4544 2179 4597 anni
2227 4544 2363 4599 1076
2413 4547 2626 4601 initium
2686 4552 3215 4615 est.Wormatiense
3287 4578 3433 4633 syne-

1876 4633 2055 4688 drion.
3119 4636 3122 4640 Α

1939 4725 2029 4779 Ait
2058 4725 2323 4781 Baronius
2346 4742 2377 4781 a
2414 4729 2630 4785 nemine
2661 4747 2901 4803 unquam
2938 4741 3213 4795 memoria:
3250 4741 3435 4810 prodi-

1870 4822 2007 4902 tum,
2046 4814 2252 4885 legatos
2297 4815 2516 4873 Iienrici
2552 4821 2625 4875 ita
2672 4837 2921 4895 acceptos
2952 4843 3069 4882 esse
3112 4844 3141 4883 a
3182 4829 3441 4902 Gregorio

1872 4900 1983 4968 VII,
1998 4912 2162 4973 prout
2186 4908 2517 4966 architectus
2536 4912 2701 4981 hujus
2723 4915 2963 4983 epistolae
2984 4900 3438 4981 comminiscitur.

1867 4992 2167 5051 Calvinista
2213 5014 2319 5053 non
2366 5001 2482 5055 sine
2534 5003 2860 5059 immanibus
2908 5008 3166 5066 conviciis
3207 5012 3441 5072 Barouio

1868 5092 2177 5145 Aventinum
2226 5094 2486 5149 obtrudit.
2543 5094 2653 5149 Hoc
2704 5098 2912 5153 scilicet
2962 5104 3231 5172 restabat;
3282 5110 3437 5178 quasi

1867 5196 1999 5235 vero
2032 5179 2300 5234 Baronius
2337 5197 2443 5235 non
2482 5183 2547 5237 de
2584 5186 2846 5257 antiquis,
2890 5190 2981 5243 sed
3016 5191 3083 5245 de
3126 5197 3436 5254 recentibus

1867 5272 2006 5337 istis,
2033 5273 2292 5328 ethaaresi
2325 5272 2540 5329 infectis
2575 5277 3027 5346 scriptitatoribus
3057 5279 3162 5337 hoc
3196 5299 3435 5354 pronuno

1868 5362 2032 5418 tiarit.
2057 5363 2264 5430 Profer,
2303 5365 2349 5419 si
2386 5375 2558 5435 potes,
2603 5368 2839 5437 priscum
2867 5383 3175 5441 canumque
3205 5384 3428 5435 testem:

1867 5469 1994 5508 nam
2035 5455 2180 5509 hunc
2224 5455 2505 5521 novitium,
2546 5458 2658 5509 uris
2697 5464 2752 5509 et
2794 5457 2915 5533 styli
2954 5467 3064 5513 tam
3112 5463 3259 5526 mali,
3296 5465 3431 5519 nihil

1866 5545 2169 5613 pendimus.
2195 5543 2271 5598 Ne
2296 5545 2349 5597 in
2382 5544 2637 5603 bcunone
2658 5533 2876 5615 quidem
2922 5548 3157 5603 fabulam
3199 5550 3338 5608 hanc
3363 5555 3430 5611 de

1867 5633 2057 5701 legatis
2088 5633 2347 5687 invenies.

1941 5724 1997 5775 lu
2034 5719 2151 5776 Vita
2199 5722 2253 5777 S.
2298 5724 2536 5779 Auselini
2586 5726 2848 5786 Lucensis
2891 5738 3116 5784 vocatur
3159 5731 3430 5802 depositio

1872 5803 2110 5873 Gregorii
2153 5810 2242 5864 νη
2270 5832 2287 5865 α
2318 5811 2529 5870 facinus
2578 5832 2610 5870 a
2666 5816 2878 5872 saxulis
2922 5817 3243 5875 inauditum.
3290 5839 3312 5874 υ
3349 5821 3427 5875 ita
