4098 6400
674 495 770 551 951

1889 493 1944 547 S.
1983 486 2373 548 GREGOIilL’S
2407 488 2493 543 VII
2521 486 2715 542 PAPA.

3760 485 3877 547 23!

672 607 833 661 etiam
871 605 984 675 ipse
1016 605 1308 676 Gregorius
1342 584 1414 660 in
1454 604 1687 675 quadam
1735 603 1980 676 epistOla.
2026 601 2224 673 Objicit
2249 606 2295 661 Α
2320 615 2491 672 usque
2539 599 2854 666 fuxlaverat,
2903 598 3085 669 aliquo
3128 599 3289 655 modo
3331 614 3427 657 eos
3467 600 3563 672 qui
3603 600 3877 658 Joannem

674 693 962 750 Calvinista
995 711 1007 747 :
1040 715 1058 746 ι
1090 693 1263 765 Papas
1286 709 1426 764 saepe
1453 709 1573 750 esse
1600 694 1872 763 depositos
1892 694 1962 748 ab
1989 693 2221 763 impera-

676 785 883 839 toribus
917 793 971 839 ct
1003 785 1239 856 synodis.
1295 804 1314 835 ι
1356 783 1422 838 Et
1461 799 1589 838 mox
1632 784 1822 838 recitat
1857 799 1920 837 ex
1962 799 2062 838 suo
2100 783 2222 854 illy-

677 872 791 926 rico
826 874 1103 942 epistolam
1152 875 1523 943 episcoporum
1574 872 1757 928 Galliae
1818 882 1871 929 et
1924 872 2224 927 Germaniae

684 980 702 1009 Ι
731 962 795 1014 ad
812 961 1151 1016 Anastasium
1175 960 1216 1014 ll
1240 963 1543 1030 pontiﬁcem
1565 961 1888 1025 Romanum,
1905 977 2009 1031 qua
2028 976 2221 1031 papam

682 1058 733 1104 et
774 1050 984 1105 Italicos
1017 1052 1297 1120 episcopos
1344 1048 1575 1105 monent
1593 1060 1652 1105 ut
1686 1068 1744 1107 se
1784 1051 1980 1106 missos
2004 1050 2221 1116 faciant,

682 1155 779 1193 nec
822 1140 1073 1209 deinceps
1109 1140 1443 1209 tyrannidem
1487 1154 1648 1208 super
1681 1156 1776 1195 eos
1820 1153 2069 1195 exercere
2108 1155 2228 1217 per:

681 1237 826 1296 gant.
875 1248 893 1279 ι
940 1229 1113 1282 Aliam
1151 1228 1275 1283 item
1322 1229 1475 1283 atl‘ert
1513 1228 1887 1298 episcoporum
1929 1228 2227 1284 Germaniae

681 1325 735 1371 et
760 1317 920 1388 Belgii
943 1319 1009 1373 ad
1033 1317 1310 1373 Nicolaum
1344 1317 1385 1381 l,
1422 1333 1485 1373 ex
1518 1320 1722 1390 synodo
1742 1317 2051 1374 Col;:niensi
2084 1300 2226 1372 anno

683 1405 803 1461 865.
832 1406 934 1462 Sed
970 1424 1071 1462 nec
1105 1407 1178 1461 illi
1212 1408 1303 1477 qui
1344 1407 1411 1461 ad
1451 1406 1796 1460 Anastasium
1840 1407 2118 1475 scripsisse
2146 1405 2227 1460 di-

682 1506 900 1562 cuntur,
926 1513 1024 1552 nec
1047 1488 1238 1567 qui\ad
1280 1496 1579 1561 Nicolaum,
1602 1496 1682 1549 vel
1728 1496 1869 1549 hunc
1902 1495 1985 1548 vel
2019 1495 2165 1548 illum
2195 1508 2227 1548 a

685 1586 809 1641 sede
850 1587 1159 1655 dejecerunt
1199 1594 1254 1640 et
1291 1587 1847 1650 excommunicarunt,
1882 1593 1941 1638 ut
1977 1583 2228 1638 Worma-

685 1675 872 1730 tiensis
919 1675 1259 1729 conciliabuli
1301 1675 1554 1744 praesules
1601 1673 1880 1741 fecerunt;
1913 1674 2004 1744 qui
2056 1674 2231 1728 adacti

685 1773 813 1820 sunt
841 1781 948 1818 non
982 1766 1486 1835 quomodocunque,
1516 1766 1610 1821 sed
1624 1766 1975 1835 jurejurando
1996 1766 2233 1835 interpo-

687 1856 811 1918 sito,
853 1864 998 1909 certa
1039 1855 1092 1908 in
1130 1856 1181 1909 id
1223 1855 1528 1924 praescripta
1577 1854 1805 1908 formula
1867 1855 2006 1923 (qua:
2059 1862 2234 1909 exstat

2316 695 2584 764 deponere
2612 701 2905 757 tentarunt,
2935 690 3194 748 exeitsare
3227 702 3455 762 poterat,
3495 709 3619 765 quae
3652 696 3707 749 in
3738 695 3885 749 Gre-

2318 784 2471 852 gorio
2496 776 2605 845 Vll,
2630 782 2753 837 vita:
2789 768 3226 851 inculpatissimze
3264 783 3403 848 viro,
3442 783 3622 845 locum
3663 782 3879 837 nullum

2320 871 2569 925 habebat.

2393 958 2499 1015 Sed
2529 967 2589 1012 ut
2617 959 2816 1028 aliquid
2840 958 3015 1014 dicam
3054 958 3120 1012 de
3142 958 3366 1026 epistola
3402 959 3468 1013 ad
3502 958 3880 1020 Anastasmm,

2324 1049 2469 1103 nulla
2491 1049 2609 1118 ejus
2643 1049 2782 1117 apud
2816 1046 2969 1102 illum
3002 1048 3287 1117 probatum
3316 1048 3633 1117 scriptorem
3669 1050 3885 1107 mentio

2321 1146 2519 1194 exstat.
2547 1137 2844 1206 Exscripsit
2856 1153 2987 1192 eam.
3000 1136 3242 1203 lllyricus
3265 1137 3320 1192 in
3340 1137 3600 1208 Catalogo
3621 1154 3688 1193 ex
3719 1140 3887 1193 sche-

2324 1227 2407 1281 dis
2436 1235 2491 1280 et
2521 1225 2845 1281 adversariis
2870 1227 3267 1295 'manuscriptis
3296 1227 3564 1293 Aventini,
3600 1244 3701 1283 nec
3727 1228 3890 1281 novit

2326 1315 2466 1370 unde
2489 1330 2609 1369 eam
2646 1315 2943 1370 Aventinus
2968 1316 3251 1386 acceperit.
3283 1315 3348 1369 Et
3371 1331 3470 1385 ego
3504 1317 3748 1385 epistolae
3782 1332 3892 1372 cu-

2322 1406 2414 1475 jus
2440 1404 2593 1473 origo
2622 1411 2676 1457 et
2704 1402 2882 1458 natale
2910 1402 3089 1458 solum
3119 1404 3392 1459 nesciatur
3422 1406 3579 1465 fidem
3614 1406 3845 1460 habeam
3864 1408 3892 1458 ?

2328 1494 2545 1548 Dubitat
2565 1508 2780 1563 quoque
2793 1492 3182 1564 "lyricus-num
3198 1494 3264 1548 ad
3280 1494 3623 1549 Anastasium
3644 1495 3891 1563 primum

2329 1602 2397 1641 an
2432 1586 2498 1640 ad
2536 1586 2827 1639 secundum
2873 1586 3037 1639 missa
3073 1583 3253 1640 fuerit.
3294 1583 3546 1639 Omnium
3581 1587 3892 1641 rectissime

2330 1675 2544 1740 sentiet,
2573 1676 2666 1746 qui
2703 1676 2771 1729 ad
2810 1684 3061 1753 neutrum
3104 1676 3325 1731 missam
3358 1676 3556 1731 credet.
3586 1675 3889 1733 Calvinista

2331 1778 2517 1827 noster
2545 1768 2755 1832 doctior
2784 1767 3045 1823 Aventino
3078 1766 3243 1822 refert
3274 1782 3392 1822 eam
3428 1768 3496 1821 ad
3535 1767 3891 1824 Anastasium

2331 1857 2396 1922 Il,
2432 1872 2576 1912 anno
2602 1856 2725 1911 497.
2744 1854 2871 1923 ~Quo
2900 1856 3113 1911 nullius.
3136 1857 3349 1925 penitus
3380 1856 3594 1911 concilii
3636 1857 3690 1910 in
3712 1856 3893 1910 Gallia

690 1944 830 2012 apud
866 1943 1167 1998 Brunoncm
1193 1918 1266 1998 De
1304 1918 1455 1998 bello.
1483 1942 1770 2011 Saxonico)
1797 1918 2114 2011 Gregorium
2144 1939 2233 1993 Vll
2264 1918 2307 1973 Β
2330 1918 2584 2002 celebrati
2608 1918 3084 2015 ullum'vestigium
3107 1918 3162 2000 in
3186 1946 3482 2001 Annalibus
3505 1944 3783 2029 Francicis
3800 1945 3895 2000 Vel
3934 1930 3937 1933 ’

690 2033 958 2087 exsecrari
990 2041 1045 2086 et
1067 2034 1331 2087 deserere.
1358 2031 1525 2100 Cujus
1552 2030 1945 2101 pseudosynodi
1977 2031 2021 2083 si
2048 2045 2237 2084 omnes

690 2123 1123 2177 circumstantias
1168 2124 1579 2192 perpendamus,
1605 2123 1727 2192 jure
1750 2122 1959 2192 optimo
2001 2122 2055 2176 id
2092 2122 2237 2190 quod

691 2213 760 2268 ab
783 2213 887 2269 illis
908 2212 1105 2269 factum
1130 2222 1213 2268 cst
1238 2228 1315 2277 ¢_a
1351 2214 1560 2268 szeculis
1610 2213 1909 2267 inauditum
1947 2210 2177 2278 facinus,
2212 2231 2231 2263 ο

606 2298 643 2327 ·’
691 2311 749 2356 et
786 2301 942 2371 cujus
982 2296 1191 2356 nullum
1233 2302 1406 2356 simile
1448 2302 1750 2370 exemplum
1786 2302 2006 2370 produci
2055 2308 2237 2370 queat,

694 2388 965 2454 nominari
986 2397 1179 2458 potest.
1212 2387 1347 2442 Nam
1375 2398 1566 2445 caetera
1586 2390 1778 2443 ‘omnia
1802 2402 1924 2457 qua:
1952 2388 2241 2457 aliquando

694 2488 881 2536 contra
897 2480 987 2549 jus
1005 2489 1060 2534 et
1079 2479 1162 2537 fas
1186 2480 1443 2535 adversus
1464 2478 1742 2550 pontiﬁces
1760 2489 1879 2535 acta
1906 2487 2050 2545 sunt,
2074 2480 2238 2535 etiam

695 2567 960 2636 depositio
983 2566 1206 2622 Joannis
1228 2567 1319 2620 Xll
1341 2567 1396 2622 in
1419 2569 1826 2639 pseudosynodo
1853 2567 2116 2632 Romana,
2145 2567 2244 2622 mi-

698 2672 886 2711 norem
920 2646 1301 2727 turpitudinem
1344 2672 1606 2712 annexam
1644 2657 1842 2712 habent
1873 2675 1886 2709 :
1915 2659 2039 2728 quia
2078 2657 2245 2727 turpi-

699 2746 830 2801 tudo
870 2748 993 2801 vita
1022 2762 1127 2816 qua
1169 2746 1405 2801 Joannes
1447 2761 1565 2803 sese
1611 2763 1643 2801 a
1683 2747 1829 2802 calce
1874 2746 1943 2801 ad
1987 2747 2241 2801 verticem

712 2920 953 2941 *

964 2916 2893 2950 ——-——————-—————~.————_—-b—_

2332 2034 2453 2089 aliis
2494 2034 2774 2102 reperitur.
2813 2032 2880 2088 Et
2924 2042 3103 2088 tamen
3152 2032 3446 2090 Calvinista
3495 2044 3680 2089 noster
3726 2035 3896 2089 titulo

2334 2116 2573 2193 appingit
2600 2124 2715 2177 bzec
2746 2122 2928 2177 verba.
2963 2121 3047 2175 Ea:
3080 2121 3315 2178 Concilio
3348 2139 3366 2175 :
3395 2121 3643 2187 Nomina,
3678 2138 3894 2193 quem,

2337 2212 2613 2281 ut0picum
2667 2212 2770 2265 hoc
2812 2211 3121 2266 concilium.
3171 2210 3470 2282 Prmposuit
3517 2221 3574 2267 et
3635 2215 3894 2279 titulum,

2339 2302 2493 2371 quasi
2514 2302 2584 2353 sit
2605 2300 2668 2353 ab
2689 2301 2963 2369 episcopis,
2985 2314 3109 2355 cum
3144 2299 3217 2355 sit
3248 2302 3318 2355 ab
3348 2299 3576 2370 Illyrico.

2410 2388 2484 2442 De
2525 2387 2691 2442 altera
2727 2386 2952 2457 epistola
2988 2386 3274 2445 Guntbarii
3305 2395 3361 2442 et
3399 2384 3738 2458 Theutgaudi
3776 2388 3901 2459 lege

2343 2477 2634 2532 Baronium
2680 2484 2814 2536 tam.
2850 2474 2919 2541 Χ,
2960 2491 3103 2530 anno
3137 2475 3339 2532 Christi
3377 2474 3503 2542 863,
3542 2492 3693 2531 num.
3737 2476 3803 2530 18
3840 2484 3904 2531 ct

2344 2583 2492 2637 seqq.
2523 2566 2589 2621 Et
2617 2566 2818 2622 videbis
2857 2569 3118 2622 sectarios
3152 2576 3367 2622 nostros
3395 2566 3746 2637 dignissimos
3773 2581 3901 2621 esse

2344 2658 2437 2727 qui
2468 2652 2618 2713 hisce
2651 2668 2761 2735 tam
2786 2659 3007 2729 perditis
3032 2659 3271 2729 patronis
3293 2668 3359 2747 et.
3378 2658 3756 2714 defensoribus
3776 2673 3897 2713 rem

2344 2754 2534 2801 contra
2561 2745 2832 2802 Romanos
2854 2747 3134 2819 pontifices
3154 2756 3334 2818 agant.

3492 2926 3891 2956 -ι--ι--η

1226 3020 1965 3214 EXCERPTA
2019 3098 2207 3216 EX
2261 3039 3415 3236 DISSERTATIONE'

2031 3324 2160 3388 CUI
2202 3325 2533 3388 TITULUS
2560 3345 2576 3385 :

716 3490 929 3545 Gemina
952 3479 1198 3563 adversus
1226 3484 1555 3538 Heleln‘orem
1584 3484 1953 3552 Gnidinastnm
1974 3482 2340 3539 Caleiniaanm
2359 3484 2715 3553 rcplicatomn
2753 3485 2837 3539 ne!
2870 3452 3042 3561 potius
3085 3481 3596 3556 qucd'fttplicalom
3631 3485 3870 3555 defensio
3887 3499 3908 3538 :

745 3622 751 3627 .
782 3571 924 3647 prior
954 3593 1046 3648 pro
1090 3574 1146 3630 S.
1178 3574 1239 3627 li.
1288 3575 1563 3627 orthodoxi
1608 3584 1657 3628 et
1695 3573 1939 3627 catholici
1982 3575 2184 3644 imperii
2211 3575 2353 3628 avita
2380 3575 2669 3643 majestate,
2693 3576 3079 3659 replicationcm
3111 3576 3497 3641 Calvinieum,
3518 3576 3728 3645 imperii
3752 3575 3909 3644 hujus

788 3667 1139 3729 vastatricem,
1168 3674 1408 3736 accurate
1436 3666 1702 3716 examinat
1731 3673 1779 3716 et
1806 3665 2038 3732 refutat;
2058 3672 2269 3716 auctore
2291 3662 2551 3729 Gretsero,
2592 3665 2859 3719 societatis
2895 3663 3024 3719 Iesu
3061 3663 3322 3736 theologi);
3353 3666 3610 3735 posterior
3639 3664 3909 3734 complura

788 3763 1114 3809 monumenta
1142 3729 1388 3824 hactenus
1412 3752 1611 3804 inedita
1632 3729 2007 3822 pretii-egerit)
2042 3750 2150 3805 γη
2180 3751 2401 3820 aliisque
2427 3753 2757 3822 pontiﬁcibus
2782 3753 3031 3809 Romanis
3056 3729 3260 3811 Lectori
3280 3729 3501 3822 exhibet,
3528 3755 3726 3810 αιδωτε
3844 3752 3906 3808 ν.

747 3859 750 3863 ‘
790 3846 1099 3903 Sebastiano
1129 3845 1459 3901 Tenemus.
1484 3842 1539 3897 l.
1569 3842 1633 3896 U.
1660 3842 1726 3895 Ι).
1750 3850 1798 3895 et
1829 3840 2082 3896 Casurae
2103 3840 2246 3895 biblit

2342 3856 2423 3895 sca:
2455 3841 2751 3899 Viennensis
2771 3846 3033 3915 prafecto.

1958 3970 2112 4043 (Opp.
2145 3969 2402 4037 Gretseri,
2422 3970 2511 4037 Vl,
2534 3972 2683 4041 299.)

2204 4128 2385 4145 _

1472 4251 1513 4306 l.

734 4380 812 4439 De
843 4382 1148 4444 Incrementa
1168 4382 1302 4450 quod
1334 4369 1590 4499 Hen‘r‘iatit's
1614 4379 1642 4435 ι
1658 4379 1695 4434 γ
1720 4379 1967 4452 Gregorio
2002 4379 2109 4434 VII
2139 4395 2275 4451 pra-

1440 4458 1552 4500 mli

808 4585 904 4657 [lie
930 4580 1403 4641 vehementissime
1438 4580 1568 4635 furit
1591 4580 1887 4636 Calvinista
1909 4583 2053 4651 quod
2078 4568 2279 4639 lieni-io

739 4690 863 4730 cum
909 4671 974 4725 Ν
1026 4692 1045 4723 c
1092 4688 1271 4739 regem
1312 4672 1614 4727 Germania}
1652 4691 1668 4721 ι
1713 4672 2028 4738 nominavi:
2064 4682 2086 4723 t‘
2113 4670 2280 4730 fuisse

741 4766 892 4819 enim
928 4763 1219 4817 multorum
1252 4762 1491 4816 aliorum
1529 4776 1818 4832 regnorum
1863 4777 2060 4836 regem.
2110 4783 2128 4815 ι
2170 4763 2281 4819 Cur

742 4854 1060 4918 baccharis,
1110 4867 1144 4905 o
1176 4849 1507 4904 Calvinista?
1537 4850 1625 4904 An’
1669 4853 1788 4907 ideo
1834 4844 2025 4923 negavi
2065 4853 2282 4919 Henrici

723 4943 1042 5012 potentiam
1067 4940 1208 4995 ultra
1238 4937 1541 4993 Germaniae
1563 4937 1697 4993 ﬁnes
1723 4954 1842 4995 sese
1861 4930 2200 4999 extendisse?
2225 4942 2283 5000 Si

746 5028 1052 5097 Philippum
1093 5025 1162 5078 ιιι
1198 5026 1470 5080 nominem
1515 5044 1533 5075 ε
1588 5039 1766 5096 regem
1805 5024 2220 5096 Hispaniarum,
2258 5047 2278 5080 ι

750 5135 821 5175 an
847 5114 1336 5185 hacappellatione
1358 5123 1477 5168 mea
1506 5116 1656 5169 illum
1692 5114 1758 5170 de
1785 5115 2064 5184 utriusque
2088 5113 2251 5194 India:
2268 5156 2284 5181 ,

732 5204 982 5271 Sicilia,
1009 5201 1263 5271 Neapolis
1291 5208 1346 5255 et
1380 5207 1462 5255 tot
1488 5203 1716 5259 aliorum
1762 5220 2051 5275 regnorum
2075 5218 2289 5274 posses-

733 5292 909 5353 done
929 5292 1191 5352 deturbet
1211 5291 1293 5346 An
1319 5291 1575 5360 injuriam
1596 5292 1646 5346 ei
1668 5291 1832 5359 facio,
1868 5295 1915 5350 si
1946 5311 1978 5349 a
2006 5293 2291 5350 notissimo

757 5392 813 5439 et
829 5381 1088 5454 primario
1105 5397 1274 5451 regno
1300 5383 1350 5438 ei
1375 5398 1574 5438 nomen
1598 5382 1817 5439 indam?

829 5495 995 5566 Egre
1014 5492 1120 5549 fert
1149 5491 1438 5553 calvinista
1470 5497 1615 5575 quod
1656 5496 2006 5567 imperatores
2033 5494 2290 5562 Romani,

761 5600 821 5641 se
849 5606 868 5636 ι
899 5599 1051 5655 reges
1080 5582 1378 5639 Germania:
1406 5606 1425 5636 ι
1452 5588 1755 5657 indigitant,
1777 5588 1958 5657 aitque
1980 5584 2295 5642 Maximilia.

763 5687 895 5729 num
924 5672 947 5726 1
983 5692 1004 5724 ι
1032 5673 1267 5747 primum
1292 5673 1456 5747 fuisse
1478 5675 1572 5743 qui
1602 5677 1744 5730 hunc
1770 5676 1983 5730 titulum
2011 5675 2300 5753 usurparit,

746 5756 824 5813 ’et
856 5762 959 5816 hoc
998 5758 1254 5817 accidisse
1286 5778 1352 5817 ex
1390 5758 1747 5833 imprudentia
1784 5763 2238 5823 consiliariorum.
2278 5783 2296 5818 ι

2288 4258 2331 4313 C
2364 4251 2504 4318 Sed,
2525 4252 2630 4307 nisi
2656 4253 2812 4310 fallor
2829 4294 2844 4320 ,
2875 4232 3138 4331 optimum
3162 4254 3362 4313 factum
3385 4256 3585 4316 faceret
3614 4262 3911 4331 Calvinists

2371 4344 2417 4399 si
2434 4340 2661 4414 Pragam
2680 4341 2741 4399 se
2756 4343 3046 4409 conferret,
3064 4346 3346 4418 ipsumque
3366 4352 3794 4410 sacratissimum
3812 4356 3915 4411 im-

2370 4444 2673 4513 peratorem
2722 4436 2949 4507 ejusque
2974 4439 3315 4496 consiliarios
3344 4441 3564 4499 doceret
3588 4446 3683 4513 qui
3725 4447 3914 4503 titulus

2373 4524 2717 4591 usurpandus
2789 4524 2878 4579 sit.
2942 4516 3298 4597 intelligerent
3356 4530 3500 4583 enim
3553 4531 3701 4586 hunc
3743 4546 3916 4588 ,ωαν-

2360 4610 2619 4683 pandum
2667 4625 2806 4679 esse.
2844 4630 2863 4663 ι
2912 4611 3230 4684 Budolpbus
3272 4614 3636 4672 Romanorum
3688 4616 3929 4691 impera?

2376 4709 2481 4768 tor,
2507 4711 2611 4759 etc.
2646 4701 2759 4757 ﬂes
2812 4701 3177 4774 Francorum,
3230 4705 3728 4778 Langobardorum,
3769 4705 3917 4768 Hun-

2369 4807 2651 4861 garorum.
2677 4810 2695 4844 ι
2731 4790 2798 4845 Et
2823 4792 3135 4851 dubitamus
3157 4796 3331 4853 adhuc
3350 4838 3367 4862 ,
3392 4799 3538 4854 hunc
3552 4801 3786 4875 latronis
3810 4803 3914 4859 fra-

2360 4889 2549 4946 trem,
2594 4883 2761 4937 totius
2782 4881 3022 4951 imperii,
3048 4885 3217 4954 ipsius
3247 4886 3429 4941 itidem
3464 4887 3837 4958 imperatoris,
3866 4900 3919 4945 et

2378 4969 2813 5040 eonsiliariorum
2827 4971 2947 5039 ejus
2970 4971 3397 5038 refer-uiatorem,
3413 4984 3675 5042 coronare
3688 4980 3838 5034 rosis
3854 4990 3919 5033 es

2382 5058 2591 5113 Calvini
2632 5058 2811 5115 amem
2849 5061 3116 5131 decerptis
3137 5101 3155 5127 ,
3190 5064 3487 5131 ρτεεεηίιι
3516 5062 3814 5138 'cuni‘eap.
3852 5068 3931 5124 as-

2387 5144 2653 5201 Tartaree
2682 5162 2795 5201 sua
2817 5145 3214 5217 Replicationis',
3238 5163 3362 5221 pag.
3389 5150 3519 5217 26!,
3542 5152 3601 5206 In
3618 5152 3742 5211 hac
3762 5152 3919 5216 verb

2386 5250 2667 5304 erumpere
2703 5251 2813 5299 non
2846 5224 3122 5293 erubuerit
3149 5258 3163 5293 :
3197 5258 3216 5291 ι
3244 5239 3385 5306 Quin
3413 5236 3583 5304 Idle.
3609 5239 3845 5301 Galliam
3867 5252 3921 5302 α

2373 5325 2732 5382 Germaniam
2771 5340 2881 5380 non
2927 5341 3048 5384 esse
3090 5328 3319 5384 Romani
3354 5329 3565 5400 imperii
3597 5346 3797 5406 regna,
3832 5318 3921 5392 and

2390 5412 2558 5467 libera
2579 5421 2637 5468 et
2663 5414 2970 5471 immediata
2990 5424 3079 5483 ,et
3107 5417 3350 5485 suojure
3375 5416 3923 5492 utentium

2394 5498 2550 5571 rique
2590 5499 2993 5583 Romanorum,
3029 5512 3300 5575 quaternm
3335 5487 3778 5584 estw.

2397 5588 2569 5660 magis
2589 5606 2605 5639 ‹
2621 5589 2861 5657 bstricta,
2882 5606 3045 5661 quam
3070 5590 3309 5647 Persians
3326 5632 3344 5658 ,
3365 5591 3714 5664 Ethiopian,
3732 5593 3927 5671 la".-

2400 5676 2565 5730 niam.
2604 5695 2623 5727 ι
2676 5676 2751 5731 De
2787 5677 2957 5732 Gallia
2991 5693 3102 5732 non
3135 5679 3343 5734 labem.
3381 5678 3465 5751 De
3489 5680 3779 5740 Germania
3814 5695 3923 5757 an

2401 5764 2677 5822 tibiﬁdesn
2703 5765 2932 5831 habebo.
2964 5781 3090 5827 cum
3110 5767 3245 5839 mihi
3274 5763 3585 5845 testi-ionio

3840 6198 4047 6291 id
