4098 6398
232 469 312 522 233
614 531 616 533 μ
1043 464 1559 525 PROLEGOMENA.
1599 496 1670 508 —-
1707 467 1792 521 DF.
1834 465 2099 528 OFFICIO
2137 468 2190 523 S.
2235 465 2575 524 GREGORII.

3302 477 3404 534 ΞΜ

232 581 342 635 saris
383 592 433 634 et
471 580 739 636 Caesareae
793 581 961 635 curiae
1001 581 1346 650 pzobavcris,
1372 581 1752 650 imperatorem
1781 593 1826 647 Α
1852 579 2079 634 stolidus
2101 579 2395 634 Calvinista
2425 595 2521 649 per
2555 579 2801 633 undecim
2849 579 3017 634 ferme
3050 582 3172 636 folia
3226 584 3400 639 fatua-

232 670 313 722 alio
340 669 482 722 titulo
502 682 768 739 seregem
798 670 1101 724 Germania
1134 670 1368 724 scribere
1405 685 1566 739 quam
1593 669 1747 723 titulo

230 758 548 825 imperatoris,
587 759 692 811 hoc
715 767 802 812 est
829 758 955 826 quia
986 758 1278 828 imperator
1306 766 1406 811 est.

928 864 993 918 ll.

228 952 286 1007 De
311 955 511 1025 epistola
564 955 862 1025 principum
898 954 1208 1025 imperiiad
1245 952 1601 1006 Innocentium
1648 951 1745 1005 111
1780 1024 1783 1025 ν

366 1025 423 1075 de
453 1021 703 1076 electione
731 1021 951 1076 Othonis
989 1023 1014 1074 Ι
1035 1021 1072 1074 ι’
1104 1023 1160 1074 in
1187 1026 1568 1090 imperatorem.

278 1112 430 1182 Caput
464 1113 564 1168 hoc
591 1156 606 1179 ,
635 1124 695 1167 ut
716 1113 1160 1167 verbosissimum
1189 1121 1244 1165 et
1263 1112 1700 1181 loquacissimum
1727 1152 1742 1176 ,

226 1202 287 1256 sic
314 1213 360 1255 et
381 1204 884 1268 mendacissimum,
918 1212 1084 1267 81,111.
1114 1204 1186 1257 ita
1220 1204 1446 1272 loquar,
1502 1203 1743 1270 imperti-

226 1291 562 1344 lentissimum
591 1301 707 1358 est;
747 1308 871 1345 cum
907 1308 1024 1345 mea
1050 1308 1148 1346 nec
1178 1280 1323 1360 petat
1347 1334 1360 1356 ,
1386 1308 1483 1345 nec
1521 1301 1740 1360 tangat,

224 1395 302 1432 nec
347 1381 512 1448 feriat,
575 1383 670 1436 sed
715 1384 789 1438 nil
830 1383 932 1437 nisi
979 1383 1323 1440 Calvinistica
1367 1383 1648 1452 phasmata
1691 1390 1744 1435 ct

223 1468 448 1534 plasmata
473 1481 872 1540 persequatur;
921 1473 1082 1542 cujus»
1117 1472 1397 1526 exordium
1426 1480 1480 1524 et
1504 1471 1645 1536 ﬁnis,
1691 1480 1744 1523 ct

221 1559 442 1628 quidquid
474 1562 613 1614 inter
636 1563 752 1614 lucc
782 1561 894 1614 du‘o
926 1561 1229 1628 inter-jacet,
1275 1560 1408 1613 nihil
1452 1559 1593 1612 aliud
1618 1567 1744 1612 sunt

219 1663 354 1715 quam
384 1659 471 1702 aut
497 1651 867 1719 pseudologia,
896 1660 992 1703 aut
1022 1649 1266 1714 ltedoria,
1297 1658 1391 1703 aut
1427 1650 1625 1717 atopia,
1650 1658 1744 1703 aut

219 1736 498 1791 inanissima
521 1739 787 1808 phlyaria.
827 1730 1235 1808 Pseudologiam
1259 1739 1339 1792 vel
1361 1739 1417 1790 in
1441 1739 1543 1792 hoc
1581 1737 1741 1790 unico

217 1828 428 1894 exemplo
452 1829 588 1882 vide.

1851 678 1957 733 tur,
1995 684 2061 723 ne
2095 669 2270 723 dicam
2302 670 2612 723 bacchatur.
2641 667 2822 738 Neque
2851 669 2904 722 in
2929 679 3189 725 aeternum
3234 675 3400 727 ullum

1846 757 2079 825 diploma
2101 766 2274 821 vetus,
2301 773 2330 810 a
2370 758 2560 826 priscis
2597 758 3029 826 imperatoribus,
3069 770 3162 814 aut
3197 763 3403 818 litteras

1845 846 1914 898 ab
1936 845 2067 913 ipsis
2095 846 2510 914 imperatoribus
2539 847 2825 914 posteriori
2859 863 2974 900 mvo
3023 851 3251 918 scriptas
3275 867 3402 920 pro-

1846 935 1980 988 feret
2006 955 2017 988 :
2047 936 2102 990 in
2136 923 2342 1004 quibus.
2364 937 2465 1004 ipsi
2491 951 2607 989 sese
2636 937 2788 989 aliter
2817 953 2979 1005 quam
3012 955 3162 1007 rcges
3193 941 3270 993 vel
3296 941 3397 993 im-

1844 1034 2120 1092 peratores
2153 1026 2353 1078 electos
2385 1023 2694 1077 nominent:
2724 1026 2846 1079 licet
2890 1043 3022 1080 usus
3069 1028 3363 1082 hodiernus
3384 1070 3396 1092 ,

1845 1121 1897 1165 et
1921 1113 2132 1181 quidem
2157 1114 2410 1181 optimus,
2448 1112 2521 1165 ita
2552 1111 2718 1177 ferat;
2744 1123 2803 1166 ut
2837 1116 2929 1182 qui
2955 1115 3020 1167 dc
3050 1115 3154 1170 illis
3177 1115 3399 1184 loquun-

1845 1209 1951 1265 tur,
1973 1202 2246 1256 autetiam
2288 1202 2408 1254 illus
2435 1215 2527 1254 seu
2553 1217 2734 1254 coram
2765 1218 2856 1254 seu
2885 1218 2979 1270 per
3024 1205 3229 1258 litteras
3262 1205 3396 1258 allo-

1843 1299 2102 1358 quuntur,
2130 1291 2465 1358 imperatores
2492 1298 2702 1353 vocent,
2748 1291 2863 1343 sine
2895 1292 3002 1344 ulla
3036 1293 3397 1360 adjunctione,

1843 1381 1988 1448 quod
2013 1380 2134 1449 jure
2168 1381 2371 1448 optimo
2418 1381 2503 1444 fit;
2553 1380 2765 1433 interim
2807 1382 2937 1448 ipsis
2982 1383 3400 1451 imperatoribus

1843 1483 1948 1521 non
1974 1478 2055 1523 est
2082 1469 2321 1538 ignotum
2343 1469 2465 1537 quis
2496 1471 2757 1538 majorum
2780 1479 2831 1522 et
2850 1479 3250 1525 antecessorum
3274 1489 3401 1526 suo-

1842 1575 1962 1611 rum
1988 1558 2147 1612 fuerit
2174 1559 2239 1612 de
2272 1567 2534 1627 potestate
2567 1560 2762 1612 summi
2810 1560 3077 1628 pontificis
3117 1561 3169 1612 in
3195 1560 3395 1614 Roma-

1844 1664 1970 1701 num
2019 1649 2301 1717 imperium
2355 1665 2563 1704 sensus.
2600 1648 2666 1702 [5t
2709 1650 2852 1702 enim
2889 1650 3012 1702 folia
3037 1650 3089 1702 in
3121 1651 3284 1714 silvis,
3319 1652 3396 1703 sic

1843 1741 2098 1809 temporis
2123 1741 2484 1808 progressioni
2503 1742 2636 1794 tituli
2665 1741 2883 1804 cadunt,
2911 1741 3136 1809 aliisque
3154 1743 3244 1794 alii
3273 1757 3394 1794 suc-

1839 1829 2056 1892 cedunt,
2088 1831 2235 1882 salvo
2260 1829 2472 1882 interim
2505 1830 2929 1896 uniuscujusque
2949 1831 3088 1897 jure.
3138 1830 3201 1883 Et
3235 1830 3279 1883 si
3302 1829 3393 1897 qui

272 1912 506 1970 Mentitur
533 1916 676 1971 hanc
707 1919 1145 1993 consecutionem
1186 1931 1528 1982 cssemeam,
1567 1916 1649 1970 vel
1673 1932 1741 1970 ex
1772 1903 1812 1956 Β
1839 1918 2218 1971 historicorum
2253 1921 2524 1987 quondam
2568 1933 2764 1971 nomen
2809 1920 3149 1986 imperatoris
3181 1923 3393 1990 regibus

218 2013 368 2060 mente
398 2022 529 2060 mea.
577 2029 594 2057 ε
629 2007 774 2076 Papa
813 2009 1088 2062 Romanus
1134 2008 1295 2060 habet
1315 2007 1404 2074 jus
1426 2006 1735 2074 inungcndi,

216 2098 530 2150 consecrandi
587 2106 642 2150 et
700 2096 995 2150 coronandi
1059 2096 1284 2149 electum
1364 2095 1736 2162 imparatorcm

219 2180 593 2247 Romanorum;
656 2199 785 2252 ergo
820 2184 936 2236 sine
960 2197 1108 2250 papzn
1159 2180 1385 2236 Romani
1447 2180 1737 2233 conﬁrma-

216 2269 336 2321 tione
399 2271 574 2325 uullus
634 2280 811 2340 potest
847 2286 965 2324 esse
1002 2271 1272 2339 legitimus
1305 2269 1592 2337 imperator
1634 2269 1738 2322 Ro-

213 2372 484 2412 manorum.
544 2344 1046 2428 Eticonsequenter,
1076 2374 1232 2426 quem
1257 2357 1387 2410 nolit
1446 2372 1581 2425 papa
1604 2372 1734 2410 con-

194 2445 422 2511 ﬁrmare,
455 2450 499 2502 is
522 2466 624 2503 nec
652 2450 863 2513 debeat,
926 2464 1024 2501 nec
1055 2449 1223 2516 possit
1285 2463 1403 2501 esse
1430 2448 1512 2500 vel
1545 2449 1732 2500 ‘uomi-

215 2535 314 2588 nari
367 2537 672 2606 imperator.
724 2559 740 2588 ι
789 2537 910 2591 ΠίῺο
970 2539 1194 2590 latronis
1231 2535 1393 2588 frater
1425 2551 1489 2588 ex
1531 2549 1628 2588 suo
1650 2551 1735 2588 ce-

212 2624 346 2676 rebro
367 2628 490 2679 mihi
513 2623 717 2697 atIingit
750 2637 802 2680 et
825 2627 1133 2680 ailmetitur.
1161 2624 1292 2678 Nam
1320 2641 1385 2677 ex
1428 2625 1541 2678 sola
1571 2625 1731 2676 inun-

209 2714 361 2769 ctiore
391 2726 441 2770 et
460 2718 866 2772 consecratione
913 2732 1190 2785 nunquam
1227 2715 1533 2783 hujusmodi
1571 2730 1734 2782 argu-

210 2814 417 2860 mentum
439 2807 590 2870 duxi,
615 2815 799 2862 certus
826 2821 1038 2862 summo
1073 2806 1320 2874 pontiﬁci
1361 2806 1413 2857 in
1449 2805 1732 2874 imperium

209 2887 479 2946 Romanum
502 2895 624 2963 plus
646 2895 928 2963 potestatis
958 2910 1076 2948 esse
1117 2911 1279 2962 quam
1305 2895 1373 2947 sit
1399 2894 1514 2947 sola
1537 2901 1589 2946 et
1624 2909 1735 2946 mc-

207 2992 252 3028 ra
274 2984 592 3034 consecratio
615 2992 666 3034 et
703 2984 946 3036 inunctio
979 2983 1130 3035 electi
1175 2982 1544 3049 imperatoris;
1576 2981 1732 3049 idque
1766 3013 1772 3017 ι

203 3082 257 3118 ex
278 3067 500 3135 ipsorum
529 3084 714 3138 regum
739 3086 802 3124 ac
829 3071 1212 3139 imperatorum
1237 3069 1699 3123 testificationibus
1716 3113 1727 3132 ,

202 3160 506 3222 exhistmiis
540 3169 649 3216 tam
697 3163 868 3217 sacris
915 3178 1076 3232 quam
1102 3161 1362 3231 profanis,
1391 3177 1453 3214 ex
1509 3163 1731 3214 vetustis

203 3243 369 3301 litteris
407 3259 458 3302 et
508 3249 928 3318 diplomatibus,
973 3258 1026 3302 et
1057 3265 1120 3303 ex
1162 3249 1435 3303 communi
1489 3249 1730 3301 omnium

201 3345 344 3388 tensa
368 3338 860 3405 comprobavcram.
893 3337 1156 3402 Quocirca
1211 3347 1376 3390 ruunt
1396 3351 1730 3404 qumcunque

212 3466 1358 3496 w—

1839 2021 1945 2062 non
1972 2011 2243 2063 coronatis
2291 2009 2612 2072 tribuerunt,
2651 2009 2701 2061 id
2733 2017 2825 2062 aut.
2861 2011 2964 2062 lata
3014 2010 3241 2077 quadam
3290 2027 3390 2064 no-

1838 2099 1984 2151 tione
2025 2098 2285 2162 fecerunt,
2329 2110 2421 2152 aut
2444 2116 2637 2152 nomen
2667 2102 3004 2169 imperatoris
3027 2118 3121 2169 pro
3143 2102 3389 2169 designa-

1839 2196 1892 2241 to
1921 2197 1975 2242 ct
1995 2188 2165 2242 electo
2200 2191 2522 2257 imperatore
2555 2201 2902 2258 usurparunt,
2929 2201 2988 2244 ut
3014 2193 3126 2259 jam
3149 2208 3284 2260 saipe
3311 2192 3392 2244 (ἓί-

1838 2284 1982 2330 ctum
2001 2285 2100 2330 est.
2119 2276 2299 2347 Neque
2322 2279 2373 2331 in
2402 2280 2506 2332 alio
2534 2296 2757 2333 numero
2785 2271 2908 2349 poni
2937 2283 3131 2334 debent
3158 2283 3391 2336 insanis-

1838 2367 1959 2420 simi
1989 2376 2041 2420 et
2067 2351 2409 2422 furiOsissimi
2437 2369 2742 2423 Calvinisttc
2771 2369 2930 2438 hujus
2957 2371 3060 2438 legi
3086 2370 3390 2435 (Germani-

1836 2470 1912 2508 ca:
1950 2455 2147 2524 Lugent)
2201 2472 2362 2523 quam
2409 2457 2461 2508 in
2503 2457 2898 2509 teterrimarum
2952 2459 3389 2509 crin'iiiratiouum

1835 2542 2108 2613 CataIOgo,
2137 2546 2352 2613 quando
2381 2547 2726 2610 vociferatur,
2753 2563 2853 2600 nos
2880 2540 3092 2615 negare,
3147 2566 3164 2595 ι
3217 2548 3357 2614 impe
3385 2576 3389 2581 -

1835 2640 2067 2685 ratorum
2120 2633 2220 2686 hoc
2256 2633 2373 2700 ipso
2398 2635 2541 2702 quo]
2565 2634 2766 2687 electus
2827 2644 2929 2700 est,
2955 2633 3109 2703 plena
3142 2645 3382 2703 potesta-

1837 2730 1886 2776 te
1911 2737 1996 2776 res
2052 2723 2262 2791 imperii
2291 2724 2698 2778 administrandi
2747 2725 2926 2793 potiri,
2968 2741 3064 2778 nec
3091 2725 3384 2793 imperato—

1835 2824 1968 2873 rem,
2008 2825 2105 2863 nec
2152 2811 2450 2878 Augustum
2487 2827 2604 2866 esse
2662 2822 2755 2865 aut
2791 2813 3056 2866 nominari
3087 2815 3296 2867 debere.
3363 2833 3380 2863 ι

1834 2895 1964 2960 Qua:
2011 2898 2189 2949 omnia
2243 2898 2463 2964 deputes
2504 2900 2664 2966 hujus
2705 2900 3011 2954 Calvinista:
3046 2901 3322 2968 magistro,
3355 2919 3384 2953 a

1832 2999 1940 3053 quo
1969 2987 2143 3038 omnis
2169 2986 2435 3038 calumnia
2455 2997 2506 3038 et
2527 2989 2896 3055 sycophantia,
2923 2997 3180 3055 tanquam
3209 2989 3381 3055 prima

1833 3073 1901 3125 ab
1935 3072 2139 3142 origine
2176 3082 2385 3137 manat;
2426 3071 2580 3140 cujus
2617 3073 2806 3140 spiritu
2849 3082 2903 3126 et
2934 3075 3097 3125 halitu
3139 3074 3305 3141 spirat
3331 3085 3385 3125 et

1834 3160 1979 3213 halat
2001 3159 2185 3212 rabula
2216 3160 2334 3223 iste,
2361 3158 2617 3229 quidquid
2663 3161 2834 3229 spirat
2866 3170 2919 3215 et
2947 3163 3111 3227 halat,
3153 3163 3246 3232 qui
3290 3161 3378 3216 vix

1835 3251 1975 3318 potis
2000 3251 2100 3304 tria
2124 3251 2283 3304 verba
2314 3250 2554 3319 proferre
2575 3253 2704 3321 quin
2733 3261 2966 3322 quatuor
3002 3261 3094 3306 aut
3145 3255 3381 3323 quinque

1836 3337 2113 3390 mendacia
2143 3339 2475 3391 contineant.

1469 3579 2132 3656 DISSERTATIO

529 3756 700 3866 DE
784 3753 1345 3866 OFFICIO
1432 3676 1940 3863 SANCTl
2029 3752 2694 3862 enueonn
2777 3753 2982 3865 v11

935 3928 1091 4000 (Dom
1119 3927 1459 3991 Gutuascsn,
1494 3927 1829 3980 Institutions
1851 3926 2178 3996 liturgiques,
2207 3931 2246 3977 t.
2275 3923 2339 3987 ll,
2369 3939 2423 3991 p.
2451 3919 2598 3990 450.)

258 4152 329 4209 Un
367 4155 460 4209 des
501 4167 658 4206 noms
687 4151 767 4203 les
804 4147 926 4217 plus
966 4145 1206 4216 glorietur
1237 4143 1304 4198 de
1328 4145 1587 4199 l‘histoire
1627 4154 1728 4210 est,
1765 4165 1806 4218 ι)
1830 4147 1924 4200 des
1960 4147 2130 4199 saints
2159 4151 2212 4197 et
2241 4142 2515 4211 pr0posait
2543 4155 2572 4194 a
2607 4140 2656 4193 la
2700 4138 3008 4194 vénération
3063 4143 3378 4200 universelle

197 4260 306 4300 una
328 4243 587 4299 eontredit
619 4237 985 4309 aujourd’hui,
1022 4236 1069 4289 le
1094 4249 1221 4289 nom
1241 4235 1311 4289 du
1334 4236 1502 4312 grand
1524 4235 1727 4304 pontite

194 4336 320 4389 saint
344 4333 594 4405 Grégoire
619 4329 729 4384 γη.
780 4326 898 4382 Une
925 4327 1122 4396 justice
1154 4325 1379 4386 tardive,
1416 4326 1553 4377 mais
1587 4325 1728 4377 écla-

193 4433 341 4490 tante,
375 4441 405 4479 a
431 4425 516 4480 été
541 4423 744 4477 rendue
766 4420 808 4481 ὲ,
828 4434 889 4473 ce
924 4417 1082 4472 béros
1111 4416 1175 4469 de
1194 4412 1404 4483 l'Eglise
1430 4421 1484 4467 et
1505 4414 1569 4466 de
1591 4415 1727 4466 l‘hu-

193 4507 392 4581 manité,
425 4524 482 4569 et
520 4515 628 4568 l‘on
673 4519 802 4581 peut
832 4509 1004 4563 meme
1041 4506 1156 4558 dire
1190 4516 1294 4573 que
1319 4519 1378 4556 sa
1406 4505 1571 4573 gloire
1593 4505 1729 4558 croit

191 4621 368 4661 aucore
404 4615 530 4660 tous
570 4604 650 4658 les
679 4603 856 4670 jours.
901 4597 1047 4650 Pour
1094 4595 1242 4648 aider
1282 4593 1312 4646 ξι
1361 4603 1552 4647 mettre
1596 4596 1730 4648 dans

191 4699 443 4750 toute'son
465 4693 716 4748 evidence
737 4705 798 4743 ce
831 4685 1162 4756 phénoméne
1187 4684 1555 4752 proviJcntiel,
1594 4702 1730 4740 nous

191 4801 345 4839 avons
364 4784 547 4846 vonlu,
573 4781 710 4836 dans
735 4780 784 4832 le
812 4777 1027 4847 present
1055 4775 1593 4854 chapitre,.raconter
1627 4791 1732 4830 une

192 4872 336 4930 faihie
352 4874 522 4945 partie
543 4873 636 4927 des
661 4878 914 4938 outrages
949 4882 1052 4936 que
1082 4872 1142 4920 ce'
1165 4865 1330 4934 grand
1356 4864 1591 4931 homme,
1629 4882 1732 4934 que

191 4964 570 5020 cetadmirable
599 4962 746 5016 saint
779 4945 1081 5028 iessuyés,
1119 4970 1230 5031 non
1272 4953 1339 5006 de
1382 4954 1432 5007 la
1475 4965 1599 5022 part
1637 4958 1733 5011 des

191 5060 500 5120 protestatus
518 5058 572 5106 et
588 5045 684 5104 des
702 5035 1050 5118 phiinsophes
1074 5047 1146 5101 du
1173 5042 1391 5097 dernier-
1417 5044 1576 5099 siecle
1600 5045 1731 5114 (ccci

194 5145 341 5198 seni!
358 5143 534 5199 moins
565 5135 883 5206 instruetif),
909 5138 1045 5192 mais
1065 5137 1132 5192 de
1150 5136 1200 5188 la
1234 5136 1441 5202 partde
1465 5136 1732 5203 plusieurs

193 5233 295 5300 qni,
327 5225 640 5304 préiendant
676 5228 1007 5297 appartenir.
1032 5226 1277 5295 toujours
1323 5224 1352 5276 ὸ
1393 5223 1605 5294 i‘Eglise
1645 5241 1733 5278 ro—

195 5321 380 5388 maine,
401 5323 548 5377 n‘ont
566 5336 663 5392 pas
696 5317 874 5372 craint
894 5316 958 5368 de
979 5316 1214 5379 récuser,
1244 5329 1438 5366 eamme
1466 5314 1728 5378 intércssé,

195 5405 740 5486 l’aquste'jugement
757 5421 857 5476 par
889 5405 1062 5483 lequel
1081 5407 1180 5460 elle
1203 5403 1475 5460 inscrivalt
1509 5419 1575 5454 au
1602 5419 1731 5473 rang

256 5545 808 5619 (938).Nousoserons
827 5543 952 5619 dire
967 5541 1032 5619 ini
1061 5542 1473 5619 quelqneﬁchose
1494 5542 1588 5619 des
1606 5555 1720 5619 mo-

194 5609 280 5675 ῑίίί
302 5609 606 5689 pra-nais
623 5616 721 5689 qui
744 5609 1136 5689 nous_oliligeiit
1157 5609 1468 5689 ξίίιρξιξειόΞᾳ
1494 5617 1546 5663 et
1567 5611 1595 5661 it
1614 5609 1722 5689 _ho-

195 5677 346 5744 norit
367 5688 422 5746 Β
445 5677 700 5742 mémoii'e
725 5685 792 5737 de
828 5681 969 5735 saint
989 5677 1241 5749 Crégoire
1273 5677 1388 5749 Vli._
1409 5677 1462 5730 Si
1487 5693 1586 5749 nos
1613 5677 1722 5749 lec-

195 5767 334 5814 tum
351 5755 785 5818 umiennent
805 5765 912 5819 que
944 5763 1004 5802 ce
1027 5746 1191 5816 grand
1216 5746 1436 5816 pontife,
1460 5747 1636 5800 moine
1661 5746 1726 5798 de

453 5845 719 5912 Ριτιοι.
762 5837 1059 5902 CXLVIII

1826 4253 1886 4290 ce
1915 4233 2537 4304 pontifevéritablement
2564 4227 2916 4297 apostolique.
2979 4228 3019 4282 Il
3040 4240 3122 4285 est
3143 4233 3246 4287 bon
3271 4252 3377 4304 quc

1825 4325 2056 4378 certains
2089 4322 2212 4376 faits
2238 4319 2700 4388 earactéristiques
2725 4319 2883 4372 d’une
2920 4318 3144 4390 époque,
3178 4333 3229 4378 et
3258 4341 3380 4395 pro-

1827 4431 1948 4485 pres
1977 4415 2006 4468 :‘i
2043 4421 2277 4467 montrer
2306 4428 2371 4465 en
2409 4410 2584 4464 action
2625 4410 2857 4465 certains
2884 4410 3170 4480 principes,
3203 4418 3378 4469 soient

1830 4506 2273 4576 impartialetnent
2292 4499 2614 4572 enregistrés
2638 4508 2692 4554 et
2712 4500 2936 4568 publiés,
2955 4502 3087 4554 dans
3108 4503 3156 4556 la
3172 4505 3394 4576 crainte'

1828 4615 1951 4667 que,
1976 4613 2064 4652 ccs
2089 4597 2289 4650 mémes
2328 4593 2453 4647 faits
2486 4598 2682 4644 venant
2710 4590 2740 4641 ὸ
2771 4604 2828 4642 se
2852 4591 3058 4657 perdre,
3091 4592 3166 4647 les
3194 4592 3376 4662 leeons

1830 4690 2176 4757 importantes
2201 4687 2358 4754 qu‘on
2394 4698 2460 4735 en
2493 4687 2618 4748 peut
2649 4679 2775 4732 tirer
2807 4693 2874 4734 ne
2909 4681 3084 4736 soicnt
3107 4699 3171 4738 en
3204 4688 3376 4740 mémc

1830 4787 2002 4844 temps
2023 4776 2267 4843 perdues.
2314 4772 2426 4837 Que
2452 4771 2496 4824 si
2536 4770 2768 4840 quelque
2792 4770 3047 4826 défaveur
3085 4775 3278 4838 devait,
3309 4777 3374 4828 dc

1831 4882 1932 4920 nos
1965 4865 2117 4933 jours
2143 4878 2354 4928 encore,
2390 4861 2707 4931 poursuivre
2737 4862 2871 4915 celui
2908 4862 2997 4930 qui
3042 4865 3134 4913 ese
3174 4864 3374 4930 plaider

1831 4971 1935 5009 une
1972 4955 2190 5024 pareille
2233 4969 2412 5016 cause,
2458 4967 2594 5006 nous
2638 4951 2956 5017 l’acoeptons
2991 4949 3210 5015 d‘ctlice,
3259 4962 3374 5008 tout

1832 5047 2042 5116 indigne
2067 5061 2172 5115 que
2204 5060 2342 5098 nous
2367 5059 2432 5095 en
2463 5053 2714 5100 sommes,
2756 5047 2810 5089 et
2839 5053 2976 5092 nous
3012 5054 3149 5094 nous
3188 5044 3371 5099 levons

1833 5153 1958 5191 sans
1981 5135 2183 5189 crainte
2203 5148 2338 5202 pour
2365 5143 2559 5197 venger
2579 5126 2715 5180 celui
2738 5128 2849 5195 qui,
2882 5144 3010 5182 avec
3032 5145 3128 5182 son
3150 5145 3372 5202 auguste

1832 5225 2208 5296 prédécesseur
2242 5221 2383 5274 saint
2403 5217 2653 5286 Grégoire
2674 5215 2760 5280 1",
2792 5227 2872 5270 est
2901 5227 2953 5269 et
2982 5218 3289 5275 demeurera
3324 5223 3371 5274 le

1832 5317 1950 5384 plus
1972 5313 2136 5382 grand
2161 5312 2255 5366 des
2284 5325 2445 5378 papes
2467 5324 2570 5378 que
2589 5307 2780 5360 l'ordre
2805 5305 3105 5360 Bénédictin
3129 5309 3202 5360 ait
3223 5310 3370 5361 four—

1835 5405 1915 5456 nis
1944 5403 1974 5454 ii
2006 5402 2213 5472 I’Eglise
2245 5399 2406 5469 (285).

1828 5535 2183 5589 Saint-Pierre
2214 5531 2506 5598 de’Cluny,
2561 5535 2641 5598 est
2682 5543 2788 5580 uno
2835 5529 2928 5598 des
2970 5525 3160 5594 gloires
3210 5527 3275 5579 de
3318 5537 3368 5582 ta

1827 5605 2031 5657 hance
2075 5600 2417 5676 bénélictine,
2442 5597 3133 5676 et'qn‘avant‘dcqnonter
3174 5609 3270 5676 Sili:
3321 5598 3369 5676 ta

1827 5674 2007 5726 ehaire
2030 5671 2092 5723 de
2115 5669 2254 5722 saint
2273 5667 2470 5729 Pierre,
2506 5660 2780 5732 il'occupa
2803 5665 2851 5715 le
2874 5660 3014 5732 siége
3044 5663 3290 5732 abbatial_
3302 5666 3374 5732 de

1828 5734 2071 5807 l’insigne
2095 5733 2394 5790 monastére
2414 5736 2481 5789 de
2507 5729 2820 5801 saint-Paul
2853 5729 3001 5783 extra
3039 5731 3226 5784 muenia
3266 5729 3369 5785 υτ·-

3011 5822 3049 5882 8
