4098 6396
1356 10 1601 33 *τι-ι’*-
1750 21 1763 25 -
1854 22 1873 27 η
1952 24 1979 35 .-
2080 24 2101 31 -.
2176 24 2295 37 .._..

747 466 849 520 2‘7

1936 460 1991 515 5.
2028 459 2415 514 GRECURIUS
2457 460 2541 512 κΊί
2569 460 2761 514 PAPA.

3834 449 3947 505 ειδ

756 599 774 632 ι
804 576 953 632 laicis
988 588 1299 643 oppressam
1343 589 1406 627 ac
1435 573 1757 640 depravatos
1799 572 2285 625 ecclesiasticorum
2316 575 2360 629 Α
2391 590 2408 619 ι
2440 573 2492 624 in
2526 570 2669 625 Urbe
2691 569 2908 641 synodis
2940 570 3207 637 sapimtcr
3226 565 3528 631 constituit,
3552 565 3635 618 vir
3656 578 3781 618 vere
3806 578 3945 617 san-

758 688 776 718 ι
809 680 983 719 mores
1010 662 1377 717 vehementius
1409 662 1617 728 dolens,
1654 662 1707 715 in
1731 659 2069 736 Cluniacensi
2097 674 2286 713 mona-

758 779 774 807 ι
807 756 991 819 sterio,
1022 755 1113 808 ubi
1135 754 1235 806 sub
1266 752 1446 822 regula
1470 752 1644 806 sancti
1667 750 1937 804 Benedicti
1976 749 2289 802 austerioris

758 864 777 895 ι
810 847 929 899 vita:
978 842 1313 898 observantia
1357 856 1422 895 co
1472 848 1709 909 tempore
1766 825 1998 893 maxime
2046 837 2287 907 vigebat,

757 954 775 984 ι
808 934 1054 992 monachi
1098 932 1337 986 habitum
1366 930 1613 996 induens,
1661 937 1810 983 tanto
1846 929 2061 998 pietatis
2100 926 2292 981 ardore

756 1045 775 1074 ι
802 1024 997 1077 divinae
1019 1021 1286 1089 majestati
1307 1020 1643 1074 deservicbat
1661 1059 1676 1084 ,
1700 1027 1758 1072 ut
1780 1034 1809 1071 a
1830 1016 2031 1072 sanctis
2049 1015 2290 1084 ejusdem

756 1132 775 1162 ‹
803 1111 1033 1166 cmnobii
1074 1109 1325 1163 Patribus
1366 1109 1515 1177 prior
1569 1109 1639 1162 sit
1676 1107 1897 1161 electus.
1953 1104 2056 1158 Sed
2110 1103 2290 1157 divina

756 1220 775 1250 ι
802 1199 1139 1255 Providentia
1165 1198 1376 1265 majora
1412 1197 1477 1251 de
1512 1212 1580 1251 eo
1617 1196 1929 1265 disponente
1965 1195 2027 1247 in
2064 1194 2289 1249 salutem

755 1307 774 1337 ι
802 1288 1178 1358 plurimorum,
1203 1286 1460 1357 Cluniaeo
1484 1274 1709 1340 eluctus
1740 1283 2153 1347 llildebrandns,
2197 1282 2293 1336 ab»

756 1396 774 1427 ι
804 1379 899 1432 bas
926 1360 1157 1445 primum
1191 1366 1503 1431 monasterii
1546 1375 1719 1430 sancti
1742 1373 1893 1429 Pauli
1916 1380 2067 1427 extra
2105 1386 2290 1426 muros

755 1486 775 1518 ι
807 1464 1231 1530 Urbiselectus,
1276 1478 1338 1519 ac
1379 1464 1719 1533 postmodum
1755 1463 2010 1516 Romamn
2042 1460 2292 1516 Ecclesiae

754 1574 773 1605 ς
799 1553 1087 1611 eardinalis
1104 1562 1338 1617 creatus,
1365 1554 1466 1607 sub
1479 1553 1706 1607 summis
1728 1550 2090 1621 pontiﬁcibus,
2112 1548 2291 1604 Leone

755 1663 773 1693 ι
805 1658 968 1709 nono,
1007 1642 1219 1697 Victore
1256 1643 1512 1708 secundo,
1544 1640 1817 1711 Stephano
1861 1655 2026 1705 nono,
2071 1637 2295 1692 Nicolao

755 1750 774 1782 ι
806 1732 1041 1786 secundo
1068 1741 1123 1786 et
1162 1731 1467 1785 Alexandro
1492 1731 1748 1795 secundo,
1783 1728 2065 1799 prmcipuis
2095 1742 2289 1781 mune-

753 1841 773 1870 ι
802 1820 950 1874 ribus
985 1830 1038 1874 et
1070 1821 1423 1889 legationibus
1462 1819 1775 1889 perfunctus
1816 1828 1919 1884 est,
1948 1817 2288 1883 sanctissimi,

2395 679 2412 710 ι
2440 671 2579 725 cans,
2602 660 2887 714 criminum
2918 658 3130 722 vindex,
3166 666 3219 710 et
3247 656 3541 711 acerrimus
3560 654 3817 729 Ecclesia:
3842 652 3943 707 de-

2395 768 2412 800 ι
2443 737 2642 803 fensor.
2676 747 2889 802 Exactis
2922 748 3100 815 itaque
3144 747 3197 799 in
3244 745 3553 816 pontificatu
3591 743 3749 798 annis
3794 742 3946 796 duo-

2394 839 2635 903 cdccim,
2685 838 2934 908 migravit
2969 838 3020 890 in
3055 836 3270 900 c-celutn,
3324 849 3468 888 anno
3520 832 3711 888 salutis
3762 831 3946 886 mille-

2394 946 2414 978 ι
2441 927 2580 981 sitno
2608 927 2936 997 octogesimo
2973 927 3182 995 quinte,
3216 925 3458 995 pluribus
3496 925 3549 977 in
3575 922 3705 986 vita,
3726 930 3784 977 et
3814 929 3943 990 post

2394 1033 2414 1065 ι
2442 1023 2668 1068 mortem
2701 1015 2973 1069 miraculis
3004 1014 3204 1077 clarus,
3240 1014 3463 1081 ejusque
3491 1027 3706 1067 sacrum
3736 1014 3946 1078 corpus

2372 1124 2415 1174 ,ι
2443 1106 2496 1158 in
2528 1104 2823 1158 cathedrali
2848 1104 3069 1158 basilica
3091 1101 3356 1175 Salernita
3382 1109 3465 1156 est
3488 1101 3782 1154 honoriﬁce
3804 1112 3948 1153 con-

2396 1210 2416 1242 t
2440 1192 2631 1251 (litum.
2664 1209 2684 1241 ι

2461 1279 2736 1333 L‘oraison
2765 1280 2863 1348 qui
2879 1279 3140 1348 complete
3158 1287 3214 1333 et
3232 1276 3445 1335 resume
3477 1276 3664 1333 l‘oilice
3682 1275 3763 1341 de
3787 1274 3946 1331 saint

2389 1366 2642 1438 Gregoire
2686 1367 2793 1434 VII,
2820 1385 2889 1422 au
2934 1369 3114 1429 misse!
3159 1377 3213 1423 et
3260 1384 3330 1424 an
3372 1367 3649 1433 bréviaire,
3684 1376 3768 1421 est
3792 1367 3944 1422 sinsi

2388 1472 2594 1523 concue
2633 1477 2645 1513 :
3168 1522 3175 1527 ,

2458 1546 2621 1611 Deus,
2641 1548 2695 1600 in
2716 1556 2763 1600 te
2781 1549 3099 1615 operantium
3120 1547 3397 1616 fortitudo,
3415 1550 3503 1617 qui
3518 1548 3722 1601 beatum
3735 1545 3946 1618 fingo—-

2391 1635 2886 1702 rium‘coafeuorcm
2921 1644 3066 1687 tuum
3086 1644 3250 1704 atque
3274 1636 3589 1703 ptati/iectu,
3610 1626 3711 1704 pro
3742 1636 3944 1690 tuenda

2390 1723 2642 1778 Ecclesic
2686 1717 2925 1777 libertate
2960 1726 3146 1779 virtute
3175 1726 3485 1778 constantia
3527 1726 3823 1788 roborasti;
3868 1725 3944 1780 da

2390 1814 2557 1878 nobis,
2578 1813 2692 1881 ejus
2712 1812 2943 1882 exemplo
2964 1822 3014 1867 et
3044 1814 3151 1867 inte
3181 1815 3427 1879 cessione,
3455 1816 3630 1867 omnia
3655 1814 3948 1867 ademnt-

754 1928 772 1959 c
801 1920 850 1962 et
885 1882 1154 1979 purissimi
1204 1909 1411 1961 consilii
1447 1882 1526 1961 uir
1566 1924 1597 1962 a
1639 1908 1798 1962 beato
1831 1882 1989 1962 Petro
2029 1882 2365 1960 Damiano.B
2390 1905 2465 1957 tia
2490 1904 2698 1972 fortiter
2719 1918 2982 1971 superare.

754 2018 773 2048 ς
802 2008 1161 2067 nuncupatus.
1187 1998 1234 2050 Α
1255 1996 1468 2051 Victore
1497 2012 1633 2065 papa
1655 1997 1895 2052 secundo
1913 1998 2119 2066 legatus
2143 2011 2173 2048 a
2208 1995 2288 2049 la-

752 2104 772 2135 c
801 2095 912 2139 tere
933 2087 987 2139 in
1015 2085 1241 2140 Galliam
1265 2087 1484 2150 missus,
1508 2085 1750 2155 Luanni
1779 2086 2088 2155 episcOpnm
2112 2083 2291 2138 Simo-

753 2191 771 2223 c
801 2173 952 2229 niaca
988 2175 1103 2228 labe
1134 2172 1389 2228 infectum
1415 2176 1479 2227 ad
1504 2175 1589 2228 sui
1618 2175 1860 2229 criminis
1895 2173 2288 2229 confessionem

753 2279 771 2311 ε
801 2262 1059 2317 miraculo
1099 2263 1293 2331 adegit.
1339 2261 1716 2335 Bcrengarium
1759 2263 1813 2316 in
1833 2263 2064 2318 concilio
2118 2261 2291 2316 Turo-

753 2370 772 2402 ι
800 2351 955 2404 nensi
976 2352 1042 2405 ad
1064 2352 1306 2405 iteratam
1334 2353 1554 2407 hmresis
1588 2354 1978 2421 alijurationem
2009 2354 2286 2422 compulit.

752 2459 770 2490 ε
800 2440 1018 2494 Cadolai
1046 2454 1262 2509 quoque
1285 2442 1521 2496 schisma
1557 2458 1654 2498 sua
1680 2444 1875 2496 virtute
1897 2442 2233 2510 compressit.
2265 2462 2283 2493 ι
2312 2456 2317 2459 ‘

816 2527 1093 2587 Lscrtov.
1129 2547 1148 2580 α
1177 2528 1387 2584 Mortuo
1409 2529 1713 2585 Alexandro
1734 2531 1990 2594 secundo,
2016 2530 2214 2586 invitus
2237 2541 2292 2585 et

752 2637 770 2667 ι
804 2633 1034 2673 moerens
1070 2619 1312 2674 unanimi
1342 2621 1580 2674 omnium
1613 2636 1903 2684 consensu,
1934 2620 2142 2673 decimo
2181 2620 2288 2675 Ka-

753 2725 772 2755 ι
803 2707 989 2760 lendas
1017 2707 1161 2770 Maii,
1197 2724 1339 2762 anno
1364 2708 1565 2763 Christi
1586 2710 1869 2763 millesimo
1898 2711 2290 2777 septuagesimo

752 2812 770 2843 ι
799 2794 976 2858 tertio,
1013 2810 1259 2849 summus
1290 2797 1526 2865 pontifex
1558 2800 1777 2863 electus,
1812 2799 1953 2865 sicut
1986 2798 2066 2851 sol
2095 2798 2292 2853 cll‘nlsit

753 2902 770 2933 ι
803 2885 856 2937 in
882 2885 1044 2939 domo
1074 2884 1200 2950 Dei;
1229 2902 1352 2939 nam
1381 2896 1569 2955 potens
1599 2903 1761 2958 opere
1801 2897 1853 2941 et
1892 2902 2170 2952 sermone,
2197 2904 2289 2942 ec-

752 2994 768 3019 ·
796 2975 1105 3031 desiasticze
1128 2975 1419 3045 disciplina:
1434 2977 1761 3045 reparanda,
1779 2977 1898 3031 lidei
1919 2978 2288 3046 propaganda,

753 3082 772 3111 ι
800 3062 1029 3116 libertati
1069 3063 1323 3118 Ecclesiae
1351 3066 1711 3130 restitnendm,
1745 3065 2105 3133 exstirpandis
2135 3080 2290 3119 erro-

2456 2011 2783 2066 Lfaintenant
2800 2028 2905 2082 que
2944 2028 3083 2067 nens
3112 2027 3280 2067 avens
3308 2013 3412 2067 mis
3438 2026 3566 2067 sons
3586 2012 3667 2066 les
3688 2026 3832 2081 yenx
3867 2011 3945 2065 du

2387 2102 2589 2156 lecteur
2611 2110 2748 2156 cette
2770 2102 2918 2171 piece
2944 2103 2989 2156 si
3011 2102 3271 2167 famense,
3295 2110 3457 2156 avant
3475 2101 3708 2156 d‘entrer
3731 2100 3874 2155 dans
3894 2100 3945 2155 lu

2387 2192 2521 2247 récit
2544 2192 2637 2246 des
2656 2190 2995 2247 événements
3022 2193 3117 2261 qui
3148 2193 3408 2246 suivirent
3437 2206 3496 2245 sa
3517 2191 3953 2260 promulgation;
3982 2236 3987 2239 _

2346 2336 2349 2339 _
2390 2297 2528 2335 nens
2564 2296 2703 2336 nous
2747 2289 3104 2351 permettrons
3132 2282 3396 2350 quelques
3442 2280 3731 2342 réﬂcxions
3754 2295 3860 2349 sur
3889 2281 3944 2335 la

2386 2370 2570 2440 portée
2599 2371 2666 2426 de
2693 2386 2755 2426 ce
2783 2364 3062 2425 manifeste
3087 2371 3356 2440 pontifical
3386 2390 3408 2434 ξ

2455 2458 2571 2524 Qne
2594 2459 2776 2513 suit-il
2803 2458 2876 2514 du
2901 2457 3032 2512 recit
3071 2473 3177 2527 que
3200 2472 3338 2511 nons
3372 2460 3577 2512 v'enons
3616 2458 3684 2514 de
3724 2458 3824 2511 lirc
3847 2457 3946 2513 des

2388 2556 2533 2602 actos
2574 2554 2629 2601 et
2665 2546 2760 2600 des
2794 2553 2978 2600 vertus
3014 2545 3143 2599 d‘un
3182 2560 3316 2616 papc
3357 2546 3429 2600 du
3472 2556 3549 2600 δι’
3592 2546 3788 2601 siécle?
3815 2544 3943 2602 Cela

2387 2641 2583 2697 vent-il
2606 2641 2717 2696 dire
2737 2655 2842 2711 que
2877 2637 3044 2694 Rome
3085 2656 3142 2694 se
3165 2639 3385 2709 prepare
3416 2640 3445 2692 in
3480 2639 3689 2704 fondre,
3732 2654 3944 2694 eamme

2388 2729 2579 2799 l'aigle,
2605 2729 2799 2783 surles
2831 2727 2981 2781 Etats
3002 2727 3319 2797 curopéens,
3360 2727 3390 2780 ὲ
3419 2728 3665 2796 disposer
3686 2727 3942 2782 arbitrai-

2388 2816 2679 2873 remcntde
2711 2818 2763 2871 la
2796 2832 3069 2872 couronne
3089 2817 3186 2871 des
3223 2819 3438 2886 princes
3472 2818 3569 2885 qui
3602 2818 3683 2871 les
3710 2832 3942 2886 genver-

2389 2918 2536 2974 nent,
2556 2923 2623 2963 en
2646 2923 2717 2962 nn
2740 2915 2873 2973 met,
2898 2907 2928 2960 ὸ
2949 2906 3198 2961 ébranler
3217 2907 3266 2961 le
3289 2906 3484 2973 munde
3506 2907 3680 2959 entier
3698 2907 3772 2960 du
3798 2907 3943 2960 bruit

2388 2997 2455 3051 de
2499 3011 2588 3051 ses
2630 2995 2881 3049 foudres?
2923 2994 3071 3048 Nons
3109 2995 3204 3064 qui
3245 2994 3434 3049 vivons
3473 3010 3546 3048 un
3593 2995 3755 3049 siecle
3785 2993 3940 3063 apris

2390 3084 2719 3155 l‘apparition
2746 3083 2811 3138 de
2844 3090 2980 3138 cette
3020 3080 3330 3137 redoutable
3375 3083 3603 3153 legenda,
3643 3090 3936 3138 trouvons—

755 3170 773 3201 ι
804 3151 953 3206 ribus
992 3161 1046 3206 et
1071 3153 1413 3222 corruptelis,
1452 3162 1602 3207 tanto
1643 3154 1823 3208 studio
1854 3152 2115 3218 incubuit,
2140 3162 2201 3207 ut
2224 3169 2289 3208 ex

2388 3151 2527 3227 nobs
2548 3173 2825 3239 beaneonp
2840 3170 3163 3239 d‘exemples
3183 3170 3371 3240 depuis
3389 3151 3500 3224 lors
3520 3169 3585 3224 de
3598 3177 3740 3224 cette
3757 3171 3939 3224 omni-

753 3261 771 3291 ι
800 3243 1167 3310 apostolorum
1196 3252 1352 3299 aetate
1377 3243 1559 3299 nullus
1580 3244 1891 3312 pontificum
1923 3243 2089 3298 fuisse
2109 3245 2289 3299 trada-

755 3349 773 3379 ι
804 3338 892 3387 tur
923 3330 1017 3399 qui
1062 3332 1306 3399 majores
1328 3346 1428 3400 pro
1461 3330 1702 3385 Ecclesia
1742 3331 1835 3384 Dei
1860 3331 2093 3395 labores,
2124 3332 2290 3385 mole-

754 3436 772 3466 ι
803 3420 1041 3488 stiasqne
1060 3420 1357 3488 pertulerit,
1378 3428 1473 3473 ant
1494 3421 1584 3488 qui
1600 3436 1701 3489 pro
1712 3420 1828 3489 ejus
1849 3421 2091 3475 libertate
2111 3422 2294 3478 acrius

754 3523 773 3554 ι
802 3509 1133 3576 pugnaverit.
1180 3509 1401 3578 Aliquot
1433 3510 1739 3577 provincias
1776 3527 1807 3563 a
1839 3510 2290 3577 Simoniacalabe

752 3613 771 3644 ι
799 3596 1131 3663 expurgavit.
1155 3595 1357 3650 Contra
1380 3595 1593 3650 ilenriei
1618 3598 1958 3667 imperatoris
1976 3599 2171 3667 impios
2194 3615 2288 3653 co-

753 3701 773 3734 σ
805 3692 962 3740 natus
989 3682 1145 3739 fortis
1165 3700 1259 3754 per
1276 3685 1454 3739 omnia
1485 3686 1682 3741 athleta
1714 3686 2016 3755 impavidus
2042 3702 2289 3756 perman-

754 3789 773 3822 ι
805 3771 892 3836 sit,
918 3787 1081 3841 seque
1107 3789 1207 3842 pro
1239 3789 1397 3829 muro
1425 3775 1607 3830 domui
1642 3775 1805 3830 lsrael
1844 3790 2044 3847 ponere
2078 3791 2186 3830 non
2216 3778 2288 3830 ti-

755 3877 774 3910 ι
805 3860 959 3927 mnit,
995 3876 1058 3915 ac
1086 3862 1332 3916 eumdem
1360 3862 1647 3919 Henricum
1661 3866 1724 3919 in
1759 3864 2084 3935 profundum
2116 3865 2288 3919 malo-

755 3965 773 3997 ι
804 3964 925 4003 rum
960 3950 1291 4019 prolapsum,
1328 3950 1562 4005 fidelium
1593 3954 1989 4017 communione,
2020 3969 2289 4023 regnoque

755 4055 773 4086 ι
802 4038 1048 4106 privavit,
1075 4035 1235 4108 atque
1266 4039 1511 4097 subditos
1540 4041 1768 4110 populos
1800 4041 1903 4103 fide
1932 4041 1983 4095 ei
2006 4041 2129 4095 data
2155 4042 2289 4103 libe-

757 4143 774 4176 ι
807 4129 963 4183 ravit.
995 4147 1015 4178 ι
1070 4143 1074 4146 ‘

818 4210 1018 4269 Lucrio
1047 4231 1120 4270 vt.
1163 4235 1184 4268 ι
1209 4217 1347 4273 Dum
1381 4220 1671 4275 missarum
1706 4219 1963 4275 solemnia
1993 4230 2285 4290 perageret,

756 4323 774 4353 ι
806 4303 921 4357 visa
954 4312 1040 4357 est
1079 4304 1211 4359 viris
1257 4307 1360 4374 piis
1387 4308 1635 4362 columba
1658 4324 1689 4364 e
1714 4299 1851 4364 ctelo
1896 4308 2130 4384 delapsa,
2182 4310 2288 4381 lino

757 4407 952 4471 tmere
1002 4394 1120 4463 ejus
1164 4395 1354 4469 dextro
1399 4396 1659 4463 insidens,
1705 4399 1805 4452 alis
1843 4399 2079 4454 extensis
2127 4407 2289 4468 caput

2388 3270 2611 3331 potence
2643 3246 2951 3328 temporelle
2971 3259 3067 3315 des
3087 3259 3317 3328 pontifes
3337 3259 3409 3314 du
3431 3273 3623 3329 moycn
3644 3261 3766 3328 asc,
3787 3274 3938 3313 exer-

2389 3348 2479 3403 cée
2504 3363 2602 3417 par
2626 3348 2819 3422 Benott
2862 3344 2977 3399 XIII
3002 3360 3074 3402 on
3103 3361 3190 3401 ses
3216 3348 3597 3402 successenrs?
3625 3346 3777 3402 Nous
3800 3361 3939 3403 sem-

2388 3436 2717 3505 ble-t-ilque
2748 3437 2801 3490 la
2834 3449 3113 3491 couronne
3136 3435 3202 3490 de
3233 3434 3458 3501 France,
3494 3452 3625 3507 pays
3659 3437 3731 3491 on
3772 3436 3825 3491 la
3858 3435 3941 3489 ιι.

2388 3529 2546 3596 gende
2566 3544 2596 3582 a
2617 3528 2701 3582 été
2733 3529 3017 3596 proscrite,
3040 3529 3115 3581 ait
3134 3527 3218 3583 été
3240 3528 3422 3595 l’objet
3446 3529 3512 3582 de
3535 3529 3714 3582 moins
3743 3528 3936 3581 d‘atta-

2388 3628 2521 3683 ques
2544 3630 2648 3683 que
2668 3615 2798 3668 celle
2810 3614 2905 3669 des
2919 3614 3234 3668 sonverains
3254 3614 3389 3668 dans
3409 3614 3487 3668 les
3517 3612 3669 3669 Etats
3688 3613 3935 3683 desquels

2385 3700 2485 3755 cile
2525 3716 2556 3755 a
2585 3700 2668 3755 ere
2698 3702 2909 3756 admise
2950 3717 3049 3770 par
3093 3702 3140 3756 le
3179 3700 3387 3770 clerge?
3400 3699 3492 3773 βα
3519 3701 3566 3755 si
3588 3717 3688 3771 par
3718 3700 3932 3767 hasard,

2388 3788 2517 3861 circa
2541 3803 2699 3853 nous,
2725 3789 2913 3855 depuis
2937 3797 3073 3842 cette
3096 3787 3323 3856 époque,
3355 3788 3434 3841 les
3463 3789 3575 3842 rois
3596 3799 3695 3842 ont
3714 3789 3936 3843 sonlfert

2389 3877 2437 3930 la
2470 3884 2629 3941 mort,
2673 3877 2816 3931 l‘exil
2859 3891 2931 3931 on
2973 3877 3366 3943 l'humiliation,
3399 3887 3577 3931 est-ee
3621 3876 3795 3932 Bome
3840 3877 3931 3947 qui

2388 3969 2514 4022 s‘est
2534 3966 2772 4021 montrée
2793 3981 2985 4022 envers
3004 3981 3108 4021 eux
3132 3967 3179 4021 si
3205 3965 3681 4043 impitoyablell‘le
3702 3968 3935 4036 perdons

2387 4068 2483 4120 pas
2512 4067 2573 4106 ce
2593 4053 2744 4121 point
2761 4053 2829 4106 de
2852 4069 2953 4107 vne
2975 4054 3111 4110 dans
3145 4054 3224 4109 les
3240 4054 3480 4109 diverses
3510 4054 3715 4125 parties
3751 4056 3825 4110 du
3848 4053 3931 4110 re-

2387 4141 2462 4195 cit
2491 4142 2584 4211 qui
2610 4157 2676 4195 va
2711 4156 3069 4217 commenccr.
3098 4141 3385 4212 Beanconp
3411 4143 3478 4197 de
3498 4158 3632 4213 gens
3652 4154 3784 4211 vent
3800 4146 3935 4213 jeter

2387 4229 2465 4284 les
2488 4226 2800 4296 hants'eris,
2830 4246 3040 4285 eamme
3054 4231 3102 4303 si
3126 4231 3176 4284 la
3198 4232 3485 4305 pnissance
3510 4232 3689 4301 royale
3717 4226 3847 4287 était
3866 4247 3930 4287 au

2386 4326 2624 4401 moment
2655 4319 2918 4386 d‘expirer
2949 4320 3085 4372 dans
3104 4319 3361 4374 l‘nnivers
3386 4319 3579 4383 entier,
3609 4334 3710 4388 par
3732 4320 3783 4374 le
3823 4321 3930 4375 seu!

2386 4400 2569 4461 {aitde
2596 4407 2647 4460 la
2690 4405 2917 4475 legenda.
2964 4406 3040 4460 La
3067 4407 3228 4461 baine
3260 4408 3326 4461 de
3355 4407 3524 4463 Rome
3560 4409 3641 4463 les
3672 4412 3926 4481 aveugle:

759 4499 776 4530 ι
803 4481 929 4548 eius.
948 4484 1144 4550 velare,
1174 4500 1290 4554 quo
1318 4484 1677 4555 significatum
1695 4495 1797 4551 est,
1818 4471 1821 4474 i
1841 4485 2073 4554 Spiritus
2116 4489 2286 4542 sancti
2318 4508 2361 4561 ι)
2383 4502 2439 4549 et
2465 4492 2597 4548 Dien
2618 4494 2695 4549 les
2717 4471 2974 4548 a'donnés
2995 4507 3065 4548 en
3094 4495 3359 4564 spectacle
3390 4494 3420 4546 ξι
3445 4503 3599 4549 notre
3631 4471 3928 4565 siecle,vqui

757 4587 775 4618 ι
804 4567 1006 4633 aﬂlatn,
1048 4586 1158 4625 non
1186 4574 1436 4629 humanae
1459 4575 1755 4645 prudentia:
1778 4575 2078 4629 rationibus
2111 4576 2287 4643 ipsum

754 4678 775 4711 ‹
799 4660 922 4716 duci
952 4650 1008 4714 in
1030 4659 1283 4717 Ecclesia:
1301 4664 1572 4733 regimine.
1606 4665 1742 4720 Cum
1771 4666 1841 4721 ab
1870 4666 2043 4734 iniqui
2074 4664 2287 4727 Henrici

756 4768 774 4800 ι
801 4750 1035 4805 exercitu
1076 4750 1261 4807 Roma:
1290 4754 1439 4822 gravi
1465 4755 1742 4813 obsidione
1765 4764 2116 4826 premeretur,
2146 4757 2291 4810 exci-

757 4856 776 4887 σ
805 4846 973 4892 tntum
1020 4842 1090 4895 ab
1125 4842 1373 4911 hostibus
1422 4842 1728 4898 incendium
1776 4845 1931 4915 signo
1972 4844 2159 4899 crucis.
2191 4860 2288 4899 ex-

756 4947 775 4977 c
806 4928 1009 4982 stinxit.
1027 4928 1102 4983 De
1122 4932 1241 4999 ejus
1262 4949 1424 4988 manu
1445 4933 1661 4988 tandem
1687 4950 1719 4987 a
1742 4931 1974 4987 Roberto
1996 4931 2291 4989 Gniscardo

757 5038 775 5069 ι
810 5018 947 5072 duce
969 5016 1305 5075 Northamno
1323 5033 1558 5091 ereptus,
1573 5023 1902 5078 Casinnmse
1929 5022 2186 5086 contulit;
2209 5031 2292 5077 at—

758 5125 776 5154 σ
808 5122 915 5175 que
959 5108 1081 5163 inde
1131 5108 1413 5167 Salernum
1461 5111 1553 5164 ad‘
1584 5111 1936 5167 dedicandam
1995 5110 2288 5165 Ecclesium

757 5214 774 5245 ‹
806 5196 979 5251 sancti
1011 5197 1242 5255 Matthei
1266 5199 1497 5267 apostoli
1521 5198 1812 5253 contendit.
1843 5200 1980 5253 Cum
2002 5199 2291 5267 aliquando

755 5301 773 5333 ι
806 5283 861 5337 in
881 5299 947 5337 ea
986 5285 1200 5340 civitate
1240 5302 1540 5343 sermonem
1585 5286 1862 5342 habuisset
1905 5288 1973 5340 ad
2011 5288 2297 5356 populum,

755 5392 771 5420 ι
801 5372 1056 5426 aerumnis
1075 5372 1369 5440 confectus,
1421 5376 1477 5429 in
1507 5376 1753 5429 morbum
1784 5375 1970 5431 incidit
1988 5389 2098 5442 quo
2123 5390 2181 5429 se
2203 5377 2288 5431 in-

754 5478 771 5509 ‹
802 5462 1083 5516 teriturum
1130 5462 1411 5530 prmscivit.
1462 5461 1737 5519 Postrema
1788 5465 2068 5520 morientis
2097 5461 2291 5533 Grego-

754 5565 771 5595 ι
801 5548 865 5602 rii
885 5549 1045 5604 verba
1073 5548 1221 5604 fuere
1245 5570 1259 5604 :
1286 5549 1459 5604 Dilexi
1481 5534 1765 5619 juslitiam,
1787 5564 1835 5609 et
1866 5554 2004 5610 adiri
2037 5554 2288 5622 iniquita-

755 5653 773 5684 ι
805 5645 904 5691 tem
929 5656 946 5691 :
976 5650 1241 5708 propterea
1283 5640 1474 5693 morior
1521 5641 1579 5691 in
1620 5643 1826 5697 exsilio.
1876 5643 2288 5698 Innumerabilia

757 5741 775 5773 ι
803 5733 927 5778 sunt
960 5741 1079 5795 qua
1112 5726 1193 5783 vel
1225 5726 1431 5787 fortiter
1464 5728 1735 5794 sustinuit,
1774 5729 1852 5783 vel
1880 5730 2062 5784 multis
2086 5732 2288 5786 coactis

2388 4580 2493 4634 oait
2510 4580 2653 4634 enfln
2674 4595 2780 4647 que
2801 4579 2970 4636 Rome
2992 4582 3114 4636 n'en
3139 4590 3266 4635 vent
3289 4596 3384 4650 pas
3404 4582 3436 4636 ὲ
3461 4581 3510 4635 la
3533 4581 3824 4650 puissaace
3841 4581 3930 4636 des

2389 4679 2737 4733 monarqnes,
2759 4667 2854 4733 qui
2901 4667 3103 4721 scmble
3130 4668 3305 4735 meme
3336 4668 3689 4737 comprendre
3729 4666 3838 4738 que
3864 4667 3926 4733 si.

2386 4752 2522 4808 dans
2560 4753 2641 4809 les
2671 4755 2797 4823 ages
2817 4753 3170 4824 catholiques,
3189 4755 3289 4810 elle
3321 4769 3513 4819 excrea
3545 4754 3928 4811 etl‘ectivement

2388 4858 2494 4898 nne
2517 4842 2776 4899 inﬂuence
2796 4843 3103 4912 temporelle
3132 4858 3227 4897 sur
3250 4843 3300 4897 Ia
3323 4840 3542 4908 société,
3567 4842 3667 4896 elle
3686 4840 3774 4895 fut
3792 4843 3926 4896 alors

2387 4932 2624 5001 l‘nniqne
2640 4935 2964 5002 sauvegarde
2976 4934 3041 4988 de
3061 4934 3112 4988 la
3138 4933 3327 4988 liberte
3346 4933 3441 4988 des
3460 4932 3699 5001 penples,
3723 4947 3927 4987 comma

2388 5019 2438 5073 le
2460 5019 2581 5088 plus
2605 5020 2775 5075 solide
2796 5021 2956 5088 appni
2976 5021 3043 5075 de
3071 5021 3335 5084 l’antorité
3363 5022 3495 5076 dunt
3513 5012 3615 5075 cile
3642 5019 3927 5087 ‘réprimait

2388 5109 2467 5165 les
2492 5108 2666 5164 exces.
2706 5108 2782 5164 La
2821 5110 3031 5181 legenda
3060 5119 3146 5166 est
3178 5112 3319 5167 done
3349 5120 3468 5166 tout
3505 5110 3847 5178 simplement
3881 5112 3925 5165 le

2386 5199 2625 5254 bouclier
2648 5214 2777 5254 sons
2805 5199 2979 5267 lequel
3003 5197 3171 5253 Rome
3199 5209 3308 5253 met
3346 5200 3378 5254 ὸ
3401 5205 3621 5253 convert
3649 5213 3753 5253 son
3791 5200 3923 5254 bon.-

2387 5303 2521 5351 nenr
2545 5288 2870 5356 compromis
2905 5304 3002 5357 par
3024 5296 3140 5342 tant
3159 5289 3224 5343 de
3258 5287 3558 5357 sopbismes
3578 5287 3722 5342 etde
3753 5288 3907 5344 deicit

2386 5378 2638 5436 mations.
2664 5377 2769 5433 Par
2786 5392 2847 5431 ce
2866 5376 3146 5432 manifeste
3167 5377 3425 5440 solenne],
3445 5374 3544 5428 elle
3569 5390 3671 5428 neu
3679 5376 3860 5431 tralise
3878 5374 3921 5429 le

2386 5475 2729 5524 mouvement
2748 5465 2968 5535 aveugle
2985 5467 3081 5534 qui
3096 5469 3341 5527 entralne
3360 5465 3621 5519 certaines
3634 5464 3814 5521 decies
3833 5478 3922 5519 sur

2386 5554 2465 5609 les
2504 5569 2601 5622 pas
2627 5554 2694 5608 de
2732 5567 2822 5607 ees
2847 5559 3067 5607 autenrs
3091 5552 3440 5609 hétérodoxes
3464 5552 3555 5621 qui
3584 5554 3738 5612 n‘Ont
3775 5551 3918 5608 sonci

2386 5641 2452 5695 de
2470 5642 2750 5695 l‘honneur
2773 5640 2867 5694 des
2883 5638 3112 5708 pontifcs
3135 5642 3393 5707 remains,
3417 5641 3775 5710 maisnngau
3797 5656 3919 5698 eon-

2389 5730 2568 5796 traire,
2599 5738 2717 5784 tont
2735 5730 2765 5782 'a
2788 5745 3005 5800 gagner,
3029 5731 3140 5803 s'ils
3165 5731 3241 5784 les
3265 5741 3493 5800 penvent
3512 5731 3647 5809 inire
