4098 6358
120 147 397 209 qr

226 410 313 465 ω

1158 400 2041 460 PROLEGOMENA.—NOTITIA
2079 402 2549 461 DIPI.0MATICA.

3327 398 3432 452 282

225 534 384 590 usque
415 519 482 573 ad
514 519 681 572 linem
712 518 926 587 septimi
961 518 1087 571 libri
1127 532 1263 571 vero
1288 526 1342 570 et
1377 516 1613 586 genuino
1640 514 1775 569 Gre-
1805 516 2020 591 Ahunc
2056 517 2197 570 diem
2228 531 2421 569 omnes
2460 515 2692 585 Registii
2726 513 2991 567 editiones
3030 511 3278 581 plurimis
3311 526 3424 579 gra-

224 610 348 679 gorii
371 606 461 660 VII
489 606 746 677 Registro
774 624 907 662 usus
937 622 1023 673 ea,
1060 622 1185 676 qua:
1212 614 1400 660 notatu
1441 605 1603 673 digna
1632 605 1779 659 vide-

225 699 430 760 bantur,
474 696 601 750 inde
625 695 894 766 decerpsit
933 715 946 750 :
986 697 1157 764 ipsius
1198 710 1350 765 papa
1390 695 1615 759 litteras,
1652 704 1777 749 acta

224 786 593 851 conciliorum,
645 786 906 855 epistolas
955 786 1021 839 ad
1057 800 1251 855 papam
1300 784 1478 850 datas,
1522 793 1681 839 notas
1712 786 1779 847 de

226 874 559 928 ordinatione
595 875 998 942 episcoporum,
1027 883 1155 940 etc.,
1196 890 1316 943 qua:
1347 874 1528 928 omnia
1567 873 1778 940 eodem,

227 976 325 1031 quo
357 962 412 1015 in
455 961 712 1033 Registro
742 971 918 1028 erant,
963 964 1152 1017 ordine
1182 963 1235 1017 in
1268 978 1426 1017 suum
1458 963 1656 1017 librum
1684 964 1780 1016 de

227 1049 495 1105 scribenda
533 1052 765 1105 curavit.
809 1050 1012 1107 Deinde
1040 1068 1169 1107 vero
1204 1054 1295 1107 ab-
1324 1052 1479 1106 initio
1523 1052 1646 1106 libri
1681 1067 1776 1106 vui

228 1140 320 1193 hoc
344 1139 524 1193 valido
548 1141 802 1209 prasidio
822 1142 1130 1208 destitutus,
1155 1143 1269 1197 sive
1296 1141 1603 1211 Registrum
1628 1157 1780 1211 papa:

226 1229 554 1310 gravissimis
615 1230 723 1285 illis
769 1232 1103 1300 temporibus
1158 1229 1507 1300 (10804085)
1556 1232 1779 1284 omnino

227 1330 327 1370 non
361 1317 694 1383 confectum,
732 1319 845 1374 sive
869 1320 1130 1390 Gregorio
1161 1327 1377 1374 mortuo
1410 1318 1619 1373 Salerni
1657 1320 1780 1373 reli-

226 1416 362 1462 ctum
387 1417 528 1472 erat,
562 1410 679 1463 sine
708 1410 917 1475 ordine,
942 1425 1293 1478 quascunque
1320 1407 1433 1464 fors
1470 1417 1524 1464 et
1564 1408 1779 1463 fortuna

227 1510 255 1550 e
278 1498 503 1553 diversis
532 1498 670 1554 locis
695 1500 744 1554 ei
780 1501 1070 1567 obtulerat,
1097 1500 1357 1570 epistolas
1379 1500 1666 1568 compegit.
1704 1498 1782 1553 Ita

229 1588 479 1643 accidisse
516 1589 751 1655 videtur,
803 1600 866 1645 ut
904 1606 1030 1644 cum
1066 1590 1121 1643 in
1147 1590 1329 1659 priore
1362 1595 1515 1657 parte
1550 1589 1781 1658 singulis

226 1678 566 1745 pontificatus
590 1679 747 1734 annis
771 1680 968 1749 singuli
995 1679 1116 1735 libri
1144 1678 1551 1748 responderent,
1576 1686 1631 1731 et
1666 1679 1781 1748 epi-

228 1768 370 1823 stolae
406 1769 600 1823 eodem
645 1784 790 1823 anno
824 1770 963 1824 data:
994 1768 1184 1825 eodem
1217 1781 1436 1837 quoque
1467 1767 1608 1822 libro
1646 1782 1780 1822 eon-

1880 606 2225 675 vissimisque
2274 606 2417 659 vitiis
2467 612 2753 658 seaterent.
2818 601 2949 667 Quae
2991 617 3115 655 cum
3169 601 3243 654 ita
3302 600 3431 664 sint,

1879 693 2035 748 facile
2070 696 2205 748 artis
2245 695 2447 748 critica:
2490 693 2854 770 peritis-simus
2892 692 3122 760 quisque
3155 690 3431 755 concedet,

1878 798 2066 839 omnes
2096 786 2443 853 quaestiones,
2476 797 2597 852 quae
2619 784 2683 837 de
2706 782 2880 836 indole
2906 797 2968 836 ac
2993 780 3301 835 conditione
3329 778 3433 833 Rc-

1878 875 2029 943 gistri
2057 884 2446 944 proponantur,
2473 882 2613 927 totas
2635 874 2688 926 in
2724 872 2826 926 hoc
2852 872 2967 941 ipso
2992 871 3175 924 Codice
3204 870 3429 930 versari.

1880 979 2054 1033 neque
2084 964 2264 1019 dirimi
2298 980 2477 1035 posse,
2510 964 2616 1017 nisi
2656 972 2908 1018 accurate
2943 961 3285 1015 examinatus
3317 958 3433 1014 fue-

1878 1057 1967 1109 rit.

1953 1164 1969 1195 ι
1990 1144 2085 1198 Est
2094 1160 2222 1198 vero
2234 1144 2679 1209 membranaceus
2692 1143 2746 1196 in
2759 1143 2813 1195 ι’
2825 1142 2954 1195 min.
2966 1182 2979 1204 ,
3002 1139 3192 1193 litteris
3204 1138 3431 1201 Latinis,

1876 1249 1986 1302 quo
2016 1250 2209 1304 genere
2240 1234 2341 1288 sub
2361 1232 2465 1285 line
2488 1248 2610 1285 sure.
2648 1248 2699 1285 xl
2728 1232 2782 1284 in
2810 1247 2912 1285 usu
2938 1238 3112 1294 eram,
3142 1237 3430 1292 exaratus;

1874 1322 1981 1376 258
2006 1324 2129 1377 folia
2161 1324 2420 1377 continet.
2463 1320 2518 1374 In
2555 1323 2731 1390 primo
2768 1320 3123 1389 quaternionc
3154 1326 3274 1388 post
3298 1332 3434 1385 prze—

1877 1414 1984 1466 Iixo
2012 1430 2176 1468 manu
2200 1429 2323 1468 saec.
2364 1428 2452 1465 xw
2500 1412 2701 1479 scripta
2743 1411 3089 1463 inveniuntur
3129 1416 3183 1461 et
3217 1408 3435 1477 privile-

1875 1502 2022 1572 gium
2058 1504 2328 1573 quoddam
2369 1501 2684 1555 monasterii
2730 1499 2871 1568 apud
2906 1498 3153 1551 Bantium
3184 1505 3237 1549 et
3266 1497 3435 1550 docu-

1877 1602 2076 1658 menta,
2097 1592 2182 1647 die
2210 1591 2271 1645 I0
2303 1592 2505 1646 mensis
2523 1588 2741 1643 Octobr.
2774 1604 2862 1642 an.
2900 1587 3054 1651 l369,
3078 1586 3200 1641 data
3222 1601 3342 1654 qua:
3368 1584 3434 1639 ad

1874 1680 2135 1736 Joannem
2168 1681 2529 1751 Palaeologum
2572 1681 2637 1733 ad
2677 1677 2968 1732 Eeclcsiam
3013 1675 3309 1729 Romanam
3351 1690 3436 1729 re-

1874 1788 2089 1827 versum
2108 1772 2391 1842 pertinent.
2415 1770 2553 1823 Tum
2574 1768 2878 1839 Registrum
2902 1766 3098 1834 excipit
3116 1764 3205 1835 his
3223 1764 3398 1819 verbis
3420 1782 3434 1817 :

226 1858 591 1928 iungerentur,
626 1858 679 1913 in
713 1860 1012 1929 posteriore
1038 1867 1191 1930 parte
1215 1858 1303 1913 hic
1330 1858 1466 1912 ordo
1487 1858 1645 1927 plane
1679 1873 1777 1913 ne-
1809 1856 1852 1911 Β
1881 1861 1946 1917 In
1977 1862 2073 1916 Dei
2106 1863 2330 1915 nomine.
2360 1859 2556 1928 Incipit
2583 1859 2714 1911 liber
2738 1857 2936 1926 primus
2976 1854 3201 1923 Regiam
3230 1854 3437 1922 septimi

231 1948 527 2018 gligeretur.

297 2057 314 2088 ι
343 2037 702 2094 Vehementer
733 2054 864 2095 vero
890 2039 1247 2095 dubitandum
1286 2047 1391 2105 est,
1443 2054 1575 2093 num
1617 2053 1682 2094 ea
1715 2037 1781 2093 Ii-

230 2126 441 2182 brornm
471 2129 975 2199 descriptio,’quam
1016 2146 1162 2185 nunc
1201 2129 1467 2185 editiones
1504 2129 1777 2193 exhibent,

231 2218 591 2272 auctoritatem
623 2220 820 2278 habeat
840 2220 1142 2276 vetustatis.
1190 2218 1309 2274 Iam
1341 2220 1395 2273 id
1418 2220 1781 2288 suspicionem

232 2314 416 2372 movet,
440 2308 589 2377 quod
611 2307 903 2363 Deusdedit
937 2310 1232 2364 cardinalis
1264 2324 1331 2362 ex
1368 2309 1598 2377 septimo
1624 2309 1781 2375 libro,

232 2394 315 2461 qui
338 2397 475 2464 apud
504 2412 609 2452 nos
637 2398 862 2452 omnino
893 2399 965 2453 28
989 2400 1249 2468 epistolas
1278 2399 1521 2453 continet
1543 2398 1684 2450 700-
1730 2405 1785 2452 et

234 2482 383 2549 75w,
411 2495 464 2539 et
498 2501 565 2540 ex
613 2495 807 2540 octavo
848 2504 1181 2557 quamquam
1238 2489 1291 2540 in
1316 2486 1644 2541 editionibus
1674 2501 1784 2539 non

236 2577 410 2639 supra’
448 2574 596 2628 23m
642 2577 1023 2646 progreditur,
1096 2577 1239 2631 29m
1286 2585 1341 2631 et
1394 2574 1536 2628 30m
1578 2576 1780 2629 laudat.

235 2659 375 2731 Quod
398 2664 463 2717 ad
498 2666 789 2733 septimum
825 2659 1054 2736 quidem
1075 2668 1295 2731 librum,
1332 2674 1427 2719 aut
1460 2666 1656 2735 aliquis
1694 2682 1783 2720 er-

237 2765 319 2804 ror
344 2754 397 2807 in
430 2758 673 2810 numeris
703 2757 853 2822 latet,
891 2765 987 2810 aut
1034 2756 1325 2811 Deusdedit
1356 2757 1647 2823 exemplari
1688 2771 1786 2810 no-

236 2842 353 2897 stris
399 2843 751 2914 locupletiore
801 2845 1095 2911 utebatur;
1141 2863 1267 2900 nam
1329 2860 1449 2913 qua:
1496 2846 1785 2900 laudantur

236 2931 458 2997 epistola:
501 2934 557 2986 in
597 2935 798 2988 nostris
831 2934 927 2987 I9!l
968 2942 1022 2987 et
1064 2934 1165 2989 24⁸³
1200 2934 1445 3002 ejusdem
1479 2932 1601 2986 libri
1634 2942 1780 2987 sunt.

236 3015 389 3073 Aliter
420 3023 485 3076 de
513 3030 709 3077 octavo
737 3023 876 3077 libro
898 3023 1237 3077 sentiendum
1266 3030 1367 3086 est,
1394 3036 1470 3075 θέε
1497 3022 1641 3075 enim
1668 3024 1783 3090 epi—
1827 3098 1831 3105 Ι

238 3110 393 3177 stola,
424 3127 561 3181 quas
598 3128 665 3166 ex
694 3113 798 3167 hoc
838 3119 1226 3166 commemorat
1269 3127 1413 3165 nunc
1447 3111 1501 3163 in
1536 3126 1681 3165 nono
1715 3112 1783 3164 li-

236 3196 326 3251 bro
354 3202 713 3269 reperiuntur,
755 3201 846 3255 ubi
881 3201 955 3273 6⁸η
990 3204 1044 3255 et
1093 3200 1154 3251 ’1³
1210 3206 1581 3253 numerantur.
1630 3183 1849 3253 Unde-C

238 3285 288 3338 in
317 3292 557 3357 exemplo
582 3288 702 3359 ejus
724 3297 977 3344 octavum
1001 3296 1054 3343 et
1086 3304 1292 3342 nonum
1326 3288 1523 3341 librum
1556 3287 1783 3354 conjun-

237 3380 370 3429 ctum
394 3376 580 3443 fuisse,
604 3379 879 3447 probabile
900 3387 953 3433 et
972 3378 1267 3433 verisimile
1289 3378 1555 3431 videatur.

303 3485 321 3516 ι
346 3464 446 3520 Sed
466 3474 528 3521 ut
553 3468 687 3522 certi
714 3468 916 3537 aliquid
945 3468 1011 3523 de
1034 3454 1134 3525 hac
1169 3484 1227 3523 re
1244 3475 1565 3532 statuamus,
1596 3465 1661 3521 ad
1690 3481 1783 3521 co-

235 3553 369 3609 dices
398 3555 631 3626 Registri
662 3572 825 3610 manu
858 3544 1091 3624 scriptos
1114 3572 1215 3611 nos
1256 3566 1532 3610 vertamus
1564 3572 1784 3611 necesse

234 3653 326 3698 est.
359 3644 507 3700 Haud
548 3661 677 3700 raro
720 3647 775 3698 in
805 3646 1144 3699 bibliothecis
1180 3644 1379 3698 Italicis
1414 3639 1781 3698 inveniuntur.

235 3730 341 3800 Ipse
372 3732 471 3789 iter
496 3730 605 3805 per'
626 3734 834 3790 Italiam
863 3734 1084 3800 faciens,
1117 3734 1301 3788 Romae
1326 3734 1464 3789 duos
1500 3734 1554 3786 in
1596 3722 1781 3788 archi-

233 3820 314 3874 vio
368 3822 648 3890 Vaticano,
692 3827 947 3895 "quinque
1009 3826 1064 3879 in
1128 3824 1453 3878 bibliotheca
1518 3822 1781 3877 Vaticana

236 3908 413 3979 (Codd.
439 3914 599 3978 5797,
636 3915 796 3979 L579,
829 3912 992 3979 £907,
1030 3914 1214 3980 5638),
1252 3929 1423 3967 unum
1460 3911 1782 3968 Vallicellia-

236 4012 355 4051 unm
386 3999 539 4067 (Cod.
565 4002 631 4055 C.
659 4002 752 4069 I7)
779 3998 987 4057 revolvi
1006 4000 1293 4066 ;'Venetiis
1326 4016 1495 4054 unum
1519 4002 1573 4056 in
1598 4003 1785 4058 biblio-

236 4086 379 4141 theca
404 4091 578 4143 sancti
606 4089 773 4144 Marci
792 4089 1024 4159 inspexi,
1052 4089 1407 4143 MutinensEm
1440 4090 1626 4145 laudat
1644 4102 1699 4147 et
1728 4095 1783 4147 in

236 4190 382 4231 nsum
412 4194 572 4233 suum
612 4180 772 4236 vertit
806 4178 1041 4234 Joannes
1077 4178 1392 4232 Dominicus
1416 4177 1618 4233 Mansi.
1677 4180 1807 4234 Sed

237 4278 412 4323 omnes
452 4270 509 4323 bi
551 4270 678 4325 libri
715 4268 1034 4324 recentioris
1079 4275 1209 4323 sunt
1254 4267 1449 4331 aetatis,
1491 4283 1600 4321 non
1660 4278 1783 4323 ante

240 4369 351 4412 sec.
386 4375 474 4421 xvi
500 4361 586 4416 vel
619 4376 731 4415 xm
764 4359 994 4415 confecti
1032 4367 1225 4429 praeter
1266 4373 1435 4412 unum
1478 4359 1650 4424 illum,
1687 4360 1781 4427 qui

1880 1952 2118 2022 Gregorii
2156 1968 2324 2022 papas.
2366 1952 2517 2003 Anno
2541 1950 2816 2002 dominica:
2854 1944 3231 1999 incarnationis
3265 1944 3438 1996 mille-

1878 2044 2012 2095 simo
2062 2038 2311 2103 LXXIII,
2339 2039 2632 2093 indictione
2670 2053 2748 2102 χι,
2798 2033 3059 2104 chnantc
3092 2034 3304 2085 domino
3340 2050 3435 2085 no-

1879 2142 2008 2197 stro,
2045 2140 2148 2185 etc.
2201 2129 2436 2183 Diversis
2476 2128 2727 2182 manibus
2773 2131 3050 2179 exaratum
3095 2130 3196 2186 est,
3242 2123 3437 2177 eozevis

1880 2233 2061 2276 tamen
2082 2230 2135 2276 et
2168 2230 2315 2274 tanta
2341 2217 2713 2281 similitudine,
2736 2224 2795 2269 ut
2816 2231 2908 2268 eas
2923 2213 3191 2267 subtiliter
3206 2212 3437 2266 discerni

1884 2311 2026 2365 baud
2051 2310 2202 2379 parvi
2232 2294 2432 2378 negotii
2459 2308 2564 2370 sit;
2597 2321 2697 2359 nec
2730 2319 2836 2357 non
2872 2304 3069 2372 smpius
3099 2301 3285 2355 eadem
3323 2317 3438 2354 ma-

1883 2416 2007 2467 nus,
2038 2415 2201 2470 quam
2225 2399 2336 2467 jam
2376 2398 2430 2451 in
2474 2396 2653 2465 priore
2693 2393 2869 2462 operis
2895 2400 3045 2462 parte
3070 2390 3436 2457 deprehende-

1880 2490 1976 2557 ris,
2008 2497 2193 2560 postea
2225 2490 2417 2542 iterum
2450 2486 2753 2552 iterumque
2779 2482 3025 2537 recurrit.
3060 2477 3293 2543 Litterae,
3318 2495 3439 2548 quze

1883 2596 2027 2635 nunc
2077 2594 2263 2648 prima;
2312 2579 2603 2646 'ponuntur
2661 2574 2714 2626 in
2772 2572 2908 2625 libro
2958 2571 3274 2632 undecimo,
3331 2572 3435 2625 alia

1883 2687 2047 2724 manu
2111 2670 2325 2737 scriptae
2386 2672 2513 2719 sunt
2566 2678 2629 2717 ac
2695 2661 3076 2730 pluet-edentes,
3137 2674 3436 2728 rursusque

1884 2776 2046 2813 manu
2077 2759 2235 2828 plane
2267 2758 2337 2811 ab
2376 2756 2463 2809 illa
2493 2754 2704 2807 diversa
2745 2767 2841 2814 eae,
2888 2766 3007 2818 qum
3044 2758 3344 2817 sequuntur
3385 2756 3439 2801 et

1882 2850 2043 2902 tinem
2094 2846 2343 2915 Registro
2392 2845 2695 2913 imponunt.
2746 2839 2908 2892 Multa
2953 2839 3154 2901 deleta,
3202 2844 3437 2900 mutata,

1882 2944 2122 2990 correcta
2148 2935 2405 2997 invenies,
2426 2940 2485 2985 ut
2508 2931 2661 2984 facile
2687 2931 2739 2982 in
2762 2944 2879 2982 eam
2904 2927 3226 2981 sententiam
3243 2925 3437 2979 adduci

1882 3031 2060 3098 possis
2089 3028 2327 3082 codicem
2362 3025 2532 3093 ipsius
2559 3023 2747 3085 fuisse,
2773 3024 2864 3091 qui
2895 3021 3260 3075 collectionem
3287 3020 3439 3073 insti—

1885 3122 2066 3175 tuerit.
2113 3118 2268 3185 Quod
2315 3132 2415 3184 ego
2468 3131 2574 3168 non
2624 3114 2779 3167 enixe
2822 3112 3209 3173 contenderim,
3243 3110 3437 3163 iterum

1882 3224 2108 3262 monens
2150 3208 2264 3260 fieri
2308 3206 2569 3274 potuisse,
2606 3214 2667 3257 ut
2702 3203 2992 3256 Deusdedit
3037 3200 3327 3255 cardinalis
3359 3201 3438 3253 Io-

1880 3296 2173 3364 cupletiore
2193 3294 2440 3361 exemplo
2466 3300 2724 3345 uteretur.
2759 3291 2839 3355 Qu
2864 3291 2911 3343 .d
2933 3290 2999 3343 ad
3024 3288 3436 3354 descriptionem

1881 3387 2165 3450 librorum,
2217 3400 2351 3439 suus
2395 3384 2591 3452 cuique
2642 3382 2828 3435 titulus
2874 3381 3043 3435 rubro
3078 3381 3259 3434 colore
3295 3395 3435 3448 pra:-

1883 3474 2115 3542 scriptus
2142 3481 2244 3535 est,
2276 3487 2338 3525 ac
2374 3470 2591 3539 quidem
2629 3469 2815 3521 iisdem
2851 3468 3120 3531 manibus,
3152 3482 3273 3535 quae
3292 3466 3437 3534 ipsas

1881 3563 2137 3631 epistolas
2156 3567 2465 3623 exararunt,
2492 3574 2662 3626 usque
2684 3558 2749 3611 ad
2776 3558 2970 3609 librum
2998 3565 3229 3619 sextum,
3261 3572 3437 3624 neque

1882 3657 2184 3705 memoratu
2226 3649 2503 3717 indignum
2554 3647 2823 3710 videatur,
2870 3646 3111 3711 codicem
3172 3644 3433 3697 Venetum

1882 3740 1983 3793 hos
2018 3738 2389 3792 tantummodo
2433 3753 2525 3791 sex
2562 3737 2803 3805 priorum
2835 3736 3096 3787 librorum
3140 3748 3435 3801 agnoscere

1882 3828 2086 3881 titulos.
2119 3826 2277 3885 Liber
2310 3842 2384 3879 vn
2408 3835 2461 3879 et
2491 3841 2586 3879 νιιι
2616 3825 2671 3879 ἰιι
2705 3825 2887 3879 codice
2925 3823 3181 3876 Vaticano
3215 3823 3435 3877 eosdem

1884 3920 2120 3988 quidem,
2156 3933 2295 3987 quos
2330 3918 2382 3970 in
2414 3918 2763 3980 editionibus,
2797 3915 2979 3969 titulos
3010 3914 3207 3979 ferunt,
3233 3928 3438 3982 eosque

1882 4008 2048 4061 rubro
2074 4007 2251 4064 colore
2286 4004 2591 4075 insignitos,
2621 4006 2710 4060 sed
2748 4004 2948 4059 relictis
2987 4002 3197 4055 lacunis
3241 4016 3436 4055 manus

1882 4099 2043 4167 paulo
2077 4088 2451 4159 rceentior,'ni
2485 4094 2643 4148 fallor
2666 4110 2789 4148 sae.
2820 4108 2894 4145 xu
2930 4090 3178 4145 exeuntis
3213 4102 3307 4143 eos
3349 4089 3434 4141 in-

1883 4185 2120 4254 scripsit.
2168 4184 2406 4252 Dcnique
2438 4185 2692 4238 librarius
2713 4182 2951 4253 quidam,
2987 4180 3080 4249 qui
3107 4179 3277 4233 multo
3311 4186 3438 4247 post

1881 4274 2183 4331 confectum
2215 4274 2409 4327 librum
2439 4289 2658 4327 manum
2692 4273 2968 4343 imposuit,
3001 4279 3125 4341 post
3153 4270 3435 4339 epistolam

1880 4365 1949 4417 23
1976 4364 2096 4417 libri
2125 4380 2240 4429 vm,
2277 4363 2367 4417 ubi
2403 4363 2609 4417 nullum
2632 4358 2762 4418 Sane
2790 4362 3045 4417 indicium
3088 4360 3172 4419 vel
3218 4359 3435 4426 signum

238 4448 497 4539 antiquior
516 4452 573 4505 in
607 4451 853 4505 archivio
878 4448 1139 4505 Vaticano
1168 4457 1365 4513 exstat,
1394 4464 1663 4517 quemque
1693 4465 1780 4503 ne-
1813 4487 1855 4539 D
1883 4457 2007 4511 novi
2032 4456 2152 4509 libri
2174 4454 2398 4518 exstitit,
2422 4456 2536 4508 haec
2565 4454 2721 4508 verba
2748 4458 3050 4505 atramento
3071 4446 3393 4514 interposuit
3419 4464 3432 4496 :

239 4529 501 4603 Ῐίίῐυοαιω
525 4541 773 4594 omnium
799 4549 1055 4607 tanquam
1081 4538 1282 4609 fontem
1308 4546 1364 4591 et
1390 4538 1653 4607 originem
1677 4540 1778 4593 ha-
1813 4529 1850 4539 ”
1881 4545 1965 4599 Ex
1988 4546 2121 4598 libro
2137 4561 2231 4597 vm
2259 4543 2484 4612 Registri
2507 4541 2733 4610 ejusdem
2758 4538 3010 4607 Gregorii
3027 4552 3177 4605 papa!
3204 4536 3431 4604 septimi.

237 4626 459 4682 bendnm
490 4643 635 4691 esse,
660 4627 815 4681 facile
846 4628 1064 4698 probari
1098 4634 1293 4695 potest.
1324 4626 1401 4679 Ex
1422 4628 1611 4680 eodem
1641 4644 1803 4697 quo--

239 4729 335 4783 que
370 4716 637 4770 Antonius
663 4713 873 4770 Caram
908 4716 1114 4785 primus
1152 4713 1463 4784 Registrum
1499 4716 1639 4785 typis
1681 4732 1779 4770 ex-

240 4806 569 4896 seribendum
599 4806 831 4871 curavit,
856 4814 910 4859 et
930 4820 1139 4870 omnes,
1162 4805 1255 4874 qui
1281 4812 1403 4873 post
1433 4819 1559 4857 eum
1583 4820 1778 4858 novam

241 4894 529 4954 editionem
580 4894 967 4949 instituendam
1032 4902 1397 4963 susceperant,
1447 4894 1582 4947 nihil
1635 4895 1779 4948 aliud

243 4995 466 5052 egerant,
497 4998 663 5054 quam
695 4990 755 5036 nt
782 4982 1008 5038 Caralim
1037 4984 1346 5049 lectionem,
1378 4984 1503 5041 licet
1534 4984 1781 5052 plurimis

243 5069 367 5127 locis
391 5076 541 5130 valde
566 5073 900 5138 mendosam,
934 5074 1235 5128 inconsulte
1262 5074 1329 5128 ad
1356 5075 1588 5127 litteram
1628 5091 1782 5144 repe-

246 5165 421 5228 terent,
451 5164 559 5218 nisi
580 5163 719 5218 forte
748 5163 921 5216 lenior
958 5163 1224 5217 sententia
1268 5162 1485 5217 ferenda
1507 5171 1591 5217 est
1622 5172 1678 5218 et
1716 5165 1783 5219 de

247 5241 531 5319 ﬂarduino,
557 5253 819 5309 nonnulla
840 5251 905 5306 de
923 5252 1233 5319 conjectum
1260 5250 1410 5304 haud
1430 5252 1575 5318 male
1596 5266 1781 5306 emen-

246 5328 410 5400 dante,
437 5349 491 5395 et
510 5342 873 5397 deDominico
889 5340 1081 5404 Mansi,
1106 5355 1267 5409 quem
1288 5340 1471 5393 codice
1492 5338 1781 5393 Mutinensi

250 5437 392 5480 nsum
412 5443 535 5503 esse
570 5432 685 5501 jam
729 5448 892 5502 supra
942 5432 1117 5487 retuli.
1161 5428 1609 5498 Antiquissimum
1654 5424 1783 5482 vero

251 5508 550 5572 Vaticanum
572 5520 797 5589 librum,
820 5523 928 5591 qui
961 5538 1174 5577 summa
1200 5535 1323 5574 cum
1358 5534 1489 5591 cura
1521 5517 1657 5571 adiri
1690 5518 1784 5585 dee

253 5601 415 5671 hebet,
443 5617 566 5663 cum
586 5608 773 5664 nullus
794 5620 939 5666 esset
964 5611 1069 5667 fide
1100 5612 1331 5680 dignior,
1358 5614 1482 5678 post
1513 5605 1782 5664 Caraffam

252 5706 394 5749 nemo
421 5710 526 5751 nou
554 5696 807 5768 neglexit.
851 5697 1003 5755 Unde
1036 5696 1237 5754 factum
1262 5706 1365 5764 est,
1415 5705 1474 5754 ut
1504 5710 1677 5764 usque
1716 5696 1783 5750 ad

1877 4632 2127 4699 Idemque
2148 4639 2272 4699 post
2290 4630 2570 4698 epistolam
2587 4628 2655 4681 ad
2682 4626 3040 4681 Flandrenses
3058 4624 3270 4693 (Mansi,
3295 4621 3449 4683 Coll._

1878 4735 2021 4771 conc.
2047 4736 2152 4783 xx,
2176 4734 2230 4787 p.
2266 4718 2390 4787 370)
2417 4733 2612 4773 novam
2636 4718 3040 4787 inscriptionem
3074 4714 3307 4783 adjecit:
3347 4710 3438 4764 ln-

1878 4810 2004 4877 cipit
2033 4809 2164 4862 liber
2194 4826 2248 4874 x,
2281 4818 2395 4863 tum
2420 4826 2551 4865 vero
2580 4812 2812 4865 correxit
2835 4826 2908 4861 xu.
2936 4805 3170 4875 Singulis
3191 4806 3436 4873 epistolis

1879 4898 2089 4963 scribae,
2106 4915 2229 4953 cum
2257 4900 2433 4968 ipsum
2460 4900 2764 4969 Registrum
2788 4896 3331 4964 conficerent,'ncque
3352 4897 3437 4949 in-

1879 4988 2197 5057 scriptiones
2235 5003 2410 5055 neque
2448 5000 2701 5041 numeros
2738 4986 3115 5053 adiunxerunt.
3157 4984 3247 5037 Ille
3286 4999 3436 5048 vero,

1879 5079 1970 5147 qui
2000 5079 2184 5131 titulos
2214 5092 2287 5128 νη
2313 5084 2369 5129 et
2404 5091 2497 5128 vm
2540 5077 2825 5143 supplevit,
2853 5078 3015 5130 etiam
3058 5074 3436 5141 inscriptiones

1860 5166 2122 5235 epistolis
2150 5179 2321 5233 usque
2347 5165 2413 5217 ad
2449 5165 2610 5219 linem
2652 5166 2882 5235 Registri
2914 5175 2967 5219 et
3000 5178 3254 5218 numeros
3290 5161 3437 5215 Lati-

1881 5271 1981 5310 nos
2008 5270 2178 5324 usque
2204 5256 2269 5314 ad
2300 5270 2383 5324 ep.
2424 5256 2490 5309 47
2517 5256 2637 5309 libri
2660 5256 2881 5310 secundi
2923 5255 3089 5307 rubro
3120 5253 3299 5306 colore
3337 5253 3432 5305 ad-

1874 5343 2023 5412 jecit.
2056 5342 2187 5397 Post
2219 5350 2521 5397 atramento
2554 5355 2808 5393 numeros
2853 5340 3435 5408 Latinos‘prnsecutus

1880 5441 1963 5487 est
1981 5448 2154 5502 usque
2176 5431 2241 5485 ad
2261 5446 2349 5498 ep.
2376 5429 2410 5482 9
2431 5428 2553 5481 libri
2578 5428 2717 5481 tertii
2734 5429 2990 5483 librarius
3012 5430 3117 5495 ille,
3142 5430 3234 5503 qui
3260 5442 3434 5482 novos

1882 5514 2066 5577 titulos
2088 5516 2210 5574 libri
2232 5532 2327 5570 vm
2348 5524 2402 5571 et
2431 5533 2484 5570 XI
2507 5527 2843 5571 commentus
2870 5528 3004 5572 erat.
3040 5518 3169 5583 Quae
3194 5530 3435 5583 sequun-

1884 5618 1974 5663 tur
2005 5606 2242 5676 epistolaz
2268 5605 2475 5659 decimo
2497 5616 2691 5675 quarto
2718 5607 2933 5661 demum
2962 5594 3160 5660 saeculo
3185 5604 3433 5661 Arabicis

1884 5697 2026 5751 notis
2063 5695 2284 5765 signatae
2306 5704 2433 5750 sunt
2461 5696 2604 5749 haud
2639 5695 2796 5749 dubie
2824 5696 2892 5749 ab
2923 5694 3111 5749 eodem
3150 5693 3432 5763 scriptore,
