4098 6410
589 517 700 571 283

587 716 844 790 gorianis,
873 713 909 768 f.
939 714 1045 768 257
1072 714 1138 768 ad
1167 713 1327 766 [intem
1360 712 1654 782 perductis,
1685 712 1741 766 in
1773 711 1860 778 iis,
1904 727 2026 781 qua:
2068 725 2154 765 re-

588 814 733 862 stant
775 805 918 859 foliis
957 818 1080 860 saec.
1113 819 1201 857 xlv
1249 803 1408 856 index
1453 803 1666 858 additus
1711 810 1817 868 est,
1856 802 1961 856 hoc
1993 801 2154 856 modo

596 893 807 946 initium
837 907 1060 972 sumens
1088 911 1100 945 :

665 1001 682 1031 ι
707 979 900 1049 Incipit
924 978 1224 1049 Registrum
1243 977 1583 1048 epistolarum
1608 988 1658 1032 et
1680 977 2021 1032 conciliorum
2053 978 2152 1030 do-

588 1059 718 1121 mini
749 1067 988 1123 Greaorii
1017 1069 1224 1138 septimi
1245 1068 1565 1122 sanctissimi
1587 1077 1637 1120 et
1659 1067 2025 1137 gloriosissimi
2045 1065 2153 1120 Ro-

589 1175 866 1211 manorum
895 1159 1182 1228 pontiﬁcis,
1213 1159 1301 1228 qui
1337 1158 1528 1212 electus
1562 1158 1662 1227 fuit
1687 1168 1801 1227 post
1823 1168 2037 1210 mortem
2056 1157 2154 1209 clo—

589 1249 719 1300 mini
741 1248 1028 1302 Alexandri
1054 1247 1116 1300 ll
1146 1249 1200 1300 in
1214 1248 1433 1301 ecclesia
1462 1246 1645 1300 Sancti
1672 1245 1986 1314 Saluatoris,
2019 1261 2154 1299 anno

590 1333 880 1390 Dominica’
910 1337 1285 1390 incarnationis
1315 1335 1596 1389 MLXXlll.

665 1453 682 1478 ι
698 1426 1122 1480 Habcturautem
1135 1429 1188 1480 in
1209 1428 1303 1480 hoc
1322 1427 1456 1480 libro
1473 1428 1584 1496 ejus
1612 1430 1861 1481 memoria
1879 1445 1969 1496 per
1990 1443 2044 1482 xx
2059 1443 2156 1480 an-

592 1533 684 1572 nos
711 1529 933 1584 tantum,
962 1520 1243 1576 secundum
1273 1536 1400 1589 quos
1425 1520 1661 1573 volumen
1696 1521 1790 1573 hoc
1813 1521 1868 1572 in
1896 1535 1950 1574 ιι
1991 1518 2153 1572 libros

592 1610 816 1679 partitus
835 1619 931 1675 est,
977 1611 1132 1679 gestis
1167 1609 1282 1678 ejus
1311 1608 1531 1679 singulis
1562 1608 1777 1661 illorum
1816 1623 2070 1662 annorum
2098 1607 2158 1660 in

593 1716 698 1754 uno
722 1699 856 1753 libro
881 1702 1154 1754 contentis.
1501 1692 1504 1694 ⁷

1248 510 1302 565 S.
1344 507 1670 565 GREGORII
1711 507 1799 560 Vll
1836 506 2036 561 PAP/E
2075 504 2354 560 OPERIFM
2394 505 2574 561 PARS
2611 506 2650 559 l.
2690 537 2759 545 ——
2791 502 3208 562 REGISTRUM.

585 630 682 699 qui
717 625 1193 696 iudicemRegistri
1220 624 1544 694 composuit.
1579 621 1834 693 Epistolis
1857 622 2002 677 enim
2024 621 2157 676 Gre-
2185 625 2232 680 Α

3705 507 3822 564 284

2400 621 2716 676 Undecimus
2738 623 2890 677 habet
2917 622 3167 691 episto'las
3195 620 3348 675 duas.

2329 732 2346 762 ι
2371 710 2432 764 In
2465 712 2692 782 quolibet
2712 712 2845 765 libro
2871 721 2945 765 est
2983 711 3277 781 Registrum
3297 711 3662 765 celebrationis
3691 729 3822 766 con-

2253 801 2386 867 cilii,
2419 803 2556 871 quod
2583 803 2638 854 in
2661 801 2886 870 quolibet
2920 802 3140 854 istorum
3165 816 3421 853 annorum
3455 799 3648 870 legitur
3682 801 3821 855 celeo

2254 893 2448 948 brasse.
2505 890 2639 946 Sunt
2687 891 2854 945 multa
2912 893 3075 945 etiam
3134 891 3432 970 principum
3484 892 3820 960 juramenta,

2254 980 2436 1050 aliqua
2472 980 2677 1033 decreta
2712 989 2761 1034 et
2819 980 3141 1049 hujusmodi,
3182 995 3300 1049 qua:
3364 980 3418 1032 in
3458 981 3573 1048 ipsa
3632 980 3822 1035 tabula

2253 1069 2529 1138 pate/iant.

2332 1179 2350 1212 ι
2372 1159 2448 1212 Ex
2485 1159 2578 1223 iis,
2616 1174 2738 1229 quae
2755 1159 3017 1215 hactenus
3050 1160 3117 1214 de
3140 1159 3324 1214 codice
3342 1157 3602 1214 Vaticano
3622 1159 3821 1228 displ-

2252 1252 2382 1317 tavi,
2407 1249 2693 1306 manifesto
2727 1250 2833 1306 nisi
2867 1249 3044 1316 fallor,
3073 1258 3238 1318 patet,
3262 1247 3511 1318 Grcgcrii
3555 1250 3826 1319 epistolas

2253 1341 2550 1409 antiquitus
2575 1341 2627 1393 in
2653 1348 2794 1404 octo,
2819 1354 2926 1394 non
2953 1340 3007 1393 in
3033 1339 3281 1393 undecim
3307 1339 3474 1392 libros
3500 1338 3829 1394 distributas

2253 1427 2441 1493 fuisse,
2466 1436 2520 1481 ct
2541 1428 2614 1482 ita
2639 1427 2876 1497 quidem,
2911 1436 2972 1482 ut
2996 1427 3206 1496 priores
3235 1434 3441 1496 septem
3475 1425 3599 1480 libri
3633 1441 3703 1480 ex
3732 1439 3830 1479 or-

2253 1519 2380 1573 dine
2417 1518 2533 1572 veri
2573 1517 2807 1589 chistri
2842 1520 2906 1573 ad
2945 1519 3210 1592 singulos
3252 1532 3425 1572 annos
3472 1517 3831 1587 pontiﬁcatus

2254 1607 2660 1675 responderent,
2698 1607 2753 1660 in
2796 1616 3046 1662 octavum
3089 1602 3217 1660 vero
3274 1607 3514 1675 reliquas
3559 1606 3831 1678 epistolas

2255 1713 2518 1754 annorum
2548 1699 2757 1753 ratione
2780 1714 2889 1752 non
2911 1699 3095 1752 habita
3122 1697 3358 1766 scriptor
3378 1697 3647 1765 rejiceret.
3678 1695 3833 1750 Tan-

733 1787 903 1842 [labet
925 1790 1125 1857 primus
1154 1789 1285 1840 liber
1313 1787 1562 1856 epistolas
1591 1803 1801 1840 numero
1823 1787 1910 1840 84.
2235 1787 2370 1840 tum
2400 1803 2527 1856 ergo
2554 1789 2726 1852 abest,
2757 1795 2820 1840 ut
2852 1786 3094 1840 decimus
3121 1786 3255 1839 liber
3289 1785 3486 1854 injuria
3514 1793 3832 1854 temporum

733 1878 1002 1933 Secundus
1028 1897 1144 1933 vero
1171 1879 1323 1931 habet
1340 1879 1590 1948 epistolas
1625 1896 1835 1932 numero
1860 1878 1944 1932 76.
2191 1945 2220 1948 _
2255 1880 2540 1942 interierit,
2574 1887 2634 1931 ut
2655 1893 2778 1932 vere
2808 1893 3085 1945 nunquam
3111 1876 3397 1930 exstiterit.
3431 1875 3612 1930 Prima
3647 1876 3834 1930 since-

741 1967 944 2021 Tertius
970 1985 1088 2021 vero
1113 1967 1264 2020 habet
1285 1945 1534 2035 epistolas
1561 1984 1773 2020 numero
1795 1967 1882 2021 21.
2191 1945 2230 1996 Β
2261 1982 2429 2035 raque
2459 1965 2692 2035 chistri
2721 1965 3005 2033 dispositio
3027 1972 3211 2032 postea
3241 1964 3353 2032 jam
3386 1963 3440 2016 in
3482 1962 3602 2032 ipso
3639 1961 3842 2017 codice

739 2056 971 2121 Quartus
994 2057 1143 2111 habet
1168 2056 1417 2124 epistolas
1439 2071 1651 2109 numero
1673 2055 1760 2109 28.

740 2146 966 2211 Quintus
992 2146 1142 2199 habet
1163 2145 1408 2212 epistolas
1435 2162 1645 2198 numero
1669 2145 1757 2199 25.

734 2237 923 2292 Sextus
950 2238 1100 2290 habet
1124 2237 1370 2304 epistolas
1403 2253 1617 2289 numero
1642 2236 1729 2289 40.

741 2327 1002 2397 Septimus
1033 2328 1239 2398 quidem
1275 2327 1426 2380 habet
1458 2325 1706 2395 epistolas
1742 2324 1831 2380 27.

741 2416 966 2470 Octavus
997 2428 1168 2468 autem
1193 2417 1342 2470 habet
1366 2415 1613 2485 epistolas
1643 2416 1731 2469 25.

737 2503 922 2559 Nonus
953 2522 1066 2559 vero
1088 2505 1239 2558 habet
1262 2505 1510 2574 epistolas
1535 2506 1622 2558 55.

741 2593 984 2646 Decimus
1013 2611 1125 2647 vero
1149 2594 1279 2647 liber
1307 2611 1404 2646 non
1435 2603 1530 2659 est,
1563 2593 1640 2646 vel
1661 2601 1737 2647 est
1767 2609 1913 2648 error
1943 2595 1997 2646 in
2027 2593 2161 2646 libro

804 2693 853 2736 et
883 2685 1173 2752 particione
1202 2684 1478 2737 librorum.

2262 2147 2444 2216 operis
2501 2145 2722 2199 minime
2769 2154 3084 2214 perspecta,
3133 2159 3323 2198 omnes
3376 2144 3497 2212 ejus
3541 2145 3718 2198 libros
3777 2144 3834 2198 in

2265 2237 2507 2306 singulos
2529 2235 2871 2304 pontillcatus
2901 2249 3074 2288 annos
3093 2234 3381 2288 convenire
3401 2232 3572 2287 voluit
3599 2240 3656 2286 et
3689 2232 3837 2286 hanc

2266 2326 2337 2380 ob
2357 2339 2578 2378 causam
2605 2333 2855 2378 octavum
2883 2324 3079 2377 librum
3109 2323 3162 2376 in
3187 2323 3371 2392 plures
3401 2322 3610 2375 dividit.
3651 2321 3834 2386 Quam

2267 2430 2463 2470 novam
2490 2415 2749 2470 librorum
2779 2413 3215 2470 distributionem
3251 2414 3443 2468 deinde
3469 2414 3719 2483 plerique
3741 2429 3838 2468 co-

2267 2503 2416 2557 dices
2440 2511 2493 2557 et
2530 2519 2719 2558 omnes
2753 2503 3018 2558 editiones
3052 2519 3116 2558 ex
3155 2502 3340 2559 cbdiee
3375 2501 3641 2555 Vaticano
3698 2516 3838 2556 σεθου

2269 2605 2483 2666 perunt.

1203 2913 1871 3138 SANCTI
1953 2982 2867 3138 GREGORII
2911 2984 3218 3137 'VII

823 3557 830 3564 .
1007 3430 1458 3583 orrum
1509 3427 1806 3580 PARS
1859 3425 2270 3578 PRIMA.
2519 3427 3167 3581 REGISTRUM
3203 3326 3368 3480 (θη)
3427 3597 3436 3601 -

1587 3689 1811 3759 (Mmsr,
1863 3689 2124 3752 Concilio,
2181 3697 2311 3742 tom.
2367 3688 2486 3754 XX,
2543 3691 2645 3744 col.
2703 3690 2830 3760 60.)

678 3930 837 3984 Anno
867 3925 1160 3980 Dominicae
1185 3927 1577 3982 incarnationis
1608 3927 1896 3981 millesimo
1923 3928 2324 3996 septuagesimo
2349 3929 2530 3992 tertio,
2560 3928 2852 3982 indictione
2879 3930 3182 3985 undecima.

678 4019 956 4088 Regnante
984 4017 1215 4071 Domino
1248 4016 1376 4071 Jesu
1405 4017 1644 4082 Christo,
1685 4033 1828 4071 anno
1863 4017 2295 4071 clementissimae
2336 4017 2721 4073 incarnationis
2746 4019 2864 4088 ejus
2905 4021 3190 4076 millesimo
3227 4023 3627 4094 septuagesimo
3657 4027 3839 4092 tertio,

613 4109 907 4196 indictione
934 4117 988 4162 et
1009 4110 1136 4162 luna
1167 4109 1471 4174 undecima,
1508 4124 1539 4160 x
1568 4106 1835 4161 Kalendas
1860 4105 2004 4171 Maii,
2033 4105 2166 4160 feria
2190 4108 2445 4169 secunda.
2476 4109 2560 4162 die
2584 4110 2873 4178 sepultura:
2898 4112 3104 4166 domini
3129 4113 3418 4169 Alexandri
3447 4117 3607 4171 bona:
3634 4133 3840 4174 metuo-

612 4201 709 4254 ria:
740 4200 963 4254 secundi
989 4215 1157 4268 papze,
1193 4214 1259 4252 ne
1285 4199 1440 4253 sedes
1463 4198 1761 4267 apostolica
1788 4197 1880 4250 diu
1923 4197 2105 4266 lugeat
2133 4198 2353 4266 proprio
2386 4199 2642 4254 destituta
2688 4211 2923 4270 pastore,
2967 4207 3277 4274 congregati
3323 4207 3379 4260 in
3424 4207 3650 4262 basilica
3693 4208 3841 4263 Beati

619 4286 764 4340 Petri
788 4288 854 4340 ad
878 4287 1129 4354 Vincula,
1157 4305 1258 4344 nos
1283 4297 1487 4343 saneta:
1513 4288 1772 4343 Romanae
1796 4289 2078 4343 catholicae
2100 4297 2154 4341 et
2177 4289 2486 4357 apostolica:
2517 4290 2770 4347 Ecclesia:
2799 4295 3119 4358 cardinales,
3162 4296 3370 4360 clerici,
3417 4297 3680 4366 acolythi,
3714 4299 3842 4360 sub-

615 4374 846 4437 diaconi,
869 4375 1102 4439 diaconi,
1131 4379 1448 4446 presbyteri,
1477 4379 1836 4447 praesentibus
1858 4379 2260 4434 venerabilibus
2283 4381 2552 4450 episcopis
2575 4384 2956 4449 etabbatibus,
2981 4383 3192 4440 clericis
3217 4397 3270 4440 et
3292 4387 3576 4441 monachis
3603 4402 3842 4442 consen-

620 4465 901 4528 tientibus,
934 4464 1184 4532 plurimis
1207 4465 1378 4518 turbis
1405 4467 1690 4534 utriusque
1717 4482 1880 4522 sexus
1908 4467 2214 4536 diversique
2241 4470 2447 4524 ordinis
2477 4473 2922 4536 acclamantibus,
2954 4475 3204 4542 eligimus
3225 4475 3383 4528 nobis
3405 4474 3458 4527 in
3492 4484 3770 4542 pastorem
3791 4485 3843 4529 et

621 4571 895 4610 summum
919 4554 1230 4624 pontiﬁcem
1261 4554 1439 4608 virum
1465 4554 1800 4624 religiosum,
1835 4555 2063 4623 geminae
2105 4557 2345 4610 scientia:
2386 4559 2671 4625 prudentia
2701 4561 3010 4629 pollentem,
3045 4563 3317 4632 aequitatis
3340 4571 3395 4618 et
3435 4564 3670 4632 justitiae
3705 4581 3840 4636 pra-

621 4645 1017 4702 Stantissimum
1043 4653 1362 4710 amatorem,
1391 4645 1445 4698 in
1472 4645 1713 4700 adversis
1738 4643 1952 4710 fortem,
1981 4643 2033 4698 in
2073 4646 2348 4715 prosperis
2371 4655 2747 4717 temperatum,
2791 4660 2874 4717 et,
2915 4653 3072 4722 juxta
3118 4652 3360 4722 Apostoli
3407 4655 3636 4721 dictum,
3687 4657 3842 4711 bonis

622 4733 866 4789 moribus
891 4743 1162 4798 ornatum,
1194 4735 1467 4802 pudicum,
1497 4737 1821 4802 modestum,
1847 4736 2111 4802 sobrium,
2135 4747 2366 4804 castum,
2393 4739 2735 4808 hospitalem,
2761 4743 2984 4797 domum
3005 4761 3159 4799 suam
3193 4746 3327 4800 bene
3356 4754 3635 4816 regentem
3670 4748 3842 4816 (545),

621 4826 681 4879 iu
709 4823 917 4896 gremio
939 4823 1103 4892 hujus
1127 4824 1316 4878 matris
1335 4823 1590 4881 Ecclesia:
1611 4827 1892 4896 apueritia
1913 4827 2046 4883 satis
2068 4822 2321 4882 nobiliter
2345 4830 2632 4885 educatum
2657 4841 2712 4887 et
2735 4833 2976 4900 doctum,
3004 4843 3165 4904 atque
3187 4851 3286 4904 pro
3310 4837 3433 4890 vita:
3455 4838 3655 4892 merito
3683 4839 3739 4892 in
3760 4855 3845 4893 ar-

627 4916 1038 4973 cbidiaconatus
1073 4915 1334 4968 honorem
1361 4929 1536 4982 usque
1566 4917 1726 4971 hodie
1750 4919 2121 4984 sublimatum,
2169 4918 2591 4976 Hildebrandum
2639 4923 2887 4978 videlicet
2929 4925 3394 4992 archidiaconum,
3437 4943 3600 4996 quem
3627 4944 3660 4981 a
3687 4929 3843 4983 modo

624 5002 679 5074 [e
705 5005 886 5076 modo]
915 5021 1087 5075 usque
1111 5006 1166 5059 in
1187 5005 1578 5074 sempiternum
1609 5015 1662 5059 et
1684 5021 1804 5061 esse
1823 5014 1878 5060 et
1898 5007 2005 5060 dici
2029 5007 2352 5077 Gregorium
2396 5026 2589 5078 papam
2609 5005 2666 5066 et
2705 5015 3060 5081 apostolicum
3083 5015 3335 5070 volumus
3377 5023 3434 5070 et
3475 5019 3844 5086 approbamns

627 5093 957 5166 [approbatis
1001 5097 1170 5150 eum?
1213 5095 1620 5169 approbamus].
1667 5095 1851 5150 Placet
1889 5095 2087 5150 vobis?
2131 5097 2328 5164 placet.
2398 5097 2575 5154 Vultis
2631 5103 2805 5154 eum?
2859 5101 3132 5157 volumus.
3200 5103 3456 5162 Laudatis
3510 5121 3640 5162 eum
3665 5110 3690 5162 ?
3734 5110 3844 5164 lau-

636 5187 850 5242 damus.

2809 5188 2825 5205 χ
3637 5183 3644 5187 .

696 5276 836 5330 Acta
854 5273 1057 5339 Romae,
1089 5273 1300 5328 decimo
1322 5272 1756 5336 KalendasMaii.
1783 5275 2079 5331 indictione
2105 5274 2404 5330 undecima.

647 5384 846 5455 πίω)
874 5384 1060 5440 Exstat
1093 5383 1338 5455 Glasqrii
1360 5380 1784 5455 Yllﬁesisswm
1832 5385 1888 5455 in.
1930 5383 2190 5455 “licam
2217 5370 2258 5426 ο
2291 5368 2574 5455 9399‘???
2619 5367 3210 5455 ξιονάίηίε-ἀέδίιίωφ
3253 5371 3647 5455 emineret.
3706 5366 3857 5446 «πιθα

633 5437 1070 5519 δίιὶὶδὸῐίιεάζᾶέ
1107 5437 1232 5523 ἐιυό
1251 5437 1588 5523 Βθτιιιριάυᾱέ
1612 5437 2183 5523 εοηςιειῃίερέιέζᾱμί
2289 5437 2790 5523 il_19,{n,lgwr9_non
2841 5437 3040 5523 meri?
3088 5437 3679 5523 quicunquqleiusdem
3717 5437 3855 5522 590°;

631 5506 714 5590 eo?
724 5506 1176 5590 vixittempore‘,”
1193 5506 1360 5577 anno.
1386 5506 1560 5587 4085,
1579 5522 1805 5590 loquens
1833 5506 2164 5590 decregoitit

2291 5506 2801 5590 stoliciiiegistrum
2825 5506 3121 5590 diligemur
3145 5506 3554 5590 perlegeri-tzs'
3682 5584 3697 5590 _
3750 5506 3768 5517 '
3804 5581 3821 5590 _
3854 5514 3865 5530 ‘

633 5575 744 5663 ῩἩ,
781 5575 857 5663 ait
880 5575 1573 5663 :qifl'fratv‘enimieatholicie
1599 5575 1875 5663 religionis
1901 5575 2186 5663 ferventis-4
2545 5575 2759 5663 ῐξξιξεψζ
2800 5575 3258 5663 variantes_quos
3284 5575 3352 5663 ea
3401 5579 3700 5663 blutinensi

635 5647 806 5733 simus
839 5660 1133 5733 institutor,
1154 5668 1212 5733 et
1236 5660 1612 5733 ecclesiasticas
1633 5647 1896 5733 libertatis
1916 5655 2190 5733 strenuis-
2291 5656 2394 5733 ῐξξξο
2407 5647 2848 5733 iaculi
2878 5647 3712 5733 {YItSletlex‘antiqu’iqri'Eonf
3736 5651 3842 5733 true

636 5727 810 5783 simus
851 5714 1132 5784 defensor:
1154 5714 1336 5783 Noluit
1365 5714 1513 5784 sane
1546 5714 1606 5782 ut
1632 5727 2032 5784 ecclesiasticus
2057 5724 2190 5778 ordo
2293 5714 2374 5831 xi!
2401 5714 2670 5786 descripto
2693 5715 2854 5795 eruit,
2887 5723 2941 5766 et
2983 5715 3049 5769 ad
3085 5731 3170 5772 me
3201 5714 3504 5777 transmisit
3545 5719 3608 5775 Β.
3653 5721 3841 5776 Praua.

639 5797 881 5831 mann-suc
910 5798 1167 5831 uanam...
1193 5798 1492 5831 ειιιιςιυιηηιο
1546 5798 1636 5831 ωσι
1665 5798 1864 5831 nautam
1897 5805 1943 5831 ,ιι
1975 5808 2186 5831 mni-nm
2341 5790 2490 5831 nmn-
2523 5785 2782 5831 lachanna
2812 5783 2868 5831 S.
2902 5781 2948 5831 J-
2984 5783 3168 5831 Mum-

639 5781 1170 5870 manibusvlaicorum
1193 5781 1514 5868 iubjieéiéi,
1546 5781 1882 5870 sedieisdcmi
1897 5805 1949 5852 et
1975 5808 2188 5851 morum
2294 5781 2490 5866 Amoti;
2523 5781 2783 5845 “diaria
2812 5783 2868 5837 3-
2902 5781 2948 5838 J.
2984 5783 3168 5846 Μικδι.

2263 2054 2525 2109 Vaticano
2552 2070 2580 2108 a
2611 2054 2832 2108 librario
2868 2054 3103 2123 quodam
3136 2061 3341 2106 mutata
3363 2060 3466 2115 est,
3494 2051 3590 2120 qui
3615 2051 3837 2106 ratione
3882 2098 3888 2102 .

3977 5581 3980 5762 Ι
