4098 6394
1419 485 1620 542 Lini-2n
1653 450 1930 545 animus.
1966 521 2030 529 -
2071 490 2291 546 ιςιιιετ.
2331 491 2412 552 In.

293 617 2318 641 w—

1143 677 1690 795 REGIS'I‘BI
1768 706 2126 815 LIBER
2195 706 2679 796 PRIMUS.

778 853 1112 909 EPISTOLA
1155 853 1387 908 PRIMA.

717 983 787 1020 an
845 959 1163 1020 ussmsnttru
1211 955 1473 1021 sanares.

879 1059 1058 1126 (Anno
1097 1058 1276 1122 1073.)

293 1145 524 1220 Nuntiat
552 1165 610 1202 se
650 1149 870 1201 invitum
899 1149 961 1220 in
982 1149 1249 1220 demortui
1282 1149 1571 1203 Alexandri
1605 1151 1867 1220 pontiﬁcis

359 1217 535 1270 locum
593 1219 891 1289 sgﬁ'ectum.
927 1217 1089 1282 Rogat
1122 1227 1178 1270 ut
1215 1217 1378 1289 Deum
1411 1235 1504 1289 pro
1535 1217 1866 1288 se'deprece-

360 1296 467 1352 tur,
499 1295 550 1340 et
578 1287 652 1340 ad
687 1305 741 1342 se
771 1289 1082 1362 quantocius
1118 1288 1308 1341 veniat.

359 1399 676 1454 Guscontus
703 1398 755 1452 in
792 1397 1096 1452 Romanum
1132 1379 1442 1467 pontificem
1477 1401 1680 1454 electus
1717 1398 1869 1453 Dus:-

292 1503 450 1543 neuto
472 1486 630 1557 (5.“)
647 1487 826 1542 abbati
848 1487 1159 1542 monasterii
1179 1485 1366 1542 .Sancti
1387 1485 1656 1542 Benedicti
1677 1487 1870 1542 Montis

289 1579 503 1634 (lassini
540 1581 774 1634 salutem
802 1581 855 1634 in
890 1580 1109 1636 Christo
1141 1579 1291 1636 Jesu.

363 1665 636 1724 Dominus
687 1675 874 1724 noster
921 1683 1060 1738 papa
1110 1669 1414 1724 Alexander
1471 1679 1719 1724 mortuus
1765 1679 1866 1736 cst,

290 1755 447 1825 cujus
503 1749 670 1813 mors
712 1774 875 1828 super
922 1774 1008 1813 me
1063 1758 1278 1823 cecidit,
1331 1768 1386 1812 et
1429 1759 1610 1812 omnia
1662 1759 1870 1815 viscera

291 1862 408 1902 mea
437 1850 784 1912 concutiens,
818 1849 1032 1918 penitus
1057 1851 1422 1906 conturbavit.
1456 1849 1590 1905 Nam
1614 1850 1668 1904 in
1696 1860 1870 1906 morte

289 1937 509 2004 quidem
549 1938 672 2016 ejus
703 1938 977 1994 Romanus
1011 1941 1263 2009 p0pu|us,
1300 1950 1489 1995 contra
1522 1956 1750 2004 morem,
1797 1941 1885 1995 ita-

287 2026 514 2096 qtu'evit,
551 2028 608 2082 in
660 2043 825 2082 manu
863 2039 1044 2084 nostra
1097 2030 1310 2085 consilii
1367 2029 1517 2084 frena
1554 2030 1760 2085 dimisit
1811 2041 1870 2084 ut

286 2117 571 2170 evidenter
605 2128 888 2185 appareret
920 2134 982 2172 ex
1022 2118 1113 2170 Dei
1144 2119 1513 2174 misericordia
1547 2120 1652 2173 hoc
1677 2135 1868 2189 prove-

1896 860 1942 917 Α
1968 859 2191 906 ctcteros
2207 848 2486 919 religiosos
2503 849 2650 904 viros
2664 849 2718 903 in
2736 850 2980 919 partibus
2994 851 3101 908 illis
3113 867 3538 919 eommorantes.

1969 940 2034 995 ad
2061 940 2398 994 exorandum
2437 937 2604 993 Deum
2640 954 2740 1009 pro
2773 955 2861 995 me
2895 955 2961 995 ex
2995 957 3120 996 vera
3154 943 3419 1000 chatitate
3451 946 3538 1000 iu-

1967 1028 2124 1092 vites,
2154 1037 2213 1082 nt
2235 1027 2410 1082 oratio
2440 1043 2561 1098 qute
2589 1043 2674 1082 me
2696 1027 2929 1084 liberare
2962 1031 3169 1096 debuit,
3204 1047 3270 1086 ne
3297 1033 3540 1089 incurre-

1881 1128 1883 1130 ‘
1969 1133 2084 1173 rem
2113 1118 2434 1188 periculum,
2466 1118 2653 1172 saltem
2688 1127 2902 1172 tueatur
2924 1120 2977 1174 in
3004 1122 3246 1189 periculo
3275 1126 3534 1194 positum.

1970 1207 2051 1262 Tu
2085 1217 2261 1262 autem
2299 1207 2414 1277 ipse
2448 1209 2772 1278 quantocius
2804 1210 2872 1264 ad
2903 1225 3004 1263 nos
3050 1213 3236 1267 venire
3264 1230 3370 1268 non
3405 1231 3541 1284 pra:-

1969 1300 2238 1354 tcrmittas
2270 1297 2361 1367 qui
2385 1308 2647 1368 quantum
2686 1298 2922 1354 Romana
2960 1299 3199 1355 Ecclesia
3214 1303 3544 1374 deindigeat

1968 1398 2024 1443 et
2080 1390 2133 1444 in
2167 1389 2452 1459 prudentia
2489 1398 2579 1442 tua
2633 1389 2882 1444 fiduciam
2918 1391 3113 1445 habeat
3146 1407 3250 1446 non
3289 1391 3535 1460 ignoras.
3593 1462 3596 1464 γ

2039 1478 2170 1534 Data
2205 1479 2389 1534 Roma:
2438 1495 2491 1534 ιιι
2531 1478 2673 1552 [vm]
2727 1479 2992 1536 Kalendas
3042 1481 3188 1547 Maii,
3242 1482 3542 1538 indictione

1969 1571 2278 1627 undecima.

2528 1669 2858 1726 EPISTULA
2892 1671 2975 1727 Ill.

2108 1778 2173 1816 AD
2199 1777 2504 1817 GUIDERTUDI
2535 1778 2884 1817 R:\\'E.\'.\'.‘tTE)l
2927 1778 3392 1821 Λιιειιιεῐνιεςοῑιιξιι.

2557 1852 2737 1920 (Anno
2768 1851 2950 1921 1075.)

1975 1941 2219 2012 Ejusdem
2267 1942 2599 2011 argumenti;
2637 1950 2782 2010 rogat
2821 1941 2979 1994 etiam
3020 1953 3074 1994 ut
3107 1945 3302 2012 legatos
3342 1948 3538 1999 mittat.

2040 2033 2344 2088 Gneoonws
2381 2033 2434 2085 in
2487 2031 2789 2085 Romanum
2823 2031 3128 2100 pontificem
3161 2035 3365 2089 electus
3413 2031 3545 2089 Gur-

1971 2137 2141 2192 nt-n'ro
2171 2120 2483 2192 vllaveunati
2516 2122 2930 2193 archiepiscopo
2980 2123 3206 2178 salutem
3239 2124 3292 2178 in
3323 2123 3543 2179 Christo

289 2204 453 2260 uisse.
479 2202 643 2260 Unde
675 2217 892 2276 accepto
919 2209 1148 2264 consilio
1182 2211 1288 2266 hoc
1323 2211 1614 2265 statuimus
1643 2220 1722 2275 ut,
1749 2220 1873 2280 post
1907 2198 1944 2249 Β
1971 2208 2119 2264 Jesu.

289 2293 608 2348 triduanum
658 2295 949 2363 jejunium,
1002 2308 1126 2366 post
1176 2299 1412 2364 litanias,
1472 2308 1527 2354 et
1578 2301 1871 2355 multorum

286 2384 594 2440 orationem
625 2387 982 2454 cleeittosvuis
1013 2391 1306 2456 conditam,
1335 2391 1517 2446 divino
1541 2392 1873 2447 fultiauxilio

286 2485 657 2530 statueremus
680 2477 831 2545 ,quod
849 2479 1038 2533 melius
1057 2479 1120 2532 de
1131 2482 1393 2534 electione
1407 2481 1633 2534 Romani
1659 2483 1873 2550 pontitl-

287 2561 365 2617 ris
387 2562 685 2616 videretur.
705 2564 806 2618 Sed
832 2566 1010 2620 subito
1033 2584 1153 2621 cum
1171 2569 1458 2637 przedictus
1489 2569 1743 2622 dominus
1768 2584 1870 2623 n0-

286 2661 544 2720 sterpapa
560 2653 614 2707 in
635 2654 880 2718 ecclesia,
895 2655 1019 2726 [Διΐ.
1043 2657 1247 2724 Sancti,
1263 2662 1338 2713 sic
1351 2659 1559 2732 ubique]
1575 2659 1870 2715 Salvatoris

288 2744 948 2811 Sepultum!'tradcrctur,
1003 2760 1156 2804 ortus
1187 2759 1269 2803 est
1320 2767 1550 2820 magnus
1607 2753 1870 2806 tumultus

288 2835 467 2904 populi
495 2846 550 2892 et
581 2835 847 2903 fremitus,
877 2847 932 2893 et.
980 2839 1034 2894 in
1085 2857 1172 2896 me
1224 2843 1380 2912 quasi
1446 2845 1627 2898 vesani
1685 2845 1868 2901 insur-

286 2936 568 2989 :‘cxcruut,
606 2925 678 2981 ita
712 2938 771 2982 ut
803 2944 926 3003 cum
956 2929 1224 3000 Propheta
1257 2933 1458 3001 possim
1484 2934 1663 2986 dicere
1692 2953 1703 2986 :
1742 2931 1868 2986 Veni

286 3017 337 3068 in
389 3017 732 3074 altitudinem
779 3023 941 3074 maris
976 3063 989 3086 ,
1053 3033 1099 3073 et
1146 3033 1419 3090 tempestas
1472 3024 1713 3075 demersit
1764 3039 1862 3076 me.

289 3106 555 3160 Laborari
615 3108 871 3169 clnntans,
909 3126 1082 3162 rauca-
1135 3111 1294 3179 facta:
1344 3122 1466 3165 sunt
1511 3113 1686 3181 fauces
1741 3130 1867 3168 mea:

285 3194 461 3260 (Psal.
506 3197 734 3263 Lavi”);
787 3207 878 3253 et:
921 3197 1099 3251 Timor
1121 3209 1170 3254 et
1219 3211 1411 3255 tremor
1432 3212 1676 3256 venerunt
1714 3219 1868 3270 super

285 3301 383 3349 me,
413 3295 462 3338 ct
497 3297 838 3341 mntea‘erunt
871 3306 959 3358 me
985 3291 1205 3342 tenebra’
1233 3290 1403 3358 (Psal.
1441 3292 1569 3359 Liv).
1606 3290 1709 3345 Sed
1738 3293 1863 3359 quia

285 3374 336 3428 in
377 3375 518 3430 lecto
564 3377 775 3444 jaceus,
808 3378 960 3431 valde
1017 3381 1293 3447 fatigatus,
1343 3381 1474 3434 satis
1508 3381 1714 3434 dictare
1763 3395 1862 3433 ne-

283 3481 448 3533 queo,
513 3468 794 3534 angustias
855 3483 1006 3524 meas
1070 3485 1326 3524 enarrare
1381 3471 1726 3540 supersedeo.
1785 3470 1860 3524 'i‘c

284 3557 468 3625 itaque
501 3571 599 3624 per
633 3559 1052 3627 omnipotentem
1101 3561 1388 3615 Dominum
1439 3577 1593 3631 rogo,
1649 3572 1709 3616 ut
1742 3561 1859 3617 suf-

285 3644 577 3718 fraganeos
613 3647 804 3705 fratres
835 3659 890 3706 et
941 3652 1099 3719 ﬁlios,
1137 3670 1276 3724 quos
1326 3655 1380 3709 in
1412 3655 1630 3711 Christo
1663 3655 1860 3720 nutris,

287 3735 355 3790 ad
389 3739 734 3792 exorandum
769 3739 934 3795 Deum
964 3758 1062 3810 pro
1113 3760 1198 3796 me
1232 3760 1513 3811 provoces,
1551 3754 1603 3798 et
1635 3761 1697 3799 ex
1736 3761 1860 3800 vera

282 3827 553 3882 charitate
586 3829 780 3884 invites
813 3842 1078 3901 quatenus
1119 3835 1328 3900 oratio,
1365 3851 1485 3906 quze
1519 3853 1604 3891 me
1636 3837 1863 3894 liberare

282 3914 473 3970 debuit
507 3932 575 3971 ne
607 3918 935 3974 incurrerem
970 3923 1292 3991 periculum,
1330 3929 1520 3981 saltem
1559 3929 1861 3983 tueatur'in

281 4008 530 4077 periculo
579 4010 832 4078 positum.
888 4011 966 4066 Tu
1026 4023 1202 4068 autem
1255 4016 1367 4083 ipse
1426 4015 1749 4084 quantocius
1794 4017 1858 4070 ad

281 4112 385 4154 nos
414 4099 608 4153 venire
639 4114 746 4152 non
774 4104 1168 4167 praetermittas,
1201 4105 1293 4173 qui
1326 4115 1586 4173 quantum
1619 4106 1860 4161 Romana

284 4185 530 4243 Ecclesia
571 4197 622 4242 te
665 4187 900 4261 indigeat
945 4203 1000 4248 et
1048 4195 1102 4248 in
1147 4196 1431 4264 prudentia
1485 4209 1573 4253 tua
1611 4201 1860 4255 ﬁduciam

286 4278 489 4332 habeat
524 4294 635 4332 non
671 4283 903 4349 ignoras.
938 4282 1220 4340 Dominam
1255 4287 1514 4358 Aguetem
1545 4291 1855 4359 imperatri-

282 4380 403 4421 cem
433 4376 491 4422 et
522 4367 848 4425 Rainaldum
893 4376 1254 4431 venerabilem
1309 4378 1614 4432 Cumanum
1649 4380 1862 4448 episco-

284 4472 415 4523 pum
443 4475 512 4514 ex
549 4470 736 4517 nostra
768 4473 920 4534 parte
969 4468 1141 4523 saluta
1177 4479 1230 4524 et
1276 4455 1544 4538 quantum
1582 4485 1708 4541 erga
1762 4487 1861 4528 nos

283 4545 599 4606 dilectionis
631 4553 917 4609 habuerint
947 4573 1090 4612 nunc
1120 4567 1177 4610 ut
1210 4559 1497 4612 ostendant
1523 4570 1713 4615 nostra
1745 4561 1862 4618 vice

284 4639 520 4696 ﬁdeliter
551 4643 795 4700 obsecra.

358 4730 494 4784 Data
527 4729 770 4801 [Datum,
804 4745 854 4787 et
894 4736 971 4790 sic
1003 4737 1241 4808 semper‘
1280 4739 1465 4794 Roma:
1504 4756 1554 4793 ιιι
1592 4737 1714 4811 [Ix].
1747 4737 1858 4795 Ka-

283 4821 477 4878 lendas
507 4820 654 4888 Maii,
693 4823 984 4888 indictione
1019 4845 1091 4882 χι.

865 4842 949 4879 Ion
1019 4845 1091 4882 χι.

859 4841 1192 5009 ΕΡᾷΤΟῙιΑ
1230 4918 1292 4972 ll.

528 5016 585 5052 ω
617 5015 870 5056 οιευιτωι
905 5021 1179 5073 PRINCIPEM
1210 5020 1628 5061 SALEBNI'I'ANUM.

883 5091 1062 5160 (Anno
1095 5094 1271 5164 1073).

775 5177 1026 5248 Ejusdem
1057 5185 1350 5253 argumenti

358 5265 669 5325 Caesonius
705 5269 760 5324 in
807 5268 1112 5326 Romanum
1166 5275 1471 5343 pontiﬁcem
1516 5274 1720 5330 electus
1761 5275 1858 5332 Gt-

287 5370 452 5412 mro
478 5357 827 5418 Salernitano
854 5361 1102 5432 principi,
1131 5365 1359 5419 salutem
1385 5364 1439 5418 iu
1461 5363 1680 5419 Christo
1707 5364 1855 5421 Jcsu.

359 5445 627 5502 Dominus
652 5459 837 5505 noster
865 5450 1167 5505 Alexander
1187 5467 1324 5521 papa
1349 5461 1600 5509 mortuus
1630 5463 1736 5520 est,
1759 5469 1858 5509 CI-

283 5534 378 5606 jus
412 5554 562 5595 mors
593 5555 762 5610 super
787 5557 873 5597 me
902 5542 1111 5597 cecidit.
1179 5541 1398 5612 (Omnia
1425 5554 1480 5597 ut
1510 5556 1670 5614 supra
1700 5562 1860 5615 usque

290 5625 362 5681 ad
395 5629 451 5684 id
473 5629 618 5701 quod
649 5631 750 5701 ait)
777 5641 791 5687 ἑ
825 5633 900 5688 ‘l‘e
933 5632 1114 5703 itaque
1148 5649 1246 5704 per
1277 5636 1701 5704 omnipotentem
1747 5636 1844 5689 Do-

291 5715 498 5777 intun
554 5707 710 5790 rogo,
753 5729 812 5777 ut
849 5723 1204 5779 venerabilem
1257 5724 1471 5779 Patrem
1521 5723 1756 5779 Leonem
1806 5736 1857 5780 et

2043 2296 2158 2351 Non
2194 2299 2506 2375 dubitamus
2567 2299 2767 2354 famam
2798 2301 3007 2357 litteras
3061 2313 3275 2359 nostras
3324 2313 3546 2359 anteve-

1973 2385 2134 2450 lasSe,
2162 2399 2216 2442 et
2249 2398 2358 2442 tam
2393 2389 2544 2444 vobis
2573 2405 2735 2458 quam
2765 2392 2950 2445 multis
2973 2393 3114 2456 aiiis,
3136 2394 3344 2449 domini
3371 2397 3545 2449 nostri

1972 2475 2262 2530 Alexandri
2312 2493 2461 2546 papae
2514 2479 2721 2532 obitum
2778 2481 3101 2536 multiasse.-
3143 2481 3296 2547 Quod
3359 2495 3540 2539 autem

1971 2567 2104 2619 mihi
2139 2568 2290 2621 valde
2347 2571 2666 2638 gemendum
2701 2580 2786 2625 est
2829 2589 2843 2636 ;
2880 2589 3028 2628 mors
3073 2574 3192 2643 ejus
3247 2591 3410 2645 super
3454 2593 3542 2632 me

1971 2656 2184 2722 cecidit,
2220 2667 2273 2711 et
2324 2659 2506 2713 omnia
2541 2660 2747 2714 viscera
2799 2678 2918 2716 mea
2964 2666 3282 2720 concutiens
3326 2667 3543 2736 penitus

1970 2750 2329 2804 conturbavit.
2360 2749 2492 2805 Nam
2522 2752 2574 2805 in
2610 2762 2783 2808 morte
2815 2755 2935 2824 ejus
2978 2756 3153 2825 primo
3184 2758 3401 2827 quidem
3434 2758 3546 2813 llo-

1970 2855 2164 2895 manus
2196 2842 2425 2908 populus
2447 2851 2636 2895 contra
2659 2858 2865 2896 morem
2893 2844 2964 2897 ita
2989 2846 3193 2913 quievi:
3215 2854 3268 2900 et
3299 2847 3351 2900 in
3380 2862 3546 2901 manu

1969 2939 2154 2982 nostra
2177 2930 2387 2983 consilii
2410 2932 2558 2984 frena
2583 2932 2787 2986 dimisit
2803 2941 2862 2986 ut
2885 2935 3162 2988 evidenter
3179 2945 3457 3004 appareret
3477 2955 3543 2991 cx

1967 3017 2062 3073 Dei
2097 3020 2466 3075 misericordia
2497 3021 2598 3075 hoc
2625 3023 2955 3090 provenisse.
2986 3022 3135 3077 Unde
3161 3035 3379 3093 accepto
3404 3041 3539 3080 con-

1967 3112 2090 3166 silio
2114 3112 2213 3166 hoc
2241 3113 2529 3168 statuimus
2555 3121 2611 3166 ut
2633 3122 2752 3181 post
2778 3113 3082 3168 triduanum
3106 3114 3391 3184 jejunium,
3417 3123 3542 3185 post

1965 3204 2203 3268 litanias,
2233 3214 2287 3258 et
2308 3205 2600 3257 multorum
2634 3190 2934 3259 orationem
2968 3206 3324 3276 clcen-osynis
3347 3205 3539 3266 condiu-

1965 3301 2098 3358 tam,
2127 3294 2308 3347 divino
2343 3293 2462 3350 fulti
2498 3296 2699 3348 auxilio
2732 3305 3094 3350 statueremus
3128 3297 3272 3366 quod
3310 3299 3375 3352 de
3427 3298 3536 3352 elc-

1963 3381 2141 3435 ctione
2164 3380 2391 3435 Romani
2407 3383 2675 3451 pontiﬁcis
2687 3384 2958 3438 videretur
2980 3383 3193 3440 melius.
3222 3386 3324 3440 Sed
3339 3387 3541 3452 subito,

1961 3485 2086 3524 cum
2140 3471 2426 3540 praedictus
2475 3472 2730 3527 dominus
2775 3483 2962 3527 noster
3008 3489 3146 3543 papa
3196 3475 3249 3526 in
3303 3475 3530 3530 ecclesia

1914 3551 1929 3569 ¹
1967 3561 2149 3616 Sancti
2197 3561 2491 3617 Salvatoris
2536 3564 2822 3632 sepultura:
2872 3564 3196 3630 traderetur,
3253 3574 3406 3619 ortus
3455 3575 3541 3619 est

1966 3667 2196 3722 magnus
2226 3653 2488 3707 tumultus
2520 3653 2701 3723 populi
2725 3663 2778 3708 ct
2803 3653 3069 3721 fremitus,
3104 3654 3232 3708 etin
3266 3670 3351 3709 me
3377 3656 3535 3724 quasi

1963 3744 2150 3797 vesani
2205 3743 2634 3808 insurrexerunt,
2679 3746 2757 3798 nil
2801 3745 3036 3810 dicendi,
3090 3746 3165 3798 nil
3213 3746 3533 3800 consulendi
3577 3803 3579 3805 ,

1964 3831 2239 3886 facultatis
2266 3841 2357 3886 aut
2381 3833 2536 3900 spatii
2571 3833 2954 3901 relinquentes.
2987 3832 3250 3886 Violentis
3285 3834 3534 3898 manibus

1964 3935 2050 3974 me
2076 3921 2130 3972 in
2161 3921 2338 3972 locum
2385 3920 2664 3988 apostolici
2688 3921 2996 3990 regimiuis,
3046 3923 3134 3976 cui
3169 3922 3326 3992 longe
3362 3923 3538 3992 impar

1963 4025 2106 4072 sum,
2139 4017 2450 4077 rapuerunt.
2473 4008 2552 4076 ita
2587 4020 2729 4064 recte
2753 4027 2852 4081 ego
2879 4027 3001 4066 cum
3033 4013 3291 4081 propheta
3316 4028 3536 4081 possum

1962 4101 2140 4156 dicere
2167 4119 2180 4154 :
2225 4099 2351 4154 Veni
2375 4102 2428 4154 in
2457 4102 2791 4156 altitudinem
2829 4105 2990 4156 maris
3051 4114 3098 4156 ct
3126 4113 3400 4171 tempestas
3442 4103 3537 4154 tle.-

1964 4191 2143 4244 mersit
2178 4206 2297 4253 me;
2334 4189 2575 4243 .‘aboravi
2645 4189 2882 4242 clamans
2915 4229 2932 4253 ,
3001 4205 3176 4242 rauca:
3228 4190 3383 4256 facta:
3415 4199 3539 4242 sunt

1965 4282 2146 4349 fauces
2181 4295 2308 4332 mete
2345 4279 2517 4348 (Psal.
2554 4282 2764 4348 vatlt).
2812 4279 3050 4349 Denique
3077 4279 3234 4332 timor
3262 4289 3311 4333 et
3348 4289 3540 4334 tremor

1962 4378 2204 4422 tenerum
2236 4383 2390 4436 super
2426 4384 2524 4433 me,
2552 4377 2600 4422 et
2631 4377 2969 4422 contexerant
2997 4385 3076 4422 me
3118 4368 3340 4423 tenebra:
3362 4367 3537 4436 (Paul.

1962 4459 2090 4527 LIV).
2131 4456 2235 4513 Sed
2286 4459 2414 4528 quia
2475 4459 2661 4514 multis
2711 4468 2765 4514 et
2815 4460 3026 4530 magnis
3079 4460 3228 4514 curis
3281 4458 3538 4528 fatigatus

1962 4551 2096 4607 satis
2129 4550 2333 4606 dictare
2358 4567 2589 4620 nequeo,
2630 4551 2876 4606 miserias
2912 4566 3061 4604 meas
3086 4563 3405 4604 enumerare
3435 4564 3534 4604 su-

1961 4641 2239 4710 persedeo.
2272 4639 2419 4710 Rogo
2447 4640 2626 4709 itaque
2651 4655 2749 4693 vos
2772 4654 2868 4707 per
2889 4639 3312 4706 omnipotentem
3342 4637 3538 4705 Deum,

1963 4738 2024 4784 ut
2083 4729 2441 4793 charilatem,
2490 4739 2653 4797 quam
2696 4743 2824 4797 erga
2865 4725 3182 4783 Remanent
3237 4728 3547 4784 Ecclesium-

1895 4853 1939 4906 Β
1966 4819 2196 4874 maxime
2227 4819 2329 4873 hoc
2346 4826 2615 4886 tempore,
2641 4824 2713 4883 et,
2741 4827 2799 4872 ut
2825 4819 3136 4875 meminisse
3157 4819 3382 4882 debetis,
3409 4833 3538 4887 erga

1965 4924 2050 4964 me
2079 4907 2384 4976 specialiter
2411 4923 2505 4962 vos
2528 4923 2713 4979 gerere
2736 4910 3082 4980 promisistis,
3116 4908 3374 4977 quoniam
3408 4909 3537 4978 qui-

1961 4997 2083 5051 dem
2122 5004 2352 5067 tempus,
2379 5006 2434 5052 et
2459 5014 2641 5053 rerum
2688 4999 2920 5067 qualitas
2950 4997 3068 5065 ejus
3103 4996 3283 5069 '[eam]
3319 4999 3536 5068 probari

1960 5086 2200 5154 postulat
2227 5073 2373 5141 nunc
2397 5086 2613 5155 quidem
2638 5085 2690 5137 in
2717 5099 2822 5149 me,
2850 5092 2904 5139 ct
2929 5083 2975 5139 si
3004 5101 3112 5140 non
3141 5087 3277 5142 meis
3305 5088 3534 5152 meritis,

1963 5177 2157 5232 saltem
2205 5190 2390 5229 amore
2435 5173 2803 5241 apostolorum
2841 5177 3123 5230 ostendere
3183 5178 3424 5243 curetis;
3482 5187 3538 5231 et

1964 5270 2331 5338 suifragancos
2353 5283 2416 5322 ac
2450 5267 2590 5323 ﬁlios
2615 5267 2870 5324 Ecclesiae
2891 5280 3083 5324 vcstrze
3108 5270 3173 5322 ad
3199 5271 3537 5325 exorandum

1963 5359 2132 5414 Deum
2168 5376 2264 5430 pro
2296 5375 2381 5414 me
2417 5360 2675 5425 invitetis,
2721 5377 2785 5416 ac
2819 5361 3233 5428 comtnoucatis,
3265 5371 3534 5430 quatenus

1960 5453 2027 5506 ad
2055 5451 2334 5508 ferendum
2363 5468 2524 5516 onus,
2557 5452 2701 5520 quod
2733 5451 2868 5504 mihi
2897 5451 3068 5506 invito
3097 5463 3151 5506 et
3207 5452 3360 5504 valde
3389 5449 3533 5503 relun

1958 5544 2127 5598 ctanti
2151 5545 2460 5614 impositum
2484 5551 2587 5606 cst,
2609 5541 2754 5595 vires
2781 5540 3002 5607 tribuat,
3029 5556 3246 5595 manum
3270 5541 3528 5609 porrigat,

1960 5642 2021 5686 ut
2041 5633 2086 5688 si
2109 5649 2194 5688 me
2227 5642 2396 5686 totum
2433 5631 2616 5702 Morte,
2655 5638 2854 5686 tutum.
2888 5630 3057 5685 ιΙΑιιο.
3090 5628 3179 5682 Ita
3239 5639 3288 5683 et
3354 5629 3529 5682 Μυτι-

1965 5721 2112 5791 ues.}
2139 5722 2190 5773 in
2218 5729 2377 5788 portu
2411 5728 2552 5776 stare
2581 5720 2777 5786 noluit,
2805 5720 2993 5800 saltem
3023 5716 3074 5770 in
3114 5726 3223 5770 tam
3251 5716 3357 5772 alta
3378 5714 3526 5784 peri-

341 5827 507 5899 ’(304)
543 5825 1147 5926 De'Dcsidcrioablmte
1179 5829 1286 5887 Lco
1325 5831 1587 5889 Ostiensis
1634 5832 1770 5888 libro
1801 5847 1860 5887 ιιι
1884 5827 2139 5922 Chronici
2166 5827 2378 5883 Cassin.
