  <div class='ocr_page' id='page_1' title='image "/cluster/home/n/w/nwhite01/storage/ocr_20150623/148/uva.x000829792/152.png"; bbox 0 0 4098 6362; ppageno 0'>
   <div class='ocr_carea' id='block_1_1' title="bbox 1332 429 2364 490">
    <p class='ocr_par' dir='ltr' id='par_1_1' title="bbox 1332 429 2364 490">
     <span class='ocr_line' id='line_1_1' title="bbox 1332 429 2364 490; baseline 0.001 -2"><span class='ocrx_word' id='word_1_1' title='bbox 1332 432 1532 488; x_wconf 79' lang='lat' dir='ltr'><strong>LIBER</strong></span> <span class='ocrx_word' id='word_1_2' title='bbox 1569 431 1844 490; x_wconf 74' lang='lat' dir='ltr'><strong>PRIMUS.</strong></span> <span class='ocrx_word' id='word_1_3' title='bbox 1878 460 1946 472; x_wconf 85' lang='lat'><strong>-—-</strong></span> <span class='ocrx_word' id='word_1_4' title='bbox 1973 429 2193 488; x_wconf 79' lang='lat' dir='ltr'><strong>EPIST.</strong></span> <span class='ocrx_word' id='word_1_5' title='bbox 2235 433 2364 490; x_wconf 75' lang='lat' dir='ltr'><strong>Vili.</strong></span> 
     </span>
    </p>
   </div>
   <div class='ocr_carea' id='block_1_2' title="bbox 3363 443 3470 498">
    <p class='ocr_par' dir='ltr' id='par_1_2' title="bbox 3363 443 3470 498">
     <span class='ocr_line' id='line_1_2' title="bbox 3363 443 3470 498; baseline 0 -1"><span class='ocrx_word' id='word_1_6' title='bbox 3363 443 3470 498; x_wconf 74' lang='lat'><strong>290</strong></span> 
     </span>
    </p>
   </div>
   <div class='ocr_carea' id='block_1_3' title="bbox 246 544 3468 621">
    <p class='ocr_par' dir='ltr' id='par_1_3' title="bbox 246 544 3468 621">
     <span class='ocr_line' id='line_1_3' title="bbox 246 544 3468 621; baseline 0.001 -15"><span class='ocrx_word' id='word_1_7' title='bbox 246 551 360 607; x_wconf 81' lang='lat' dir='ltr'><strong>aliis</strong></span> <span class='ocrx_word' id='word_1_8' title='bbox 381 547 721 621; x_wconf 80' lang='lat' dir='ltr'><strong>quibusdam</strong></span> <span class='ocrx_word' id='word_1_9' title='bbox 745 545 1077 618; x_wconf 81' lang='lat' dir='ltr'><strong>principibus</strong></span> <span class='ocrx_word' id='word_1_10' title='bbox 1098 559 1239 616; x_wconf 87' lang='lat' dir='ltr'><strong>quos</strong></span> <span class='ocrx_word' id='word_1_11' title='bbox 1261 545 1314 600; x_wconf 90' lang='lat' dir='ltr'><strong>in</strong></span> <span class='ocrx_word' id='word_1_12' title='bbox 1341 546 1584 601; x_wconf 82' lang='lat' dir='ltr'><strong>eamdem</strong></span> <span class='ocrx_word' id='word_1_13' title='bbox 1610 553 1816 616; x_wconf 85' lang='lat' dir='ltr'><strong>partem</strong></span> <span class='ocrx_word' id='word_1_14' title='bbox 1845 554 1890 605; x_wconf 79' lang='grc' dir='ltr'>Α</span> <span class='ocrx_word' id='word_1_15' title='bbox 1918 551 2091 599; x_wconf 75' lang='lat' dir='ltr'><strong>atrum</strong></span> <span class='ocrx_word' id='word_1_16' title='bbox 2116 544 2219 600; x_wconf 83' lang='lat' dir='ltr'><strong>sibi</strong></span> <span class='ocrx_word' id='word_1_17' title='bbox 2240 545 2517 602; x_wconf 66' lang='lat' dir='ltr'><strong>adhaerere</strong></span> <span class='ocrx_word' id='word_1_18' title='bbox 2539 546 2788 615; x_wconf 90' lang='lat' dir='ltr'><strong>voluerit,</strong></span> <span class='ocrx_word' id='word_1_19' title='bbox 2811 548 2960 602; x_wconf 92' lang='lat' dir='ltr'><strong>omni</strong></span> <span class='ocrx_word' id='word_1_20' title='bbox 2975 549 3260 606; x_wconf 84' lang='lat' dir='ltr'><strong>charitatis</strong></span> <span class='ocrx_word' id='word_1_21' title='bbox 3275 551 3468 609; x_wconf 71' lang='lat' dir='ltr'><strong>affectu</strong></span> 
     </span>
    </p>
   </div>
   <div class='ocr_carea' id='block_1_4' title="bbox 248 636 1810 706">
    <p class='ocr_par' dir='ltr' id='par_1_4' title="bbox 248 636 1810 706">
     <span class='ocr_line' id='line_1_4' title="bbox 248 636 1810 706; baseline -0.004 -9"><span class='ocrx_word' id='word_1_22' title='bbox 248 655 487 697; x_wconf 79' lang='lat' dir='ltr'><strong>seorsum</strong></span> <span class='ocrx_word' id='word_1_23' title='bbox 523 640 597 694; x_wconf 90' lang='lat' dir='ltr'><strong>ab</strong></span> <span class='ocrx_word' id='word_1_24' title='bbox 645 638 818 694; x_wconf 85' lang='lat' dir='ltr'><strong>Evqu</strong></span> <span class='ocrx_word' id='word_1_25' title='bbox 859 637 972 694; x_wconf 91' lang='lat' dir='ltr'><strong>suis</strong></span> <span class='ocrx_word' id='word_1_26' title='bbox 1015 636 1188 706; x_wconf 84' lang='lat' dir='ltr'><strong>cepiis</strong></span> <span class='ocrx_word' id='word_1_27' title='bbox 1233 637 1407 692; x_wconf 86' lang='lat' dir='ltr'><strong>ituros</strong></span> <span class='ocrx_word' id='word_1_28' title='bbox 1450 637 1810 692; x_wconf 73' lang='lat' dir='ltr'><strong>intelleximus</strong></span> 
     </span>
    </p>
   </div>
   <div class='ocr_carea' id='block_1_5' title="bbox 245 726 1809 798">
    <p class='ocr_par' dir='ltr' id='par_1_5' title="bbox 245 726 1809 798">
     <span class='ocr_line' id='line_1_5' title="bbox 245 726 1809 798; baseline -0.002 -15"><span class='ocrx_word' id='word_1_29' title='bbox 245 727 477 783; x_wconf 86' lang='lat' dir='ltr'><strong>nondum</strong></span> <span class='ocrx_word' id='word_1_30' title='bbox 504 728 783 798; x_wconf 68' lang='lat' dir='ltr'><strong>exquisita</strong></span> <span class='ocrx_word' id='word_1_31' title='bbox 815 735 916 792; x_wconf 89' lang='lat' dir='ltr'><strong>est,</strong></span> <span class='ocrx_word' id='word_1_32' title='bbox 943 726 1195 782; x_wconf 90' lang='lat' dir='ltr'><strong>volumus</strong></span> <span class='ocrx_word' id='word_1_33' title='bbox 1222 735 1281 780; x_wconf 90' lang='lat' dir='ltr'><strong>ut</strong></span> <span class='ocrx_word' id='word_1_34' title='bbox 1309 742 1434 781; x_wconf 91' lang='lat' dir='ltr'><strong>cum</strong></span> <span class='ocrx_word' id='word_1_35' title='bbox 1471 733 1809 782; x_wconf 77' lang='lat' dir='ltr'><strong>vestro‘con-</strong></span> 
     </span>
    </p>
   </div>
   <div class='ocr_carea' id='block_1_6' title="bbox 245 801 1811 886">
    <p class='ocr_par' dir='ltr' id='par_1_6' title="bbox 245 801 1811 886">
     <span class='ocr_line' id='line_1_6' title="bbox 245 801 1811 886; baseline -0.004 -12"><span class='ocrx_word' id='word_1_36' title='bbox 245 818 360 874; x_wconf 84' lang='lat' dir='ltr'><strong>silio</strong></span> <span class='ocrx_word' id='word_1_37' title='bbox 399 826 456 871; x_wconf 88' lang='lat' dir='ltr'><strong>et</strong></span> <span class='ocrx_word' id='word_1_38' title='bbox 506 817 727 880; x_wconf 82' lang='lat' dir='ltr'><strong>abbatis</strong></span> <span class='ocrx_word' id='word_1_39' title='bbox 772 815 928 886; x_wconf 85' lang='lat' dir='ltr'><strong>Hugo</strong></span> <span class='ocrx_word' id='word_1_40' title='bbox 973 801 1265 870; x_wconf 78' lang='lat' dir='ltr'><strong>cardinalis</strong></span> <span class='ocrx_word' id='word_1_41' title='bbox 1314 815 1442 870; x_wconf 91' lang='lat' dir='ltr'><strong>illuc</strong></span> <span class='ocrx_word' id='word_1_42' title='bbox 1493 815 1693 880; x_wconf 89' lang='lat' dir='ltr'><strong>tendat,</strong></span> <span class='ocrx_word' id='word_1_43' title='bbox 1756 821 1811 869; x_wconf 90' lang='lat' dir='ltr'><strong>et</strong></span> 
     </span>
    </p>
   </div>
   <div class='ocr_carea' id='block_1_7' title="bbox 244 903 1807 978">
    <p class='ocr_par' dir='ltr' id='par_1_7' title="bbox 244 903 1807 978">
     <span class='ocr_line' id='line_1_7' title="bbox 244 903 1807 978; baseline -0.001 -17"><span class='ocrx_word' id='word_1_44' title='bbox 244 917 446 978; x_wconf 72' lang='lat' dir='ltr'><strong>equam</strong></span> <span class='ocrx_word' id='word_1_45' title='bbox 472 907 546 962; x_wconf 88' lang='lat' dir='ltr'><strong>ab</strong></span> <span class='ocrx_word' id='word_1_46' title='bbox 571 905 830 961; x_wconf 86' lang='lat' dir='ltr'><strong>omnibus</strong></span> <span class='ocrx_word' id='word_1_47' title='bbox 850 921 916 960; x_wconf 86' lang='lat' dir='ltr'><strong>ex</strong></span> <span class='ocrx_word' id='word_1_48' title='bbox 951 913 1102 975; x_wconf 88' lang='lat' dir='ltr'><strong>parte</strong></span> <span class='ocrx_word' id='word_1_49' title='bbox 1129 903 1311 960; x_wconf 88' lang='lat' dir='ltr'><strong>Sancti</strong></span> <span class='ocrx_word' id='word_1_50' title='bbox 1338 903 1478 959; x_wconf 86' lang='lat' dir='ltr'><strong>Petri</strong></span> <span class='ocrx_word' id='word_1_51' title='bbox 1507 905 1807 974; x_wconf 91' lang='lat' dir='ltr'><strong>pactionem</strong></span> 
     </span>
    </p>
   </div>
   <div class='ocr_carea' id='block_1_8' title="bbox 244 992 1808 1065">
    <p class='ocr_par' dir='ltr' id='par_1_8' title="bbox 244 992 1808 1065">
     <span class='ocr_line' id='line_1_8' title="bbox 244 992 1808 1065; baseline -0.003 -15"><span class='ocrx_word' id='word_1_52' title='bbox 244 1004 296 1050; x_wconf 88' lang='lat' dir='ltr'><strong>et</strong></span> <span class='ocrx_word' id='word_1_53' title='bbox 319 995 565 1050; x_wconf 90' lang='lat' dir='ltr'><strong>debitum</strong></span> <span class='ocrx_word' id='word_1_54' title='bbox 610 995 809 1065; x_wconf 90' lang='lat' dir='ltr'><strong>exigat.</strong></span> <span class='ocrx_word' id='word_1_55' title='bbox 860 992 966 1049; x_wconf 83' lang='lat' dir='ltr'><strong>Vos</strong></span> <span class='ocrx_word' id='word_1_56' title='bbox 1007 1003 1186 1048; x_wconf 89' lang='lat' dir='ltr'><strong>autem</strong></span> <span class='ocrx_word' id='word_1_57' title='bbox 1207 1009 1273 1048; x_wconf 85' lang='lat' dir='ltr'><strong>ex</strong></span> <span class='ocrx_word' id='word_1_58' title='bbox 1314 1002 1500 1063; x_wconf 76' lang='lat' dir='ltr'><strong>nostra</strong></span> <span class='ocrx_word' id='word_1_59' title='bbox 1545 1001 1694 1063; x_wconf 91' lang='lat' dir='ltr'><strong>parte</strong></span> <span class='ocrx_word' id='word_1_60' title='bbox 1714 1007 1808 1046; x_wconf 88' lang='lat' dir='ltr'><strong>ro-</strong></span> 
     </span>
    </p>
   </div>
   <div class='ocr_carea' id='block_1_9' title="bbox 243 1083 1807 1158">
    <p class='ocr_par' dir='ltr' id='par_1_9' title="bbox 243 1083 1807 1158">
     <span class='ocr_line' id='line_1_9' title="bbox 243 1083 1807 1158; baseline -0.004 -16"><span class='ocrx_word' id='word_1_61' title='bbox 243 1095 359 1158; x_wconf 95' lang='lat' dir='ltr'><strong>gate</strong></span> <span class='ocrx_word' id='word_1_62' title='bbox 381 1086 640 1141; x_wconf 81' lang='lat' dir='ltr'><strong>abbatem</strong></span> <span class='ocrx_word' id='word_1_63' title='bbox 676 1093 734 1138; x_wconf 89' lang='lat' dir='ltr'><strong>ut</strong></span> <span class='ocrx_word' id='word_1_64' title='bbox 759 1085 893 1141; x_wconf 85' lang='lat' dir='ltr'><strong>tales</strong></span> <span class='ocrx_word' id='word_1_65' title='bbox 920 1085 1021 1140; x_wconf 86' lang='lat' dir='ltr'><strong>sibi</strong></span> <span class='ocrx_word' id='word_1_66' title='bbox 1068 1085 1324 1155; x_wconf 89' lang='lat' dir='ltr'><strong>adjungat</strong></span> <span class='ocrx_word' id='word_1_67' title='bbox 1349 1085 1440 1156; x_wconf 89' lang='lat' dir='ltr'><strong>qui</strong></span> <span class='ocrx_word' id='word_1_68' title='bbox 1467 1090 1591 1140; x_wconf 86' lang='lat' dir='ltr'><strong>eum</strong></span> <span class='ocrx_word' id='word_1_69' title='bbox 1636 1083 1807 1138; x_wconf 89' lang='lat' dir='ltr'><strong>comi-</strong></span> 
     </span>
    </p>
   </div>
   <div class='ocr_carea' id='block_1_10' title="bbox 243 1172 1808 1242">
    <p class='ocr_par' dir='ltr' id='par_1_10' title="bbox 243 1172 1808 1242">
     <span class='ocr_line' id='line_1_10' title="bbox 243 1172 1808 1242; baseline -0.002 -13"><span class='ocrx_word' id='word_1_70' title='bbox 243 1183 438 1240; x_wconf 77' lang='lat' dir='ltr'><strong>tentur,</strong></span> <span class='ocrx_word' id='word_1_71' title='bbox 470 1187 714 1242; x_wconf 86' lang='lat' dir='ltr'><strong>quorum</strong></span> <span class='ocrx_word' id='word_1_72' title='bbox 738 1172 968 1228; x_wconf 72' lang='lat' dir='ltr'><strong>consilio</strong></span> <span class='ocrx_word' id='word_1_73' title='bbox 993 1180 1046 1227; x_wconf 90' lang='lat' dir='ltr'><strong>et</strong></span> <span class='ocrx_word' id='word_1_74' title='bbox 1068 1172 1339 1240; x_wconf 85' lang='lat' dir='ltr'><strong>adjutorio</strong></span> <span class='ocrx_word' id='word_1_75' title='bbox 1363 1174 1466 1227; x_wconf 88' lang='lat' dir='ltr'><strong>iter</strong></span> <span class='ocrx_word' id='word_1_76' title='bbox 1487 1181 1542 1227; x_wconf 91' lang='lat' dir='ltr'><strong>et</strong></span> <span class='ocrx_word' id='word_1_77' title='bbox 1569 1172 1808 1226; x_wconf 78' lang='lat' dir='ltr'><strong>laborem</strong></span> 
     </span>
    </p>
   </div>
   <div class='ocr_carea' id='block_1_11' title="bbox 245 1261 1809 1334">
    <p class='ocr_par' dir='ltr' id='par_1_11' title="bbox 245 1261 1809 1334">
     <span class='ocr_line' id='line_1_11' title="bbox 245 1261 1809 1334; baseline -0.002 -17"><span class='ocrx_word' id='word_1_78' title='bbox 245 1263 390 1318; x_wconf 85' lang='lat' dir='ltr'><strong>illum</strong></span> <span class='ocrx_word' id='word_1_79' title='bbox 414 1261 746 1318; x_wconf 88' lang='lat' dir='ltr'><strong>ﬁducialiter</strong></span> <span class='ocrx_word' id='word_1_80' title='bbox 769 1263 988 1333; x_wconf 24' lang='lat' dir='ltr'><strong>aggredi,</strong></span> <span class='ocrx_word' id='word_1_81' title='bbox 1016 1263 1210 1332; x_wconf 80' lang='lat' dir='ltr'><strong>possit,</strong></span> <span class='ocrx_word' id='word_1_82' title='bbox 1236 1263 1502 1334; x_wconf 78' lang='lat' dir='ltr'><strong>legatione</strong></span> <span class='ocrx_word' id='word_1_83' title='bbox 1547 1269 1728 1316; x_wconf 89' lang='lat' dir='ltr'><strong>tamen</strong></span> <span class='ocrx_word' id='word_1_84' title='bbox 1753 1261 1809 1315; x_wconf 91' lang='lat' dir='ltr'><strong>in</strong></span> 
     </span>
    </p>
   </div>
   <div class='ocr_carea' id='block_1_12' title="bbox 245 1352 1807 1425">
    <p class='ocr_par' dir='ltr' id='par_1_12' title="bbox 245 1352 1807 1425">
     <span class='ocr_line' id='line_1_12' title="bbox 245 1352 1807 1425; baseline -0.001 -17"><span class='ocrx_word' id='word_1_85' title='bbox 245 1369 308 1408; x_wconf 86' lang='lat' dir='ltr'><strong>eo</strong></span> <span class='ocrx_word' id='word_1_86' title='bbox 327 1353 704 1425; x_wconf 82' lang='lat' dir='ltr'><strong>principaliter</strong></span> <span class='ocrx_word' id='word_1_87' title='bbox 725 1355 922 1424; x_wconf 89' lang='lat' dir='ltr'><strong>posita.</strong></span> <span class='ocrx_word' id='word_1_88' title='bbox 960 1353 1122 1408; x_wconf 83' lang='lat' dir='ltr'><strong>Extra</strong></span> <span class='ocrx_word' id='word_1_89' title='bbox 1169 1352 1482 1424; x_wconf 79' lang='lat' dir='ltr'><strong>Hispaniam</strong></span> <span class='ocrx_word' id='word_1_90' title='bbox 1529 1368 1658 1408; x_wconf 90' lang='lat' dir='ltr'><strong>vero</strong></span> <span class='ocrx_word' id='word_1_91' title='bbox 1684 1353 1807 1407; x_wconf 85' lang='lat' dir='ltr'><strong>nul-</strong></span> 
     </span>
    </p>
   </div>
   <div class='ocr_carea' id='block_1_13' title="bbox 244 1443 1809 1521">
    <p class='ocr_par' dir='ltr' id='par_1_13' title="bbox 244 1443 1809 1521">
     <span class='ocr_line' id='line_1_13' title="bbox 244 1443 1809 1521; baseline 0.002 -25"><span class='ocrx_word' id='word_1_92' title='bbox 244 1443 344 1498; x_wconf 88' lang='lat' dir='ltr'><strong>lius</strong></span> <span class='ocrx_word' id='word_1_93' title='bbox 378 1460 624 1515; x_wconf 81' lang='lat' dir='ltr'><strong>unquam</strong></span> <span class='ocrx_word' id='word_1_94' title='bbox 647 1445 1064 1521; x_wconf 66' lang='lat' dir='ltr'><strong>publicixrerum</strong></span> <span class='ocrx_word' id='word_1_95' title='bbox 1087 1445 1575 1501; x_wconf 87' lang='lat' dir='ltr'><strong>ecclesiasticarum</strong></span> <span class='ocrx_word' id='word_1_96' title='bbox 1611 1445 1809 1516; x_wconf 80' lang='lat' dir='ltr'><strong>negotii</strong></span> 
     </span>
    </p>
   </div>
   <div class='ocr_carea' id='block_1_14' title="bbox 246 1536 1806 1607">
    <p class='ocr_par' dir='ltr' id='par_1_14' title="bbox 246 1536 1806 1607">
     <span class='ocr_line' id='line_1_14' title="bbox 246 1536 1806 1607; baseline 0.001 -17"><span class='ocrx_word' id='word_1_97' title='bbox 246 1536 356 1591; x_wconf 90' lang='lat' dir='ltr'><strong>sine</strong></span> <span class='ocrx_word' id='word_1_98' title='bbox 379 1545 564 1591; x_wconf 90' lang='lat' dir='ltr'><strong>vestro</strong></span> <span class='ocrx_word' id='word_1_99' title='bbox 587 1552 881 1603; x_wconf 89' lang='lat' dir='ltr'><strong>consensu,</strong></span> <span class='ocrx_word' id='word_1_100' title='bbox 907 1538 1146 1607; x_wconf 88' lang='lat' dir='ltr'><strong>quandiu</strong></span> <span class='ocrx_word' id='word_1_101' title='bbox 1179 1553 1278 1592; x_wconf 90' lang='lat' dir='ltr'><strong>vos</strong></span> <span class='ocrx_word' id='word_1_102' title='bbox 1303 1539 1356 1592; x_wconf 93' lang='lat' dir='ltr'><strong>in</strong></span> <span class='ocrx_word' id='word_1_103' title='bbox 1381 1538 1551 1593; x_wconf 88' lang='lat' dir='ltr'><strong>Gallia</strong></span> <span class='ocrx_word' id='word_1_104' title='bbox 1578 1536 1806 1602; x_wconf 89' lang='lat' dir='ltr'><strong>fueritis,</strong></span> 
     </span>
    </p>
   </div>
   <div class='ocr_carea' id='block_1_15' title="bbox 244 1625 1808 1682">
    <p class='ocr_par' dir='ltr' id='par_1_15' title="bbox 244 1625 1808 1682">
     <span class='ocr_line' id='line_1_15' title="bbox 244 1625 1808 1682; baseline 0 -2"><span class='ocrx_word' id='word_1_105' title='bbox 244 1625 510 1680; x_wconf 66' lang='lat' dir='ltr'><strong>limntiam</strong></span> <span class='ocrx_word' id='word_1_106' title='bbox 545 1625 652 1680; x_wconf 88' lang='lat' dir='ltr'><strong>sibi</strong></span> <span class='ocrx_word' id='word_1_107' title='bbox 687 1625 934 1681; x_wconf 87' lang='lat' dir='ltr'><strong>dedimus</strong></span> <span class='ocrx_word' id='word_1_108' title='bbox 960 1626 1210 1681; x_wconf 80' lang='lat' dir='ltr'><strong>faciendi.</strong></span> <span class='ocrx_word' id='word_1_109' title='bbox 1259 1626 1528 1682; x_wconf 64' lang='lat' dir='ltr'><strong>Caeterum</strong></span> <span class='ocrx_word' id='word_1_110' title='bbox 1562 1627 1628 1681; x_wconf 92' lang='lat' dir='ltr'><strong>de</strong></span> <span class='ocrx_word' id='word_1_111' title='bbox 1657 1642 1808 1680; x_wconf 85' lang='lat' dir='ltr'><strong>mora</strong></span> 
     </span>
    </p>
   </div>
   <div class='ocr_carea' id='block_1_16' title="bbox 245 1710 1850 1788">
    <p class='ocr_par' dir='ltr' id='par_1_16' title="bbox 245 1710 1850 1788">
     <span class='ocr_line' id='line_1_16' title="bbox 245 1710 1850 1788; baseline 0.002 -21"><span class='ocrx_word' id='word_1_112' title='bbox 245 1723 430 1770; x_wconf 67' lang='lat' dir='ltr'><strong>vestrae</strong></span> <span class='ocrx_word' id='word_1_113' title='bbox 476 1715 811 1771; x_wconf 88' lang='lat' dir='ltr'><strong>reversionis</strong></span> <span class='ocrx_word' id='word_1_114' title='bbox 858 1717 1011 1771; x_wconf 82' lang='lat' dir='ltr'><strong>valde</strong></span> <span class='ocrx_word' id='word_1_115' title='bbox 1057 1717 1322 1772; x_wconf 90' lang='lat' dir='ltr'><strong>miramur</strong></span> <span class='ocrx_word' id='word_1_116' title='bbox 1351 1717 1649 1788; x_wconf 74' lang='lat' dir='ltr'><strong>priesertim</strong></span> <span class='ocrx_word' id='word_1_117' title='bbox 1683 1732 1808 1772; x_wconf 92' lang='lat' dir='ltr'><strong>cum</strong></span> <span class='ocrx_word' id='word_1_118' title='bbox 1841 1710 1850 1718; x_wconf 69' lang='grc'><em>“</em></span> 
     </span>
    </p>
   </div>
   <div class='ocr_carea' id='block_1_17' title="bbox 241 1804 1809 1875">
    <p class='ocr_par' dir='ltr' id='par_1_17' title="bbox 241 1804 1809 1875">
     <span class='ocr_line' id='line_1_17' title="bbox 241 1804 1809 1875; baseline 0.004 -15"><span class='ocrx_word' id='word_1_119' title='bbox 241 1804 348 1875; x_wconf 86' lang='lat' dir='ltr'><strong>jam</strong></span> <span class='ocrx_word' id='word_1_120' title='bbox 382 1805 566 1862; x_wconf 87' lang='lat' dir='ltr'><strong>redire</strong></span> <span class='ocrx_word' id='word_1_121' title='bbox 596 1807 936 1873; x_wconf 89' lang='lat' dir='ltr'><strong>commoniti,</strong></span> <span class='ocrx_word' id='word_1_122' title='bbox 964 1808 1020 1861; x_wconf 92' lang='lat' dir='ltr'><strong>in</strong></span> <span class='ocrx_word' id='word_1_123' title='bbox 1081 1816 1228 1864; x_wconf 90' lang='lat' dir='ltr'><strong>tanta</strong></span> <span class='ocrx_word' id='word_1_124' title='bbox 1258 1810 1421 1864; x_wconf 80' lang='lat' dir='ltr'><strong>vestri</strong></span> <span class='ocrx_word' id='word_1_125' title='bbox 1455 1809 1660 1866; x_wconf 89' lang='lat' dir='ltr'><strong>reditus</strong></span> <span class='ocrx_word' id='word_1_126' title='bbox 1709 1827 1809 1866; x_wconf 86' lang='lat' dir='ltr'><strong>ex-</strong></span> 
     </span>
    </p>
   </div>
   <div class='ocr_carea' id='block_1_18' title="bbox 1909 636 3471 708">
    <p class='ocr_par' dir='ltr' id='par_1_18' title="bbox 1909 636 3471 708">
     <span class='ocr_line' id='line_1_18' title="bbox 1909 636 3471 708; baseline 0.006 -19"><span class='ocrx_word' id='word_1_127' title='bbox 1909 636 2274 692; x_wconf 91' lang='lat' dir='ltr'><strong>commonitus</strong></span> <span class='ocrx_word' id='word_1_128' title='bbox 2305 651 2432 708; x_wconf 89' lang='lat' dir='ltr'><strong>erga</strong></span> <span class='ocrx_word' id='word_1_129' title='bbox 2471 637 2742 694; x_wconf 83' lang='lat' dir='ltr'><strong>honorem</strong></span> <span class='ocrx_word' id='word_1_130' title='bbox 2775 640 2949 694; x_wconf 88' lang='lat' dir='ltr'><strong>sancti</strong></span> <span class='ocrx_word' id='word_1_131' title='bbox 2985 637 3131 694; x_wconf 85' lang='lat' dir='ltr'><strong>Petri</strong></span> <span class='ocrx_word' id='word_1_132' title='bbox 3156 641 3320 696; x_wconf 89' lang='lat' dir='ltr'><strong>talem</strong></span> <span class='ocrx_word' id='word_1_133' title='bbox 3351 643 3471 698; x_wconf 87' lang='lat' dir='ltr'><strong>ani-</strong></span> 
     </span>
    </p>
   </div>
   <div class='ocr_carea' id='block_1_19' title="bbox 1909 725 3466 800">
    <p class='ocr_par' dir='ltr' id='par_1_19' title="bbox 1909 725 3466 800">
     <span class='ocr_line' id='line_1_19' title="bbox 1909 725 3466 800; baseline 0.006 -23"><span class='ocrx_word' id='word_1_134' title='bbox 1909 739 2060 778; x_wconf 91' lang='lat' dir='ltr'><strong>mum</strong></span> <span class='ocrx_word' id='word_1_135' title='bbox 2084 733 2235 795; x_wconf 90' lang='lat' dir='ltr'><strong>gerat</strong></span> <span class='ocrx_word' id='word_1_136' title='bbox 2251 765 2267 791; x_wconf 94' lang='lat'><strong>,</strong></span> <span class='ocrx_word' id='word_1_137' title='bbox 2293 733 2354 780; x_wconf 93' lang='lat' dir='ltr'><strong>ut</strong></span> <span class='ocrx_word' id='word_1_138' title='bbox 2375 725 2445 780; x_wconf 91' lang='lat' dir='ltr'><strong>ab</strong></span> <span class='ocrx_word' id='word_1_139' title='bbox 2473 741 2540 780; x_wconf 91' lang='lat' dir='ltr'><strong>eo</strong></span> <span class='ocrx_word' id='word_1_140' title='bbox 2563 735 2620 782; x_wconf 90' lang='lat' dir='ltr'><strong>et</strong></span> <span class='ocrx_word' id='word_1_141' title='bbox 2641 729 2961 784; x_wconf 86' lang='lat' dir='ltr'><strong>munitionis</strong></span> <span class='ocrx_word' id='word_1_142' title='bbox 2988 729 3190 784; x_wconf 87' lang='lat' dir='ltr'><strong>auxilia</strong></span> <span class='ocrx_word' id='word_1_143' title='bbox 3223 730 3279 785; x_wconf 91' lang='lat' dir='ltr'><strong>in</strong></span> <span class='ocrx_word' id='word_1_144' title='bbox 3320 732 3466 800; x_wconf 86' lang='lat' dir='ltr'><strong>peri-</strong></span> 
     </span>
    </p>
   </div>
   <div class='ocr_carea' id='block_1_20' title="bbox 1909 811 3516 889">
    <p class='ocr_par' dir='ltr' id='par_1_20' title="bbox 1909 811 3516 889">
     <span class='ocr_line' id='line_1_20' title="bbox 1909 811 3516 889; baseline 0.004 -22"><span class='ocrx_word' id='word_1_145' title='bbox 1909 813 2047 868; x_wconf 89' lang='lat' dir='ltr'><strong>culis</strong></span> <span class='ocrx_word' id='word_1_146' title='bbox 2077 822 2131 866; x_wconf 86' lang='lat' dir='ltr'><strong>et</strong></span> <span class='ocrx_word' id='word_1_147' title='bbox 2157 815 2350 869; x_wconf 89' lang='lat' dir='ltr'><strong>merita</strong></span> <span class='ocrx_word' id='word_1_148' title='bbox 2385 815 2661 871; x_wconf 88' lang='lat' dir='ltr'><strong>ﬁdelitatis</strong></span> <span class='ocrx_word' id='word_1_149' title='bbox 2682 817 2912 888; x_wconf 64' lang='lat' dir='ltr'><strong>praemia</strong></span> <span class='ocrx_word' id='word_1_150' title='bbox 2952 833 3181 875; x_wconf 89' lang='lat' dir='ltr'><strong>securus</strong></span> <span class='ocrx_word' id='word_1_151' title='bbox 3216 820 3464 889; x_wconf 90' lang='lat' dir='ltr'><strong>accipiat.</strong></span> <span class='ocrx_word' id='word_1_152' title='bbox 3509 811 3516 816; x_wconf 63' lang='grc'><em>”</em></span> 
     </span>
    </p>
   </div>
   <div class='ocr_carea' id='block_1_21' title="bbox 1912 901 3466 984">
    <p class='ocr_par' dir='ltr' id='par_1_21' title="bbox 1912 901 3466 984">
     <span class='ocr_line' id='line_1_21' title="bbox 1912 901 3466 984; baseline 0.006 -29"><span class='ocrx_word' id='word_1_153' title='bbox 1912 901 1969 955; x_wconf 90' lang='lat' dir='ltr'><strong>Si</strong></span> <span class='ocrx_word' id='word_1_154' title='bbox 1990 910 2173 957; x_wconf 89' lang='lat' dir='ltr'><strong>autem</strong></span> <span class='ocrx_word' id='word_1_155' title='bbox 2208 905 2374 974; x_wconf 86' lang='lat' dir='ltr'><strong>aliqui</strong></span> <span class='ocrx_word' id='word_1_156' title='bbox 2411 921 2474 958; x_wconf 92' lang='lat' dir='ltr'><strong>ex</strong></span> <span class='ocrx_word' id='word_1_157' title='bbox 2522 907 2677 962; x_wconf 90' lang='lat' dir='ltr'><strong>vobis</strong></span> <span class='ocrx_word' id='word_1_158' title='bbox 2712 923 2960 963; x_wconf 86' lang='lat' dir='ltr'><strong>seorsum</strong></span> <span class='ocrx_word' id='word_1_159' title='bbox 3003 909 3071 963; x_wconf 90' lang='lat' dir='ltr'><strong>ab</strong></span> <span class='ocrx_word' id='word_1_160' title='bbox 3106 909 3466 984; x_wconf 86' lang='lat' dir='ltr'><strong>illo_propriis</strong></span> 
     </span>
    </p>
   </div>
   <div class='ocr_carea' id='block_1_22' title="bbox 1909 995 3469 1072">
    <p class='ocr_par' dir='ltr' id='par_1_22' title="bbox 1909 995 3469 1072">
     <span class='ocr_line' id='line_1_22' title="bbox 1909 995 3469 1072; baseline 0.004 -23"><span class='ocrx_word' id='word_1_161' title='bbox 1909 995 2078 1064; x_wconf 90' lang='lat' dir='ltr'><strong>copiis</strong></span> <span class='ocrx_word' id='word_1_162' title='bbox 2115 997 2361 1051; x_wconf 88' lang='lat' dir='ltr'><strong>eamdem</strong></span> <span class='ocrx_word' id='word_1_163' title='bbox 2384 1006 2585 1053; x_wconf 89' lang='lat' dir='ltr'><strong>terram</strong></span> <span class='ocrx_word' id='word_1_164' title='bbox 2619 999 2800 1069; x_wconf 86' lang='lat' dir='ltr'><strong>aliqua</strong></span> <span class='ocrx_word' id='word_1_165' title='bbox 2835 1001 2890 1054; x_wconf 93' lang='lat' dir='ltr'><strong>in</strong></span> <span class='ocrx_word' id='word_1_166' title='bbox 2913 1008 3064 1070; x_wconf 89' lang='lat' dir='ltr'><strong>parte</strong></span> <span class='ocrx_word' id='word_1_167' title='bbox 3087 1001 3289 1056; x_wconf 83' lang='lat' dir='ltr'><strong>intrare</strong></span> <span class='ocrx_word' id='word_1_168' title='bbox 3308 1016 3469 1072; x_wconf 87' lang='lat' dir='ltr'><strong>para-</strong></span> 
     </span>
    </p>
   </div>
   <div class='ocr_carea' id='block_1_23' title="bbox 1907 1083 3470 1152">
    <p class='ocr_par' dir='ltr' id='par_1_23' title="bbox 1907 1083 3470 1152">
     <span class='ocr_line' id='line_1_23' title="bbox 1907 1083 3470 1152; baseline 0.005 -16"><span class='ocrx_word' id='word_1_169' title='bbox 1907 1085 2114 1150; x_wconf 89' lang='lat' dir='ltr'><strong>verint,</strong></span> <span class='ocrx_word' id='word_1_170' title='bbox 2140 1083 2293 1139; x_wconf 89' lang='lat' dir='ltr'><strong>decet</strong></span> <span class='ocrx_word' id='word_1_171' title='bbox 2328 1095 2388 1139; x_wconf 93' lang='lat' dir='ltr'><strong>ut</strong></span> <span class='ocrx_word' id='word_1_172' title='bbox 2409 1087 2611 1142; x_wconf 64' lang='lat' dir='ltr'><strong>militiae</strong></span> <span class='ocrx_word' id='word_1_173' title='bbox 2640 1103 2862 1143; x_wconf 88' lang='lat' dir='ltr'><strong>causam</strong></span> <span class='ocrx_word' id='word_1_174' title='bbox 2893 1105 2962 1142; x_wconf 89' lang='lat' dir='ltr'><strong>ex</strong></span> <span class='ocrx_word' id='word_1_175' title='bbox 2991 1083 3161 1152; x_wconf 77' lang='lat' dir='ltr'><strong>animi</strong></span> <span class='ocrx_word' id='word_1_176' title='bbox 3183 1088 3470 1144; x_wconf 78' lang='lat' dir='ltr'><strong>devotione</strong></span> 
     </span>
    </p>
   </div>
   <div class='ocr_carea' id='block_1_24' title="bbox 1908 1173 3466 1246">
    <p class='ocr_par' dir='ltr' id='par_1_24' title="bbox 1908 1173 3466 1246">
     <span class='ocr_line' id='line_1_24' title="bbox 1908 1173 3466 1246; baseline 0.004 -21"><span class='ocrx_word' id='word_1_177' title='bbox 1908 1187 2070 1242; x_wconf 90' lang='lat' dir='ltr'><strong>quam</strong></span> <span class='ocrx_word' id='word_1_178' title='bbox 2090 1173 2452 1241; x_wconf 89' lang='lat' dir='ltr'><strong>justissimam</strong></span> <span class='ocrx_word' id='word_1_179' title='bbox 2480 1176 2585 1231; x_wconf 82' lang='lat' dir='ltr'><strong>sibi</strong></span> <span class='ocrx_word' id='word_1_180' title='bbox 2612 1185 2949 1246; x_wconf 89' lang='lat' dir='ltr'><strong>proponant,</strong></span> <span class='ocrx_word' id='word_1_181' title='bbox 2983 1178 3098 1246; x_wconf 89' lang='lat' dir='ltr'><strong>jam</strong></span> <span class='ocrx_word' id='word_1_182' title='bbox 3134 1194 3280 1234; x_wconf 89' lang='lat' dir='ltr'><strong>nunc</strong></span> <span class='ocrx_word' id='word_1_183' title='bbox 3314 1177 3466 1234; x_wconf 83' lang='lat' dir='ltr'><strong>omni</strong></span> 
     </span>
    </p>
   </div>
   <div class='ocr_carea' id='block_1_25' title="bbox 1906 1264 3468 1338">
    <p class='ocr_par' dir='ltr' id='par_1_25' title="bbox 1906 1264 3468 1338">
     <span class='ocr_line' id='line_1_25' title="bbox 1906 1264 3468 1338; baseline 0.004 -22"><span class='ocrx_word' id='word_1_184' title='bbox 1906 1271 2036 1317; x_wconf 78' lang='lat' dir='ltr'><strong>volo</strong></span> <span class='ocrx_word' id='word_1_185' title='bbox 2066 1264 2433 1334; x_wconf 90' lang='lat' dir='ltr'><strong>concipientes</strong></span> <span class='ocrx_word' id='word_1_186' title='bbox 2466 1273 2519 1318; x_wconf 89' lang='lat' dir='ltr'><strong>et</strong></span> <span class='ocrx_word' id='word_1_187' title='bbox 2548 1280 2615 1319; x_wconf 91' lang='lat' dir='ltr'><strong>ex</strong></span> <span class='ocrx_word' id='word_1_188' title='bbox 2650 1266 2812 1320; x_wconf 85' lang='lat' dir='ltr'><strong>corde</strong></span> <span class='ocrx_word' id='word_1_189' title='bbox 2845 1273 3143 1321; x_wconf 81' lang='lat' dir='ltr'><strong>statuentes</strong></span> <span class='ocrx_word' id='word_1_190' title='bbox 3167 1281 3236 1321; x_wconf 92' lang='lat' dir='ltr'><strong>ne</strong></span> <span class='ocrx_word' id='word_1_191' title='bbox 3256 1308 3270 1332; x_wconf 93' lang='lat'><strong>,</strong></span> <span class='ocrx_word' id='word_1_192' title='bbox 3309 1273 3468 1338; x_wconf 84' lang='lat' dir='ltr'><strong>capta</strong></span> 
     </span>
    </p>
   </div>
   <div class='ocr_carea' id='block_1_26' title="bbox 1910 1353 3470 1429">
    <p class='ocr_par' dir='ltr' id='par_1_26' title="bbox 1910 1353 3470 1429">
     <span class='ocr_line' id='line_1_26' title="bbox 1910 1353 3470 1429; baseline 0.004 -23"><span class='ocrx_word' id='word_1_193' title='bbox 1910 1360 2082 1418; x_wconf 90' lang='lat' dir='ltr'><strong>terra,</strong></span> <span class='ocrx_word' id='word_1_194' title='bbox 2110 1354 2344 1429; x_wconf 83' lang='lat' dir='ltr'><strong>easdem</strong></span> <span class='ocrx_word' id='word_1_195' title='bbox 2383 1369 2520 1424; x_wconf 91' lang='lat' dir='ltr'><strong>quas</strong></span> <span class='ocrx_word' id='word_1_196' title='bbox 2545 1353 2620 1407; x_wconf 88' lang='lat' dir='ltr'><strong>illi</strong></span> <span class='ocrx_word' id='word_1_197' title='bbox 2645 1355 2738 1424; x_wconf 89' lang='lat' dir='ltr'><strong>qui</strong></span> <span class='ocrx_word' id='word_1_198' title='bbox 2777 1371 2924 1410; x_wconf 90' lang='lat' dir='ltr'><strong>nunc</strong></span> <span class='ocrx_word' id='word_1_199' title='bbox 2951 1354 3122 1410; x_wconf 89' lang='lat' dir='ltr'><strong>Deum</strong></span> <span class='ocrx_word' id='word_1_200' title='bbox 3157 1356 3470 1426; x_wconf 85' lang='lat' dir='ltr'><strong>ignorantes</strong></span> 
     </span>
    </p>
   </div>
   <div class='ocr_carea' id='block_1_27' title="bbox 1907 1445 3469 1516">
    <p class='ocr_par' dir='ltr' id='par_1_27' title="bbox 1907 1445 3469 1516">
     <span class='ocr_line' id='line_1_27' title="bbox 1907 1445 3469 1516; baseline 0.004 -18"><span class='ocrx_word' id='word_1_201' title='bbox 1907 1459 2029 1499; x_wconf 89' lang='lat' dir='ltr'><strong>eam</strong></span> <span class='ocrx_word' id='word_1_202' title='bbox 2072 1454 2342 1515; x_wconf 87' lang='lat' dir='ltr'><strong>occupant</strong></span> <span class='ocrx_word' id='word_1_203' title='bbox 2382 1445 2612 1516; x_wconf 88' lang='lat' dir='ltr'><strong>injurias</strong></span> <span class='ocrx_word' id='word_1_204' title='bbox 2651 1454 2843 1501; x_wconf 89' lang='lat' dir='ltr'><strong>sancto</strong></span> <span class='ocrx_word' id='word_1_205' title='bbox 2877 1446 3041 1501; x_wconf 90' lang='lat' dir='ltr'><strong>Petro</strong></span> <span class='ocrx_word' id='word_1_206' title='bbox 3084 1446 3303 1502; x_wconf 77' lang='lat' dir='ltr'><strong>faciant.</strong></span> <span class='ocrx_word' id='word_1_207' title='bbox 3352 1446 3469 1505; x_wconf 83' lang='lat' dir='ltr'><strong>Hoc</strong></span> 
     </span>
    </p>
   </div>
   <div class='ocr_carea' id='block_1_28' title="bbox 1909 1535 3470 1614">
    <p class='ocr_par' dir='ltr' id='par_1_28' title="bbox 1909 1535 3470 1614">
     <span class='ocr_line' id='line_1_28' title="bbox 1909 1535 3470 1614; baseline 0.002 -25"><span class='ocrx_word' id='word_1_208' title='bbox 1909 1535 2054 1589; x_wconf 87' lang='lat' dir='ltr'><strong>enim</strong></span> <span class='ocrx_word' id='word_1_209' title='bbox 2111 1535 2386 1589; x_wconf 87' lang='lat' dir='ltr'><strong>neminem</strong></span> <span class='ocrx_word' id='word_1_210' title='bbox 2436 1543 2679 1590; x_wconf 88' lang='lat' dir='ltr'><strong>vestrum</strong></span> <span class='ocrx_word' id='word_1_211' title='bbox 2738 1535 2989 1605; x_wconf 90' lang='lat' dir='ltr'><strong>ignorare</strong></span> <span class='ocrx_word' id='word_1_212' title='bbox 3028 1536 3286 1591; x_wconf 82' lang='lat' dir='ltr'><strong>volumus</strong></span> <span class='ocrx_word' id='word_1_213' title='bbox 3329 1552 3470 1614; x_wconf 84' lang='lat' dir='ltr'><strong>quo-</strong></span> 
     </span>
    </p>
   </div>
   <div class='ocr_carea' id='block_1_29' title="bbox 1909 1623 3468 1694">
    <p class='ocr_par' dir='ltr' id='par_1_29' title="bbox 1909 1623 3468 1694">
     <span class='ocr_line' id='line_1_29' title="bbox 1909 1623 3468 1694; baseline 0.002 -18"><span class='ocrx_word' id='word_1_214' title='bbox 1909 1623 2054 1676; x_wconf 88' lang='lat' dir='ltr'><strong>niam</strong></span> <span class='ocrx_word' id='word_1_215' title='bbox 2079 1665 2093 1689; x_wconf 93' lang='lat'><strong>,</strong></span> <span class='ocrx_word' id='word_1_216' title='bbox 2122 1623 2227 1678; x_wconf 84' lang='lat' dir='ltr'><strong>nisi</strong></span> <span class='ocrx_word' id='word_1_217' title='bbox 2261 1639 2416 1693; x_wconf 64' lang='lat' dir='ltr'><strong>aequa</strong></span> <span class='ocrx_word' id='word_1_218' title='bbox 2453 1625 2702 1693; x_wconf 86' lang='lat' dir='ltr'><strong>pactione</strong></span> <span class='ocrx_word' id='word_1_219' title='bbox 2738 1624 3076 1694; x_wconf 86' lang='lat' dir='ltr'><strong>persolvendi</strong></span> <span class='ocrx_word' id='word_1_220' title='bbox 3102 1624 3246 1694; x_wconf 82' lang='lat' dir='ltr'><strong>juris</strong></span> <span class='ocrx_word' id='word_1_221' title='bbox 3281 1623 3468 1681; x_wconf 86' lang='lat' dir='ltr'><strong>Sancti</strong></span> 
     </span>
    </p>
   </div>
   <div class='ocr_carea' id='block_1_30' title="bbox 1908 1712 3469 1786">
    <p class='ocr_par' dir='ltr' id='par_1_30' title="bbox 1908 1712 3469 1786">
     <span class='ocr_line' id='line_1_30' title="bbox 1908 1712 3469 1786; baseline 0.003 -21"><span class='ocrx_word' id='word_1_222' title='bbox 1908 1712 2056 1767; x_wconf 90' lang='lat' dir='ltr'><strong>Petri</strong></span> <span class='ocrx_word' id='word_1_223' title='bbox 2078 1713 2131 1766; x_wconf 92' lang='lat' dir='ltr'><strong>in</strong></span> <span class='ocrx_word' id='word_1_224' title='bbox 2157 1728 2382 1782; x_wconf 80' lang='lat' dir='ltr'><strong>regnum</strong></span> <span class='ocrx_word' id='word_1_225' title='bbox 2409 1714 2538 1768; x_wconf 90' lang='lat' dir='ltr'><strong>illud</strong></span> <span class='ocrx_word' id='word_1_226' title='bbox 2569 1715 3000 1769; x_wconf 87' lang='lat' dir='ltr'><strong>animadvertere</strong></span> <span class='ocrx_word' id='word_1_227' title='bbox 3024 1716 3344 1782; x_wconf 89' lang='lat' dir='ltr'><strong>statueritis,</strong></span> <span class='ocrx_word' id='word_1_228' title='bbox 3368 1731 3469 1786; x_wconf 89' lang='lat' dir='ltr'><strong>po-</strong></span> 
     </span>
    </p>
   </div>
   <div class='ocr_carea' id='block_1_31' title="bbox 1910 1804 3469 1873">
    <p class='ocr_par' dir='ltr' id='par_1_31' title="bbox 1910 1804 3469 1873">
     <span class='ocr_line' id='line_1_31' title="bbox 1910 1804 3469 1873; baseline 0.003 -16"><span class='ocrx_word' id='word_1_229' title='bbox 1910 1804 2019 1858; x_wconf 87' lang='lat' dir='ltr'><strong>tius</strong></span> <span class='ocrx_word' id='word_1_230' title='bbox 2053 1804 2208 1858; x_wconf 84' lang='lat' dir='ltr'><strong>vobis</strong></span> <span class='ocrx_word' id='word_1_231' title='bbox 2251 1804 2552 1873; x_wconf 79' lang='lat' dir='ltr'><strong>apostolica</strong></span> <span class='ocrx_word' id='word_1_232' title='bbox 2573 1805 2898 1858; x_wconf 86' lang='lat' dir='ltr'><strong>auctoritate</strong></span> <span class='ocrx_word' id='word_1_233' title='bbox 2923 1847 2938 1870; x_wconf 92' lang='lat'><strong>,</strong></span> <span class='ocrx_word' id='word_1_234' title='bbox 2964 1821 3032 1860; x_wconf 92' lang='lat' dir='ltr'><strong>ne</strong></span> <span class='ocrx_word' id='word_1_235' title='bbox 3066 1807 3194 1862; x_wconf 90' lang='lat' dir='ltr'><strong>illuc</strong></span> <span class='ocrx_word' id='word_1_236' title='bbox 3219 1808 3469 1862; x_wconf 81' lang='lat' dir='ltr'><strong>tendatis</strong></span> 
     </span>
    </p>
   </div>
   <div class='ocr_carea' id='block_1_32' title="bbox 247 1879 3468 1976">
    <p class='ocr_par' dir='ltr' id='par_1_32' title="bbox 247 1879 3468 1976">
     <span class='ocr_line' id='line_1_32' title="bbox 247 1879 3468 1976; baseline 0.003 -25"><span class='ocrx_word' id='word_1_237' title='bbox 247 1879 576 1967; x_wconf 68' lang='lat' dir='ltr'><strong>spectatione</strong></span> <span class='ocrx_word' id='word_1_238' title='bbox 603 1913 670 1952; x_wconf 91' lang='lat' dir='ltr'><strong>ne</strong></span> <span class='ocrx_word' id='word_1_239' title='bbox 702 1913 977 1953; x_wconf 89' lang='lat' dir='ltr'><strong>morarum</strong></span> <span class='ocrx_word' id='word_1_240' title='bbox 1009 1899 1226 1968; x_wconf 88' lang='lat' dir='ltr'><strong>quidem</strong></span> <span class='ocrx_word' id='word_1_241' title='bbox 1256 1901 1413 1976; x_wconf 86' lang='lat' dir='ltr'><strong>nobis</strong></span> <span class='ocrx_word' id='word_1_242' title='bbox 1440 1917 1636 1958; x_wconf 89' lang='lat' dir='ltr'><strong>causas</strong></span> <span class='ocrx_word' id='word_1_243' title='bbox 1662 1902 1804 1958; x_wconf 93' lang='lat' dir='ltr'><strong>indi-</strong></span> <span class='ocrx_word' id='word_1_244' title='bbox 1837 1901 1880 1956; x_wconf 88' lang='grc' dir='ltr'><strong>Β</strong></span> <span class='ocrx_word' id='word_1_245' title='bbox 1906 1894 2316 1960; x_wconf 58' lang='lat' dir='ltr'><strong>interﬁciendo.</strong></span> <span class='ocrx_word' id='word_1_246' title='bbox 2345 1893 2786 1949; x_wconf 65' lang='grc' dir='ltr'><strong>θοηιηίετθῐηυι·</strong></span> <span class='ocrx_word' id='word_1_247' title='bbox 2823 1909 2988 1964; x_wconf 84' lang='lat' dir='ltr'><strong>quam</strong></span> <span class='ocrx_word' id='word_1_248' title='bbox 3030 1906 3218 1950; x_wconf 68' lang='lat' dir='ltr'><strong>sancta</strong></span> <span class='ocrx_word' id='word_1_249' title='bbox 3252 1905 3307 1951; x_wconf 72' lang='grc' dir='ltr'>ει</span> <span class='ocrx_word' id='word_1_250' title='bbox 3339 1897 3468 1951; x_wconf 74' lang='lat' dir='ltr'><strong>uni-</strong></span> 
     </span>
    </p>
   </div>
   <div class='ocr_carea' id='block_1_33' title="bbox 246 1976 1810 2060">
    <p class='ocr_par' dir='ltr' id='par_1_33' title="bbox 246 1976 1810 2060">
     <span class='ocr_line' id='line_1_33' title="bbox 246 1976 1810 2060; baseline 0.005 -18"><span class='ocrx_word' id='word_1_251' title='bbox 246 1989 425 2044; x_wconf 84' lang='lat' dir='ltr'><strong>castis.</strong></span> <span class='ocrx_word' id='word_1_252' title='bbox 463 1976 625 2044; x_wconf 76' lang='lat' dir='ltr'><strong>Unde</strong></span> <span class='ocrx_word' id='word_1_253' title='bbox 667 1989 1009 2044; x_wconf 86' lang='lat' dir='ltr'><strong>dilectionem</strong></span> <span class='ocrx_word' id='word_1_254' title='bbox 1057 1999 1294 2046; x_wconf 86' lang='lat' dir='ltr'><strong>vestram</strong></span> <span class='ocrx_word' id='word_1_255' title='bbox 1345 1992 1700 2060; x_wconf 85' lang='lat' dir='ltr'><strong>admonemus</strong></span> <span class='ocrx_word' id='word_1_256' title='bbox 1737 2003 1810 2054; x_wconf 78' lang='grc' dir='ltr'>,ιιι</span> 
     </span>
    </p>
   </div>
   <div class='ocr_carea' id='block_1_34' title="bbox 245 2080 1812 2152">
    <p class='ocr_par' dir='ltr' id='par_1_34' title="bbox 245 2080 1812 2152">
     <span class='ocr_line' id='line_1_34' title="bbox 245 2080 1812 2152; baseline 0.007 -18"><span class='ocrx_word' id='word_1_257' title='bbox 245 2081 563 2151; x_wconf 82' lang='lat' dir='ltr'><strong>quantocius</strong></span> <span class='ocrx_word' id='word_1_258' title='bbox 599 2080 820 2150; x_wconf 88' lang='lat' dir='ltr'><strong>possitis</strong></span> <span class='ocrx_word' id='word_1_259' title='bbox 844 2080 912 2134; x_wconf 90' lang='lat' dir='ltr'><strong>ad</strong></span> <span class='ocrx_word' id='word_1_260' title='bbox 940 2095 1042 2135; x_wconf 89' lang='lat' dir='ltr'><strong>nos</strong></span> <span class='ocrx_word' id='word_1_261' title='bbox 1070 2082 1435 2148; x_wconf 89' lang='lat' dir='ltr'><strong>revertamini,</strong></span> <span class='ocrx_word' id='word_1_262' title='bbox 1460 2094 1728 2152; x_wconf 88' lang='lat' dir='ltr'><strong>quatenus</strong></span> <span class='ocrx_word' id='word_1_263' title='bbox 1755 2098 1812 2144; x_wconf 90' lang='lat' dir='ltr'><strong>et</strong></span> 
     </span>
    </p>
   </div>
   <div class='ocr_carea' id='block_1_35' title="bbox 245 2169 1808 2246">
    <p class='ocr_par' dir='ltr' id='par_1_35' title="bbox 245 2169 1808 2246">
     <span class='ocr_line' id='line_1_35' title="bbox 245 2169 1808 2246; baseline 0.008 -25"><span class='ocrx_word' id='word_1_264' title='bbox 245 2169 367 2238; x_wconf 86' lang='lat' dir='ltr'><strong>quid</strong></span> <span class='ocrx_word' id='word_1_265' title='bbox 399 2169 626 2240; x_wconf 89' lang='lat' dir='ltr'><strong>egeritis</strong></span> <span class='ocrx_word' id='word_1_266' title='bbox 653 2184 1068 2239; x_wconf 73' lang='lat' dir='ltr'><strong>cognoscamus,</strong></span> <span class='ocrx_word' id='word_1_267' title='bbox 1093 2178 1150 2226; x_wconf 91' lang='lat' dir='ltr'><strong>et</strong></span> <span class='ocrx_word' id='word_1_268' title='bbox 1172 2171 1240 2226; x_wconf 88' lang='lat' dir='ltr'><strong>de</strong></span> <span class='ocrx_word' id='word_1_269' title='bbox 1264 2182 1458 2228; x_wconf 67' lang='lat' dir='ltr'><strong>caetero</strong></span> <span class='ocrx_word' id='word_1_270' title='bbox 1485 2179 1808 2246; x_wconf 86' lang='lat' dir='ltr'><strong>consultius,</strong></span> 
     </span>
    </p>
   </div>
   <div class='ocr_carea' id='block_1_36' title="bbox 247 2259 1810 2341">
    <p class='ocr_par' dir='ltr' id='par_1_36' title="bbox 247 2259 1810 2341">
     <span class='ocr_line' id='line_1_36' title="bbox 247 2259 1810 2341; baseline 0.008 -27"><span class='ocrx_word' id='word_1_271' title='bbox 247 2259 531 2329; x_wconf 85' lang='lat' dir='ltr'><strong>adjuvante</strong></span> <span class='ocrx_word' id='word_1_272' title='bbox 557 2260 671 2315; x_wconf 88' lang='lat' dir='ltr'><strong>Deo</strong></span> <span class='ocrx_word' id='word_1_273' title='bbox 705 2269 947 2317; x_wconf 87' lang='lat' dir='ltr'><strong>statuere</strong></span> <span class='ocrx_word' id='word_1_274' title='bbox 973 2262 1272 2319; x_wconf 89' lang='lat' dir='ltr'><strong>valeamus.</strong></span> <span class='ocrx_word' id='word_1_275' title='bbox 1317 2263 1518 2321; x_wconf 63' lang='lat' dir='ltr'><strong>Praeter</strong></span> <span class='ocrx_word' id='word_1_276' title='bbox 1554 2269 1668 2325; x_wconf 63' lang='lat' dir='ltr'><strong>huic</strong></span> <span class='ocrx_word' id='word_1_277' title='bbox 1696 2271 1810 2341; x_wconf 92' lang='lat' dir='ltr'><strong>jam</strong></span> 
     </span>
    </p>
   </div>
   <div class='ocr_carea' id='block_1_37' title="bbox 248 2357 1812 2429">
    <p class='ocr_par' dir='ltr' id='par_1_37' title="bbox 248 2357 1812 2429">
     <span class='ocr_line' id='line_1_37' title="bbox 248 2357 1812 2429; baseline 0.004 -20"><span class='ocrx_word' id='word_1_278' title='bbox 248 2369 383 2424; x_wconf 68' lang='lat' dir='ltr'><strong>smpe</strong></span> <span class='ocrx_word' id='word_1_279' title='bbox 425 2364 789 2412; x_wconf 87' lang='lat' dir='ltr'><strong>memoratum</strong></span> <span class='ocrx_word' id='word_1_280' title='bbox 842 2357 1091 2429; x_wconf 81' lang='lat' dir='ltr'><strong>abbatem</strong></span> <span class='ocrx_word' id='word_1_281' title='bbox 1125 2359 1431 2429; x_wconf 89' lang='lat' dir='ltr'><strong>specialiter</strong></span> <span class='ocrx_word' id='word_1_282' title='bbox 1478 2363 1812 2418; x_wconf 91' lang='lat' dir='ltr'><strong>commoneri</strong></span> 
     </span>
    </p>
   </div>
   <div class='ocr_carea' id='block_1_38' title="bbox 249 2444 1788 2542">
    <p class='ocr_par' dir='ltr' id='par_1_38' title="bbox 249 2444 1788 2542">
     <span class='ocr_line' id='line_1_38' title="bbox 249 2444 1788 2542; baseline 0.008 -48"><span class='ocrx_word' id='word_1_283' title='bbox 249 2452 301 2520; x_wconf 69' lang='lat' dir='ltr'><strong>et</strong></span> <span class='ocrx_word' id='word_1_284' title='bbox 328 2444 623 2512; x_wconf 75' lang='lat' dir='ltr'><strong>plurimum</strong></span> <span class='ocrx_word' id='word_1_285' title='bbox 657 2461 688 2499; x_wconf 90' lang='lat' dir='ltr'><strong>a</strong></span> <span class='ocrx_word' id='word_1_286' title='bbox 723 2445 880 2501; x_wconf 88' lang='lat' dir='ltr'><strong>vobis</strong></span> <span class='ocrx_word' id='word_1_287' title='bbox 911 2447 1028 2502; x_wconf 85' lang='lat' dir='ltr'><strong>vice</strong></span> <span class='ocrx_word' id='word_1_288' title='bbox 1062 2456 1252 2503; x_wconf 89' lang='lat' dir='ltr'><strong>nostra</strong></span> <span class='ocrx_word' id='word_1_289' title='bbox 1279 2451 1496 2504; x_wconf 87' lang='lat' dir='ltr'><strong>exorari</strong></span> <span class='ocrx_word' id='word_1_290' title='bbox 1527 2449 1788 2542; x_wconf 75' lang='lat' dir='ltr'><strong>cupimus</strong></span> 
     </span>
    </p>
   </div>
   <div class='ocr_carea' id='block_1_39' title="bbox 251 2538 1813 2606">
    <p class='ocr_par' dir='ltr' id='par_1_39' title="bbox 251 2538 1813 2606">
     <span class='ocr_line' id='line_1_39' title="bbox 251 2538 1813 2606; baseline 0.007 -20"><span class='ocrx_word' id='word_1_291' title='bbox 251 2546 511 2598; x_wconf 73' lang='lat' dir='ltr'><strong>quatenus</strong></span> <span class='ocrx_word' id='word_1_292' title='bbox 554 2545 875 2590; x_wconf 81' lang='lat' dir='ltr'><strong>cnaritatem</strong></span> <span class='ocrx_word' id='word_1_293' title='bbox 905 2552 1068 2606; x_wconf 89' lang='lat' dir='ltr'><strong>quam</strong></span> <span class='ocrx_word' id='word_1_294' title='bbox 1113 2538 1378 2595; x_wconf 88' lang='lat' dir='ltr'><strong>hactenus</strong></span> <span class='ocrx_word' id='word_1_295' title='bbox 1405 2541 1460 2594; x_wconf 93' lang='lat' dir='ltr'><strong>in</strong></span> <span class='ocrx_word' id='word_1_296' title='bbox 1490 2556 1592 2595; x_wconf 90' lang='lat' dir='ltr'><strong>nos</strong></span> <span class='ocrx_word' id='word_1_297' title='bbox 1607 2538 1813 2597; x_wconf 37' lang='lat' dir='ltr'><strong>’habuit</strong></span> 
     </span>
    </p>
   </div>
   <div class='ocr_carea' id='block_1_40' title="bbox 251 2625 1814 2698">
    <p class='ocr_par' dir='ltr' id='par_1_40' title="bbox 251 2625 1814 2698">
     <span class='ocr_line' id='line_1_40' title="bbox 251 2625 1814 2698; baseline 0.011 -25"><span class='ocrx_word' id='word_1_298' title='bbox 251 2635 408 2689; x_wconf 85' lang='lat' dir='ltr'><strong>nunc,</strong></span> <span class='ocrx_word' id='word_1_299' title='bbox 440 2640 566 2679; x_wconf 88' lang='lat' dir='ltr'><strong>cum</strong></span> <span class='ocrx_word' id='word_1_300' title='bbox 614 2625 850 2682; x_wconf 88' lang='lat' dir='ltr'><strong>maxime</strong></span> <span class='ocrx_word' id='word_1_301' title='bbox 875 2642 1014 2698; x_wconf 91' lang='lat' dir='ltr'><strong>opus</strong></span> <span class='ocrx_word' id='word_1_302' title='bbox 1046 2637 1148 2696; x_wconf 76' lang='lat' dir='ltr'><strong>est,</strong></span> <span class='ocrx_word' id='word_1_303' title='bbox 1183 2629 1452 2688; x_wconf 87' lang='lat' dir='ltr'><strong>indefessa</strong></span> <span class='ocrx_word' id='word_1_304' title='bbox 1482 2633 1814 2690; x_wconf 87' lang='lat' dir='ltr'><strong>exhibitione</strong></span> 
     </span>
    </p>
   </div>
   <div class='ocr_carea' id='block_1_41' title="bbox 253 2713 1812 2795">
    <p class='ocr_par' dir='ltr' id='par_1_41' title="bbox 253 2713 1812 2795">
     <span class='ocr_line' id='line_1_41' title="bbox 253 2713 1812 2795; baseline 0.008 -28"><span class='ocrx_word' id='word_1_305' title='bbox 253 2713 505 2783; x_wconf 89' lang='lat' dir='ltr'><strong>conferat,</strong></span> <span class='ocrx_word' id='word_1_306' title='bbox 536 2725 593 2773; x_wconf 93' lang='lat' dir='ltr'><strong>et</strong></span> <span class='ocrx_word' id='word_1_307' title='bbox 625 2719 992 2774; x_wconf 89' lang='lat' dir='ltr'><strong>inﬁrmitatem</strong></span> <span class='ocrx_word' id='word_1_308' title='bbox 1022 2729 1265 2795; x_wconf 86' lang='lat' dir='ltr'><strong>nostram</strong></span> <span class='ocrx_word' id='word_1_309' title='bbox 1299 2723 1416 2778; x_wconf 83' lang='lat' dir='ltr'><strong>suis</strong></span> <span class='ocrx_word' id='word_1_310' title='bbox 1444 2733 1499 2778; x_wconf 91' lang='lat' dir='ltr'><strong>et</strong></span> <span class='ocrx_word' id='word_1_311' title='bbox 1526 2726 1812 2782; x_wconf 84' lang='lat' dir='ltr'><strong>sanctissi-</strong></span> 
     </span>
    </p>
   </div>
   <div class='ocr_carea' id='block_1_42' title="bbox 254 2812 1815 2882">
    <p class='ocr_par' dir='ltr' id='par_1_42' title="bbox 254 2812 1815 2882">
     <span class='ocr_line' id='line_1_42' title="bbox 254 2812 1815 2882; baseline 0.011 -22"><span class='ocrx_word' id='word_1_312' title='bbox 254 2821 347 2860; x_wconf 74' lang='lat' dir='ltr'><strong>mze</strong></span> <span class='ocrx_word' id='word_1_313' title='bbox 383 2812 816 2882; x_wconf 67' lang='lat' dir='ltr'><strong>congregationis</strong></span> <span class='ocrx_word' id='word_1_314' title='bbox 847 2827 957 2866; x_wconf 78' lang='lat' dir='ltr'><strong>sua:</strong></span> <span class='ocrx_word' id='word_1_315' title='bbox 990 2813 1326 2870; x_wconf 87' lang='lat' dir='ltr'><strong>orationibus</strong></span> <span class='ocrx_word' id='word_1_316' title='bbox 1357 2823 1507 2871; x_wconf 89' lang='lat' dir='ltr'><strong>tanto</strong></span> <span class='ocrx_word' id='word_1_317' title='bbox 1531 2819 1815 2877; x_wconf 85' lang='lat' dir='ltr'><strong>subnixius</strong></span> 
     </span>
    </p>
   </div>
   <div class='ocr_carea' id='block_1_43' title="bbox 255 2898 1816 2973">
    <p class='ocr_par' dir='ltr' id='par_1_43' title="bbox 255 2898 1816 2973">
     <span class='ocr_line' id='line_1_43' title="bbox 255 2898 1816 2973; baseline 0.012 -24"><span class='ocrx_word' id='word_1_318' title='bbox 255 2898 499 2966; x_wconf 83' lang='lat' dir='ltr'><strong>adjuvare</strong></span> <span class='ocrx_word' id='word_1_319' title='bbox 520 2901 735 2956; x_wconf 88' lang='lat' dir='ltr'><strong>studeat</strong></span> <span class='ocrx_word' id='word_1_320' title='bbox 760 2912 964 2973; x_wconf 85' lang='lat' dir='ltr'><strong>quanto</strong></span> <span class='ocrx_word' id='word_1_321' title='bbox 993 2903 1414 2962; x_wconf 88' lang='lat' dir='ltr'><strong>imbecillitatem</strong></span> <span class='ocrx_word' id='word_1_322' title='bbox 1445 2917 1688 2965; x_wconf 88' lang='lat' dir='ltr'><strong>nostram</strong></span> <span class='ocrx_word' id='word_1_323' title='bbox 1713 2912 1816 2966; x_wconf 85' lang='lat' dir='ltr'><strong>sub</strong></span> 
     </span>
    </p>
   </div>
   <div class='ocr_carea' id='block_1_44' title="bbox 254 2984 1703 3069">
    <p class='ocr_par' dir='ltr' id='par_1_44' title="bbox 254 2984 1703 3069">
     <span class='ocr_line' id='line_1_44' title="bbox 254 2984 1703 3069; baseline 0.008 -27"><span class='ocrx_word' id='word_1_324' title='bbox 254 2991 586 3045; x_wconf 83' lang='lat' dir='ltr'><strong>accumulato</strong></span> <span class='ocrx_word' id='word_1_325' title='bbox 612 2994 849 3061; x_wconf 89' lang='lat' dir='ltr'><strong>pondere</strong></span> <span class='ocrx_word' id='word_1_326' title='bbox 876 2984 1092 3063; x_wconf 78' lang='lat' dir='ltr'><strong>gravius</strong></span> <span class='ocrx_word' id='word_1_327' title='bbox 1125 2997 1297 3064; x_wconf 86' lang='lat' dir='ltr'><strong>premi</strong></span> <span class='ocrx_word' id='word_1_328' title='bbox 1328 3012 1436 3051; x_wconf 94' lang='lat' dir='ltr'><strong>non</strong></span> <span class='ocrx_word' id='word_1_329' title='bbox 1471 2999 1703 3069; x_wconf 75' lang='lat' dir='ltr'><strong>ignorat.</strong></span> 
     </span>
    </p>
   </div>
   <div class='ocr_carea' id='block_1_45' title="bbox 318 3079 1815 3158">
    <p class='ocr_par' dir='ltr' id='par_1_45' title="bbox 318 3079 1815 3158">
     <span class='ocr_line' id='line_1_45' title="bbox 318 3079 1815 3158; baseline 0.008 -24"><span class='ocrx_word' id='word_1_330' title='bbox 318 3079 450 3136; x_wconf 87' lang='lat' dir='ltr'><strong>Data</strong></span> <span class='ocrx_word' id='word_1_331' title='bbox 496 3080 684 3138; x_wconf 70' lang='lat' dir='ltr'><strong>Romae</strong></span> <span class='ocrx_word' id='word_1_332' title='bbox 741 3084 980 3139; x_wconf 88' lang='lat' dir='ltr'><strong>secundo</strong></span> <span class='ocrx_word' id='word_1_333' title='bbox 1019 3084 1288 3142; x_wconf 83' lang='lat' dir='ltr'><strong>Kalendas</strong></span> <span class='ocrx_word' id='word_1_334' title='bbox 1322 3086 1468 3158; x_wconf 79' lang='lat' dir='ltr'><strong>Maii,</strong></span> <span class='ocrx_word' id='word_1_335' title='bbox 1520 3089 1815 3146; x_wconf 90' lang='lat' dir='ltr'><strong>indictione</strong></span> 
     </span>
    </p>
   </div>
   <div class='ocr_carea' id='block_1_46' title="bbox 251 3171 554 3228">
    <p class='ocr_par' dir='ltr' id='par_1_46' title="bbox 251 3171 554 3228">
     <span class='ocr_line' id='line_1_46' title="bbox 251 3171 554 3228; baseline 0.013 -4"><span class='ocrx_word' id='word_1_336' title='bbox 251 3171 554 3228; x_wconf 85' lang='lat' dir='ltr'><strong>undecima.</strong></span> 
     </span>
    </p>
   </div>
   <div class='ocr_carea' id='block_1_47' title="bbox 797 3287 1370 3345">
    <p class='ocr_par' dir='ltr' id='par_1_47' title="bbox 797 3287 1370 3345">
     <span class='ocr_line' id='line_1_47' title="bbox 797 3287 1370 3345; baseline 0.012 -5"><span class='ocrx_word' id='word_1_337' title='bbox 797 3287 1128 3344; x_wconf 80' lang='lat' dir='ltr'><strong>EPISTOLA</strong></span> <span class='ocrx_word' id='word_1_338' title='bbox 1169 3289 1260 3345; x_wconf 78' lang='lat' dir='ltr'><strong>VII</strong></span> <span class='ocrx_word' id='word_1_339' title='bbox 1368 3306 1370 3308; x_wconf 76' lang='lat'><strong>&#39;</strong></span> 
     </span>
    </p>
   </div>
   <div class='ocr_carea' id='block_1_48' title="bbox 683 3392 1384 3440">
    <p class='ocr_par' dir='ltr' id='par_1_48' title="bbox 683 3392 1384 3440">
     <span class='ocr_line' id='line_1_48' title="bbox 683 3392 1384 3440; baseline 0.014 -11"><span class='ocrx_word' id='word_1_340' title='bbox 683 3392 752 3430; x_wconf 65' lang='lat' dir='ltr'><strong>AD</strong></span> <span class='ocrx_word' id='word_1_341' title='bbox 791 3393 1060 3436; x_wconf 67' lang='lat' dir='ltr'><strong>PRINCIPES</strong></span> <span class='ocrx_word' id='word_1_342' title='bbox 1106 3392 1363 3440; x_wconf 67' lang='grc' dir='ltr'>ιιιδνλιιιι</span> <span class='ocrx_word' id='word_1_343' title='bbox 1374 3425 1384 3439; x_wconf 81' lang='lat'><strong>.</strong></span> 
     </span>
    </p>
   </div>
   <div class='ocr_carea' id='block_1_49' title="bbox 835 3473 1233 3548">
    <p class='ocr_par' dir='ltr' id='par_1_49' title="bbox 835 3473 1233 3548">
     <span class='ocr_line' id='line_1_49' title="bbox 835 3473 1233 3548; baseline 0.015 -22"><span class='ocrx_word' id='word_1_344' title='bbox 835 3473 1016 3543; x_wconf 82' lang='lat' dir='ltr'><strong>(Anno</strong></span> <span class='ocrx_word' id='word_1_345' title='bbox 1053 3475 1233 3548; x_wconf 67' lang='grc' dir='ltr'>ιιι-ιδ.)</span> 
     </span>
    </p>
   </div>
   <div class='ocr_carea' id='block_1_50' title="bbox 258 3569 1813 3715">
    <p class='ocr_par' dir='ltr' id='par_1_50' title="bbox 258 3569 1813 3715">
     <span class='ocr_line' id='line_1_50' title="bbox 258 3569 1813 3651; baseline 0.011 -28"><span class='ocrx_word' id='word_1_346' title='bbox 258 3569 532 3643; x_wconf 73' lang='lat' dir='ltr'><strong>Signiﬁcat</strong></span> <span class='ocrx_word' id='word_1_347' title='bbox 575 3573 756 3627; x_wconf 81' lang='lat' dir='ltr'><strong>comiti</strong></span> <span class='ocrx_word' id='word_1_348' title='bbox 788 3575 852 3630; x_wconf 81' lang='lat' dir='ltr'><strong>de</strong></span> <span class='ocrx_word' id='word_1_349' title='bbox 892 3575 1078 3632; x_wconf 77' lang='lat' dir='ltr'><strong>Raecio</strong></span> <span class='ocrx_word' id='word_1_350' title='bbox 1124 3579 1218 3634; x_wconf 81' lang='lat' dir='ltr'><strong>sub</strong></span> <span class='ocrx_word' id='word_1_351' title='bbox 1253 3580 1482 3651; x_wconf 77' lang='lat' dir='ltr'><strong>quadam</strong></span> <span class='ocrx_word' id='word_1_352' title='bbox 1516 3583 1813 3640; x_wconf 83' lang='lat' dir='ltr'><strong>conditione</strong></span> 
     </span>
     <span class='ocr_line' id='line_1_51' title="bbox 321 3642 1813 3715; baseline 0.009 -20"><span class='ocrx_word' id='word_1_353' title='bbox 321 3657 435 3696; x_wconf 79' lang='lat' dir='ltr'><strong>eam</strong></span> <span class='ocrx_word' id='word_1_354' title='bbox 473 3642 752 3714; x_wconf 69' lang='lat' dir='ltr'><strong>Hispania!</strong></span> <span class='ocrx_word' id='word_1_355' title='bbox 781 3656 984 3715; x_wconf 83' lang='lat' dir='ltr'><strong>partem</strong></span> <span class='ocrx_word' id='word_1_356' title='bbox 1025 3652 1338 3705; x_wconf 77' lang='lat' dir='ltr'><strong>concessisse</strong></span> <span class='ocrx_word' id='word_1_357' title='bbox 1363 3693 1380 3715; x_wconf 92' lang='lat'><strong>,</strong></span> <span class='ocrx_word' id='word_1_358' title='bbox 1411 3669 1568 3715; x_wconf 75' lang='lat' dir='ltr'><strong>quam</strong></span> <span class='ocrx_word' id='word_1_359' title='bbox 1591 3671 1622 3706; x_wconf 83' lang='grc' dir='ltr'><em>α</em></span> <span class='ocrx_word' id='word_1_360' title='bbox 1648 3653 1813 3709; x_wconf 88' lang='lat' dir='ltr'><strong>Sara-</strong></span> 
     </span>
    </p>
   </div>
   <div class='ocr_carea' id='block_1_51' title="bbox 321 3669 1810 3793">
    <p class='ocr_par' dir='ltr' id='par_1_51' title="bbox 321 3669 1810 3793">
     <span class='ocr_line' id='line_1_52' title="bbox 321 3669 1810 3727; baseline 0.009 -32"><span class='ocrx_word' id='word_1_361' title='bbox 321 3669 435 3696; x_wconf 67' lang='lat' dir='ltr'><strong>cum</strong></span> <span class='ocrx_word' id='word_1_362' title='bbox 473 3669 752 3727; x_wconf 49' lang='lat' dir='ltr'><strong>alaparum:</strong></span> <span class='ocrx_word' id='word_1_363' title='bbox 781 3669 984 3715; x_wconf 78' lang='lat' dir='ltr'><strong>partem</strong></span> <span class='ocrx_word' id='word_1_364' title='bbox 1025 3669 1338 3726; x_wconf 78' lang='lat' dir='ltr'><strong>concessisse</strong></span> <span class='ocrx_word' id='word_1_365' title='bbox 1363 3693 1380 3716; x_wconf 87' lang='lat'><strong>,</strong></span> <span class='ocrx_word' id='word_1_366' title='bbox 1411 3669 1568 3722; x_wconf 77' lang='lat' dir='ltr'><strong>quam</strong></span> <span class='ocrx_word' id='word_1_367' title='bbox 1591 3671 1622 3706; x_wconf 82' lang='grc' dir='ltr'><em>α</em></span> <span class='ocrx_word' id='word_1_368' title='bbox 1648 3669 1810 3709; x_wconf 72' lang='grc' dir='ltr'><em>δανα-</em></span> 
     </span>
     <span class='ocr_line' id='line_1_53' title="bbox 321 3716 1810 3793; baseline 0.007 -27"><span class='ocrx_word' id='word_1_369' title='bbox 321 3728 567 3793; x_wconf 60' lang='lat' dir='ltr'><strong>cenorum</strong></span> <span class='ocrx_word' id='word_1_370' title='bbox 589 3716 832 3793; x_wconf 69' lang='lat' dir='ltr'><strong>manibus</strong></span> <span class='ocrx_word' id='word_1_371' title='bbox 854 3717 1090 3786; x_wconf 80' lang='lat' dir='ltr'><strong>eriperet.</strong></span> <span class='ocrx_word' id='word_1_372' title='bbox 1113 3719 1362 3793; x_wconf 75' lang='lat' dir='ltr'><strong>Prohibet</strong></span> <span class='ocrx_word' id='word_1_373' title='bbox 1388 3721 1524 3793; x_wconf 63' lang='lat' dir='ltr'><strong>alios</strong></span> <span class='ocrx_word' id='word_1_374' title='bbox 1545 3724 1810 3792; x_wconf 78' lang='lat' dir='ltr'><strong>principes</strong></span> 
     </span>
    </p>
   </div>
   <div class='ocr_carea' id='block_1_52' title="bbox 310 3783 1812 3863">
    <p class='ocr_par' dir='ltr' id='par_1_52' title="bbox 310 3783 1812 3863">
     <span class='ocr_line' id='line_1_54' title="bbox 310 3783 1812 3863; baseline 0.008 -29"><span class='ocrx_word' id='word_1_375' title='bbox 310 3783 635 3863; x_wconf 54' lang='lat' dir='ltr'><strong>infande”:</strong></span> <span class='ocrx_word' id='word_1_376' title='bbox 652 3783 1056 3863; x_wconf 50' lang='lat' dir='ltr'><strong>rcgioncmfuni</strong></span> <span class='ocrx_word' id='word_1_377' title='bbox 1256 3789 1484 3863; x_wconf 76' lang='lat' dir='ltr'><strong>ingredi,</strong></span> <span class='ocrx_word' id='word_1_378' title='bbox 1505 3783 1812 3863; x_wconf 63' lang='lat' dir='ltr'><strong>portamque</strong></span> 
     </span>
    </p>
   </div>
   <div class='ocr_carea' id='block_1_53' title="bbox 320 3848 1812 3923">
    <p class='ocr_par' dir='ltr' id='par_1_53' title="bbox 320 3848 1812 3923">
     <span class='ocr_line' id='line_1_55' title="bbox 320 3848 1812 3923; baseline 0.009 -20"><span class='ocrx_word' id='word_1_379' title='bbox 320 3848 488 3923; x_wconf 60' lang='lat' dir='ltr'><strong>etiam</strong></span> <span class='ocrx_word' id='word_1_380' title='bbox 524 3850 675 3906; x_wconf 76' lang='lat' dir='ltr'><strong>illius</strong></span> <span class='ocrx_word' id='word_1_381' title='bbox 703 3848 984 3922; x_wconf 61' lang='lat' dir='ltr'><strong>provindiw</strong></span> <span class='ocrx_word' id='word_1_382' title='bbox 1008 3858 1110 3910; x_wconf 85' lang='lat' dir='ltr'><strong>sibi</strong></span> <span class='ocrx_word' id='word_1_383' title='bbox 1130 3848 1432 3923; x_wconf 53' lang='lat' dir='ltr'><strong>&#39;vindic&#39;t&#39;src,</strong></span> <span class='ocrx_word' id='word_1_384' title='bbox 1460 3848 1564 3914; x_wconf 73' lang='lat' dir='ltr'><strong>nisi</strong></span> <span class='ocrx_word' id='word_1_385' title='bbox 1587 3848 1812 3916; x_wconf 50' lang='lat' dir='ltr'><strong>interire-</strong></span> 
     </span>
    </p>
   </div>
   <div class='ocr_carea' id='block_1_54' title="bbox 321 3921 1810 4002">
    <p class='ocr_par' dir='ltr' id='par_1_54' title="bbox 321 3921 1810 4002">
     <span class='ocr_line' id='line_1_56' title="bbox 321 3921 1810 4002; baseline 0.009 -29"><span class='ocrx_word' id='word_1_386' title='bbox 321 3921 434 3974; x_wconf 77' lang='lat' dir='ltr'><strong>niat</strong></span> <span class='ocrx_word' id='word_1_387' title='bbox 468 3924 832 4002; x_wconf 38' lang='lat' dir='ltr'><strong>irqueﬂpactio</strong></span> <span class='ocrx_word' id='word_1_388' title='bbox 873 3925 1198 4002; x_wconf 67' lang='lat' dir='ltr'><strong>persolvendi</strong></span> <span class='ocrx_word' id='word_1_389' title='bbox 1228 3929 1366 3999; x_wconf 22' lang='lat' dir='ltr'><strong>jura,</strong></span> <span class='ocrx_word' id='word_1_390' title='bbox 1393 3921 1579 3986; x_wconf 81' lang='lat' dir='ltr'><strong>Sancti</strong></span> <span class='ocrx_word' id='word_1_391' title='bbox 1624 3930 1810 3998; x_wconf 82' lang='lat' dir='ltr'><strong>Petri;</strong></span> 
     </span>
    </p>
   </div>
   <div class='ocr_carea' id='block_1_55' title="bbox 321 3991 1567 4064">
    <p class='ocr_par' dir='ltr' id='par_1_55' title="bbox 321 3991 1567 4064">
     <span class='ocr_line' id='line_1_57' title="bbox 321 3991 1567 4064; baseline -0.023 -2"><span class='ocrx_word' id='word_1_392' title='bbox 321 4006 424 4061; x_wconf 69' lang='grc' dir='ltr'><strong>9η</strong></span> <span class='ocrx_word' id='word_1_393' title='bbox 446 3991 604 4045; x_wconf 67' lang='lat' dir='ltr'><strong>dere</strong></span> <span class='ocrx_word' id='word_1_394' title='bbox 628 3991 828 4064; x_wconf 70' lang='lat' dir='ltr'><strong>legatos</strong></span> <span class='ocrx_word' id='word_1_395' title='bbox 849 3996 1040 4049; x_wconf 77' lang='lat' dir='ltr'><strong>’ntittit.</strong></span> <span class='ocrx_word' id='word_1_396' title='bbox 1190 3991 1245 4018; x_wconf 87' lang='lat'><strong>-&#39;</strong></span> <span class='ocrx_word' id='word_1_397' title='bbox 1363 3993 1366 3995; x_wconf 48' lang='grc' dir='ltr'>λ</span> <span class='ocrx_word' id='word_1_398' title='bbox 1554 4013 1567 4023; x_wconf 71' lang='grc' dir='ltr'><strong>ο</strong></span> 
     </span>
    </p>
   </div>
   <div class='ocr_carea' id='block_1_56' title="bbox 321 4089 1812 4179">
    <p class='ocr_par' dir='ltr' id='par_1_56' title="bbox 321 4089 1812 4179">
     <span class='ocr_line' id='line_1_58' title="bbox 321 4089 1812 4179; baseline 0.009 -22"><span class='ocrx_word' id='word_1_399' title='bbox 321 4101 629 4178; x_wconf 65' lang='lat' dir='ltr'><strong>Caesonius</strong></span> <span class='ocrx_word' id='word_1_400' title='bbox 647 4103 1033 4162; x_wconf 75' lang='lat' dir='ltr'><strong>in&#39;Romanum</strong></span> <span class='ocrx_word' id='word_1_401' title='bbox 1047 4109 1358 4179; x_wconf 90' lang='lat' dir='ltr'><strong>pontiﬁcem</strong></span> <span class='ocrx_word' id='word_1_402' title='bbox 1379 4112 1606 4179; x_wconf 89' lang='lat' dir='ltr'><strong>electus,</strong></span> <span class='ocrx_word' id='word_1_403' title='bbox 1633 4089 1812 4170; x_wconf 91' lang='lat' dir='ltr'><strong>omni-</strong></span> 
     </span>
    </p>
   </div>
   <div class='ocr_carea' id='block_1_57' title="bbox 255 4192 1815 4276">
    <p class='ocr_par' dir='ltr' id='par_1_57' title="bbox 255 4192 1815 4276">
     <span class='ocr_line' id='line_1_59' title="bbox 255 4192 1815 4276; baseline 0.008 -27"><span class='ocrx_word' id='word_1_404' title='bbox 255 4192 355 4252; x_wconf 77' lang='lat' dir='ltr'><strong>bus</strong></span> <span class='ocrx_word' id='word_1_405' title='bbox 374 4198 713 4274; x_wconf 84' lang='lat' dir='ltr'><strong>principibus</strong></span> <span class='ocrx_word' id='word_1_406' title='bbox 734 4201 789 4256; x_wconf 91' lang='lat' dir='ltr'><strong>in</strong></span> <span class='ocrx_word' id='word_1_407' title='bbox 816 4209 1011 4257; x_wconf 87' lang='lat' dir='ltr'><strong>terram</strong></span> <span class='ocrx_word' id='word_1_408' title='bbox 1042 4201 1311 4276; x_wconf 71' lang='lat' dir='ltr'><strong>Hispania:</strong></span> <span class='ocrx_word' id='word_1_409' title='bbox 1340 4205 1609 4275; x_wconf 89' lang='lat' dir='ltr'><strong>proﬁcisci</strong></span> <span class='ocrx_word' id='word_1_410' title='bbox 1631 4208 1815 4261; x_wconf 83' lang='lat' dir='ltr'><strong>volen-</strong></span> 
     </span>
    </p>
   </div>
   <div class='ocr_carea' id='block_1_58' title="bbox 257 4285 1809 4369">
    <p class='ocr_par' dir='ltr' id='par_1_58' title="bbox 257 4285 1809 4369">
     <span class='ocr_line' id='line_1_60' title="bbox 257 4285 1809 4369; baseline 0.005 -26"><span class='ocrx_word' id='word_1_411' title='bbox 257 4285 417 4369; x_wconf 75' lang='lat' dir='ltr'><strong>tibus,</strong></span> <span class='ocrx_word' id='word_1_412' title='bbox 448 4301 768 4364; x_wconf 84' lang='lat' dir='ltr'><strong>perpetuam</strong></span> <span class='ocrx_word' id='word_1_413' title='bbox 795 4294 1023 4350; x_wconf 89' lang='lat' dir='ltr'><strong>salutem</strong></span> <span class='ocrx_word' id='word_1_414' title='bbox 1060 4295 1114 4348; x_wconf 88' lang='lat' dir='ltr'><strong>in</strong></span> <span class='ocrx_word' id='word_1_415' title='bbox 1149 4295 1382 4351; x_wconf 90' lang='lat' dir='ltr'><strong>Domino</strong></span> <span class='ocrx_word' id='word_1_416' title='bbox 1402 4295 1532 4352; x_wconf 84' lang='lat' dir='ltr'><strong>Jesu</strong></span> <span class='ocrx_word' id='word_1_417' title='bbox 1572 4297 1809 4352; x_wconf 88' lang='lat' dir='ltr'><strong>Christo.</strong></span> 
     </span>
    </p>
   </div>
   <div class='ocr_carea' id='block_1_59' title="bbox 322 4371 1814 4458">
    <p class='ocr_par' dir='ltr' id='par_1_59' title="bbox 322 4371 1814 4458">
     <span class='ocr_line' id='line_1_61' title="bbox 322 4371 1814 4458; baseline 0.007 -25"><span class='ocrx_word' id='word_1_418' title='bbox 322 4371 441 4442; x_wconf 76' lang='lat' dir='ltr'><strong>Non</strong></span> <span class='ocrx_word' id='word_1_419' title='bbox 492 4381 664 4454; x_wconf 83' lang='lat' dir='ltr'><strong>latere</strong></span> <span class='ocrx_word' id='word_1_420' title='bbox 717 4399 817 4438; x_wconf 86' lang='lat' dir='ltr'><strong>vos</strong></span> <span class='ocrx_word' id='word_1_421' title='bbox 861 4383 1135 4441; x_wconf 89' lang='lat' dir='ltr'><strong>credimus</strong></span> <span class='ocrx_word' id='word_1_422' title='bbox 1177 4400 1404 4456; x_wconf 85' lang='lat' dir='ltr'><strong>regnum</strong></span> <span class='ocrx_word' id='word_1_423' title='bbox 1447 4385 1720 4458; x_wconf 68' lang='lat' dir='ltr'><strong>Hispaniae</strong></span> <span class='ocrx_word' id='word_1_424' title='bbox 1744 4389 1814 4444; x_wconf 89' lang='lat' dir='ltr'><strong>ab</strong></span> 
     </span>
    </p>
   </div>
   <div class='ocr_carea' id='block_1_60' title="bbox 255 4468 1816 4544">
    <p class='ocr_par' dir='ltr' id='par_1_60' title="bbox 255 4468 1816 4544">
     <span class='ocr_line' id='line_1_62' title="bbox 255 4468 1816 4544; baseline 0.008 -23"><span class='ocrx_word' id='word_1_425' title='bbox 255 4468 478 4540; x_wconf 84' lang='lat' dir='ltr'><strong>antiquo</strong></span> <span class='ocrx_word' id='word_1_426' title='bbox 518 4471 725 4542; x_wconf 88' lang='lat' dir='ltr'><strong>proprii</strong></span> <span class='ocrx_word' id='word_1_427' title='bbox 757 4472 898 4543; x_wconf 86' lang='lat' dir='ltr'><strong>juris</strong></span> <span class='ocrx_word' id='word_1_428' title='bbox 929 4471 1113 4530; x_wconf 87' lang='lat' dir='ltr'><strong>Sancti</strong></span> <span class='ocrx_word' id='word_1_429' title='bbox 1151 4473 1297 4531; x_wconf 87' lang='lat' dir='ltr'><strong>Petri</strong></span> <span class='ocrx_word' id='word_1_430' title='bbox 1324 4475 1526 4544; x_wconf 90' lang='lat' dir='ltr'><strong>fuisse,</strong></span> <span class='ocrx_word' id='word_1_431' title='bbox 1565 4487 1618 4533; x_wconf 92' lang='lat' dir='ltr'><strong>et</strong></span> <span class='ocrx_word' id='word_1_432' title='bbox 1639 4479 1816 4534; x_wconf 89' lang='lat' dir='ltr'><strong>adhuc</strong></span> 
     </span>
    </p>
   </div>
   <div class='ocr_carea' id='block_1_61' title="bbox 1909 1983 3468 2056">
    <p class='ocr_par' dir='ltr' id='par_1_61' title="bbox 1909 1983 3468 2056">
     <span class='ocr_line' id='line_1_63' title="bbox 1909 1983 3468 2056; baseline 0.003 -18"><span class='ocrx_word' id='word_1_433' title='bbox 1909 1984 2138 2044; x_wconf 86' lang='lat' dir='ltr'><strong>versalis</strong></span> <span class='ocrx_word' id='word_1_434' title='bbox 2171 1993 2346 2038; x_wconf 85' lang='lat' dir='ltr'><strong>mater</strong></span> <span class='ocrx_word' id='word_1_435' title='bbox 2379 1983 2619 2040; x_wconf 81' lang='lat' dir='ltr'><strong>Ecclesia</strong></span> <span class='ocrx_word' id='word_1_436' title='bbox 2640 2027 2654 2051; x_wconf 94' lang='lat'><strong>,</strong></span> <span class='ocrx_word' id='word_1_437' title='bbox 2697 1985 2840 2039; x_wconf 89' lang='lat' dir='ltr'><strong>idem</strong></span> <span class='ocrx_word' id='word_1_438' title='bbox 2869 2001 2899 2039; x_wconf 90' lang='lat' dir='ltr'><strong>a</strong></span> <span class='ocrx_word' id='word_1_439' title='bbox 2931 1985 3056 2040; x_wconf 89' lang='lat' dir='ltr'><strong>ﬁliis</strong></span> <span class='ocrx_word' id='word_1_440' title='bbox 3080 1987 3194 2041; x_wconf 89' lang='lat' dir='ltr'><strong>suis</strong></span> <span class='ocrx_word' id='word_1_441' title='bbox 3218 1989 3366 2056; x_wconf 92' lang='lat' dir='ltr'><strong>quod</strong></span> <span class='ocrx_word' id='word_1_442' title='bbox 3397 1988 3468 2042; x_wconf 90' lang='lat' dir='ltr'><strong>ab</strong></span> 
     </span>
    </p>
   </div>
   <div class='ocr_carea' id='block_1_62' title="bbox 1909 2076 3470 2152">
    <p class='ocr_par' dir='ltr' id='par_1_62' title="bbox 1909 2076 3470 2152">
     <span class='ocr_line' id='line_1_64' title="bbox 1909 2076 3470 2152; baseline 0.002 -23"><span class='ocrx_word' id='word_1_443' title='bbox 1909 2076 2158 2130; x_wconf 87' lang='lat' dir='ltr'><strong>hostibus</strong></span> <span class='ocrx_word' id='word_1_444' title='bbox 2182 2077 2455 2152; x_wconf 80' lang='lat' dir='ltr'><strong>patiendo,</strong></span> <span class='ocrx_word' id='word_1_445' title='bbox 2481 2092 2590 2130; x_wconf 94' lang='lat' dir='ltr'><strong>non</strong></span> <span class='ocrx_word' id='word_1_446' title='bbox 2618 2077 2724 2138; x_wconf 91' lang='lat' dir='ltr'><strong>iam</strong></span> <span class='ocrx_word' id='word_1_447' title='bbox 2760 2077 3103 2146; x_wconf 88' lang='lat' dir='ltr'><strong>proprietatis</strong></span> <span class='ocrx_word' id='word_1_448' title='bbox 3127 2093 3258 2142; x_wconf 73' lang='lat' dir='ltr'><strong>sum,</strong></span> <span class='ocrx_word' id='word_1_449' title='bbox 3285 2078 3378 2132; x_wconf 91' lang='lat' dir='ltr'><strong>sed</strong></span> <span class='ocrx_word' id='word_1_450' title='bbox 3405 2077 3470 2132; x_wconf 90' lang='lat' dir='ltr'><strong>ﬁ-</strong></span> 
     </span>
    </p>
   </div>
   <div class='ocr_carea' id='block_1_63' title="bbox 1909 2160 3469 2238">
    <p class='ocr_par' dir='ltr' id='par_1_63' title="bbox 1909 2160 3469 2238">
     <span class='ocr_line' id='line_1_65' title="bbox 1909 2160 3469 2238; baseline 0.002 -19"><span class='ocrx_word' id='word_1_451' title='bbox 1909 2160 2106 2219; x_wconf 79' lang='lat' dir='ltr'><strong>liorum</strong></span> <span class='ocrx_word' id='word_1_452' title='bbox 2134 2165 2459 2238; x_wconf 86' lang='lat' dir='ltr'><strong>detrimento</strong></span> <span class='ocrx_word' id='word_1_453' title='bbox 2484 2166 2776 2220; x_wconf 88' lang='lat' dir='ltr'><strong>saucietur.</strong></span> <span class='ocrx_word' id='word_1_454' title='bbox 2815 2165 3175 2232; x_wconf 85' lang='lat' dir='ltr'><strong>Quamobrem</strong></span> <span class='ocrx_word' id='word_1_455' title='bbox 3209 2167 3354 2222; x_wconf 89' lang='lat' dir='ltr'><strong>hunc</strong></span> <span class='ocrx_word' id='word_1_456' title='bbox 3386 2161 3469 2222; x_wconf 81' lang='lat' dir='ltr'><strong>di-</strong></span> 
     </span>
    </p>
   </div>
   <div class='ocr_carea' id='block_1_64' title="bbox 1910 2254 3470 2326">
    <p class='ocr_par' dir='ltr' id='par_1_64' title="bbox 1910 2254 3470 2326">
     <span class='ocr_line' id='line_1_66' title="bbox 1910 2254 3470 2326; baseline 0.001 -16"><span class='ocrx_word' id='word_1_457' title='bbox 1910 2255 2109 2312; x_wconf 90' lang='lat' dir='ltr'><strong>lectum</strong></span> <span class='ocrx_word' id='word_1_458' title='bbox 2143 2256 2314 2310; x_wconf 88' lang='lat' dir='ltr'><strong>ﬁlium</strong></span> <span class='ocrx_word' id='word_1_459' title='bbox 2362 2254 2643 2326; x_wconf 85' lang='lat' dir='ltr'><strong>Hugonem</strong></span> <span class='ocrx_word' id='word_1_460' title='bbox 2677 2265 2733 2310; x_wconf 90' lang='lat' dir='ltr'><strong>et</strong></span> <span class='ocrx_word' id='word_1_461' title='bbox 2767 2256 3096 2311; x_wconf 86' lang='lat' dir='ltr'><strong>cardinalem</strong></span> <span class='ocrx_word' id='word_1_462' title='bbox 3135 2266 3336 2312; x_wconf 62' lang='lat' dir='ltr'><strong>sanctae</strong></span> <span class='ocrx_word' id='word_1_463' title='bbox 3360 2257 3470 2312; x_wconf 80' lang='lat' dir='ltr'><strong>Ro-</strong></span> 
     </span>
    </p>
   </div>
   <div class='ocr_carea' id='block_1_65' title="bbox 1912 2347 3470 2418">
    <p class='ocr_par' dir='ltr' id='par_1_65' title="bbox 1912 2347 3470 2418">
     <span class='ocr_line' id='line_1_67' title="bbox 1912 2347 3470 2418; baseline 0 -16"><span class='ocrx_word' id='word_1_464' title='bbox 1912 2347 2379 2403; x_wconf 70' lang='lat' dir='ltr'><strong>manaz&#39;Ecclesia:</strong></span> <span class='ocrx_word' id='word_1_465' title='bbox 2416 2347 2793 2418; x_wconf 89' lang='lat' dir='ltr'><strong>presbyterum</strong></span> <span class='ocrx_word' id='word_1_466' title='bbox 2848 2347 2904 2401; x_wconf 93' lang='lat' dir='ltr'><strong>in</strong></span> <span class='ocrx_word' id='word_1_467' title='bbox 2940 2357 3124 2418; x_wconf 87' lang='lat' dir='ltr'><strong>partes</strong></span> <span class='ocrx_word' id='word_1_468' title='bbox 3162 2349 3282 2404; x_wconf 90' lang='lat' dir='ltr'><strong>illas</strong></span> <span class='ocrx_word' id='word_1_469' title='bbox 3316 2348 3470 2404; x_wconf 89' lang='lat' dir='ltr'><strong>misi-</strong></span> 
     </span>
    </p>
   </div>
   <div class='ocr_carea' id='block_1_66' title="bbox 1912 2439 3468 2509">
    <p class='ocr_par' dir='ltr' id='par_1_66' title="bbox 1912 2439 3468 2509">
     <span class='ocr_line' id='line_1_68' title="bbox 1912 2439 3468 2509; baseline 0 -17"><span class='ocrx_word' id='word_1_470' title='bbox 1912 2455 2056 2504; x_wconf 86' lang='lat' dir='ltr'><strong>mus,</strong></span> <span class='ocrx_word' id='word_1_471' title='bbox 2082 2439 2134 2491; x_wconf 88' lang='lat' dir='ltr'><strong>in</strong></span> <span class='ocrx_word' id='word_1_472' title='bbox 2171 2439 2328 2507; x_wconf 90' lang='lat' dir='ltr'><strong>cujus</strong></span> <span class='ocrx_word' id='word_1_473' title='bbox 2361 2453 2456 2492; x_wconf 91' lang='lat' dir='ltr'><strong>ore</strong></span> <span class='ocrx_word' id='word_1_474' title='bbox 2480 2446 2666 2492; x_wconf 90' lang='lat' dir='ltr'><strong>nostra</strong></span> <span class='ocrx_word' id='word_1_475' title='bbox 2701 2439 2770 2492; x_wconf 89' lang='lat' dir='ltr'><strong>ad</strong></span> <span class='ocrx_word' id='word_1_476' title='bbox 2793 2453 2888 2493; x_wconf 90' lang='lat' dir='ltr'><strong>vos</strong></span> <span class='ocrx_word' id='word_1_477' title='bbox 2921 2439 3144 2509; x_wconf 87' lang='lat' dir='ltr'><strong>consilia</strong></span> <span class='ocrx_word' id='word_1_478' title='bbox 3167 2447 3223 2493; x_wconf 91' lang='lat' dir='ltr'><strong>et</strong></span> <span class='ocrx_word' id='word_1_479' title='bbox 3253 2440 3468 2493; x_wconf 86' lang='lat' dir='ltr'><strong>decreta</strong></span> 
     </span>
    </p>
   </div>
   <div class='ocr_carea' id='block_1_67' title="bbox 1912 2525 3470 2600">
    <p class='ocr_par' dir='ltr' id='par_1_67' title="bbox 1912 2525 3470 2600">
     <span class='ocr_line' id='line_1_69' title="bbox 1912 2525 3470 2600; baseline 0 -21"><span class='ocrx_word' id='word_1_480' title='bbox 1912 2527 2124 2596; x_wconf 89' lang='lat' dir='ltr'><strong>plenius</strong></span> <span class='ocrx_word' id='word_1_481' title='bbox 2170 2527 2519 2596; x_wconf 88' lang='lat' dir='ltr'><strong>apertiusque</strong></span> <span class='ocrx_word' id='word_1_482' title='bbox 2541 2525 2871 2600; x_wconf 72' lang='lat' dir='ltr'><strong>disserenda</strong></span> <span class='ocrx_word' id='word_1_483' title='bbox 2896 2543 2960 2580; x_wconf 92' lang='lat' dir='ltr'><strong>ac</strong></span> <span class='ocrx_word' id='word_1_484' title='bbox 2991 2528 3109 2581; x_wconf 86' lang='lat' dir='ltr'><strong>vice</strong></span> <span class='ocrx_word' id='word_1_485' title='bbox 3128 2535 3330 2593; x_wconf 81' lang='lat' dir='ltr'><strong>nostra</strong></span> <span class='ocrx_word' id='word_1_486' title='bbox 3356 2527 3470 2600; x_wconf 53' lang='lat' dir='ltr'><strong>dis-3</strong></span> 
     </span>
    </p>
   </div>
   <div class='ocr_carea' id='block_1_68' title="bbox 1911 2613 2491 2684">
    <p class='ocr_par' dir='ltr' id='par_1_68' title="bbox 1911 2613 2491 2684">
     <span class='ocr_line' id='line_1_70' title="bbox 1911 2613 2491 2684; baseline -0.003 -16"><span class='ocrx_word' id='word_1_487' title='bbox 1911 2613 2163 2684; x_wconf 89' lang='lat' dir='ltr'><strong>ponenda</strong></span> <span class='ocrx_word' id='word_1_488' title='bbox 2188 2613 2491 2682; x_wconf 91' lang='lat' dir='ltr'><strong>posuimus.</strong></span> 
     </span>
    </p>
   </div>
   <div class='ocr_carea' id='block_1_69' title="bbox 1982 2702 3472 2771">
    <p class='ocr_par' dir='ltr' id='par_1_69' title="bbox 1982 2702 3472 2771">
     <span class='ocr_line' id='line_1_71' title="bbox 1982 2702 3472 2771; baseline 0.002 -13"><span class='ocrx_word' id='word_1_489' title='bbox 1982 2702 2119 2758; x_wconf 88' lang='lat' dir='ltr'><strong>Data</strong></span> <span class='ocrx_word' id='word_1_490' title='bbox 2154 2703 2340 2759; x_wconf 74' lang='lat' dir='ltr'><strong>Romze</strong></span> <span class='ocrx_word' id='word_1_491' title='bbox 2374 2720 2412 2758; x_wconf 88' lang='grc' dir='ltr'>ιι</span> <span class='ocrx_word' id='word_1_492' title='bbox 2455 2702 2722 2759; x_wconf 80' lang='lat' dir='ltr'><strong>Kalendas</strong></span> <span class='ocrx_word' id='word_1_493' title='bbox 2755 2703 2876 2758; x_wconf 77' lang='lat' dir='ltr'><strong>Maii</strong></span> <span class='ocrx_word' id='word_1_494' title='bbox 2897 2746 2914 2771; x_wconf 92' lang='lat'><strong>,</strong></span> <span class='ocrx_word' id='word_1_495' title='bbox 2956 2704 3255 2760; x_wconf 88' lang='lat' dir='ltr'><strong>indictione</strong></span> <span class='ocrx_word' id='word_1_496' title='bbox 3297 2706 3472 2770; x_wconf 79' lang='lat' dir='ltr'><strong>unde-</strong></span> 
     </span>
    </p>
   </div>
   <div class='ocr_carea' id='block_1_70' title="bbox 1913 2793 2073 2848">
    <p class='ocr_par' dir='ltr' id='par_1_70' title="bbox 1913 2793 2073 2848">
     <span class='ocr_line' id='line_1_72' title="bbox 1913 2793 2073 2848; baseline 0 0"><span class='ocrx_word' id='word_1_497' title='bbox 1913 2793 2073 2848; x_wconf 89' lang='lat' dir='ltr'><strong>cima.</strong></span> 
     </span>
    </p>
   </div>
   <div class='ocr_carea' id='block_1_71' title="bbox 2441 2880 2912 2937">
    <p class='ocr_par' dir='ltr' id='par_1_71' title="bbox 2441 2880 2912 2937">
     <span class='ocr_line' id='line_1_73' title="bbox 2441 2880 2912 2937; baseline 0.004 -2"><span class='ocrx_word' id='word_1_498' title='bbox 2441 2880 2772 2936; x_wconf 77' lang='lat' dir='ltr'><strong>EPISTOLA</strong></span> <span class='ocrx_word' id='word_1_499' title='bbox 2804 2882 2912 2937; x_wconf 75' lang='lat' dir='ltr'><strong>VIII</strong></span> 
     </span>
    </p>
   </div>
   <div class='ocr_carea' id='block_1_72' title="bbox 1985 2977 3393 3029">
    <p class='ocr_par' dir='ltr' id='par_1_72' title="bbox 1985 2977 3393 3029">
     <span class='ocr_line' id='line_1_74' title="bbox 1985 2977 3393 3029; baseline 0.002 -5"><span class='ocrx_word' id='word_1_500' title='bbox 1985 2986 2051 3024; x_wconf 68' lang='lat' dir='ltr'><strong>sn</strong></span> <span class='ocrx_word' id='word_1_501' title='bbox 2097 2985 2348 3025; x_wconf 62' lang='lat' dir='ltr'><strong>ansarum</strong></span> <span class='ocrx_word' id='word_1_502' title='bbox 2387 2985 2647 3025; x_wconf 74' lang='grc' dir='ltr'>ειειιευιι</span> <span class='ocrx_word' id='word_1_503' title='bbox 2686 2987 2756 3025; x_wconf 78' lang='grc' dir='ltr'><strong>ετ</strong></span> <span class='ocrx_word' id='word_1_504' title='bbox 2795 2985 3075 3028; x_wconf 67' lang='lat' dir='ltr'><strong>amen-ru-</strong></span> <span class='ocrx_word' id='word_1_505' title='bbox 3112 2977 3393 3029; x_wconf 71' lang='grc' dir='ltr'><strong>υιλοοιευιι.</strong></span> 
     </span>
    </p>
   </div>
   <div class='ocr_carea' id='block_1_73' title="bbox 2493 3059 3096 3131">
    <p class='ocr_par' dir='ltr' id='par_1_73' title="bbox 2493 3059 3096 3131">
     <span class='ocr_line' id='line_1_75' title="bbox 2493 3059 3096 3131; baseline 0.003 -19"><span class='ocrx_word' id='word_1_506' title='bbox 2493 3059 2674 3131; x_wconf 84' lang='lat' dir='ltr'><strong>(Anno</strong></span> <span class='ocrx_word' id='word_1_507' title='bbox 2701 3059 2881 3130; x_wconf 75' lang='lat'><strong>1073.)</strong></span> <span class='ocrx_word' id='word_1_508' title='bbox 3091 3064 3096 3068; x_wconf 83' lang='grc'><strong>’</strong></span> 
     </span>
    </p>
   </div>
   <div class='ocr_carea' id='block_1_74' title="bbox 1919 3141 3472 3221">
    <p class='ocr_par' dir='ltr' id='par_1_74' title="bbox 1919 3141 3472 3221">
     <span class='ocr_line' id='line_1_76' title="bbox 1919 3141 3472 3221; baseline 0.002 -15"><span class='ocrx_word' id='word_1_509' title='bbox 1919 3151 2119 3206; x_wconf 83' lang='lat' dir='ltr'><strong>Eorum</strong></span> <span class='ocrx_word' id='word_1_510' title='bbox 2147 3141 2456 3221; x_wconf 72' lang='lat' dir='ltr'><strong>(cautionem</strong></span> <span class='ocrx_word' id='word_1_511' title='bbox 2489 3145 2798 3221; x_wconf 77' lang='lat' dir='ltr'><strong>conﬁrmat,</strong></span> <span class='ocrx_word' id='word_1_512' title='bbox 2845 3152 3086 3206; x_wconf 81' lang='lat' dir='ltr'><strong>hortatur</strong></span> <span class='ocrx_word' id='word_1_513' title='bbox 3117 3162 3174 3206; x_wconf 86' lang='lat' dir='ltr'><strong>ut</strong></span> <span class='ocrx_word' id='word_1_514' title='bbox 3211 3156 3472 3209; x_wconf 81' lang='lat' dir='ltr'><strong>orationes</strong></span> 
     </span>
    </p>
   </div>
   <div class='ocr_carea' id='block_1_75' title="bbox 2423 3223 2966 3292">
    <p class='ocr_par' dir='ltr' id='par_1_75' title="bbox 2423 3223 2966 3292">
     <span class='ocr_line' id='line_1_77' title="bbox 2423 3223 2966 3292; baseline 0.006 -18"><span class='ocrx_word' id='word_1_515' title='bbox 2423 3237 2518 3290; x_wconf 88' lang='lat' dir='ltr'><strong>pro</strong></span> <span class='ocrx_word' id='word_1_516' title='bbox 2543 3239 2596 3275; x_wconf 86' lang='lat' dir='ltr'><strong>sc</strong></span> <span class='ocrx_word' id='word_1_517' title='bbox 2619 3223 2738 3292; x_wconf 73' lang='lat' dir='ltr'><strong>fieri</strong></span> <span class='ocrx_word' id='word_1_518' title='bbox 2767 3233 2966 3277; x_wconf 78' lang='lat' dir='ltr'><strong>curent.</strong></span> 
     </span>
    </p>
   </div>
   <div class='ocr_carea' id='block_1_76' title="bbox 1981 3309 3474 3379">
    <p class='ocr_par' dir='ltr' id='par_1_76' title="bbox 1981 3309 3474 3379">
     <span class='ocr_line' id='line_1_78' title="bbox 1981 3309 3474 3379; baseline 0.003 -16"><span class='ocrx_word' id='word_1_519' title='bbox 1981 3309 2288 3363; x_wconf 74' lang='lat' dir='ltr'><strong>Gnaconws</strong></span> <span class='ocrx_word' id='word_1_520' title='bbox 2297 3309 2354 3362; x_wconf 92' lang='lat' dir='ltr'><strong>in</strong></span> <span class='ocrx_word' id='word_1_521' title='bbox 2374 3309 2680 3370; x_wconf 81' lang='lat' dir='ltr'><strong>Romanum</strong></span> <span class='ocrx_word' id='word_1_522' title='bbox 2697 3312 3474 3379; x_wconf 59' lang='lat' dir='ltr'><strong>pontiﬁcemelectusﬂanro</strong></span> 
     </span>
    </p>
   </div>
   <div class='ocr_carea' id='block_1_77' title="bbox 1912 3392 3472 3469">
    <p class='ocr_par' dir='ltr' id='par_1_77' title="bbox 1912 3392 3472 3469">
     <span class='ocr_line' id='line_1_79' title="bbox 1912 3392 3472 3469; baseline 0.003 -16"><span class='ocrx_word' id='word_1_523' title='bbox 1912 3399 2148 3466; x_wconf 90' lang='lat' dir='ltr'><strong>clerico,</strong></span> <span class='ocrx_word' id='word_1_524' title='bbox 2185 3408 2240 3453; x_wconf 91' lang='lat' dir='ltr'><strong>et</strong></span> <span class='ocrx_word' id='word_1_525' title='bbox 2282 3392 2538 3454; x_wconf 68' lang='lat' dir='ltr'><strong>Atssn&#39;ro</strong></span> <span class='ocrx_word' id='word_1_526' title='bbox 2579 3401 2840 3468; x_wconf 88' lang='lat' dir='ltr'><strong>diacono,</strong></span> <span class='ocrx_word' id='word_1_527' title='bbox 2881 3402 3112 3469; x_wconf 85' lang='lat' dir='ltr'><strong>salutem</strong></span> <span class='ocrx_word' id='word_1_528' title='bbox 3151 3403 3206 3457; x_wconf 91' lang='lat' dir='ltr'><strong>in</strong></span> <span class='ocrx_word' id='word_1_529' title='bbox 3240 3402 3472 3458; x_wconf 89' lang='lat' dir='ltr'><strong>Domino</strong></span> 
     </span>
    </p>
   </div>
   <div class='ocr_carea' id='block_1_78' title="bbox 1911 3486 2766 3550">
    <p class='ocr_par' dir='ltr' id='par_1_78' title="bbox 1911 3486 2766 3550">
     <span class='ocr_line' id='line_1_80' title="bbox 1911 3486 2766 3550; baseline -0.004 -8"><span class='ocrx_word' id='word_1_530' title='bbox 1911 3488 2039 3544; x_wconf 84' lang='lat' dir='ltr'><strong>Jesu</strong></span> <span class='ocrx_word' id='word_1_531' title='bbox 2060 3486 2299 3543; x_wconf 90' lang='lat' dir='ltr'><strong>Christo.</strong></span> <span class='ocrx_word' id='word_1_532' title='bbox 2763 3548 2766 3550; x_wconf 15' lang='grc' dir='ltr'>γ</span> 
     </span>
    </p>
   </div>
   <div class='ocr_carea' id='block_1_79' title="bbox 1978 3577 3476 3654">
    <p class='ocr_par' dir='ltr' id='par_1_79' title="bbox 1978 3577 3476 3654">
     <span class='ocr_line' id='line_1_81' title="bbox 1978 3577 3476 3654; baseline 0.005 -20"><span class='ocrx_word' id='word_1_533' title='bbox 1978 3577 2199 3634; x_wconf 87' lang='lat' dir='ltr'><strong>Obitum</strong></span> <span class='ocrx_word' id='word_1_534' title='bbox 2222 3578 2427 3633; x_wconf 91' lang='lat' dir='ltr'><strong>domini</strong></span> <span class='ocrx_word' id='word_1_535' title='bbox 2452 3577 2740 3634; x_wconf 76' lang='lat' dir='ltr'><strong>Alexandri</strong></span> <span class='ocrx_word' id='word_1_536' title='bbox 2766 3595 2920 3652; x_wconf 64' lang='lat' dir='ltr'><strong>papae</strong></span> <span class='ocrx_word' id='word_1_537' title='bbox 2938 3581 3050 3652; x_wconf 90' lang='lat' dir='ltr'><strong>jam</strong></span> <span class='ocrx_word' id='word_1_538' title='bbox 3081 3596 3178 3638; x_wconf 88' lang='lat' dir='ltr'><strong>vos</strong></span> <span class='ocrx_word' id='word_1_539' title='bbox 3202 3583 3476 3654; x_wconf 83' lang='lat' dir='ltr'><strong>accepisse</strong></span> 
     </span>
    </p>
   </div>
   <div class='ocr_carea' id='block_1_80' title="bbox 1913 3671 3479 3745">
    <p class='ocr_par' dir='ltr' id='par_1_80' title="bbox 1913 3671 3479 3745">
     <span class='ocr_line' id='line_1_82' title="bbox 1913 3671 3479 3745; baseline 0.004 -20"><span class='ocrx_word' id='word_1_540' title='bbox 1913 3671 2058 3726; x_wconf 86' lang='lat' dir='ltr'><strong>fama</strong></span> <span class='ocrx_word' id='word_1_541' title='bbox 2083 3671 2369 3726; x_wconf 89' lang='lat' dir='ltr'><strong>nuntiante</strong></span> <span class='ocrx_word' id='word_1_542' title='bbox 2398 3673 2692 3738; x_wconf 83' lang='lat' dir='ltr'><strong>credimus,</strong></span> <span class='ocrx_word' id='word_1_543' title='bbox 2716 3682 2770 3727; x_wconf 89' lang='lat' dir='ltr'><strong>et</strong></span> <span class='ocrx_word' id='word_1_544' title='bbox 2790 3689 2954 3743; x_wconf 90' lang='lat' dir='ltr'><strong>quam</strong></span> <span class='ocrx_word' id='word_1_545' title='bbox 2978 3682 3218 3744; x_wconf 88' lang='lat' dir='ltr'><strong>repente,</strong></span> <span class='ocrx_word' id='word_1_546' title='bbox 3241 3683 3479 3745; x_wconf 83' lang='lat' dir='ltr'><strong>quanta-</strong></span> 
     </span>
    </p>
   </div>
   <div class='ocr_carea' id='block_1_81' title="bbox 1913 3763 3475 3835">
    <p class='ocr_par' dir='ltr' id='par_1_81' title="bbox 1913 3763 3475 3835">
     <span class='ocr_line' id='line_1_83' title="bbox 1913 3763 3475 3835; baseline 0.005 -20"><span class='ocrx_word' id='word_1_547' title='bbox 1913 3778 2020 3832; x_wconf 90' lang='lat' dir='ltr'><strong>que</strong></span> <span class='ocrx_word' id='word_1_548' title='bbox 2059 3764 2242 3831; x_wconf 89' lang='lat' dir='ltr'><strong>populi</strong></span> <span class='ocrx_word' id='word_1_549' title='bbox 2278 3763 2537 3818; x_wconf 87' lang='lat' dir='ltr'><strong>violentia</strong></span> <span class='ocrx_word' id='word_1_550' title='bbox 2577 3780 2678 3819; x_wconf 86' lang='lat' dir='ltr'><strong>nos</strong></span> <span class='ocrx_word' id='word_1_551' title='bbox 2718 3765 2924 3835; x_wconf 75' lang='lat' dir='ltr'><strong>indigni</strong></span> <span class='ocrx_word' id='word_1_552' title='bbox 2962 3774 3018 3820; x_wconf 90' lang='lat' dir='ltr'><strong>et</strong></span> <span class='ocrx_word' id='word_1_553' title='bbox 3056 3767 3475 3823; x_wconf 81' lang='lat' dir='ltr'><strong>reluctantesad</strong></span> 
     </span>
    </p>
   </div>
   <div class='ocr_carea' id='block_1_82' title="bbox 1912 3851 3476 3926">
    <p class='ocr_par' dir='ltr' id='par_1_82' title="bbox 1912 3851 3476 3926">
     <span class='ocr_line' id='line_1_84' title="bbox 1912 3851 3476 3926; baseline 0.001 -19"><span class='ocrx_word' id='word_1_554' title='bbox 1912 3851 2152 3923; x_wconf 89' lang='lat' dir='ltr'><strong>regimen</strong></span> <span class='ocrx_word' id='word_1_555' title='bbox 2184 3853 2496 3922; x_wconf 65' lang='lat' dir='ltr'><strong>apostolica:</strong></span> <span class='ocrx_word' id='word_1_556' title='bbox 2528 3855 2681 3911; x_wconf 81' lang='lat' dir='ltr'><strong>sedis</strong></span> <span class='ocrx_word' id='word_1_557' title='bbox 2696 3855 2789 3908; x_wconf 84' lang='lat' dir='ltr'><strong>lati</strong></span> <span class='ocrx_word' id='word_1_558' title='bbox 2826 3854 2998 3926; x_wconf 77' lang='lat' dir='ltr'><strong>[forte</strong></span> <span class='ocrx_word' id='word_1_559' title='bbox 3031 3856 3176 3910; x_wconf 89' lang='lat' dir='ltr'><strong>elati.</strong></span> <span class='ocrx_word' id='word_1_560' title='bbox 3203 3855 3373 3910; x_wconf 68' lang='lat' dir='ltr'><strong>iisan.</strong></span> <span class='ocrx_word' id='word_1_561' title='bbox 3423 3866 3476 3911; x_wconf 82' lang='lat' dir='ltr'><strong>et</strong></span> 
     </span>
    </p>
   </div>
   <div class='ocr_carea' id='block_1_83' title="bbox 1914 3941 3479 4015">
    <p class='ocr_par' dir='ltr' id='par_1_83' title="bbox 1914 3941 3479 4015">
     <span class='ocr_line' id='line_1_85' title="bbox 1914 3941 3479 4015; baseline 0.003 -19"><span class='ocrx_word' id='word_1_562' title='bbox 1914 3941 2116 3998; x_wconf 75' lang='lat' dir='ltr'><strong>Mu&#39;rnv.</strong></span> <span class='ocrx_word' id='word_1_563' title='bbox 2143 3941 2367 4015; x_wconf 89' lang='lat' dir='ltr'><strong>sublati]</strong></span> <span class='ocrx_word' id='word_1_564' title='bbox 2391 3959 2582 3999; x_wconf 57' lang='lat' dir='ltr'><strong>sumus</strong></span> <span class='ocrx_word' id='word_1_565' title='bbox 2654 3945 2759 3998; x_wconf 68' lang='lat' dir='ltr'><strong>Sed</strong></span> <span class='ocrx_word' id='word_1_566' title='bbox 2804 3959 2872 3999; x_wconf 92' lang='lat' dir='ltr'><strong>ne</strong></span> <span class='ocrx_word' id='word_1_567' title='bbox 2901 3952 3128 4000; x_wconf 87' lang='lat' dir='ltr'><strong>eventus</strong></span> <span class='ocrx_word' id='word_1_568' title='bbox 3164 3946 3358 4000; x_wconf 89' lang='lat' dir='ltr'><strong>barum</strong></span> <span class='ocrx_word' id='word_1_569' title='bbox 3391 3961 3479 4001; x_wconf 86' lang='lat' dir='ltr'><strong>re-</strong></span> 
     </span>
    </p>
   </div>
   <div class='ocr_carea' id='block_1_84' title="bbox 1912 4037 3477 4110">
    <p class='ocr_par' dir='ltr' id='par_1_84' title="bbox 1912 4037 3477 4110">
     <span class='ocr_line' id='line_1_86' title="bbox 1912 4037 3477 4110; baseline 0.004 -19"><span class='ocrx_word' id='word_1_570' title='bbox 1912 4052 2034 4091; x_wconf 88' lang='lat' dir='ltr'><strong>rum</strong></span> <span class='ocrx_word' id='word_1_571' title='bbox 2069 4037 2281 4105; x_wconf 86' lang='lat' dir='ltr'><strong>animos</strong></span> <span class='ocrx_word' id='word_1_572' title='bbox 2305 4046 2518 4094; x_wconf 89' lang='lat' dir='ltr'><strong>vestros</strong></span> <span class='ocrx_word' id='word_1_573' title='bbox 2545 4038 2598 4092; x_wconf 90' lang='lat' dir='ltr'><strong>in</strong></span> <span class='ocrx_word' id='word_1_574' title='bbox 2640 4039 2982 4110; x_wconf 87' lang='lat' dir='ltr'><strong>exsequenda</strong></span> <span class='ocrx_word' id='word_1_575' title='bbox 3006 4040 3159 4096; x_wconf 85' lang='lat' dir='ltr'><strong>vobis</strong></span> <span class='ocrx_word' id='word_1_576' title='bbox 3187 4041 3477 4097; x_wconf 80' lang='lat' dir='ltr'><strong>commissa</strong></span> 
     </span>
    </p>
   </div>
   <div class='ocr_carea' id='block_1_85' title="bbox 1913 4122 3477 4198">
    <p class='ocr_par' dir='ltr' id='par_1_85' title="bbox 1913 4122 3477 4198">
     <span class='ocr_line' id='line_1_87' title="bbox 1913 4122 3477 4198; baseline 0.002 -17"><span class='ocrx_word' id='word_1_577' title='bbox 1913 4125 2180 4198; x_wconf 71' lang='lat' dir='ltr'><strong>legatione</strong></span> <span class='ocrx_word' id='word_1_578' title='bbox 2201 4137 2296 4181; x_wconf 90' lang='lat' dir='ltr'><strong>aut</strong></span> <span class='ocrx_word' id='word_1_579' title='bbox 2326 4128 2518 4182; x_wconf 89' lang='lat' dir='ltr'><strong>timore</strong></span> <span class='ocrx_word' id='word_1_580' title='bbox 2543 4143 2638 4183; x_wconf 93' lang='lat' dir='ltr'><strong>seu</strong></span> <span class='ocrx_word' id='word_1_581' title='bbox 2671 4129 2851 4198; x_wconf 82' lang='lat' dir='ltr'><strong>aliqua</strong></span> <span class='ocrx_word' id='word_1_582' title='bbox 2871 4122 3224 4198; x_wconf 76' lang='lat' dir='ltr'><strong>ambiguitate</strong></span> <span class='ocrx_word' id='word_1_583' title='bbox 3255 4137 3477 4198; x_wconf 86' lang='lat' dir='ltr'><strong>perten-</strong></span> 
     </span>
    </p>
   </div>
   <div class='ocr_carea' id='block_1_86' title="bbox 1915 4207 3477 4286">
    <p class='ocr_par' dir='ltr' id='par_1_86' title="bbox 1915 4207 3477 4286">
     <span class='ocr_line' id='line_1_88' title="bbox 1915 4207 3477 4286; baseline 0 -12"><span class='ocrx_word' id='word_1_584' title='bbox 1915 4226 2010 4284; x_wconf 83' lang='lat' dir='ltr'><strong>tet,</strong></span> <span class='ocrx_word' id='word_1_585' title='bbox 2034 4219 2102 4273; x_wconf 88' lang='lat' dir='ltr'><strong>ad</strong></span> <span class='ocrx_word' id='word_1_586' title='bbox 2129 4218 2546 4279; x_wconf 80' lang='lat' dir='ltr'><strong>confortandam</strong></span> <span class='ocrx_word' id='word_1_587' title='bbox 2577 4218 2895 4273; x_wconf 86' lang='lat' dir='ltr'><strong>charitatem</strong></span> <span class='ocrx_word' id='word_1_588' title='bbox 2927 4207 3162 4286; x_wconf 84' lang='lat' dir='ltr'><strong>vestram</strong></span> <span class='ocrx_word' id='word_1_589' title='bbox 3198 4219 3314 4274; x_wconf 64' lang='lat' dir='ltr'><strong>haec</strong></span> <span class='ocrx_word' id='word_1_590' title='bbox 3351 4234 3477 4275; x_wconf 85' lang='lat' dir='ltr'><strong>suc—</strong></span> 
     </span>
    </p>
   </div>
   <div class='ocr_carea' id='block_1_87' title="bbox 1912 4302 3474 4377">
    <p class='ocr_par' dir='ltr' id='par_1_87' title="bbox 1912 4302 3474 4377">
     <span class='ocr_line' id='line_1_89' title="bbox 1912 4302 3474 4377; baseline 0.002 -14"><span class='ocrx_word' id='word_1_591' title='bbox 1912 4308 2089 4363; x_wconf 89' lang='lat' dir='ltr'><strong>cincte</strong></span> <span class='ocrx_word' id='word_1_592' title='bbox 2111 4302 2634 4377; x_wconf 75' lang='lat' dir='ltr'><strong>vobis‘scripsimus,</strong></span> <span class='ocrx_word' id='word_1_593' title='bbox 2659 4316 2720 4362; x_wconf 89' lang='lat' dir='ltr'><strong>ut</strong></span> <span class='ocrx_word' id='word_1_594' title='bbox 2739 4323 2957 4364; x_wconf 90' lang='lat' dir='ltr'><strong>omnem</strong></span> <span class='ocrx_word' id='word_1_595' title='bbox 2979 4307 3035 4362; x_wconf 85' lang='lat' dir='ltr'><strong>in</strong></span> <span class='ocrx_word' id='word_1_596' title='bbox 3064 4307 3174 4364; x_wconf 89' lang='lat' dir='ltr'><strong>Deo</strong></span> <span class='ocrx_word' id='word_1_597' title='bbox 3205 4316 3260 4364; x_wconf 90' lang='lat' dir='ltr'><strong>et</strong></span> <span class='ocrx_word' id='word_1_598' title='bbox 3282 4317 3474 4366; x_wconf 86' lang='lat' dir='ltr'><strong>sancto</strong></span> 
     </span>
    </p>
   </div>
   <div class='ocr_carea' id='block_1_88' title="bbox 1912 4388 3476 4473">
    <p class='ocr_par' dir='ltr' id='par_1_88' title="bbox 1912 4388 3476 4473">
     <span class='ocr_line' id='line_1_90' title="bbox 1912 4388 3476 4473; baseline 0.003 -21"><span class='ocrx_word' id='word_1_599' title='bbox 1912 4398 2095 4467; x_wconf 87' lang='lat' dir='ltr'><strong>Petro,</strong></span> <span class='ocrx_word' id='word_1_600' title='bbox 2123 4401 2281 4470; x_wconf 91' lang='lat' dir='ltr'><strong>cujus</strong></span> <span class='ocrx_word' id='word_1_601' title='bbox 2305 4388 2477 4455; x_wconf 22' lang='lat' dir='ltr'><strong>ﬁlii-et</strong></span> <span class='ocrx_word' id='word_1_602' title='bbox 2509 4400 2669 4472; x_wconf 82' lang='lat' dir='ltr'><strong>legati</strong></span> <span class='ocrx_word' id='word_1_603' title='bbox 2700 4401 2863 4473; x_wconf 85' lang='lat' dir='ltr'><strong>estis,</strong></span> <span class='ocrx_word' id='word_1_604' title='bbox 2891 4400 3148 4456; x_wconf 87' lang='lat' dir='ltr'><strong>ﬁduciam</strong></span> <span class='ocrx_word' id='word_1_605' title='bbox 3179 4401 3476 4473; x_wconf 81' lang='lat' dir='ltr'><strong>habentes,</strong></span> 
     </span>
    </p>
   </div>
   <div class='ocr_carea' id='block_1_89' title="bbox 1915 4491 3479 4562">
    <p class='ocr_par' dir='ltr' id='par_1_89' title="bbox 1915 4491 3479 4562">
     <span class='ocr_line' id='line_1_91' title="bbox 1915 4491 3479 4562; baseline 0.001 -16"><span class='ocrx_word' id='word_1_606' title='bbox 1915 4491 1981 4546; x_wconf 90' lang='lat' dir='ltr'><strong>ad</strong></span> <span class='ocrx_word' id='word_1_607' title='bbox 2010 4508 2132 4562; x_wconf 67' lang='lat' dir='ltr'><strong>qua:</strong></span> <span class='ocrx_word' id='word_1_608' title='bbox 2153 4491 2307 4548; x_wconf 90' lang='lat' dir='ltr'><strong>missi</strong></span> <span class='ocrx_word' id='word_1_609' title='bbox 2331 4493 2482 4559; x_wconf 90' lang='lat' dir='ltr'><strong>estis,</strong></span> <span class='ocrx_word' id='word_1_610' title='bbox 2519 4494 2746 4548; x_wconf 90' lang='lat' dir='ltr'><strong>viriliter</strong></span> <span class='ocrx_word' id='word_1_611' title='bbox 2775 4501 2829 4548; x_wconf 91' lang='lat' dir='ltr'><strong>et</strong></span> <span class='ocrx_word' id='word_1_612' title='bbox 2857 4493 3479 4562; x_wconf 60' lang='lat' dir='ltr'><strong>incunctanter&#39;aposto-</strong></span> 
     </span>
    </p>
   </div>
   <div class='ocr_carea' id='block_1_90' title="bbox 260 4556 3476 4648">
    <p class='ocr_par' dir='ltr' id='par_1_90' title="bbox 260 4556 3476 4648">
     <span class='ocr_line' id='line_1_92' title="bbox 260 4556 3476 4648; baseline 0.003 -22"><span class='ocrx_word' id='word_1_613' title='bbox 260 4556 402 4626; x_wconf 68' lang='grc' dir='ltr'><strong>(ῧοα</strong></span> <span class='ocrx_word' id='word_1_614' title='bbox 424 4560 517 4617; x_wconf 67' lang='lat' dir='ltr'><strong>diu</strong></span> <span class='ocrx_word' id='word_1_615' title='bbox 540 4577 574 4618; x_wconf 72' lang='grc'>³</span> <span class='ocrx_word' id='word_1_616' title='bbox 610 4564 837 4634; x_wconf 67' lang='grc' dir='ltr'><strong>μειηίε</strong></span> <span class='ocrx_word' id='word_1_617' title='bbox 889 4565 962 4621; x_wconf 67' lang='grc' dir='ltr'><strong>δίε</strong></span> <span class='ocrx_word' id='word_1_618' title='bbox 995 4568 1343 4637; x_wconf 50' lang='lat' dir='ltr'><strong>malum!!!)</strong></span> <span class='ocrx_word' id='word_1_619' title='bbox 1378 4569 1495 4639; x_wconf 81' lang='lat' dir='ltr'><strong>lese</strong></span> <span class='ocrx_word' id='word_1_620' title='bbox 1519 4577 1696 4624; x_wconf 60' lang='lat' dir='ltr'><strong>&quot;lmen</strong></span> <span class='ocrx_word' id='word_1_621' title='bbox 1717 4571 1808 4640; x_wconf 79' lang='lat' dir='ltr'><strong>ill-</strong></span> <span class='ocrx_word' id='word_1_622' title='bbox 1839 4565 1884 4621; x_wconf 82' lang='grc' dir='ltr'><strong>Ῑ)</strong></span> <span class='ocrx_word' id='word_1_623' title='bbox 1909 4556 2176 4636; x_wconf 53' lang='lat' dir='ltr'><strong>lica-vice</strong></span> <span class='ocrx_word' id='word_1_624' title='bbox 2226 4556 2556 4646; x_wconf 86' lang='lat' dir='ltr'><strong>fulciamini,</strong></span> <span class='ocrx_word' id='word_1_625' title='bbox 2599 4589 2654 4634; x_wconf 88' lang='lat' dir='ltr'><strong>et</strong></span> <span class='ocrx_word' id='word_1_626' title='bbox 2701 4581 2754 4633; x_wconf 90' lang='lat' dir='ltr'><strong>in</strong></span> <span class='ocrx_word' id='word_1_627' title='bbox 2795 4579 3041 4633; x_wconf 89' lang='lat' dir='ltr'><strong>facienda</strong></span> <span class='ocrx_word' id='word_1_628' title='bbox 3079 4556 3306 4648; x_wconf 40' lang='lat' dir='ltr'><strong>justitia-</strong></span> <span class='ocrx_word' id='word_1_629' title='bbox 3331 4580 3476 4636; x_wconf 91' lang='lat' dir='ltr'><strong>ﬁdeli</strong></span> 
     </span>
    </p>
   </div>
   <div class='ocr_carea' id='block_1_91' title="bbox 258 4653 1814 4733">
    <p class='ocr_par' dir='ltr' id='par_1_91' title="bbox 258 4653 1814 4733">
     <span class='ocr_line' id='line_1_93' title="bbox 258 4653 1814 4733; baseline 0.006 -28"><span class='ocrx_word' id='word_1_630' title='bbox 258 4653 412 4708; x_wconf 65' lang='lat' dir='ltr'><strong>stitia</strong></span> <span class='ocrx_word' id='word_1_631' title='bbox 433 4670 544 4711; x_wconf 88' lang='lat' dir='ltr'><strong>non</strong></span> <span class='ocrx_word' id='word_1_632' title='bbox 567 4664 830 4712; x_wconf 88' lang='lat' dir='ltr'><strong>evacuata</strong></span> <span class='ocrx_word' id='word_1_633' title='bbox 852 4700 867 4725; x_wconf 83' lang='lat'><strong>,</strong></span> <span class='ocrx_word' id='word_1_634' title='bbox 903 4657 1038 4713; x_wconf 88' lang='lat' dir='ltr'><strong>nulli</strong></span> <span class='ocrx_word' id='word_1_635' title='bbox 1070 4659 1405 4726; x_wconf 89' lang='lat' dir='ltr'><strong>mortalium,</strong></span> <span class='ocrx_word' id='word_1_636' title='bbox 1435 4660 1529 4716; x_wconf 90' lang='lat' dir='ltr'><strong>sed</strong></span> <span class='ocrx_word' id='word_1_637' title='bbox 1553 4662 1654 4715; x_wconf 88' lang='lat' dir='ltr'><strong>soli</strong></span> <span class='ocrx_word' id='word_1_638' title='bbox 1681 4679 1814 4733; x_wconf 82' lang='lat' dir='ltr'><strong>apo-</strong></span> 
     </span>
    </p>
   </div>
   <div class='ocr_carea' id='block_1_92' title="bbox 259 4742 1814 4817">
    <p class='ocr_par' dir='ltr' id='par_1_92' title="bbox 259 4742 1814 4817">
     <span class='ocr_line' id='line_1_94' title="bbox 259 4742 1814 4817; baseline 0.007 -22"><span class='ocrx_word' id='word_1_639' title='bbox 259 4742 456 4799; x_wconf 69' lang='lat' dir='ltr'><strong>stolicae</strong></span> <span class='ocrx_word' id='word_1_640' title='bbox 487 4745 606 4800; x_wconf 82' lang='lat' dir='ltr'><strong>sedi</strong></span> <span class='ocrx_word' id='word_1_641' title='bbox 634 4761 701 4799; x_wconf 89' lang='lat' dir='ltr'><strong>ex</strong></span> <span class='ocrx_word' id='word_1_642' title='bbox 733 4761 892 4815; x_wconf 63' lang='lat' dir='ltr'><strong>equo</strong></span> <span class='ocrx_word' id='word_1_643' title='bbox 923 4747 1213 4817; x_wconf 89' lang='lat' dir='ltr'><strong>pertinere.</strong></span> <span class='ocrx_word' id='word_1_644' title='bbox 1239 4747 1394 4815; x_wconf 84' lang='lat' dir='ltr'><strong>Quod</strong></span> <span class='ocrx_word' id='word_1_645' title='bbox 1418 4749 1564 4804; x_wconf 91' lang='lat' dir='ltr'><strong>enim</strong></span> <span class='ocrx_word' id='word_1_646' title='bbox 1589 4751 1814 4806; x_wconf 88' lang='lat' dir='ltr'><strong>auctore</strong></span> 
     </span>
    </p>
   </div>
   <div class='ocr_carea' id='block_1_93' title="bbox 260 4829 1814 4942">
    <p class='ocr_par' dir='ltr' id='par_1_93' title="bbox 260 4829 1814 4942">
     <span class='ocr_line' id='line_1_95' title="bbox 260 4829 1814 4942; baseline 0.005 -51"><span class='ocrx_word' id='word_1_647' title='bbox 260 4831 368 4936; x_wconf 76' lang='lat' dir='ltr'><strong>Deo</strong></span> <span class='ocrx_word' id='word_1_648' title='bbox 386 4837 553 4902; x_wconf 85' lang='lat' dir='ltr'><strong>semei</strong></span> <span class='ocrx_word' id='word_1_649' title='bbox 588 4837 643 4896; x_wconf 84' lang='lat' dir='ltr'><strong>in</strong></span> <span class='ocrx_word' id='word_1_650' title='bbox 668 4829 1011 4942; x_wconf 53' lang='lat' dir='ltr'><strong>proprietatis</strong></span> <span class='ocrx_word' id='word_1_651' title='bbox 1054 4841 1405 4897; x_wconf 88' lang='lat' dir='ltr'><strong>ecclesiarum</strong></span> <span class='ocrx_word' id='word_1_652' title='bbox 1435 4841 1583 4912; x_wconf 89' lang='lat' dir='ltr'><strong>jnste</strong></span> <span class='ocrx_word' id='word_1_653' title='bbox 1626 4857 1814 4914; x_wconf 79' lang='lat' dir='ltr'><strong>perve-</strong></span> 
     </span>
    </p>
   </div>
   <div class='ocr_carea' id='block_1_94' title="bbox 261 4925 1812 5018">
    <p class='ocr_par' dir='ltr' id='par_1_94' title="bbox 261 4925 1812 5018">
     <span class='ocr_line' id='line_1_96' title="bbox 261 4925 1812 5018; baseline 0.006 -38"><span class='ocrx_word' id='word_1_654' title='bbox 261 4925 395 5018; x_wconf 63' lang='lat' dir='ltr'><strong>perit</strong></span> <span class='ocrx_word' id='word_1_655' title='bbox 420 4967 435 4992; x_wconf 92' lang='lat'><strong>,</strong></span> <span class='ocrx_word' id='word_1_656' title='bbox 478 4935 733 5018; x_wconf 86' lang='lat' dir='ltr'><strong>manente</strong></span> <span class='ocrx_word' id='word_1_657' title='bbox 753 4925 856 5018; x_wconf 46' lang='lat' dir='ltr'><strong>eo}</strong></span> <span class='ocrx_word' id='word_1_658' title='bbox 903 4929 972 4984; x_wconf 89' lang='lat' dir='ltr'><strong>ab</strong></span> <span class='ocrx_word' id='word_1_659' title='bbox 1002 4945 1104 4986; x_wconf 90' lang='lat' dir='ltr'><strong>usu</strong></span> <span class='ocrx_word' id='word_1_660' title='bbox 1129 4931 1377 5002; x_wconf 90' lang='lat' dir='ltr'><strong>quidem,</strong></span> <span class='ocrx_word' id='word_1_661' title='bbox 1405 4932 1499 4988; x_wconf 89' lang='lat' dir='ltr'><strong>sed</strong></span> <span class='ocrx_word' id='word_1_662' title='bbox 1533 4933 1602 4988; x_wconf 92' lang='lat' dir='ltr'><strong>ab</strong></span> <span class='ocrx_word' id='word_1_663' title='bbox 1623 4949 1812 4991; x_wconf 91' lang='lat' dir='ltr'><strong>earum</strong></span> 
     </span>
    </p>
   </div>
   <div class='ocr_carea' id='block_1_95' title="bbox 259 5010 1812 5096">
    <p class='ocr_par' dir='ltr' id='par_1_95' title="bbox 259 5010 1812 5096">
     <span class='ocr_line' id='line_1_97' title="bbox 259 5010 1812 5096; baseline 0.01 -32"><span class='ocrx_word' id='word_1_664' title='bbox 259 5010 392 5077; x_wconf 87' lang='lat' dir='ltr'><strong>jure,</strong></span> <span class='ocrx_word' id='word_1_665' title='bbox 421 5015 709 5072; x_wconf 83' lang='lat' dir='ltr'><strong>occasione</strong></span> <span class='ocrx_word' id='word_1_666' title='bbox 741 5010 1079 5095; x_wconf 84' lang='lat' dir='ltr'><strong>transeuntis</strong></span> <span class='ocrx_word' id='word_1_667' title='bbox 1117 5021 1374 5093; x_wconf 87' lang='lat' dir='ltr'><strong>temporis</strong></span> <span class='ocrx_word' id='word_1_668' title='bbox 1392 5062 1407 5087; x_wconf 92' lang='lat'><strong>,</strong></span> <span class='ocrx_word' id='word_1_669' title='bbox 1434 5022 1552 5077; x_wconf 89' lang='lat' dir='ltr'><strong>sine</strong></span> <span class='ocrx_word' id='word_1_670' title='bbox 1575 5024 1812 5096; x_wconf 84' lang='lat' dir='ltr'><strong>legitima</strong></span> 
     </span>
    </p>
   </div>
   <div class='ocr_carea' id='block_1_96' title="bbox 264 5105 1813 5183">
    <p class='ocr_par' dir='ltr' id='par_1_96' title="bbox 264 5105 1813 5183">
     <span class='ocr_line' id='line_1_98' title="bbox 264 5105 1813 5183; baseline 0.01 -26"><span class='ocrx_word' id='word_1_671' title='bbox 264 5105 609 5175; x_wconf 84' lang='lat' dir='ltr'><strong>concessione</strong></span> <span class='ocrx_word' id='word_1_672' title='bbox 629 5106 808 5164; x_wconf 85' lang='lat' dir='ltr'><strong>divelli</strong></span> <span class='ocrx_word' id='word_1_673' title='bbox 839 5125 948 5164; x_wconf 91' lang='lat' dir='ltr'><strong>non</strong></span> <span class='ocrx_word' id='word_1_674' title='bbox 971 5114 1188 5180; x_wconf 88' lang='lat' dir='ltr'><strong>poterit.</strong></span> <span class='ocrx_word' id='word_1_675' title='bbox 1227 5112 1412 5183; x_wconf 87' lang='lat' dir='ltr'><strong>itaque</strong></span> <span class='ocrx_word' id='word_1_676' title='bbox 1447 5129 1631 5172; x_wconf 90' lang='lat' dir='ltr'><strong>comes</strong></span> <span class='ocrx_word' id='word_1_677' title='bbox 1667 5117 1813 5172; x_wconf 88' lang='lat' dir='ltr'><strong>Evn-</strong></span> 
     </span>
    </p>
   </div>
   <div class='ocr_carea' id='block_1_97' title="bbox 267 5190 1815 5273">
    <p class='ocr_par' dir='ltr' id='par_1_97' title="bbox 267 5190 1815 5273">
     <span class='ocr_line' id='line_1_99' title="bbox 267 5190 1815 5273; baseline 0.012 -28"><span class='ocrx_word' id='word_1_678' title='bbox 267 5190 346 5248; x_wconf 87' lang='lat' dir='ltr'><strong>lus</strong></span> <span class='ocrx_word' id='word_1_679' title='bbox 365 5193 614 5269; x_wconf 86' lang='lat' dir='ltr'><strong>[Evoius]</strong></span> <span class='ocrx_word' id='word_1_680' title='bbox 635 5196 702 5252; x_wconf 90' lang='lat' dir='ltr'><strong>de</strong></span> <span class='ocrx_word' id='word_1_681' title='bbox 728 5195 950 5268; x_wconf 75' lang='lat' dir='ltr'><strong>Roceio.</strong></span> <span class='ocrx_word' id='word_1_682' title='bbox 973 5202 1133 5271; x_wconf 89' lang='lat' dir='ltr'><strong>cujus</strong></span> <span class='ocrx_word' id='word_1_683' title='bbox 1158 5202 1359 5258; x_wconf 89' lang='lat' dir='ltr'><strong>famam</strong></span> <span class='ocrx_word' id='word_1_684' title='bbox 1381 5205 1525 5273; x_wconf 90' lang='lat' dir='ltr'><strong>apud</strong></span> <span class='ocrx_word' id='word_1_685' title='bbox 1546 5220 1646 5262; x_wconf 91' lang='lat' dir='ltr'><strong>vos</strong></span> <span class='ocrx_word' id='word_1_686' title='bbox 1670 5207 1815 5263; x_wconf 91' lang='lat' dir='ltr'><strong>haud</strong></span> 
     </span>
    </p>
   </div>
   <div class='ocr_carea' id='block_1_98' title="bbox 265 5281 1811 5358">
    <p class='ocr_par' dir='ltr' id='par_1_98' title="bbox 265 5281 1811 5358">
     <span class='ocr_line' id='line_1_100' title="bbox 265 5281 1811 5358; baseline 0.008 -21"><span class='ocrx_word' id='word_1_687' title='bbox 265 5281 544 5341; x_wconf 85' lang='lat' dir='ltr'><strong>obscuram</strong></span> <span class='ocrx_word' id='word_1_688' title='bbox 571 5303 693 5343; x_wconf 88' lang='lat' dir='ltr'><strong>esse</strong></span> <span class='ocrx_word' id='word_1_689' title='bbox 717 5297 971 5358; x_wconf 86' lang='lat' dir='ltr'><strong>putamus</strong></span> <span class='ocrx_word' id='word_1_690' title='bbox 993 5331 1009 5355; x_wconf 93' lang='lat'><strong>,</strong></span> <span class='ocrx_word' id='word_1_691' title='bbox 1038 5298 1239 5347; x_wconf 88' lang='lat' dir='ltr'><strong>terram</strong></span> <span class='ocrx_word' id='word_1_692' title='bbox 1277 5293 1422 5348; x_wconf 85' lang='lat' dir='ltr'><strong>illam</strong></span> <span class='ocrx_word' id='word_1_693' title='bbox 1447 5293 1514 5347; x_wconf 92' lang='lat' dir='ltr'><strong>ad</strong></span> <span class='ocrx_word' id='word_1_694' title='bbox 1550 5294 1811 5351; x_wconf 86' lang='lat' dir='ltr'><strong>honorem</strong></span> 
     </span>
    </p>
   </div>
   <div class='ocr_carea' id='block_1_99' title="bbox 268 5375 1814 5456">
    <p class='ocr_par' dir='ltr' id='par_1_99' title="bbox 268 5375 1814 5456">
     <span class='ocr_line' id='line_1_101' title="bbox 268 5375 1814 5456; baseline 0.008 -28"><span class='ocrx_word' id='word_1_695' title='bbox 268 5375 431 5430; x_wconf 87' lang='lat' dir='ltr'><strong>sancti</strong></span> <span class='ocrx_word' id='word_1_696' title='bbox 457 5375 604 5456; x_wconf 80' lang='lat' dir='ltr'><strong>Petri</strong></span> <span class='ocrx_word' id='word_1_697' title='bbox 646 5379 854 5455; x_wconf 86' lang='lat' dir='ltr'><strong>ingredi</strong></span> <span class='ocrx_word' id='word_1_698' title='bbox 879 5389 933 5436; x_wconf 89' lang='lat' dir='ltr'><strong>et</strong></span> <span class='ocrx_word' id='word_1_699' title='bbox 960 5397 1296 5453; x_wconf 86' lang='lat' dir='ltr'><strong>paganorum</strong></span> <span class='ocrx_word' id='word_1_700' title='bbox 1333 5383 1584 5440; x_wconf 88' lang='lat' dir='ltr'><strong>manibus</strong></span> <span class='ocrx_word' id='word_1_701' title='bbox 1607 5386 1814 5456; x_wconf 86' lang='lat' dir='ltr'><strong>eripere</strong></span> 
     </span>
    </p>
   </div>
   <div class='ocr_carea' id='block_1_100' title="bbox 267 5467 1813 5544">
    <p class='ocr_par' dir='ltr' id='par_1_100' title="bbox 267 5467 1813 5544">
     <span class='ocr_line' id='line_1_102' title="bbox 267 5467 1813 5544; baseline 0.009 -26"><span class='ocrx_word' id='word_1_702' title='bbox 267 5467 510 5536; x_wconf 86' lang='lat' dir='ltr'><strong>cupiens,</strong></span> <span class='ocrx_word' id='word_1_703' title='bbox 535 5469 682 5527; x_wconf 88' lang='lat' dir='ltr'><strong>hanc</strong></span> <span class='ocrx_word' id='word_1_704' title='bbox 709 5475 1116 5529; x_wconf 85' lang='lat' dir='ltr'><strong>concessionem</strong></span> <span class='ocrx_word' id='word_1_705' title='bbox 1146 5475 1216 5530; x_wconf 91' lang='lat' dir='ltr'><strong>ab</strong></span> <span class='ocrx_word' id='word_1_706' title='bbox 1235 5475 1534 5544; x_wconf 88' lang='lat' dir='ltr'><strong>apostolica</strong></span> <span class='ocrx_word' id='word_1_707' title='bbox 1560 5478 1686 5532; x_wconf 89' lang='lat' dir='ltr'><strong>sede</strong></span> <span class='ocrx_word' id='word_1_708' title='bbox 1716 5477 1813 5532; x_wconf 94' lang='lat' dir='ltr'><strong>ob-</strong></span> 
     </span>
    </p>
   </div>
   <div class='ocr_carea' id='block_1_101' title="bbox 269 5551 1816 5636">
    <p class='ocr_par' dir='ltr' id='par_1_101' title="bbox 269 5551 1816 5636">
     <span class='ocr_line' id='line_1_103' title="bbox 269 5551 1816 5636; baseline 0.008 -31"><span class='ocrx_word' id='word_1_709' title='bbox 269 5551 420 5611; x_wconf 89' lang='lat' dir='ltr'><strong>tinuit</strong></span> <span class='ocrx_word' id='word_1_710' title='bbox 452 5567 511 5613; x_wconf 90' lang='lat' dir='ltr'><strong>nt</strong></span> <span class='ocrx_word' id='word_1_711' title='bbox 540 5569 768 5633; x_wconf 21' lang='lat' dir='ltr'><strong>partem,</strong></span> <span class='ocrx_word' id='word_1_712' title='bbox 789 5561 935 5616; x_wconf 85' lang='lat' dir='ltr'><strong>illam</strong></span> <span class='ocrx_word' id='word_1_713' title='bbox 975 5565 1115 5623; x_wconf 85' lang='lat' dir='ltr'><strong>unde</strong></span> <span class='ocrx_word' id='word_1_714' title='bbox 1149 5579 1387 5636; x_wconf 87' lang='lat' dir='ltr'><strong>paganos</strong></span> <span class='ocrx_word' id='word_1_715' title='bbox 1422 5579 1525 5620; x_wconf 90' lang='lat' dir='ltr'><strong>suo</strong></span> <span class='ocrx_word' id='word_1_716' title='bbox 1557 5566 1739 5620; x_wconf 90' lang='lat' dir='ltr'><strong>studio</strong></span> <span class='ocrx_word' id='word_1_717' title='bbox 1761 5571 1816 5618; x_wconf 90' lang='lat' dir='ltr'><strong>et</strong></span> 
     </span>
    </p>
   </div>
   <div class='ocr_carea' id='block_1_102' title="bbox 217 5642 1814 5724">
    <p class='ocr_par' dir='ltr' id='par_1_102' title="bbox 217 5642 1814 5724">
     <span class='ocr_line' id='line_1_104' title="bbox 217 5642 1814 5724; baseline 0.006 -26"><span class='ocrx_word' id='word_1_718' title='bbox 217 5652 230 5665; x_wconf 83' lang='lat'><strong>‘</strong></span> <span class='ocrx_word' id='word_1_719' title='bbox 270 5642 514 5714; x_wconf 80' lang='lat' dir='ltr'><strong>adjuncto</strong></span> <span class='ocrx_word' id='word_1_720' title='bbox 552 5648 658 5704; x_wconf 89' lang='lat' dir='ltr'><strong>sibi</strong></span> <span class='ocrx_word' id='word_1_721' title='bbox 692 5650 920 5706; x_wconf 87' lang='lat' dir='ltr'><strong>aliorum</strong></span> <span class='ocrx_word' id='word_1_722' title='bbox 951 5653 1152 5707; x_wconf 85' lang='lat' dir='ltr'><strong>auxilio</strong></span> <span class='ocrx_word' id='word_1_723' title='bbox 1174 5655 1440 5723; x_wconf 87' lang='lat' dir='ltr'><strong>expellere</strong></span> <span class='ocrx_word' id='word_1_724' title='bbox 1464 5663 1681 5724; x_wconf 90' lang='lat' dir='ltr'><strong>posset,</strong></span> <span class='ocrx_word' id='word_1_725' title='bbox 1711 5655 1814 5708; x_wconf 88' lang='lat' dir='ltr'><strong>sub</strong></span> 
     </span>
    </p>
   </div>
   <div class='ocr_carea' id='block_1_103' title="bbox 271 5733 1812 5816">
    <p class='ocr_par' dir='ltr' id='par_1_103' title="bbox 271 5733 1812 5816">
     <span class='ocr_line' id='line_1_105' title="bbox 271 5733 1812 5816; baseline 0.006 -28"><span class='ocrx_word' id='word_1_726' title='bbox 271 5733 568 5792; x_wconf 84' lang='lat' dir='ltr'><strong>conditione</strong></span> <span class='ocrx_word' id='word_1_727' title='bbox 598 5737 744 5793; x_wconf 91' lang='lat' dir='ltr'><strong>inter</strong></span> <span class='ocrx_word' id='word_1_728' title='bbox 765 5755 866 5797; x_wconf 91' lang='lat' dir='ltr'><strong>nos</strong></span> <span class='ocrx_word' id='word_1_729' title='bbox 887 5739 1040 5796; x_wconf 61' lang='lat' dir='ltr'><strong>facta:</strong></span> <span class='ocrx_word' id='word_1_730' title='bbox 1062 5745 1342 5812; x_wconf 74' lang='lat' dir='ltr'><strong>pactionis.</strong></span> <span class='ocrx_word' id='word_1_731' title='bbox 1354 5761 1423 5803; x_wconf 73' lang='lat' dir='ltr'><strong>ex</strong></span> <span class='ocrx_word' id='word_1_732' title='bbox 1448 5753 1601 5816; x_wconf 89' lang='lat' dir='ltr'><strong>parte</strong></span> <span class='ocrx_word' id='word_1_733' title='bbox 1626 5744 1812 5799; x_wconf 89' lang='lat' dir='ltr'><strong>Sancti</strong></span> 
     </span>
    </p>
   </div>
   <div class='ocr_carea' id='block_1_104' title="bbox 269 5820 1810 5906">
    <p class='ocr_par' dir='ltr' id='par_1_104' title="bbox 269 5820 1810 5906">
     <span class='ocr_line' id='line_1_106' title="bbox 269 5820 1810 5906; baseline 0.009 -30"><span class='ocrx_word' id='word_1_734' title='bbox 269 5820 401 5880; x_wconf 83' lang='lat' dir='ltr'><strong>Petri</strong></span> <span class='ocrx_word' id='word_1_735' title='bbox 423 5827 744 5898; x_wconf 87' lang='lat' dir='ltr'><strong>possideret.</strong></span> <span class='ocrx_word' id='word_1_736' title='bbox 783 5827 899 5895; x_wconf 85' lang='lat' dir='ltr'><strong>Qua</strong></span> <span class='ocrx_word' id='word_1_737' title='bbox 928 5830 981 5886; x_wconf 90' lang='lat' dir='ltr'><strong>in</strong></span> <span class='ocrx_word' id='word_1_738' title='bbox 1009 5847 1066 5886; x_wconf 90' lang='lat' dir='ltr'><strong>re</strong></span> <span class='ocrx_word' id='word_1_739' title='bbox 1089 5841 1143 5886; x_wconf 92' lang='lat' dir='ltr'><strong>et</strong></span> <span class='ocrx_word' id='word_1_740' title='bbox 1166 5833 1352 5890; x_wconf 88' lang='lat' dir='ltr'><strong>labore</strong></span> <span class='ocrx_word' id='word_1_741' title='bbox 1372 5835 1683 5906; x_wconf 90' lang='lat' dir='ltr'><strong>quicunque</strong></span> <span class='ocrx_word' id='word_1_742' title='bbox 1716 5851 1810 5890; x_wconf 88' lang='lat' dir='ltr'><strong>ve-</strong></span> 
     </span>
    </p>
   </div>
   <div class='ocr_carea' id='block_1_105' title="bbox 1914 4667 3478 4741">
    <p class='ocr_par' dir='ltr' id='par_1_105' title="bbox 1914 4667 3478 4741">
     <span class='ocr_line' id='line_1_107' title="bbox 1914 4667 3478 4741; baseline 0.003 -17"><span class='ocrx_word' id='word_1_743' title='bbox 1914 4671 2220 4725; x_wconf 88' lang='lat' dir='ltr'><strong>constantia</strong></span> <span class='ocrx_word' id='word_1_744' title='bbox 2259 4669 2644 4740; x_wconf 64' lang='lat' dir='ltr'><strong>faccingamini.</strong></span> <span class='ocrx_word' id='word_1_745' title='bbox 2694 4667 2826 4722; x_wconf 86' lang='lat' dir='ltr'><strong>Nam</strong></span> <span class='ocrx_word' id='word_1_746' title='bbox 2864 4677 2918 4724; x_wconf 86' lang='lat' dir='ltr'><strong>et</strong></span> <span class='ocrx_word' id='word_1_747' title='bbox 2945 4685 3011 4725; x_wconf 92' lang='lat' dir='ltr'><strong>ea</strong></span> <span class='ocrx_word' id='word_1_748' title='bbox 3062 4687 3185 4741; x_wconf 65' lang='lat' dir='ltr'><strong>quae</strong></span> <span class='ocrx_word' id='word_1_749' title='bbox 3228 4688 3257 4726; x_wconf 89' lang='lat' dir='ltr'><strong>a</strong></span> <span class='ocrx_word' id='word_1_750' title='bbox 3285 4671 3478 4728; x_wconf 66' lang='lat' dir='ltr'><strong>&#39;beatz</strong></span> 
     </span>
    </p>
   </div>
   <div class='ocr_carea' id='block_1_106' title="bbox 1914 4759 3476 4832">
    <p class='ocr_par' dir='ltr' id='par_1_106' title="bbox 1914 4759 3476 4832">
     <span class='ocr_line' id='line_1_108' title="bbox 1914 4759 3476 4832; baseline 0.002 -18"><span class='ocrx_word' id='word_1_751' title='bbox 1914 4761 2192 4814; x_wconf 76' lang='lat' dir='ltr'><strong>memoriae</strong></span> <span class='ocrx_word' id='word_1_752' title='bbox 2227 4761 2448 4813; x_wconf 89' lang='lat' dir='ltr'><strong>domino</strong></span> <span class='ocrx_word' id='word_1_753' title='bbox 2490 4767 2678 4814; x_wconf 90' lang='lat' dir='ltr'><strong>nostro</strong></span> <span class='ocrx_word' id='word_1_754' title='bbox 2704 4759 3014 4816; x_wconf 84' lang='lat' dir='ltr'><strong>Alexandro</strong></span> <span class='ocrx_word' id='word_1_755' title='bbox 3052 4778 3188 4832; x_wconf 87' lang='lat' dir='ltr'><strong>papa</strong></span> <span class='ocrx_word' id='word_1_756' title='bbox 3229 4762 3476 4830; x_wconf 80' lang='lat' dir='ltr'><strong>injuncta</strong></span> 
     </span>
    </p>
   </div>
   <div class='ocr_carea' id='block_1_107' title="bbox 1912 4849 3476 4922">
    <p class='ocr_par' dir='ltr' id='par_1_107' title="bbox 1912 4849 3476 4922">
     <span class='ocr_line' id='line_1_109' title="bbox 1912 4849 3476 4922; baseline 0.003 -19"><span class='ocrx_word' id='word_1_757' title='bbox 1912 4849 2069 4905; x_wconf 87' lang='lat' dir='ltr'><strong>vobis</strong></span> <span class='ocrx_word' id='word_1_758' title='bbox 2101 4857 2157 4904; x_wconf 91' lang='lat' dir='ltr'><strong>et</strong></span> <span class='ocrx_word' id='word_1_759' title='bbox 2179 4850 2475 4904; x_wconf 89' lang='lat' dir='ltr'><strong>commissa</strong></span> <span class='ocrx_word' id='word_1_760' title='bbox 2510 4860 2659 4918; x_wconf 91' lang='lat' dir='ltr'><strong>sunt,</strong></span> <span class='ocrx_word' id='word_1_761' title='bbox 2688 4868 2790 4907; x_wconf 92' lang='lat' dir='ltr'><strong>nos</strong></span> <span class='ocrx_word' id='word_1_762' title='bbox 2851 4867 3071 4922; x_wconf 90' lang='lat' dir='ltr'><strong>quoque</strong></span> <span class='ocrx_word' id='word_1_763' title='bbox 3095 4851 3347 4921; x_wconf 71' lang='lat' dir='ltr'><strong>praesenti</strong></span> <span class='ocrx_word' id='word_1_764' title='bbox 3375 4867 3476 4907; x_wconf 89' lang='lat' dir='ltr'><strong>au-</strong></span> 
     </span>
    </p>
   </div>
   <div class='ocr_carea' id='block_1_108' title="bbox 1913 4939 3480 5010">
    <p class='ocr_par' dir='ltr' id='par_1_108' title="bbox 1913 4939 3480 5010">
     <span class='ocr_line' id='line_1_110' title="bbox 1913 4939 3480 5010; baseline 0.003 -15"><span class='ocrx_word' id='word_1_765' title='bbox 1913 4939 2162 4995; x_wconf 90' lang='lat' dir='ltr'><strong>ctoritate</strong></span> <span class='ocrx_word' id='word_1_766' title='bbox 2196 4939 2552 5010; x_wconf 83' lang='lat' dir='ltr'><strong>iniungimus,</strong></span> <span class='ocrx_word' id='word_1_767' title='bbox 2580 4941 2913 5010; x_wconf 89' lang='lat' dir='ltr'><strong>ﬁrmiterque</strong></span> <span class='ocrx_word' id='word_1_768' title='bbox 2953 4941 3378 5009; x_wconf 89' lang='lat' dir='ltr'><strong>committimus,</strong></span> <span class='ocrx_word' id='word_1_769' title='bbox 3421 4941 3480 4998; x_wconf 81' lang='lat' dir='ltr'><strong>in</strong></span> 
     </span>
    </p>
   </div>
   <div class='ocr_carea' id='block_1_109' title="bbox 1912 5030 3483 5102">
    <p class='ocr_par' dir='ltr' id='par_1_109' title="bbox 1912 5030 3483 5102">
     <span class='ocr_line' id='line_1_111' title="bbox 1912 5030 3483 5102; baseline 0.004 -18"><span class='ocrx_word' id='word_1_770' title='bbox 1912 5030 2112 5100; x_wconf 88' lang='lat' dir='ltr'><strong>quibus</strong></span> <span class='ocrx_word' id='word_1_771' title='bbox 2146 5033 2465 5102; x_wconf 87' lang='lat' dir='ltr'><strong>peragendis</strong></span> <span class='ocrx_word' id='word_1_772' title='bbox 2494 5041 2555 5086; x_wconf 93' lang='lat' dir='ltr'><strong>ut</strong></span> <span class='ocrx_word' id='word_1_773' title='bbox 2580 5032 2784 5086; x_wconf 89' lang='lat' dir='ltr'><strong>monita</strong></span> <span class='ocrx_word' id='word_1_774' title='bbox 2810 5031 3037 5099; x_wconf 88' lang='lat' dir='ltr'><strong>damus,</strong></span> <span class='ocrx_word' id='word_1_775' title='bbox 3075 5033 3150 5088; x_wconf 90' lang='lat' dir='ltr'><strong>ita</strong></span> <span class='ocrx_word' id='word_1_776' title='bbox 3185 5034 3483 5090; x_wconf 78' lang='lat' dir='ltr'><strong>auxiliante</strong></span> 
     </span>
    </p>
   </div>
   <div class='ocr_carea' id='block_1_110' title="bbox 1915 5109 3480 5192">
    <p class='ocr_par' dir='ltr' id='par_1_110' title="bbox 1915 5109 3480 5192">
     <span class='ocr_line' id='line_1_112' title="bbox 1915 5109 3480 5192; baseline 0 -13"><span class='ocrx_word' id='word_1_777' title='bbox 1915 5109 2053 5188; x_wconf 78' lang='lat' dir='ltr'><strong>Deo,</strong></span> <span class='ocrx_word' id='word_1_778' title='bbox 2079 5122 2389 5192; x_wconf 69' lang='lat' dir='ltr'><strong>apostolicae</strong></span> <span class='ocrx_word' id='word_1_779' title='bbox 2425 5121 2816 5176; x_wconf 83' lang='lat' dir='ltr'><strong>consolationis</strong></span> <span class='ocrx_word' id='word_1_780' title='bbox 2837 5131 2892 5177; x_wconf 92' lang='lat' dir='ltr'><strong>et</strong></span> <span class='ocrx_word' id='word_1_781' title='bbox 2921 5125 3263 5180; x_wconf 85' lang='lat' dir='ltr'><strong>auctoritatis</strong></span> <span class='ocrx_word' id='word_1_782' title='bbox 3293 5123 3480 5179; x_wconf 80' lang='lat' dir='ltr'><strong>subsi-</strong></span> 
     </span>
    </p>
   </div>
   <div class='ocr_carea' id='block_1_111' title="bbox 1914 5211 3478 5284">
    <p class='ocr_par' dir='ltr' id='par_1_111' title="bbox 1914 5211 3478 5284">
     <span class='ocr_line' id='line_1_113' title="bbox 1914 5211 3478 5284; baseline 0.004 -18"><span class='ocrx_word' id='word_1_783' title='bbox 1914 5211 2002 5266; x_wconf 91' lang='lat' dir='ltr'><strong>dia</strong></span> <span class='ocrx_word' id='word_1_784' title='bbox 2035 5212 2280 5280; x_wconf 85' lang='lat' dir='ltr'><strong>vigilanti</strong></span> <span class='ocrx_word' id='word_1_785' title='bbox 2317 5211 2496 5266; x_wconf 86' lang='lat' dir='ltr'><strong>studio</strong></span> <span class='ocrx_word' id='word_1_786' title='bbox 2527 5211 2778 5268; x_wconf 86' lang='lat' dir='ltr'><strong>conferre</strong></span> <span class='ocrx_word' id='word_1_787' title='bbox 2811 5213 3246 5284; x_wconf 86' lang='lat' dir='ltr'><strong>procurabimus.</strong></span> <span class='ocrx_word' id='word_1_788' title='bbox 3275 5212 3350 5269; x_wconf 89' lang='lat' dir='ltr'><strong>De</strong></span> <span class='ocrx_word' id='word_1_789' title='bbox 3372 5229 3478 5272; x_wconf 64' lang='lat' dir='ltr'><strong>ce-</strong></span> 
     </span>
    </p>
   </div>
   <div class='ocr_carea' id='block_1_112' title="bbox 1913 5291 3477 5370">
    <p class='ocr_par' dir='ltr' id='par_1_112' title="bbox 1913 5291 3477 5370">
     <span class='ocr_line' id='line_1_114' title="bbox 1913 5291 3477 5370; baseline 0.001 -16"><span class='ocrx_word' id='word_1_790' title='bbox 1913 5313 2030 5355; x_wconf 87' lang='lat' dir='ltr'><strong>tero</strong></span> <span class='ocrx_word' id='word_1_791' title='bbox 2071 5317 2170 5355; x_wconf 90' lang='lat' dir='ltr'><strong>vos</strong></span> <span class='ocrx_word' id='word_1_792' title='bbox 2223 5316 2511 5356; x_wconf 88' lang='lat' dir='ltr'><strong>monemus</strong></span> <span class='ocrx_word' id='word_1_793' title='bbox 2542 5312 2603 5357; x_wconf 92' lang='lat' dir='ltr'><strong>ut</strong></span> <span class='ocrx_word' id='word_1_794' title='bbox 2656 5304 2710 5358; x_wconf 93' lang='lat' dir='ltr'><strong>in</strong></span> <span class='ocrx_word' id='word_1_795' title='bbox 2756 5305 2890 5358; x_wconf 90' lang='lat' dir='ltr'><strong>locis</strong></span> <span class='ocrx_word' id='word_1_796' title='bbox 2931 5291 3366 5370; x_wconf 85' lang='lat' dir='ltr'><strong>venerabilibus,</strong></span> <span class='ocrx_word' id='word_1_797' title='bbox 3410 5303 3477 5357; x_wconf 86' lang='lat' dir='ltr'><strong>ad</strong></span> 
     </span>
    </p>
   </div>
   <div class='ocr_carea' id='block_1_113' title="bbox 1914 5391 3474 5462">
    <p class='ocr_par' dir='ltr' id='par_1_113' title="bbox 1914 5391 3474 5462">
     <span class='ocr_line' id='line_1_115' title="bbox 1914 5391 3474 5462; baseline 0 -18"><span class='ocrx_word' id='word_1_798' title='bbox 1914 5405 2052 5460; x_wconf 86' lang='lat' dir='ltr'><strong>quos</strong></span> <span class='ocrx_word' id='word_1_799' title='bbox 2089 5391 2348 5447; x_wconf 88' lang='lat' dir='ltr'><strong>veneritis</strong></span> <span class='ocrx_word' id='word_1_800' title='bbox 2371 5435 2383 5457; x_wconf 93' lang='lat'><strong>,</strong></span> <span class='ocrx_word' id='word_1_801' title='bbox 2422 5394 2699 5447; x_wconf 85' lang='lat' dir='ltr'><strong>orationes</strong></span> <span class='ocrx_word' id='word_1_802' title='bbox 2738 5409 2841 5462; x_wconf 88' lang='lat' dir='ltr'><strong>pro</strong></span> <span class='ocrx_word' id='word_1_803' title='bbox 2857 5407 2960 5446; x_wconf 84' lang='lat' dir='ltr'><strong>-me</strong></span> <span class='ocrx_word' id='word_1_804' title='bbox 2995 5393 3112 5447; x_wconf 89' lang='lat' dir='ltr'><strong>ﬁeri</strong></span> <span class='ocrx_word' id='word_1_805' title='bbox 3150 5391 3474 5455; x_wconf 86' lang='lat' dir='ltr'><strong>obsecretis,</strong></span> 
     </span>
    </p>
   </div>
   <div class='ocr_carea' id='block_1_114' title="bbox 1913 5477 3471 5554">
    <p class='ocr_par' dir='ltr' id='par_1_114' title="bbox 1913 5477 3471 5554">
     <span class='ocr_line' id='line_1_116' title="bbox 1913 5477 3471 5554; baseline 0.003 -20"><span class='ocrx_word' id='word_1_806' title='bbox 1913 5492 2183 5552; x_wconf 89' lang='lat' dir='ltr'><strong>quatenus</strong></span> <span class='ocrx_word' id='word_1_807' title='bbox 2224 5485 2565 5552; x_wconf 88' lang='lat' dir='ltr'><strong>omnipotens</strong></span> <span class='ocrx_word' id='word_1_808' title='bbox 2598 5482 2772 5548; x_wconf 90' lang='lat' dir='ltr'><strong>Deus,</strong></span> <span class='ocrx_word' id='word_1_809' title='bbox 2810 5483 2902 5554; x_wconf 93' lang='lat' dir='ltr'><strong>qui</strong></span> <span class='ocrx_word' id='word_1_810' title='bbox 2938 5477 3264 5539; x_wconf 88' lang='lat' dir='ltr'><strong>desiderium</strong></span> <span class='ocrx_word' id='word_1_811' title='bbox 3289 5498 3471 5538; x_wconf 89' lang='lat' dir='ltr'><strong>meum</strong></span> 
     </span>
    </p>
   </div>
   <div class='ocr_carea' id='block_1_115' title="bbox 1913 5565 3472 5642">
    <p class='ocr_par' dir='ltr' id='par_1_115' title="bbox 1913 5565 3472 5642">
     <span class='ocr_line' id='line_1_117' title="bbox 1913 5565 3472 5642; baseline 0 -16"><span class='ocrx_word' id='word_1_812' title='bbox 1913 5588 2194 5642; x_wconf 88' lang='lat' dir='ltr'><strong>nunquam</strong></span> <span class='ocrx_word' id='word_1_813' title='bbox 2230 5565 2297 5626; x_wconf 90' lang='lat' dir='ltr'><strong>ad</strong></span> <span class='ocrx_word' id='word_1_814' title='bbox 2334 5575 2597 5626; x_wconf 88' lang='lat' dir='ltr'><strong>honorem</strong></span> <span class='ocrx_word' id='word_1_815' title='bbox 2638 5573 2803 5628; x_wconf 88' lang='lat' dir='ltr'><strong>istum</strong></span> <span class='ocrx_word' id='word_1_816' title='bbox 2842 5572 3124 5629; x_wconf 85' lang='lat' dir='ltr'><strong>anhelasse</strong></span> <span class='ocrx_word' id='word_1_817' title='bbox 3157 5573 3472 5641; x_wconf 83' lang='lat' dir='ltr'><strong>cognoscit,</strong></span> 
     </span>
    </p>
   </div>
   <div class='ocr_carea' id='block_1_116' title="bbox 1913 5662 3475 5734">
    <p class='ocr_par' dir='ltr' id='par_1_116' title="bbox 1913 5662 3475 5734">
     <span class='ocr_line' id='line_1_118' title="bbox 1913 5662 3475 5734; baseline 0.003 -18"><span class='ocrx_word' id='word_1_818' title='bbox 1913 5663 1979 5717; x_wconf 91' lang='lat' dir='ltr'><strong>ad</strong></span> <span class='ocrx_word' id='word_1_819' title='bbox 2003 5662 2282 5717; x_wconf 90' lang='lat' dir='ltr'><strong>ferendum</strong></span> <span class='ocrx_word' id='word_1_820' title='bbox 2319 5671 2428 5716; x_wconf 87' lang='lat' dir='ltr'><strong>tam</strong></span> <span class='ocrx_word' id='word_1_821' title='bbox 2453 5679 2615 5732; x_wconf 84' lang='lat' dir='ltr'><strong>grave</strong></span> <span class='ocrx_word' id='word_1_822' title='bbox 2647 5681 2806 5732; x_wconf 89' lang='lat' dir='ltr'><strong>onus,</strong></span> <span class='ocrx_word' id='word_1_823' title='bbox 2848 5665 2991 5734; x_wconf 91' lang='lat' dir='ltr'><strong>quod</strong></span> <span class='ocrx_word' id='word_1_824' title='bbox 3016 5665 3329 5732; x_wconf 86' lang='lat' dir='ltr'><strong>impositum</strong></span> <span class='ocrx_word' id='word_1_825' title='bbox 3355 5669 3475 5734; x_wconf 84' lang='lat' dir='ltr'><strong>ejus</strong></span> 
     </span>
    </p>
   </div>
   <div class='ocr_carea' id='block_1_117' title="bbox 1913 5742 3473 5810">
    <p class='ocr_par' dir='ltr' id='par_1_117' title="bbox 1913 5742 3473 5810">
     <span class='ocr_line' id='line_1_119' title="bbox 1913 5742 3473 5810; baseline 0.004 -7"><span class='ocrx_word' id='word_1_826' title='bbox 1913 5751 2106 5804; x_wconf 81' lang='lat' dir='ltr'><strong>timore</strong></span> <span class='ocrx_word' id='word_1_827' title='bbox 2127 5765 2381 5807; x_wconf 86' lang='lat' dir='ltr'><strong>recusare</strong></span> <span class='ocrx_word' id='word_1_828' title='bbox 2399 5742 2515 5805; x_wconf 54' lang='lat' dir='ltr'><strong>&#39;non</strong></span> <span class='ocrx_word' id='word_1_829' title='bbox 2545 5755 2808 5808; x_wconf 88' lang='lat' dir='ltr'><strong>audebam</strong></span> <span class='ocrx_word' id='word_1_830' title='bbox 2861 5768 3051 5808; x_wconf 91' lang='lat' dir='ltr'><strong>omnes</strong></span> <span class='ocrx_word' id='word_1_831' title='bbox 3074 5753 3357 5809; x_wconf 83' lang='lat' dir='ltr'><strong>facultates</strong></span> <span class='ocrx_word' id='word_1_832' title='bbox 3390 5755 3473 5810; x_wconf 84' lang='lat' dir='ltr'><strong>in-</strong></span> 
     </span>
    </p>
   </div>
   <div class='ocr_carea' id='block_1_118' title="bbox 1914 5836 2772 5894">
    <p class='ocr_par' dir='ltr' id='par_1_118' title="bbox 1914 5836 2772 5894">
     <span class='ocr_line' id='line_1_120' title="bbox 1914 5836 2772 5894; baseline 0.005 -4"><span class='ocrx_word' id='word_1_833' title='bbox 1914 5836 2153 5890; x_wconf 90' lang='lat' dir='ltr'><strong>ﬁrmitati</strong></span> <span class='ocrx_word' id='word_1_834' title='bbox 2180 5855 2313 5894; x_wconf 73' lang='lat' dir='ltr'><strong>meze</strong></span> <span class='ocrx_word' id='word_1_835' title='bbox 2337 5839 2457 5894; x_wconf 69' lang='lat' dir='ltr'><strong>nius</strong></span> <span class='ocrx_word' id='word_1_836' title='bbox 2481 5840 2772 5894; x_wconf 87' lang='lat' dir='ltr'><strong>imoendat.</strong></span> 
     </span>
    </p>
   </div>
  </div>
