4098 6440
427 447 523 500 9.0!

1070 437 1125 488 s.
1169 392 1492 488 stateem:
1535 428 1623 480 vn
1661 424 1862 480 mea;
1903 421 2186 479 ornatum
2225 419 2407 474 rans
2443 417 2483 472 t.
2525 448 2591 457 —
2631 413 3048 472 REGISTRL’M.

3572 413 3695 468 9.92

505 559 635 611 Data
676 555 862 608 R'unm
900 569 935 604 ιι
973 550 1242 604 Kalendas
1290 546 1447 612 Maii,
1498 543 1795 598 indictione
1841 539 2010 593 unde-
2038 546 2084 601 Α
2111 535 2420 599 dilectione,
2447 531 2805 601 omnipotenti
2839 539 3019 584 autem
3048 527 3155 583 Deo
3178 541 3275 598 pro
3297 535 3447 582 tanto
3474 527 3699 580 bonum

435 649 595 702 rima.

991 748 1322 804 ΗΨΒΤΟΙΛ
1366 747 1427 799 ιχ

865 861 930 897 Alt
972 859 1350 896 (ηιττιιθιιιιςωι
1391 853 1582 891 Μιωι.

1028 935 1208 1002 (Anno
1257 932 1432 989 1073.)

444 1029 666 1082 (iratum
708 1027 809 1078 sibi
839 1026 999 1094 fuisse
1034 1025 1215 1087 scribit
1245 1021 1383 1092 quod
1416 1019 1610 1094 litteris
1639 1016 1795 1086 fuerit
1820 1016 1884 1094 de
1919 1030 2016 1094 sua

514 1084 847 1168 promotionc'
870 1084 1203 1168 gratulatus;
1247 1084 1512 1160 Signiﬁcat
1544 1084 1717 1168 tanien
1750 1102 1802 1138 se
1841 1084 2016 1137 dolere

515 1158 578 1222 He
613 1178 850 1234 suscepto
871 1158 1176 1234 pontiﬁcali
1207 1158 1434 1222 munere,
1462 1158 1687 1213 ostendit
1717 1171 1866 1234 suam
1892 1170 2016 1234 ergo

515 1255 633 1291 cum
669 1248 716 1289 el
748 1225 909 1305 regem
938 1225 1305 1297 dilectionem,
1335 1241 1477 1300 optat
1517 1240 1568 1282 nt
1600 1244 1688 1281 rex
1713 1228 1822 1278 suis
1851 1225 2019 1277 moni-

520 1310 587 1361 tis
612 1309 932 1376 acquiescat.
1548 1307 1558 1314 ’
1998 1354 2002 1358 ,

517 1399 826 1454 ϐηειιοῐιιυς.
861 1398 914 1451 in
943 1395 1249 1449 “ornantum
1289 1391 1601 1463 pontificem
1645 1388 1852 1443 electus
1875 1384 2022 1439 Gor-

451 1505 680 1546 τιειιειιο
704 1484 1078 1561 [Germanae]
1114 1485 1236 1539 duci
1259 1526 1272 1550 ,
1299 1484 1526 1538 salutem
1555 1482 1608 1534 in
1639 1478 1872 1532 ['tomino
1895 1474 2020 1530 Jcsu

449 1581 691 1636 Christo.

523 1671 684 1724 Grata
712 1669 867 1722 nobis
893 1678 974 1721 est
997 1666 1177 1722 lgetitia
1209 1675 1321 1728 tua,
1339 1677 1504 1732 quam
1530 1660 1583 1714 in
1602 1658 1794 1714 litteris
1821 1657 1930 1710 tuis
1961 1655 1994 1709 d

452 1760 794 1832 promotione
836 1756 1024 1812 nostra
1070 1770 1120 1811 te
1161 1757 1360 1809 habere
1399 1751 1789 1823 cognovimus,
1821 1763 1928 1801 non
1970 1755 2029 1799 ut

453 1856 556 1908 hoc
614 1853 792 1924 aliqua
852 1867 1032 1907 causae
1083 1857 1285 1904 nostra:
1330 1845 1621 1901 delectatio
1667 1842 1862 1904 faciat,
1934 1837 2103 1935 sed‘B

451 1947 595 2016 quod
622 1960 741 1999 eam
771 1961 835 1996 ex
866 1942 1012 1996 fonte
1038 1941 1264 1997 sincera:
1286 1937 1595 1992 dilectionis
1618 1945 1670 1989 et
1686 1935 1826 1988 ﬁdeli
1850 1940 2030 1985 tuente

449 2027 750 2092 det'ivatant
797 2049 918 2088 esse
966 2049 1074 2087 non
1108 2033 1442 2085 dubitamus.
1489 2027 1684 2083 Nostra
1727 2027 1872 2080 enim
1906 2039 2031 2094 pro-

453 2130 622 2182 motio
663 2142 783 2194 quae
823 2125 917 2176 tibi
960 2123 1284 2190 (ueterisque
1320 2119 1568 2174 ﬁdelibus
1599 2117 1741 2186 piam
1781 2115 1847 2168 de
1872 2112 2030 2167 nobis

449 2213 909 2271 existimationem
946 2222 1001 2267 et
1049 2212 1307 2281 gaudium
1344 2207 1717 2284 administrat,
1756 2205 1914 2259 nobis
1950 2203 2032 2256 in-

448 2304 591 2360 terni
617 2303 823 2358 doloris
874 2301 1294 2356 amaritudinem
1321 2307 1375 2351 et
1402 2297 1583 2352 nimim
1619 2293 1911 2348 anxietatis
1934 2307 2032 2344 an-

453 2394 662 2464 gustias
703 2401 945 2462 generat.
990 2389 1248 2442 Videmus
1271 2387 1416 2441 enim
1459 2394 1663 2454 quanta
1695 2399 1797 2437 nos
1828 2379 2032 2436 solliei-

455 2485 584 2539 tudo
622 2483 979 2547 circumstat,
1022 2481 1290 2535 sentimus
1331 2486 1600 2547 quantum
1642 2489 1741 2529 nos
1794 2470 2030 2541 suscepti

452 2577 638 2632 oneris
665 2575 882 2630 sarcina
915 2583 1137 2643 gravat;
1179 2571 1280 2625 sub
1319 2570 1521 2639 quibus
1553 2569 1682 2623 dum
1723 2575 1923 2621 nostra!
1949 2565 2034 2618 iu-

451 2666 727 2721 tirmitalis
754 2663 1094 2719 conscientia
1120 2661 1324 2724 tremit,
1353 2659 1532 2712 anima
1568 2667 1756 2712 nostra
1791 2656 1843 2709 in
1871 2653 2032 2709 Chri-
2067 2711 2069 2713 ,

451 2767 537 2810 sto
561 2756 741 2825 potius
767 2752 1148 2806 dissolutionis
1172 2750 1414 2818 requiem
1447 2763 1612 2818 quam
1656 2745 1709 2798 in
1743 2743 1910 2798 tantis
1941 2758 2033 2812 pe-

451 2846 640 2902 riculis
695 2844 862 2896 vitam
917 2841 1084 2910 cupit.
1141 2838 1196 2892 In
1249 2847 1460 2893 tantum
1511 2836 1711 2906 quippe.
1752 2830 2033 2888 commissi

453 2934 612 2987 nobis
659 2932 816 2985 ellieii
871 2928 1243 2985 consideratio
1284 2942 1386 2981 nos
1418 2925 1708 2988 sollicitat,
1744 2931 1804 2978 ut
1841 2919 1944 2976 nisi
1977 2921 2031 2973 in

454 3022 797 3076 orationibus
825 3019 1191 3088 spiritualium
1231 3015 1516 3070 hominum
1565 3021 1687 3083 post
1723 3011 1892 3066 Deum
1935 3009 2034 3063 ali-

451 3129 558 3183 qna
596 3111 788 3165 liducia
831 3125 931 3163 nos
962 3115 1326 3170 sustentaret,
1363 3119 1624 3160 curarum
1660 3102 2034 3157 immensitate

2113 624 2213 680 sibi
2237 624 2433 678 collato
2457 619 2851 677 dissinmlando
2874 617 3142 689 justitiam
3172 616 3289 686 ejus
3313 625 3694 684 contemptum

2115 730 2222 768 non
2245 729 2308 767 ex
2347 728 2504 782 aequo
2532 710 2844 775 reddiderit,
2891 708 3265 763 interminatio
3301 723 3407 778 qua
3443 708 3649 761 dicitur
3681 724 3695 758 :

2120 803 2435 855 Malcdictns
2460 801 2645 866 homo,
2679 801 2769 870 qui
2795 799 3029 869 prohibet
3057 798 3292 868 gladium
3329 814 3483 852 suum
3505 815 3536 850 a
3563 813 3702 850 san-

2051 956 2054 957 ,
2116 897 2270 965 ῃριὶιιε
2298 892 2428 964 (Jer.
2461 892 2674 962 xu'ttt),
2723 906 2885 962 super
2916 907 3037 956 nos,
3067 889 3175 946 Deo
3199 873 3517 960 providc'nte
3577 905 3698 945 non

2119 986 2320 1038 veniet.
2345 982 2529 1054 Neque
2550 984 2694 1037 enim
2713 982 2943 1036 libermn
2969 982 3127 1036 nobis
3147 991 3230 1036 est
3251 981 3700 1050 aiienjusperso-

2120 1076 2227 1129 nali
2281 1075 2454 1146 gratia
2505 1074 2692 1144 legem
2721 1072 2816 1128 Dei
2867 1081 3233 1141 postponere,
3276 1080 3365 1125 aut
3404 1085 3434 1124 a
3473 1071 3705 1125 tramite

2121 1163 2461 1220 rectitudinis
2506 1180 2602 1233 pro
2642 1163 2880 1216 lmmano
2921 1159 3106 1214 favore
3149 1161 3433 1223 recedere,
3477 1157 3708 1213 dicente

2122 1257 2422 1325 Apostolo:
2469 1254 2527 1309 Si
2569 1255 2864 1306 hominibus
2908 1251 3113 1320 placere
3139 1249 3318 1304 vellem
3343 1291 3357 1314 ,
3393 1265 3570 1304 scrrns
3601 1247 3706 1302 Dei

2125 1365 2224 1400 non
2247 1364 2408 1401 essem
2437 1346 2582 1416 (Gal.
2614 1335 2673 1410 ti.
2976 1345 2985 1354 ’

2195 1438 2326 1492 Data
2365 1436 2550 1491 Roma‘
2576 1452 2611 1490 Il
2636 1433 2820 1490 Nonas
2847 1432 2970 1487 Maii
2993 1474 3008 1498 ,
3032 1418 3323 1487 indictione
3349 1430 3662 1486 undecima.

2689 1585 3024 1643 EPISTOLA
3065 1585 3131 1640 Χ.

2555 1717 2619 1755 ΑΒ
2657 1714 2925 1754 οιιιυοκειι
2963 1711 3258 1752 1)101.ΕΧΞΕ]1

2720 1811 2899 1880 (Anno
2937 1809 3117 1880 1073.)

2135 1926 2202 1983 Ut
2238 1927 2562 1980 discordiam
2602 1938 2737 1977 inter
2774 1922 3220 1989 archiepiscopum
3258 1918 3607 1986 Ravennatem
3649 1925 3711 1970 et

2202 1999 2335 2051 cires
2378 1996 2662 2050 lmolenscs
2699 1995 2858 2048 sedet.
2900 1992 2966 2045 Et
3009 1992 3054 2044 si
3090 1990 3509 2058 archiepiscopus
3541 2004 3626 2058 eos
3671 2003 3710 2039 η

2203 2069 2341 2121 sedis
2390 2065 2695 2134 apostolica:
2735 2064 2953 2134 ditione
2991 2071 3214 2134 conatur
3261 2057 3511 2134 avellere,
3552 2057 3734 2110 iilius.

2201 2129 2465 2191 auxilium
2489 2137 2736 2206 prazbeat,
2753 2134 2914 2187 donec
2935 2132 3096 2203 legati
3119 2130 3249 2191 illuc
3272 2129 3707 2199 proficiscantur.

2203 2289 2512 2344 GREOORIIZS
2553 2287 2604 2341 in
2643 2286 2951 2341 Romanum
2984 2283 3292 2354 pontiﬁcem
3328 2283 3535 2336 electus
3575 2279 3713 2334 Gur-

2132 2395 2254 2434 nost
2310 2377 2564 2432 lmolensi
2621 2375 2845 2441 comiti,
2896 2373 3126 2430 salutem
3179 2372 3233 2426 in
3289 2370 3523 2425 Domino
3575 2367 3712 2423 Jcsu

2131 2471 2369 2526 Christo.
2457 2471 2467 2480 ’
2835 2489 2842 2497 δ
3705 2516 3726 2530 ,Α

2204 2561 2436 2626 Quidam
2465 2558 2764 2614 lmolenscs
2794 2563 3038 2611 nostraet
3065 2555 3327 2611 adeuntes
3352 2549 3708 2624 prmscntiam

2128 2653 2520 2724 conquerendo
2541 2652 2699 2708 nobis
2721 2651 3027 2706 indicavere
3048 2634 3195 2721 quod
3220 2648 3495 2704 eonfrater
3519 2655 3713 2702 noster

2134 2745 2428 2801 Gnibertus
2463 2743 2778 2817 [Gibertus,
2805 2751 2855 2796 et
2880 2744 2957 2796 sic
3001 2739 3234 2814 semper]
3265 2726 3713 2810 archiepiscopus
3742 2741 3744 2744 ’
3768 2789 3773 2793 .

2135 2834 2425 2902 liayennas
2449 2849 2544 2889 eos
2584 2843 2778 2888 contra
2813 2833 3081 2887 honorem
3111 2831 3285 2886 sancti
3320 2830 3499 2895 Petri,
3527 2829 3618 2885 cui
3646 2828 3714 2882 ii—

2133 2927 2407 2981 delitatem
2427 2925 2705 2994 juravere,
2743 2938 2856 2979 sua:
2882 2923 3109 2978 omnino
3139 2921 3334 2978 ditioni
3364 2921 3635 2992 subigere,
3655 2928 3716 2974 et

2135 3015 2201 3070 ad
2223 3015 2458 3085 juranda
2501 3015 2606 3069 sibi
2630 3013 2903 3088 ﬁdelitatis
2939 3022 3167 3068 attentet
3191 3021 3536 3068 sacramenta
3558 3025 3700 3067 com-
3749 3026 3752 3028 ‘

2135 3107 2348 3175 pellere.
2376 3102 2579 3159 Verum
2617 3091 2732 3159 haec
2767 3105 2958 3158 relatio
2989 3113 3140 3157 tanto
3177 3104 3296 3172 plus
3326 3100 3716 3157 admirationis

454 3181 607 3254 mens
640 3209 827 3252 nostra
865 3197 1263 3251 sucemnhcret.
1313 3193 1554 3248 Peccatis
1602 3192 1750 3246 enim
1784 3189 2033 3243 facienti-
2061 3213 2101 3269 ς
2139 3195 2296 3250 nobis
2331 3195 2514 3249 attulit
2548 3201 2756 3264 quanto
2782 3201 3061 3262 perspecta
3093 3193 3299 3248 dudum
3329 3181 3481 3246 ineo
3511 3200 3566 3246 et
3600 3189 3718 3244 fra-

454 3293 556 3346 hns
596 3291 667 3344 ita
702 3304 838 3360 pene
874 3299 1022 3344 totus
1063 3289 1298 3342 mundus
1331 3286 1384 3340 in
1418 3285 1660 3354 maligno
1700 3292 1784 3337 est
1823 3282 2034 3351 positus

460 3394 519 3438 ut
548 3394 761 3448 omnes,
799 3391 851 3435 et
875 3381 1145 3451 prmeipue
1169 3379 1262 3448 qui
1292 3379 1345 3431 in
1373 3373 1612 3430 Ecclesia
1650 3373 1855 3443 praelati
1883 3380 2034 3434 sunt,

451 3488 571 3526 eam
621 3472 802 3540 potius
845 3469 1174 3524 conturbare
1209 3482 1373 3537 quam
1419 3465 1558 3520 ﬁdeli
1608 3464 1896 3536 devotione
1942 3462 2037 3516 de.-

450 3562 673 3618 {endcre
695 3561 778 3616 vel
817 3557 1485 3619 celebrareContendant,
1521 3564 1576 3609 et
1621 3555 1752 3610 dum
1797 3553 1913 3608 suis
1943 3559 2039 3606 aut

452 3652 619 3708 lucris
644 3659 738 3704 aut
760 3649 1043 3720 praesentis
1067 3647 1252 3717 gloria:
1278 3645 1567 3700 desideriis
1595 3645 1831 3708 inhiant,
1860 3642 2036 3696 omni-

454 3745 558 3798 bus
582 3758 703 3810 quae
730 3741 794 3794 ad
824 3740 1141 3809 religionem
1168 3735 1510 3806 etjustitiam
1537 3732 1632 3789 Dei
1660 3729 1936 3804 pertinent
1956 3747 2034 3800 se,

453 3834 602 3887 velut
630 3832 816 3884 hostes
836 3872 850 3893 ,
876 3837 1174 3899 opponant.
1203 3826 1325 3892 Quo
1358 3826 1532 3894 magis
1561 3824 1719 3878 nobis
1745 3822 2038 3877 dolendum

454 3936 558 3989 est,
591 3925 682 3993 qui
721 3931 1037 3993 susceptum
1071 3917 1400 3974 universalis
1425 3915 1671 3972 ecclesia:
1708 3912 1948 3985 regimen
1984 3913 2038 3968 in

457 4031 610 4073 tanta
643 4018 954 4072 dillieultate
980 4031 1077 4069 nec
1103 4015 1204 4068 rite
1227 4012 1638 4076 administrare,
1671 4026 1770 4065 nec
1804 4019 1923 4064 tuto
1945 4009 2041 4064 de-

459 4127 639 4166 serere
674 4123 987 4180 possumus.
1017 4106 1286 4161 Carterum
1318 4103 1444 4174 quia
1471 4102 1592 4157 fidei
1627 4110 1682 4178 et
1717 4099 2042 4157 constantia:

457 4201 750 4265 virtutem,
788 4200 1028 4254 donante
1056 4196 1201 4261 Deo,
1241 4196 1294 4250 in
1341 4207 1392 4249 te
1430 4195 1592 4249 sitam
1637 4210 1759 4249 esse
1780 4193 2040 4264 cognovi-

459 4307 616 4351 mus.
655 4306 872 4346 omnem
918 4304 1084 4362 quam
1125 4297 1343 4359 oportet
1392 4287 1446 4340 iu
1488 4286 1817 4342 charissima
1863 4283 2042 4342 sancti

459 4381 606 4434 Petri
635 4381 744 4433 tilio
771 4381 826 4434 in
865 4390 918 4434 te
949 4380 1204 4434 fiduciam
1235 4378 1524 4444 habentes,
1553 4378 1798 4432 animum
1833 4387 1947 4432 tum
1973 4377 2041 4434 de

462 4479 647 4524 nostra
683 4470 823 4526 idem
861 4469 1311 4525 constantissima
1345 4469 1638 4523 dilectione
1658 4509 1674 4535 ,
1705 4478 1762 4523 et
1784 4486 1911 4538 erga
1942 4469 2042 4523 ho-

2139 3295 2288 3340 terna
2318 3287 2558 3340 Charitas
2577 3329 2592 3353 ,
2627 3294 2682 3341 et
2703 3286 3060 3342 sacerdotalis
3083 3286 3341 3340 lienestas
3375 3283 3716 3355 suspicionis

2137 3378 2191 3431 in
2218 3378 2368 3430 illum
2401 3376 2797 3432 indubitantius
2825 3392 3024 3430 causas
3049 3377 3305 3430 excludit.
3348 3373 3537 3445 Neque
3560 3375 3715 3430 enim

2137 3469 2358 3524 credere
2379 3483 2672 3538 possumus
2699 3476 2810 3522 tam
2833 3468 3154 3537 prudentem
3189 3467 3368 3521 virum
3394 3467 3465 3521 ita
3487 3476 3584 3520 aut
3615 3481 3719 3523 na-

2140 3570 2273 3614 tura:
2294 3568 2389 3612 aut
2407 3559 2689 3629 dignitatis
2715 3575 2829 3612 suae
2853 3559 2957 3614 loci
2983 3559 3214 3613 oblitum
3238 3540 3359 3614 esse
3385 3559 3560 3629 utqui
3582 3573 3714 3628 apo-

2142 3650 2379 3703 tolorum
2415 3649 2651 3719 principi
2700 3647 3013 3703 ﬁdelitatem
3044 3650 3160 3718 ipse
3189 3649 3550 3720 jurejurando
3587 3663 3721 3719 pro-

2140 3741 2310 3808 misit,
2342 3740 2588 3812 neglecto
2608 3740 2853 3810 periculo
2877 3756 2999 3808 suo,
3023 3741 3160 3797 alios
3183 3742 3276 3812 qui
3302 3741 3444 3798 idem
3469 3741 3722 3797 fecerunt

2139 3833 2208 3887 ad
2254 3831 2555 3902 perjurimn
2596 3832 2802 3900 nitatur
2837 3847 2934 3910 per
2969 3825 3243 3906 exquisita
3286 3833 3356 3888 ab
3401 3833 3481 3888 eis
3532 3849 3722 3890 saera-

2141 3935 2324 3980 menta
2363 3925 2696 3996 pertrahere.
2740 3924 2994 3980 Attamen
3045 3943 3398 3998 quaecunque
3428 3909 3572 3984 inter
3621 3944 3721 3984 eos

2141 4015 2411 4070 discordia
2437 4024 2532 4070 aut
2557 4015 2928 4070 molestiarum
2953 4016 3022 4071 sit
3044 4015 3279 4083 occasio,
3297 4025 3568 4087 quatenus
3596 4033 3720 4073 eam

2141 4105 2353 4180 sedare,
2386 4113 2440 4159 et
2462 4105 2506 4159 si
2536 4104 2734 4174 possis,
2758 4105 2911 4159 salvo
2940 4106 3148 4162 honore
3170 4106 3345 4162 sancti
3365 4105 3534 4174 Petri,
3560 4110 3721 4164 tirma

2142 4197 2364 4252 studeas
2386 4211 2518 4264 pace
2542 4195 2788 4249 decidere
2807 4236 2822 4260 ,
2864 4197 3210 4265 prudentiam
3256 4205 3406 4252 tuam
3433 4198 3592 4253 vaide
3630 4215 3722 4253 io-

2143 4302 2356 4358 gamus.
2382 4285 2539 4368 Quod
2567 4285 2614 4341 si
2647 4286 2921 4356 aliquibus
2952 4285 3111 4341 malis
3151 4286 3572 4357 impedientibus
3610 4302 3720 4342 non

2142 4382 2322 4453 possis
2347 4381 2580 4450 etlicere,
2614 4392 2668 4437 et
2701 4381 2994 4451 prtedictus
3025 4379 3300 4449 confrater
3323 4389 3507 4436 noster
3537 4379 3723 4434 archi-

2144 4471 2436 4540 episcopus
2457 4479 2553 4525 aut
2597 4464 2700 4525 alia
2736 4471 2990 4540 qutelibet
3017 4485 3250 4540 persona
3282 4469 3539 4540 prasl'atos
3575 4471 3725 4526 cives

462 4577 619 4614 nores
648 4569 771 4612 tuos
812 4559 1219 4629 promptissima
1257 4559 1538 4614 voluntate
1562 4573 1905 4630 nequaquam
1943 4558 2044 4614 du-
2078 4557 2120 4612 D
2147 4579 2174 4617 a
2213 4562 2467 4628 ﬁdelitate
2513 4563 2658 4618 sedis
2683 4562 3016 4632 apostolica:
3048 4579 3157 4618 non
3197 4560 3413 4618 desinat
3442 4563 3725 4617 obstinata

463 4651 635 4705 hilare
657 4652 928 4704 volumus.
980 4647 1054 4704 De
1096 4665 1219 4719 rege
1258 4666 1386 4704 vero
1424 4660 1659 4704 mentem
1707 4660 1948 4705 nostram
1990 4659 2046 4705 ct

462 4738 790 4792 desiderium
819 4738 979 4807 pleno
1015 4746 1350 4808 cognoscere
1373 4749 1560 4808 potes,
1593 4738 1759 4808 quod,
1779 4749 2047 4808 quantum

465 4831 520 4885 in
554 4830 785 4884 homine
820 4829 1099 4899 sapimus,
1140 4832 1414 4885 neminem
1453 4830 1520 4885 de
1554 4829 1674 4899 ejus
1702 4828 1952 4900 pratsenti
1985 4843 2050 4884 ac
2079 4858 2085 4864 -

465 4917 646 4972 futura
673 4920 841 4988 gloria
867 4932 963 4973 aut
986 4919 1381 4983 sollicitior-em,
1407 4920 1811 4990 autcopiosiori
1837 4920 2050 4976 deside-

467 5012 550 5066 rio
585 5011 740 5063 nobis
780 5010 1021 5079 prtcferri
1058 5011 1354 5066 credimus.
1404 5009 1499 5064 Est
1527 5011 1672 5065 enim
1713 5011 1826 5066 bzec
1855 5012 2049 5066 volun-

467 5111 555 5158 tas
600 5111 783 5155 nostra
831 5111 885 5155 ut
937 5102 1172 5172 primum
1217 5104 1400 5158 oblata
1444 5102 1603 5158 nobis
1642 5104 2049 5172 Opportunitate

469 5209 565 5263 per
593 5193 815 5274 nuntios
860 5201 1080 5247 nostros
1124 5209 1290 5272 super
1327 5194 1412 5248 his
1460 5210 1583 5264 qua:
1629 5193 1696 5247 ad
1744 5192 2048 5262 proiectum

469 5287 725 5341 Ecclesiae
747 5329 761 5348 .
789 5297 841 5341 et
867 5289 1129 5342 honorem
1156 5287 1316 5356 regia!
1340 5287 1622 5357 dignitatis
1649 5303 1761 5341 sine.
1780 5288 2050 5356 pertinere

472 5378 824 5443 arbitramur,
861 5391 1086 5448 paterna
1118 5396 1240 5434 cum
1267 5379 1558 5434 dilectione
1586 5392 1646 5453 et
1674 5381 2048 5436 admonitione

473 5473 882 5528 convcniantus.
921 5473 1075 5541 Quod
1128 5474 1171 5528 si
1215 5489 1314 5530 nos
1347 5474 1611 5535 audierit,
1653 5489 1761 5526 non
1799 5473 1957 5526 aliter
1981 5474 2048 5528 de

474 5564 595 5634 ejus
642 5580 806 5633 quam
847 5564 1012 5630 ladd.
1053 5562 1154 5635 de]
1194 5577 1378 5620 nostra
1418 5565 1594 5620 sa'tute
1653 5565 2044 5634 gaudebimus;

474 5670 639 5723 quam
665 5665 794 5708 tunc
829 5654 1132 5711 Certissime
1162 5655 1264 5709 sibi
1303 5657 1503 5710 lucrari
1539 5656 1771 5725 poterit,
1797 5656 1841 5709 si
1880 5655 1933 5708 in
1965 5665 2046 5709 te-

480 5747 650 5798 nenda
677 5746 886 5815 jnstitia
933 5747 1134 5801 nostris
1157 5746 1376 5801 monitis
1408 5756 1461 5800 et
1491 5747 1735 5801 consiliis
1761 5749 2046 5818 arrpuit-ve-

480 5837 579 5901 iit;
609 5837 690 5890 sin
733 5855 858 5892 vero
889 5839 1065 5907 (quod
1095 5855 1199 5892 non
1225 5840 1512 5909 optamus)
1539 5840 1629 5892 uol
1653 5839 1696 5892 is
1723 5839 1907 5894 odium
1945 5856 2044 5908 pro

2147 4657 2537 4712 coci-citatione
2573 4655 2733 4729 [forte
2784 4654 3132 4710 coercitione.
3190 4653 3281 4725 IL]
3322 4654 3616 4719 divellere,
3648 4653 3726 4710 si-

2147 4755 2241 4801 cut
2274 4747 2648 4816 apostolorum
2690 4747 2783 4801 tibi
2813 4746 3068 4818 prtesidia
3102 4746 3245 4816 apud
3289 4745 3724 4814 omnipotentem

2150 4836 2318 4892 Deum
2342 4837 2631 4906 prodesse,
2658 4847 2712 4892 ct
2736 4839 2787 4892 in
2818 4839 2920 4892 hac
2953 4838 3063 4892 vita
3103 4854 3209 4892 non
3244 4837 3364 4893 sine
3400 4837 3726 4892 meritorum

2147 4927 2490 5006 compendio.
2511 4928 2799 4997 tmesiderc
2833 4930 2991 4998 cupis
3025 4930 3096 4982 ita
3128 4929 3208 4984 eis
3232 4928 3483 5000 [cupias,
3521 4928 3598 4982 ita
3629 4928 3725 5000 sit!

2149 5018 2406 5090 prtesenti
2453 5005 2780 5074 auctoritate
2813 5029 3037 5089 rcgatus
3057 5059 3070 5082 ,
3111 5027 3166 5072 ct
3198 5005 3602 5079 commonitus,
3630 5017 3724 5072 de-

2150 5110 2419 5165 fensionis
2443 5111 2645 5166 auxilia
2665 5153 2679 5177 ,
2703 5111 2879 5165 donec
2911 5109 3071 5180 legati
3100 5109 3271 5166 nostri
3303 5109 3356 5164 in
3390 5117 3574 5176 partes
3605 5107 3725 5164 illas

2149 5201 2403 5267 veniant,
2438 5201 2687 5257 conferre
2725 5217 2833 5255 non
2871 5200 3110 5257 desinas.
3143 5199 3254 5254 Nos
3291 5198 3542 5266 equidem
3595 5214 3724 5253 cum

2150 5293 2426 5361 immitius,
2459 5295 2503 5349 si
2533 5293 2644 5347 ﬁeri
2680 5302 2876 5362 potest,
2909 5307 3097 5362 pacem
3125 5289 3320 5343 habere
3346 5288 3604 5342 ardenter
3627 5303 3728 5344 cn—

2149 5384 2351 5453 pimus,
2383 5384 2476 5437 sed
2499 5397 2688 5436 eorum
2716 5383 3002 5437 conatibus
3036 5380 3130 5450 qni
3165 5380 3231 5433 ad
3257 5378 3512 5448 injuriam
3547 5376 3728 5432 sancti

2150 5475 2291 5529 Petri
2315 5515 2330 5541 ,
2355 5474 2516 5543 cujus
2539 5475 2680 5530 servi
2706 5491 2928 5541 smnus,
2963 5474 3255 5529 extendere
3296 5488 3354 5528 se
3393 5473 3728 5541 moliuntur,

2148 5571 2328 5626 divina
2356 5571 2523 5641 adjuti
2555 5580 2664 5625 tam
2704 5571 2904 5624 virtute
2930 5585 3094 5646 quam
3123 5568 3332 5640 jnstitia
3369 5568 3592 5623 obviare
3613 5583 3731 5624 non

2148 5663 2470 5732 refugimus.
2710 5669 2712 5672 ’

2219 5750 2352 5805 Data
2416 5750 2600 5805 liomte
2655 5749 2908 5806 Kalendis
2964 5749 3148 5812 Junii,
3199 5749 3490 5803 indictione
3550 5747 3737 5804 unde-

2147 5856 2308 5895 ςιιιιίι.
