4098 6368
731 560 753 568 ν,
803 508 1133 565 EPISTOLA
1169 507 1262 562 XI.

376 617 443 656 Ω
483 615 800 656 ιελτηιεει
839 616 907 656 ΕΤ
948 613 1254 654 κλτιιιιυειι
1294 611 1414 651 ειυς
1449 612 1645 650 ΓΙιΙΑΙ.

859 690 1017 743 Anno
1054 686 1210 742 1073.

837 690 1017 758 (Anno
1054 689 1238 756 1073.)

235 761 497 815 Hortatur
533 770 596 813 ut
640 759 968 814 Simoniacos
1012 759 1218 810 evitent.
1269 755 1345 810 De
1389 753 1613 808 Lucensi
1645 752 1805 805 electo

295 831 480 900 aliqua
537 837 936 900 commemorat.
989 825 1278 900 Signiﬁcat
1313 841 1367 900 s__e
1417 823 1804 900 mitterenriros

297 888 584 969 religiosos
611 897 682 949 ad
715 913 902 966 regem,
924 897 1012 967 qui
1035 888 1188 948 iitum
1209 894 1278 948 ad
1308 888 1599 948 Romanam
1626 891 1806 944 Eccle-

295 972 433 1021 siam
467 975 733 1020 revocent.

297 1055 620 1111 GBEGOBIIJS
663 1054 720 1107 in
763 1053 1067 1108 Romanum
1107 1053 1414 1122 pontificem
1437 1052 1641 1106 electus
1671 1050 1807 1104 Bm-

236 1160 415 1207 nicr,
443 1152 504 1197 et
540 1144 669 1211 ejus
711 1143 834 1197 filice
878 1141 1184 1208 MATHILDI,
1230 1141 1460 1196 salutem
1498 1135 1552 1193 in
1577 1139 1808 1194 Domino

231 1232 358 1289 Iesu
378 1231 634 1288 Christo.

301 1321 460 1378 Sicut
493 1322 697 1376 beatus
731 1319 1024 1390 Gregorius
1057 1320 1110 1374 in
1136 1319 1372 1390 quodam
1391 1334 1559 1389 super
1584 1319 1806 1372 moralia

234 1409 333 1464 Job
361 1411 819 1481 explanationum
844 1411 982 1464 libro
1003 1410 1080 1463 ait
1106 1428 1120 1463 :
1149 1408 1422 1463 Statutum
1444 1417 1528 1464 est
1549 1409 1689 1478 apud
1715 1425 1808 1462 su-

236 1514 464 1569 pernum
501 1499 747 1568 judicem
781 1507 985 1568 quanta
1027 1513 1468 1568 unumquemque
1511 1508 1606 1552 aut
1648 1498 1807 1552 ferire

235 1591 564 1657 adversitas,
593 1599 690 1645 aut
722 1591 911 1645 debeat
936 1591 1171 1644 mulcere
1192 1590 1542 1659 prosperitas.
1561 1589 1804 1655 Quicun-

237 1691 340 1745 que
358 1691 493 1748 ergo
519 1678 639 1732 sive
663 1693 760 1748 spe
783 1678 964 1747 hujus,
993 1677 1076 1730 vel
1102 1676 1464 1745 timorejllius
1488 1678 1540 1731 in
1568 1687 1806 1746 tempore

238 1766 562 1820 tentationis
607 1767 676 1820 ab
721 1766 808 1820 his
837 1780 959 1835 qua:
986 1775 1131 1819 recta
1153 1773 1280 1820 sunt
1316 1766 1521 1832 deviat,
1560 1782 1660 1819 nec
1689 1783 1807 1835 spe-

239 1868 357 1908 rare
395 1853 452 1908 in
503 1854 712 1922 Deum,
752 1870 851 1932 nec
883 1854 1188 1909 divinarum
1231 1856 1461 1925 eloquiis
1502 1855 1809 1925 Scriptura-

239 1959 355 1997 rum
371 1960 431 1999 se
449 1944 735 1999 adhaerere
749 1943 1078 2000 manifestat.
1099 1942 1211 1997 Iloc
1231 1953 1410 1998 autem
1434 1945 1552 1998 ideo
1577 1946 1809 1999 dicimus

237 2033 362 2102 quia
405 2035 576 2086 nobis
619 2042 676 2087 et
717 2033 908 2097 vobis,
951 2032 1062 2085 imo
1103 2032 1359 2087 omnibus
1397 2048 1490 2102 qui
1532 2032 1808 2087 confortes

239 2121 556 2190 adoptionis
585 2121 823 2175 ﬁliorum
848 2113 941 2174 Dei
966 2136 1090 2186 esse
1123 2122 1375 2189 cupimus
1395 2163 1408 2186 ,
1431 2111 1542 2174 non
1576 2132 1682 2174 tam
1716 2137 1809 2176 oc-

239 2209 492 2264 casiones
535 2219 743 2264 nostre
774 2209 1225 2274 existimationis,
1253 2210 1498 2264 videlicet
1527 2211 1655 2280 quid
1683 2210 1811 2266 hinc

241 2299 439 2368 prosit,
465 2299 597 2354 inde
624 2307 850 2366 noceat,
883 2300 1154 2354 intuenda:
1187 2308 1345 2364 sunt,
1381 2316 1543 2370 quam
1589 2299 1720 2355 illud
1752 2309 1810 2356 ut

235 2390 508 2458 justitiam
538 2391 658 2459 Dei,
679 2408 801 2462 qua:
823 2407 1105 2462 nunquam
1137 2393 1487 2449 beatitudinis
1524 2394 1631 2450 fine
1656 2409 1811 2449 care-

244 2477 337 2543 bit,
353 2477 573 2548 fortiter
598 2488 900 2544 teneamus,
921 2479 1147 2532 sollicite
1169 2481 1505 2548 pensandum
1525 2491 1578 2535 et
1602 2483 1810 2536 eniten-

241 2564 367 2617 dum
391 2547 498 2619 est.
552 2564 826 2636 Scriptum
864 2575 947 2623 est
977 2569 1122 2623 enim
1148 2566 1304 2647 ἕδεα
1336 2577 1386 2623 et
1415 2569 1464 2622 si
1499 2570 1626 2640 quid
1667 2573 1810 2640 puti-

243 2654 369 2706 mini
390 2664 610 2724 propter
637 2657 942 2724 justitiam,
974 2656 1110 2710 beati
1165 2657 1254 2725 (Η
1287 2658 1432 2712 Petr.
1471 2660 1572 2729 ιιι).
1601 2659 1807 2727 Nostis,

243 2742 616 2800 dilectissima:
647 2747 820 2800 sancti
849 2744 992 2800 Petri
1028 2746 1152 2800 filia:
1191 2764 1354 2817 quam
1383 2757 1566 2818 aperte
1592 2748 1806 2819 Longo-

244 2830 541 2889 bardorum
572 2835 810 2905 episcopi
839 2819 1206 2892 Simoniacam
1239 2838 1488 2892 haeresim
1519 2838 1808 2893 defendere

244 2936 307 2976 ac
332 2921 518 2978 fovere
554 2926 998 2994 prmsumpserint
1019 2966 1034 2992 ,
1082 2942 1207 2980 cum
1245 2925 1593 2982 Getefredum
1623 2923 1806 3000 [Coti-

244 3010 478 3086 fredum]
516 3012 910 3082 Simoniacum,
944 3025 998 3070 et
1020 3017 1090 3070 o'b
1111 3016 1214 3071 hoc
1243 3004 1767 3073 excommunicatum
1789 3061 1804 3087 ,

245 3110 405 3170 atque
446 3109 774 3158 damnatum
825 3104 928 3160 sub
977 3106 1155 3179 specie
1204 3106 1596 3179 benedictionis
1639 3110 1806 3164 male-

243 3182 511 3255 dixerint,
563 3199 620 3246 et
654 3193 761 3248 sub
807 3173 1021 3248 umbrat
1056 3173 1805 3257 ordinatioriiuexsecratum

246 3277 564 3334 hareticum
587 3280 988 3335 constituerint.
1025 3279 1226 3352 Nempe
1248 3281 1344 3366 qui
1377 3281 1638 3338 hactenus
1671 3285 1807 3354 lapi-

243 3369 336 3424 des
361 3378 418 3424 et
440 3369 670 3441 sagittas
702 3369 930 3426 latenter
953 3381 1142 3426 contra
1168 3371 1464 3444 Dominum
1493 3372 1771 3442 jactarunt
1789 3415 1805 3442 ,

235 3457 350 3529 jam
387 3476 541 3515 nunc
563 3461 629 3515 ad
664 3460 1079 3519 subvertendam
1107 3441 1456 3536 religionem,
1480 3441 1533 3516 et
1557 3441 1807 3517 immobié

224 3549 345 3603 .lem
385 3557 597 3604 sancta
648 3548 909 3605 Romana:
936 3537 1189 3607 Ecclesiae
1232 3561 1438 3621 petram
1464 3552 1806 3623 concutien-

243 3636 389 3703 dam,
425 3653 542 3692 non
563 3639 730 3692 dubie
761 3623 1128 3708 praeursorés
1154 3641 1492 3708 Antichristi,
1520 3651 1575 3696 et
1595 3642 1806 3712 antiqui

245 3727 418 3782 hostis
440 3729 706 3804 satellites
729 3728 783 3811 in
806 3738 1050 3807 apertum
1079 3729 1278 3797 furoris
1302 3730 1388 3784 sui
1407 3746 1656 3800 campum
1681 3747 1808 3800 pro-

242 3816 535 3873 siluerunt.
575 3815 785 3884 Quibus
808 3817 986 3874 favere
1003 3820 1090 3896 [vel
1124 3819 1434 3874 consentire
1468 3835 1631 3889 quam
1664 3819 1806 3896 peri-

243 3909 496 3964 culosum
544 3914 657 3976 sit,
719 3901 1002 3981 prudentia
1057 3919 1238 3966 vestra
1295 3912 1419 3968 inde
1465 3912 1800 3982 perpendat;

241 3998 388 4067 quod
423 4000 624 4054 beatus
661 3999 955 4070 Gregorius
993 4001 1161 4056 dicit:
1195 4021 1214 4052 ι
1258 4001 1480 4057 Talibus
1515 4019 1622 4057 non
1658 4019 1807 4057 sum-

245 4096 463 4157 mopere
483 4087 729 4155 obviare,
765 4091 893 4170 quid
915 4090 1058 4144 aliud
1082 4103 1185 4156 est,
1212 4091 1317 4145 nisi
1340 4092 1499 4146 fidem
1522 4094 1754 4163 negare?
1780 4111 1800 4144 ι

246 4172 396 4231 Unde
429 4176 774 4230 nobilitatem
809 4186 1045 4232 vestram
1076 4177 1361 4231 hortamur
1393 4187 1448 4232 et
1473 4181 1626 4234 valde
1648 4196 1805 4249 roga-

246 4279 363 4318 mus
391 4273 452 4318 ut
481 4280 528 4319 e.
554 4265 922 4320 mmunionem
959 4265 1174 4319 illorum
1210 4265 1413 4319 evitare
1447 4275 1501 4320 et
1534 4267 1806 4322 declinare

243 4353 493 4420 studeat,
545 4370 611 4409 ne
656 4353 983 4411 factionibus
1029 4370 1218 4410 eorum
1262 4356 1491 4411 consilia
1531 4357 1613 4411 vel
1648 4357 1802 4426 adju-

1365 395 1559 449 IIBER
1596 392 1870 448 PRIMUS.
1911 421 1980 433 --
2015 391 2230 445 EPIST.
2275 391 2362 444 .\'ll

1795 547 1812 574 ς
1834 511 1878 562 Α
1904 503 2019 557 haec
2045 512 2129 557 est
2152 503 2403 557 voluntas
2434 509 2642 569 nostra,
2663 508 2722 556 ut
2747 501 2813 556 ad
2849 517 2972 556 cum
3007 502 3288 572 religiosos
3322 506 3470 561 viros

3369 390 3468 446 235

1907 592 2207 654 mittamus,
2245 606 2479 660 quorum
2513 591 2992 656 admonitionibus,
3020 593 3314 660 inspirante
3339 595 3470 661 Deo,

1906 681 1974 734 ad
1999 696 2237 734 amorem
2267 689 2466 734 sanctze
2494 679 2748 734 Romanae
2771 690 2823 735 et
2856 698 2967 736 sua:
2996 684 3182 738 matris
3219 684 3470 740 Ecclesia:

1905 785 2031 823 eum
2069 785 2341 833 revocare,
2369 780 2422 822 et
2447 771 2511 823 ad
2539 771 2861 838 condignam
2889 770 3115 825 formam
3144 775 3469 842 suscipiendi

1908 861 2118 930 imperii
2150 861 2415 914 instruere
2435 870 2488 914 et
2509 862 2748 930 expolire
2772 865 3061 916 valeamus.
3094 863 3248 928 Quod
3272 866 3318 919 si
3349 883 3470 929 nos,

1905 951 2051 1020 quod
2098 966 2205 1005 non
2251 961 2524 1021 optamus,
2553 952 2742 1005 audire
2793 954 3215 1021 comtempserit,
3245 971 3345 1010 nos
3387 966 3470 1008 ta-

1907 1057 2028 1095 men
2063 1057 2094 1095 a
2130 1050 2305 1095 matre
2327 1051 2508 1112 nostra
2540 1041 2783 1095 Romana
2819 1041 3078 1104 Ecclesia,
3103 1059 3221 1111 quae
3251 1060 3349 1097 nos
3372 1061 3473 1099 nu-

1893 1130 2076 1195 trivit,
2107 1139 2162 1185 et
2196 1146 2335 1200 szepe
2357 1131 2588 1184 filiorum
2625 1147 2847 1185 suorum
2882 1135 3141 1202 sanguine
3197 1137 3334 1188 alios
3376 1153 3468 1207 ge-

1908 1222 2115 1275 neravit
2139 1222 2296 1284 filios,
2335 1222 2676 1276 custodiente
2712 1220 2842 1299 Deo,
2869 1223 3178 1276 exorbitare
3211 1240 3306 1276 nec
3339 1241 3456 1292 pos-

1907 1326 2098 1366 sumus
2121 1298 2218 1365 nec
2239 1313 2518 1364 debemus.
2548 1311 2609 1363 lit
2637 1321 2780 1365 certe
2803 1313 2972 1368 tutius
2997 1315 3154 1367 nobis
3178 1326 3260 1368 est
3288 1315 3472 1367 defren-

1906 1403 2083 1456 dcndo
2104 1402 2382 1454 veritatem
2419 1417 2516 1468 pro
2542 1401 2625 1453 sui
2652 1401 2821 1468 ipsius
2857 1402 3028 1456 salute
3080 1404 3322 1472 adusque
3347 1421 3472 1458 san-

1907 1492 2123 1561 guinem
2183 1499 2426 1543 n0strum
2479 1489 2581 1542 sibi
2637 1491 2908 1556 resistere,
2934 1507 3094 1561 quam
3138 1492 3203 1544 ad
3253 1493 3472 1560 explen-

1907 1582 2028 1636 dam
2053 1600 2171 1652 ejus
2203 1584 2532 1637 voluntatem
2561 1579 2827 1648 iniquitati
2851 1585 3236 1636 consentiendo
3264 1599 3471 1647 secum,

1906 1672 2048 1740 quod
2073 1671 2212 1739 absit
2237 1673 2302 1724 ad
2328 1673 2600 1725 interitum
2620 1688 2794 1724 ruere.
2819 1669 2997 1723 Valete
3023 1669 3324 1731 inChristo,
3342 1671 3473 1724 cha-

1910 1761 2156 1824 rissim-.e,
2182 1770 2236 1813 et
2268 1761 2320 1813 in
2345 1771 2530 1815 nostzo
2553 1761 2838 1816 dilectione
2872 1761 3032 1814 corde
3065 1768 3220 1812 tenus
3245 1775 3340 1812 vos
3376 1776 3473 1811 an-

1909 1869 2076 1908 nexus
2097 1870 2216 1908 esse
2248 1855 2458 1908 scitote.

1978 1944 2109 1998 Data
2137 1944 2317 1998 Romae
2341 1961 2434 1997 vni
2470 1943 2693 1998 Kalend.
2731 1940 2876 1994 Junii
2936 1940 3132 2013 [Julii],
3183 1939 3471 1995 indictione

1907 2035 2211 2089 undecima.

2433 2122 2764 2177 EPISTULA
2814 2123 2927 2176 XII.

2157 2234 2221 2270 AD
2253 2231 2552 2270 ῡυιιιίωιιξιι
2592 2232 2879 2269 ΙἏΡΙΕΝΞΕΜ
2913 2231 3218 2273 ιΡΙΒΕΟΡυὶΙ.

2495 2307 2672 2373 (Anno
2711 2305 2886 2373 I075.)

1913 2396 2150 2452 Ostendit
2175 2411 2228 2448 se
2250 2410 2413 2462 ipsius
2445 2394 2633 2445 litteris
2657 2402 2967 2444 conimotmn
2991 2409 3111 2445 ncne
3133 2393 3245 2460 jam
3272 2392 3334 2445 de
3359 2394 3469 2461 ipso

1977 2467 2313 2525 existimare;
2342 2473 2396 2514 ut
2427 2473 2600 2515 autem
2638 2463 2770 2514 tunc
2807 2465 3097 2529 opiniomm
3123 2464 3184 2514 de
3232 2479 3288 2514 eo
3341 2465 3468 2514 reli-

1978 2543 2118 2597 neat,
2152 2541 2300 2602 rogat
2343 2533 2512 2598 ipsum
2566 2542 2629 2602 ut
2666 2530 2900 2602 ecclesia?
2964 2531 3212 2602 ltonmmv
3269 2541 3470 2602 statum

1976 2600 2286 2670 ampl’ectens
2333 2610 2514 2652 contra
2582 2600 2694 2667 ejus
2743 2601 3069 2652 adrersarios
3114 2615 3207 2666 pro
3275 2601 3469 2652 rit-ibus

1978 2680 2158 2725 εεηει.

1977 2761 2283 2816 (Ξειεῦοιιιυε
2324 2773 2378 2811 ιιι
2417 2757 2720 2811 Romanum
2769 2755 3077 2824 pontificem
3128 2763 3333 2809 e.ectns
3363 2754 3470 2810 Gu-

1908 2863 2101 2906 LIELIO
2133 2847 2384 2916 Papiensi
2417 2846 2670 2915 episcopo
2707 2846 2937 2899 salutem
2970 2845 3023 2897 in
3064 2843 3293 2897 Domino
3343 2836 3471 2898 Iesu

1906 2941 2145 2996 Christo.

1975 3031 2246 3085 Nonnulla
2292 3027 2448 3083 nobis
2476 3026 2643 3080 frater
2674 3027 2738 3079 de
2781 3035 2829 3080 te
2856 3026 3084 3080 antehac
3120 3027 3287 3080 relata
3322 3033 3471 3088 sunt,

1832 3139 1874 3196 ε
1906 3140 1936 3180 e
1980 3123 2179 3193 quibus
2228 3121 2445 3175 animus
2491 3129 2673 3173 noster
2698 3134 2805 3172 non
2842 3119 3113 3172 immerito
3145 3118 3351 3172 turbari
3381 3118 3475 3171 de-

1909 3213 2056 3278 buit;
2087 3210 2179 3267 sed
2218 3209 2274 3262 in
2307 3208 2536 3282 epistola
2583 3215 2675 3262 tua
2711 3207 2867 3276 longe
2901 3207 3007 3261 alia
3055 3217 3470 3276 cognoscentes,

1907 3302 1975 3356 ad
2006 3300 2281 3355 meliorem
2317 3298 2650 3367 opinionem,
2678 3305 2730 3350 et
2755 3312 2906 3366 spem
2933 3297 3112 3366 gaudii
3142 3297 3357 3351 adducti
3381 3314 3472 3351 su-

1909 3404 2050 3453 mus,
2083 3387 2362 3456 cupientes
2399 3394 2449 3440 et
2487 3386 2576 3440 illa
2603 3400 2738 3439 vana
2769 3375 2955 3450 fuisse,
2989 3394 3043 3439 et
3075 3384 3233 3440 fidem
3280 3400 3470 3440 eorum

1908 3496 2028 3550 quan
2059 3489 2148 3533 tua
2179 3479 2392 3532 dilectio
2416 3479 2642 3546 spondet
2667 3493 2890 3546 operum
2922 3476 3263 3531 attestatione
3297 3479 3472 3546 perci-

1909 3587 2062 3641 pere;
2087 3569 2244 3638 cujns
2277 3569 2352 3622 rei
2377 3583 2615 3638 praesens
2638 3577 2691 3620 et
2716 3567 2934 3636 copiosa
2968 3567 3060 3621 tibi
3089 3568 3469 3641 materiasup-

1909 3639 2063 3727 petit.
2100 3667 2160 3712 ut
2184 3666 2240 3713 et
2285 3658 2369 3711 his
2405 3671 2526 3726 qua:
2551 3657 2616 3709 de
2641 3666 2690 3709 te
2715 3656 2977 3710 credenda
3013 3658 3226 3723 suades,
3251 3639 3469 3710 exi-losa

1906 3742 2244 3806 dubitatione
2264 3747 2570 3809 credamus,
2594 3752 2647 3798 et
2667 3743 3061 3799 fraternitatem
3089 3755 3234 3799 tuam
3263 3744 3469 3815 integra

1907 3838 2170 3892 Cha-“tate
2199 3835 2376 3898 nobis,
2416 3834 2524 3886 imo
2555 3840 2756 3886 sanctie
2813 3833 3069 3888 Romamn
3092 3833 3343 3889 Ecclesia:
3374 3834 3469 3888 ad-

1907 3937 2151 3984 strictam
2219 3924 2334 3979 fore
2406 3925 2838 3993 comprobemus.
2903 3925 3045 3980 I'iat-
3086 3928 3266 3998 itaque
3314 3929 3471 3984 nubis

1908 4019 2196 4082 indicium,
2255 4033 2415 4086 quam
2462 4017 2703 4070 unanimi
2740 4019 2919 4072 studio
2951 4019 3139 4072 eadem
3183 4020 3467 4075 nobiscum

1907 4109 2060 4173 velle,
2085 4116 2140 4162 et
2177 4123 2274 4176 pro
2315 4106 2560 4159 libertate
2607 4112 2806 4158 sanctae
2842 4105 3093 4158 Ecclcsne
3127 4107 3325 4174 quibus
3365 4123 3468 4161 nos

1907 4211 2270 4266 repugnamus
2307 4201 2420 4248 toto
2443 4193 2564 4246 nisu
2594 4193 2846 4246 resistere
2883 4201 3104 4261 paratus
3138 4195 3361 4259 existas,
3389 4198 3468 4249 vi—

1905 4283 2097 4337 dedicet
2123 4289 2182 4336 ut
2207 4282 2292 4336 his
2311 4280 2406 4350 qui
2439 4280 2757 4334 catholicam
2794 4281 2949 4335 fidem
2983 4291 3040 4336 et
3087 4285 3469 4340 ecclesiastica:

1907 4371 2183 4441 religionis
2223 4371 2437 4440 regulas
2484 4379 2755 4425 conantur
2810 4382 3070 4437 evertere,
3120 4389 3228 4426 non
3287 4376 3464 4429 solum

243 4452 422 4498 menta
444 4445 704 4516 prebeat.
731 4444 918 4515 Neque
954 4462 1080 4501 vero
1116 4447 1169 4500 in
1207 4447 1310 4501 hac
1344 4464 1401 4501 re
1431 4448 1610 4517 aliqua
1639 4448 1803 4518 hujus

1908 4477 2013 4516 non
2038 4461 2367 4527 consentire,
2405 4461 2496 4518 sed
2538 4476 2601 4514 ca
2632 4467 2801 4528 parte,
2835 4475 2957 4528 qua:
3007 4475 3105 4528 pro
3166 4463 3464 4517 reverentia

243 4538 431 4592 mundi
454 4538 601 4594 ratio
623 4579 638 4603 ,
662 4553 784 4608 quae
803 4540 1022 4608 quidem
1048 4554 1184 4592 vana
1203 4580 1220 4604 ,
1248 4541 1562 4595 transitoria
1579 4581 1594 4607 ,
1625 4549 1680 4594 et
1712 4542 1804 4595 de-

243 4625 453 4694 eeptiva
482 4633 598 4689 est,
645 4641 742 4680 vos
767 4637 1140 4686 commoveat:
1168 4628 1427 4696 quoniam
1463 4643 1562 4696 per
1587 4629 1804 4682 miseri-
1859 4628 1863 4633 ’

243 4715 484 4768 cordiam
520 4713 638 4778 Dei,
668 4722 724 4768 et
757 4714 930 4768 sancti
953 4714 1128 4778 Petri,
1157 4716 1302 4768 nulla
1337 4729 1432 4769 vos
1459 4716 1803 4770 inimicorum

245 4806 482 4861 versutia
505 4804 699 4879 laedere
726 4805 944 4872 poterit,
980 4805 1027 4858 si
1077 4813 1310 4859 mentem
1356 4814 1590 4859 vestram
1632 4805 1801 4859 libera

246 4896 573 4952 conscientia
610 4892 862 4949 defendit.
889 4894 964 4948 De
1011 4895 1181 4949 electo
1234 4911 1362 4949 vero
1412 4895 1664 4961 LucenSI,
1695 4913 1802 4950 non

233 4972 387 5040 aliud
414 4985 574 5040 vobis
615 4983 1048 5052 respondendum
1103 4999 1224 5040 esse
1270 4986 1600 5054 pervidimus
1652 4986 1802 5057 [pro-

246 5076 520 5150 vidimus],
553 5078 659 5134 nisi
682 5077 826 5148 quod
857 5077 912 5132 in
936 5092 1003 5133 eo
1027 5085 1230 5133 tantam
1260 5081 1565 5136 divinarum
1598 5084 1802 5138 littera—

249 5180 363 5220 rum
385 5168 690 5234 scientiam,
722 5176 778 5223 et
795 5167 1066 5223 rationem
1116 5169 1460 5225 discretionis
1509 5188 1628 5227 esse
1678 5190 1800 5243 per-

246 5252 507 5320 cepimus,
535 5272 599 5311 ut
621 5272 742 5326 qua:
775 5256 1017 5322 sinistra,
1049 5271 1170 5326 qua:
1201 5257 1272 5312 sit
1304 5258 1491 5313 dextra
1537 5262 1669 5328 ipse”
1690 5277 1798 5315 non

248 5340 473 5412 ignoret.
505 5342 665 5412 Quod
705 5346 752 5401 si
792 5347 862 5401 ad
920 5347 1196 5401 dexteram
1241 5347 1598 5413 inclinaverit,
1644 5351 1799 5404 valde

247 5430 578 5508 gaudemus;
630 5434 719 5490 sin
767 5451 926 5503 vero,
977 5437 1121 5507 quod
1176 5436 1317 5492 absit
1362 5437 1430 5491 ad
1485 5437 1794 5502 sinistram,

247 5519 429 5590 utique
475 5520 729 5578 dolemus
778 5542 792 5578 :
851 5526 946 5580 sed
1007 5526 1208 5581 nullius
1234 5541 1479 5596 persona:
1512 5527 1684 5596 gratia
1711 5531 1793 5582 vel

249 5606 428 5662 favore
507 5607 773 5676 impietati
841 5628 1122 5690 assensum
1195 5616 1459 5670 dabimus.
1537 5613 1608 5667 De
1671 5632 1796 5684 rege

247 5705 446 5765 autem,
511 5704 576 5751 ut
641 5707 798 5753 antea
850 5702 904 5755 in
968 5705 1159 5760 litteris
1216 5707 1417 5761 nostris
1480 5705 1782 5776 accepistis,

1906 4552 2068 4620 hujus
2095 4558 2297 4605 sancta:
2319 4551 2463 4604 sedis
2479 4557 2534 4603 et
2552 4549 2732 4601 debito
2759 4557 3019 4616 percepta.-
3042 4546 3159 4601 ﬁdei
3188 4549 3334 4603 cultu
3360 4550 3466 4607 illis

1904 4639 2177 4693 contraire
2209 4639 2466 4703 decrevit,
2499 4637 2604 4691 tuis
2643 4637 2884 4691 consiliis
2925 4638 3303 4710 adjutorioquc
3353 4643 3467 4696 suf-

1904 4725 2058 4790 fulta,
2086 4741 2184 4794 pro
2207 4719 2314 4780 tuis
2333 4725 2538 4779 viribus
2563 4735 2615 4779 te
2635 4741 2850 4796 quoque
2872 4745 3168 4798 repugnare
3191 4731 3462 4785 ostendas.
3494 4785 3497 4787 .

1904 4813 2016 4868 Hoc
2037 4823 2218 4867 autem
2249 4814 2615 4868 indubitanter
2639 4818 2800 4882 scias,
2839 4818 3116 4887 quoniam,
3143 4820 3186 4871 si
3214 4819 3466 4874 Mediola-

1904 4917 2100 4957 nenses
2134 4903 2384 4956 catholici
2417 4904 2579 4973 hujus
2611 4907 2685 4958 rei
2717 4905 3083 4958 testimonium
3127 4907 3192 4957 de
3224 4917 3273 4959 te
3309 4910 3465 4964 nobis

1902 4997 2166 5060 dederint,
2193 5004 2251 5046 ut
2281 4992 2566 5048 Gotefredo
2589 4992 3076 5057 cxcommnnicato,
3102 5003 3156 5047 et
3200 4996 3466 5086 episcopis

1901 5086 1991 5154 qui
2033 5086 2152 5153 ejus
2183 5096 2346 5135 causa
2391 5080 2965 5134 excommunicationis
3013 5080 3310 5151 perieulum
3379 5089 3464 5140 in-

1901 5177 2204 5230 currerunt,
2233 5166 2523 5235 prudenter
2552 5166 2807 5230 obsistas,
2833 5177 2888 5221 et
2912 5169 2990 5223 eis
3033 5173 3122 5239 q‘li
3184 5171 3235 5223 in
3289 5185 3458 5227 certa-

1901 5264 2044 5317 mine
2087 5258 2288 5312 Christi
2337 5265 2464 5310 sunt
2490 5256 2714 5310 fideliter
2763 5259 3013 5313 solatium
3057 5263 3316 5330 praebeas,
3350 5279 3460 5317 nou

1899 5367 2091 5406 aurum
2139 5352 2223 5404 vel
2269 5360 2570 5419 argentum,
2613 5340 2918 5418 necaliqua
2963 5351 3315 5405 fraternitatis
3353 5362 3459 5407 tua:

1897 5442 2073 5498 studia
2097 5441 2179 5495 vel
2230 5439 2487 5507 obsequia
2536 5449 2734 5492 nostrae
2767 5449 2820 5492 et
2856 5440 3022 5493 totius
3062 5437 3318 5491 Romana:
3350 5437 3452 5492 Ec—

1897 5533 2072 5588 clesia:
2092 5528 2343 5584 cliaritati
2373 5543 2526 5594 mque.
2553 5538 2602 5581 tr.
2626 5538 2679 5580 et
2711 5543 2905 5582 causas
2931 5537 3050 5580 tuas
3073 5528 3453 5582 eoiniiiendare

1894 5629 1947 5674 et
1973 5615 2325 5672 indissolubili
2353 5629 2480 5666 cura
2510 5623 2793 5668 annectere
2822 5622 3087 5681 poterunt.
3127 5613 3179 5664 In
3214 5613 3315 5666 hoc
3337 5629 3450 5666 ete-
3518 5677 3520 5680 _

1899 5711 2008 5761 nini
2052 5705 2430 5760 clmrissimum
2495 5705 2689 5767 lilium,
2723 5713 2775 5754 et
2833 5703 2995 5759 fidum
3044 5720 3451 5774 eumpcratorem
