4098 6424
695 455 800 560 επ

1328 499 1384 552 S.
1423 497 1745 554 GREGORII
1785 495 1872 550 VII
1903 494 2103 550 PAPIE
2133 493 2412 550 OPERUM
2452 483 2630 549 PARS
2666 494 2706 550 I.
2748 523 2816 537 ο·-
2852 495 3267 553 REGISTRUM.

697 610 1036 683 salictazgRon
1055 627 1170 667 ariae
1187 610 1438 667 Ecclesiae
1455 611 1796 681 potissimum
1821 617 1873 665 te
1891 585 2266 665 demonstrare
2293 609 2447 680 After
2491 607 2857 674 dilectissime,
2879 616 2933 663 et
2966 609 3084 663 miti
3118 610 3367 665 oratione
3417 609 3664 666 animum
3717 611 3941 671 ﬂectere

697 705 920 776 poteris,
949 704 994 759 si
1025 704 1143 774 ejus
1175 711 1396 768 statuta,
1433 719 1556 771 quae
1604 716 1636 754 a
1676 699 1909 754 tramite.
1947 707 2259 754 sanctorum

594 807 600 825 ι
699 794 920 848 Patrum
947 807 1055 845 non
1082 791 1304 855 recedit,
1339 788 1698 859 amplexando
1737 787 1947 842 fortiter
1975 794 2029 840 et
2073 784 2259 839 defen-

696 883 872 937 dendo
895 881 1154 961 tenueris.
1194 879 1346 946 Quod
1402 879 1620 950 quidem
1663 893 1774 948 pra:
1814 877 2022 933 caeteris
2047 875 2260 945 Longo—
2302 951 2307 956 _

696 975 990 1033 bal-dorum
1020 972 1289 1042 episcopis
1312 981 1362 1025 te
1394 978 1607 1040 Oportet
1639 986 1820 1040 agere,
1854 977 1914 1022 ut
1951 968 2090 1022 sicut
2131 981 2260 1034 apo-

700 1064 890 1118 stolica
913 1070 968 1118 et
988 1061 1328 1120 universalis
1362 1059 1603 1114 Ecclesia
1643 1074 1764 1113 eam
1801 1057 1890 1112 cui
1915 1056 2024 1111 Deo
2046 1055 2260 1109 volente

699 1166 930 1222 praeesse
959 1149 1314 1220 dignosceris,
1341 1149 1559 1217 speciali
1582 1147 1754 1218 gratia
1785 1155 1839 1200 et
1858 1147 2063 1200 honore
2086 1144 2257 1199 subli-

699 1240 898 1304 mavit;
929 1238 1025 1302 ita,
1046 1252 1172 1291 cum
1211 1236 1506 1291 necessitas
1539 1245 1594 1290 et
1629 1250 1919 1290 causarum
1954 1233 2106 1286 labor
2133 1247 2261 1286 exe-

699 1329 852 1398 gerit,
877 1329 929 1381 in
950 1327 1306 1382 sodicitudine
1327 1326 1516 1380 matris
1530 1325 1753 1379 desudet
1769 1323 1967 1388 acrius,
1990 1311 2261 1392 quaicha-

697 1416 876 1470 ritatis
905 1415 1024 1483 ejus
1048 1423 1103 1467 et
1127 1414 1340 1467 vicaria:
1360 1413 1778 1482 dispensationis
1812 1427 2012 1466 munus
2033 1403 2262 1465 sortitur

699 1505 959 1574 opimius:
2184 1560 2186 1562 τ

733 1594 902 1648 -Data
957 1594 1140 1668 Romae
1185 1609 1243 1646 Ill
1287 1593 1388 1664 [iv]
1423 1593 1539 1646 lial.
1574 1592 1720 1659 Julii.
1747 1591 2036 1646 indictione
2089 1591 2259 1645 unde-

699 1701 859 1740 cnma.

1222 1816 1555 1870 EPISTOLA
1598 1815 1716 1870 XIII

873 1916 942 1961 an
971 1923 1238 1961 namss“
1301 1922 1573 1960 REMENSEII
1619 1909 2081 1960 ABCHIEPISCOPOI.

1279 1995 1457 2064 (Anno
1486 1996 1668 2066 1075.)

685 2089 782 2164 ,Νε
806 2084 1082 2164 monachos
1121 2085 1302 2164 Sancti
1329 2087 1548 2164 Remigii
1581 2080 1808 2164 amplius
1829 2092 2018 2164 .vea'et,
2032 2093 2080 2138 et
2100 2083 2256 2164 fama

766 2160 1043 2211 canonica:
1086 2159 1393 2209 vsamtioncs
1464 2155 1702 2207 abbatem
1768 2155 1841 2207 ibi
1903 2155 2260 2207 ordinandum

772 2236 936 2280 curet.

768 2336 1070 2390 Gasconws
1112 2316 1398 2402 cpiscopus
1448 2346 1637 2387 servus
1685 2347 1967 2387 servorum
2011 2331 2108 2384 Dei
2149 2330 2256 2385 ΜΑ-

698 2442 871 2481 Μδει
904 2426 1153 2482 Remensi
1179 2424 1588 2494 archiepiscopo
1621 2422 1850 2477 salutem
1899 2430 1954 2476 et
2001 2421 2260 2491 apostoli-

699 2531 817 2569 cam
849 2511 1300 2570 benedictionem.

772 2604 825 2658 Si
852 2606 958 2659 loci
987 2605 1082 2670 tui,
1111 2604 1277 2659 frater
1316 2604 1684 2672 dilectissime,
1722 2604 2060 2674 dignitatem,
2093 2603 2138 2656 si
2177 2601 2259 2656 of-

699 2694 806 2751 ﬁcii
858 2695 1114 2759 debitum,
1149 2694 1195 2748 si
1231 2701 1436 2755 statuta
1463 2694 1772 2748 divinarum
1800 2695 2005 2762 legum,
2025 2693 2261 2761 denique

701 2784 748 2838 si
779 2800 897 2836 eam
930 2768 1318 2854 quam'sanette
1340 2782 1599 2836 Romanae
1623 2783 1877 2838 Ecclesia:
1902 2782 2259 2836 reverentiam

699 2882 756 2926 et
782 2859 1098 2927 charitatem
1131 2871 1292 2925 debes
1345 2870 1628 2939 diligenter
1663 2871 1989 2935 attenderes,
2018 2869 2261 2939 profecto

700 2960 920 3032 rogatus
950 2970 1005 3014 et
1038 2961 1243 3014 monita
1267 2962 1409 3014 sedis
1433 2960 1740 3029 apostolicae
1778 2976 1888 3014 non
1928 2961 2089 3015 toties
2119 2961 2260 3029 apud

702 3061 754 3114 te
777 3051 1028 3108 frustrari
1051 3051 1417 3119 permitteres;
1442 3051 1740 3118 praesertim
1764 3065 1889 3105 cum
1907 3051 2085 3119 gravis
2103 3051 2258 3118 culpa

702 3143 771 3197 sit
797 3142 851 3195 in
888 3141 1196 3210 hujnsmodi
1239 3155 1402 3193 causa
1429 3149 1479 3192 te
1504 3139 2017 3200 monitorit'vocem
2065 3154 2262 3208 provo-

703 3246 858 3285 casse
904 3231 988 3283 vel
1041 3238 1403 3298 exspectasse.
1441 3226 1574 3280 Nam
1632 3242 1972 3296 quaecunque
2020 3229 2179 3282 nobis
2233 3244 2260 3262 η

703 3321 992 3376 commissa
1011 3319 1411 3388 dispensatione
1433 3318 1733 3385 imminent,
1759 3318 2025 3387 negligere
2045 3318 2261 3387 quidem

701 3427 764 3466 ea
794 3413 998 3480 absque
1028 3409 1273 3480 periculo
1317 3419 1506 3463 nostro
1549 3423 1656 3462 non
1722 3423 2037 3486 possumus,
2065 3409 2264 3462 nedum

703 3504 979 3572 voluntate
997 3511 1053 3555 et
1075 3500 1256 3555 studio
1282 3499 1614 3554 confundere
1645 3513 1900 3552 securum
1952 3499 2109 3552 nobis
2141 3514 2263 3553 esse

705 3605 955 3662 putemus
980 3615 993 3648 :
1019 3595 1285 3664 siquidem
1307 3594 1632 3648 meminisse
1650 3593 1816 3646 debet!
1836 3591 2121 3659 prudentia
2149 3598 2259 3652 tua,
2322 3615 2324 3618 ν

705 3683 919 3752 quoties
955 3685 1207 3737 dominus
1247 3692 1304 3735 et
1322 3682 1688 3750 praedecessor
1737 3677 1925 3736 uester
1963 3677 2265 3731 Alexander

710 3771 1023 3825 venerandae
1055 3757 1330 3824 memoria:
1352 3784 1509 3838 papa,
1544 3777 1599 3822 et
1624 3783 1745 3834 nos,
1784 3776 1901 3821 tum
1939 3783 2036 3836 per
2063 3767 2265 3834 episto-

705 3864 785 3918 las
812 3873 923 3915 tum
965 3877 1060 3931 per
1094 3859 1341 3930 legatos,
1377 3859 1444 3913 de
1489 3874 1651 3913 causa
1714 3857 2027 3912 monasterii
2063 3855 2262 3910 .Sancti

706 3953 933 4020 Remigii
975 3951 1215 4018 rogando
1261 3958 1316 4002 et
1361 3949 1704 4003 hortandote
1750 3936 2162 4009 admonuimus,
2195 3961 2264 3999 ne

707 4043 868 4095 toties
900 4040 1252 4108 apostolicam
1287 4038 1619 4097 audientiam
1670 4022 1900 4090 fratrum
1933 4036 2263 4090 clamoribus

708 4128 920 4199 fatigari
957 4136 1181 4198 urgente
1213 4125 1530 4181 necessitate
1569 4125 1798 4186 sineres,
1835 4138 1903 4177 ne
1935 4138 2263 4191 quemquam

707 4222 800 4286 ibi,
837 4220 925 4276 cui
954 4219 1093 4276 sacri
1124 4232 1362 4274 canones
1387 4215 1836 4278 contradicerent,
1870 4213 1923 4267 in
1950 4214 2070 4268 loco
2100 4213 2263 4267 abba-

705 4313 778 4366 tis
811 4324 1131 4378 apponeres,
1152 4322 1280 4381 neu,
1310 4307 1450 4360 bona
1475 4303 1791 4360 monasterii
1814 4303 1883 4357 ab
1908 4318 2010 4359 usu
2037 4317 2264 4373 congre-

709 4399 940 4468 gationis
992 4395 1307 4459 auferendo,
1358 4395 1537 4448 locum
1581 4393 1760 4462 inopia
1809 4393 2139 4462 dissipares;
2168 4392 2262 4447 sed

709 4487 872 4540 talem
903 4484 974 4539 ibi
1010 4484 1077 4537 ad
1107 4482 1346 4552 regimen
1381 4481 1606 4538 abbatiaa
1638 4481 1896 4535 constitui
1930 4481 2263 4549 regulariter

2357 697 2768 763 destinavimus,
2803 706 3060 768 rogantes
3087 707 3144 754 et
3184 715 3251 754 ex
3293 709 3446 770 parte
3477 701 3764 758 beatorum
3801 721 3940 776 apo—

2359 789 2625 845 stolorum
2647 788 2793 845 Petri
2827 799 2880 844 et
2913 788 3088 857 Pauli,
3110 798 3166 846 et
3195 800 3404 858 nostra,
3437 809 3533 862 per
3557 810 3658 865 eos
3709 805 3940 866 aposto-

2358 876 2461 931 lica
2491 879 2811 933 auctoritate
2835 889 3266 946 commonentes,
3300 891 3381 947 ut,
3406 883 3452 937 si
3485 883 3744 954 deinceps
3778 901 3939 956 spem

2359 967 2414 1020 in
2446 975 2632 1022 nostra
2657 964 2999 1023 fraternitate
3024 977 3080 1024 et
3110 969 3401 1026 dilectione
3425 973 3636 1028 habere
3668 976 3938 1045 volueris,

2359 1055 2478 1111 sine
2507 1056 2658 1110 omni
2679 1055 2941 1112 dilatione
2975 1058 3134 1112 talem
3179 1073 3469 1128 personam
3505 1063 3829 1132 regulariter
3855 1064 3939 1121 Ibi

2358 1146 2598 1200 ordinari
2649 1147 2707 1202 in
2744 1147 2996 1203 abbatem
3031 1164 3310 1219 procures,
3337 1166 3461 1220 qua
3501 1151 3629 1208 huic
3665 1155 3854 1209 ordini
3878 1163 3940 1212 et

2359 1234 2535 1290 olIicio
2555 1237 2807 1291 decenter
2831 1246 3117 1310 congruat,
3141 1247 3196 1293 et
3229 1248 3445 1306 caetera,
3477 1257 3598 1311 qua:
3629 1244 3937 1302 neceSsitas

2357 1334 2413 1379 et
2430 1327 2641 1395 justitia
2665 1329 2984 1383 monasterii
3003 1329 3191 1399 exigit,
3219 1330 3293 1384 ita
3315 1331 3557 1401 corrigas
3577 1335 3933 1401 etemendes,

2359 1433 2426 1472 ne
2458 1417 2688 1473 fratrum
2714 1419 2943 1473 ulterius
2977 1419 3045 1474 ad
3101 1433 3204 1474 nos
3237 1418 3426 1474 referri
3457 1423 3678 1490 querela
3711 1423 3931 1478 debeat.

2359 1505 2514 1572 Quod
2533 1507 2582 1562 si
2609 1508 2788 1562 denuo
2815 1507 2869 1562 in
2905 1509 3010 1563 hac
3057 1510 3417 1564 reverentiam
3468 1513 3644 1566 sancti
3690 1511 3842 1566 Petri
3877 1523 3937 1568 et

2358 1607 2600 1652 nostram
2650 1589 3082 1669 qualemcunque
3149 1598 3469 1654 charitatem
3505 1596 3936 1670 'amieitiamque

2358 1687 2746 1754 contempseris
2764 1686 2955 1757 procul
2974 1685 3139 1740 dubio
3170 1685 3337 1756 (quod
3361 1702 3463 1742 nos
3488 1689 3644 1743 inviti
3671 1689 3932 1754 dicimus)

2358 1776 2709 1843 apostolicam
2743 1776 2798 1830 in
2829 1785 2882 1830 te
2902 1775 3248 1831 severitatem
3271 1784 3327 1831 et
3361 1777 3702 1836 iracundiam
3729 1793 3932 1850 provo-

2361 1863 2530 1916 cabis.

2291 1928 2333 1982 Β
2427 1915 2561 2007 Data
2624 1945 2808 2009 Romae
2861 1953 3100 2008 secundo
3147 1953 3416 2011 Kalendas
3445 1915 3609 2023 Julii,
3633 1955 3936 2016 indictiom

2360 2040 2663 2096 undecima.

2881 2177 3215 2233 EPISTOLA
3249 2177 3391 2234 XIV.

2572 2285 2634 2323 Α»
2689 2259 2946 2324 sucossi:
3005 2286 3246 2347 ABBA'I‘BI
3297 2267 3718 2347 attinuissent.

2952 2345 3133 2427 (Anno
3170 2345 3371 2430 107s.)

2396 2447 2464 2502 Ut
2520 2448 2724 2522 (itteras
2786 2465 2910 2502 suas
2972 2449 3045 2522 ad
3084 2447 3385 2522 Repente!
3442 2451 3898 2522 arcnwpiscopam

2461 2519 2732 2584 admittat,
2764 2527 2811 2570 et
2839 2517 3115 2571 manachos
3141 2513 3325 2571 Sancti
3344 2517 3573 2589 Remigii
3592 2513 3825 2575 taeatu'r.

2426 2629 2732 2684 Caesonius
2761 2630 3080 2705 episcopus,
3113 2645 3303 2684 servus
3347 2644 3628 2684 servorum
3674 2629 3792 2696 Dei,
3817 2630 3932 2688 IIu-

2359 2732 2479 2772 com
2514 2719 2693 2772 abbati
2726 2717 3092 2784 Cluniacensi,
3116 2717 3343 2772 salutem
3369 2727 3424 2773 et
3444 2720 3801 2787 apostolicam
3835 2723 3930 2777 be-

2360 2807 2738 2861 nedictionem.
2911 2815 2914 2818 ’
3899 2806 3912 2815 ⁸

2430 2895 2652 2950 Noverit
2700 2898 2964 2951 sanctitas
3013 2903 3197 2952 vestra
3246 2898 3370 2953 hos
3403 2897 3598 2954 Intres
3627 2899 3932 2954 monachos

2361 2985 2672 3038 monasterii
2697 2982 2881 3038 Sancti
2909 2982 3140 3053 Remigii
3169 2975 3310 3050 esse,
3339 2986 3538 3054 quibus
3573 2988 3716 3055 apud
3748 2987 3932 3042 sedem

2361 3075 2713 3144 apostolicam
2737 3090 2836 3143 pro
2870 3075 3244 3129 consolatione
3266 3068 3498 3141 loci_sui,
3522 3092 3684 3146 quem
3711 3077 3932 3133 Manas-

2361 3177 2449 3216 ses
2491 3162 2774 3216 Remensis
2812 3158 3254 3231 archiepiscopus
3305 3163 3546 3232 quotidie
3597 3165 3834 3236 dissipat
3866 3181 3930 3221 ac

2279 3245 2328 3298 ~C
2360 3247 2663 3325 confundit,
2691 3246 3294 3317 diu-commorantibus,
3325 3268 3433 3306 non
3482 3253 3628 3316 aliud
3657 3255 3743 3310 ad
3790 3249 3930 3325 pra-

2364 3355 2488 3395 scns
2512 3323 2762 3418 solatium
2779 3341 3137 3410 opportunius
3161 3341 3414 3420 exhibere
3441 3340 3742 3413 potuimus,
3763 3323 3930 3415 quam

2361 3431 2506 3501 quod
2536 3431 2708 3485 eidem
2745 3430 3152 3502 ardiiepiscopo
3176 3434 3385 3488 litteras
3412 3434 3615 3503 pariter
3641 3448 3767 3490 cum
3809 3435 3929 3491 istis

2356 3521 2515 3574 Vobis
2536 3521 2770 3574 redditas
2789 3517 3182 3576 destinavimus
3203 3541 3218 3588 ;
3248 3524 3303 3576 in
3328 3523 3525 3591 quibus
3545 3539 3694 3590 eum,
3715 3529 3765 3580 si
3803 3527 3928 3580 cum

2338 3610 2521 3680 beato
2547 3608 2706 3664 Petro
2731 3620 2787 3663 et
2815 3609 3058 3664 Romana
3093 3612 3333 3666 EccleSia
3366 3629 3552 3682 pacem
3583 3611 3807 3685 sperare
3840 3631 3929 3673 ve-

2363 3699 2464 3764 lit,
2540 3698 2823 3768 prmfatum
2907 3703 3294 3756 monasterium
3373 3704 3698 3774 regulariter
3743 3701 3926 3760 "ordi-

2362 3802 2510 3854 nare,
2536 3797 2592 3842 et
2639 3789 2693 3842 in
2752 3790 2932 3860 quiete
2965 3791 3235 3845 dimittere
3279 3792 3512 3847 multum
3565 3809 3829 3864 rogamus
3873 3805 3926 3850 et

2361 3876 2746 3942 admonemus;
2793 3893 2931 3946 quas
2977 3887 3036 3930 ut
3082 3887 3270 3932 vestra
3304 3880 3541 3934 eharitas
3567 3879 3643 3932 illi
3670 3895 3766 3948 per
3813 3880 3928 3935 ido-

2361 3981 2524 4020 neum
2571 3967 2840 4020 nuntium‘
2871 3960 3075 4031 mittat,
3105 3975 3160 4020 et
3199 3967 3368 4021 nobis
3397 3969 3656 4038 quidquid
3697 3985 3796 4040 pro
3845 3971 3926 4028 his

2360 4053 2552 4106 fecerit
2593 4052 3038 4122 oblata'primum
3079 4055 3481 4124 opportunitate
3516 4058 3800 4125 rescribat,
3831 4075 3926 4114 no-

2362 4149 2476 4195 stra
2505 4142 2809 4196 sollicitudo
2844 4142 3130 4198 desiderat.
3156 4141 3528 4201 Interim"vero
3560 4145 3759 4204 fratres
3797 4150 3924 4205 istos

2361 4227 2746 4285 desolationem
2779 4232 2883 4287 loci
2932 4232 3014 4287 sui
3070 4233 3251 4288 videre
3301 4233 3586 4305 fugientes"
3608 4232 3924 4307 benignitati

2360 4329 2552 4375 vestra:
2573 4322 3038 4388 commendamus,
3072 4332 3342 4399 quatenus
3374 4324 3442 4378 de
3463 4325 3551 4379 h'is
3587 4326 3920 4386 ~tandiu.cu-

2361 4426 2478 4465 ram
2513 4408 2716 4467 habere
2746 4427 2855 4467 non
2901 4412 3098 4482 pigeat,
3122 4414 3316 4480 donec,
3343 4415 3638 4468 miserante
3663 4413 3797 4480 Deo,
3827 4428 3921 4483 op—

2362 4507 2528 4553 tatam
2551 4502 2788 4568 quietem
2821 4502 2876 4554 in
2899 4500 3230 4554 monasterio
3256 4514 3357 4554 suo
3388 4516 3484 4554 eos
3518 4497 3723 4556 habere
3767 4497 3922 4572 posse

709 4589 1050 4645 procurares,
1078 4572 1164 4626 cui
1189 4587 1286 4626 nec
1317 4571 1367 4623 in
1404 4569 1765 4624 exterioribus
1800 4569 2114 4637 providendi
2144 4570 2264 4623 dili—

2363 4561 2661 4656 contin'gat.
2757 4585 2760 4588 ’

711 4663 912 4734 gentia,
936 4677 1036 4722 nec
1055 4663 1110 4714 in
1137 4659 1400 4730 spirituali
1443 4656 1810 4714 moderamine
1846 4655 2036 4724 religio
2059 4654 2268 4708 deesset

712 4749 806 4808 aut
831 4753 1074 4808 scientia.
1101 4750 1256 4816 Quod
1287 4765 1410 4802 cum
1446 4763 1584 4817 sepe
1606 4757 1658 4802 te
1689 4740 1958 4801 facturum
1989 4746 2143 4799 nobis
2174 4760 2269 4814 per

709 4847 914 4916 legatos
954 4852 1075 4896 tuos
1112 4839 1448 4910 promiseris,
1479 4838 1706 4891 necdum
1746 4845 1924 4890 tamen
1980 4836 2268 4906 adimplere

710 4934 942 4994 curasti:
973 4935 1086 5001 sed,
1125 4942 1186 4986 ut
1235 4933 1531 4986 multorum
1587 4929 1844 4981 relatione
1871 4930 2266 4996 comperimus,

712 5029 778 5081 de
807 5027 902 5081 die“
919 5028 973 5079 in
1003 5027 1148 5080 diem
1167 5021 1528 5077 venerabilem
1556 5019 1732 5071 locum
1758 5017 1905 5069 illum
1939 5016 2184 5084 asperius
2207 5032 2271 5070 ac

715 5114 1074 5169 miserabilius
1129 5119 1348 5183 tractas,
1374 5119 1446 5175 ct,
1511 5117 1570 5162 ut
1636 5107 1954 5161 detrimenta
2002 5105 2268 5158 bonorum

718 5206 1092 5278 tempOralium
1135 5211 1430 5266 taceamus,
1455 5201 1735 5272 religiosas
1781 5214 1997 5267 ouoque
2038 5194 2267 5250 fratrum

715 5281 976 5370 personas
997 5292 1203 5349 crudeli
1224 5305 1289 5344 ac
1313 5283 1698 5360 contumeliosa
1724 5291 1973 5370 captione
2003 5296 2267 5343 coarctas.

718 5387 867 5442 Unde
887 5386 964 5440 tui
989 5379 1158 5453 ipsius
1179 5380 1396 5447 solertia
1422 5379 1750 5448 perpendere
1771 5387 1947 5445 potest
1967 5395 2128 5447 quam
2157 5393 2274 5448 gra-

715 5477 796 5530 vis
830 5489 990 5543 super
1024 5472 1127 5526 hac
1152 5485 1210 5524 re
1241 5476 1294 5522 et
1335 5477 1386 5520 te
1421 5467 1576 5534 culpa
1613 5475 1668 5518 et
1712 5480 1811 5518 nos
1850 5466 2092 5519 molestia
2122 5480 2271 5530 mor;-

709 5565 860 5629 deat,
876 5561 880 5564 ’
897 5561 1040 5630 quod
1063 5558 1371 5629 apostoliem
1395 5557 1538 5633 sedis
1559 5555 1854 5609 auctoritas
1878 5554 1998 5607 loco
2021 5561 2073 5606 et
2091 5551 2274 5606 fratri-

715 5641 838 5717 bus,
855 5653 1067 5723 ‘quibus
1090 5660 1141 5718 te
1172 5649 1490 5720 jamdudum
1520 5647 1754 5715 paternis
1776 5645 2054 5723 affectibus
2077 5658 2272 5698 consu-

721 5720 905 5796 luisse—
928 5731 1200 5806 decuerat,
1260 5740 1486 5794 necdum
1533 5752 1658 5805 erga
1729 5745 1784 5789 te
1838 5720 1902 5789 ad
1975 5749 2173 5805 pacem
2219 5741 2273 5789 et

721 5828 963 5897 quietem
989 5829 1242 5898 prodesse
1258 5827 1435 5896 potuit
1479 5822 1709 5884 Mure
1739 5831 1914 5876 tamen
1944 5823 2137 5886 adhuc,
2164 5822 2272 5878 fra-

2437 4649 2579 4730 Data
2603 4677 2787 4730 Roma:
2837 4692 2876 4730 ιι
2930 4675 3153 4731 Kalend.
3206 4675 3352 4743 Julii,
3407 4649 3703 4733 indictione
3759 4663 3920 4748 unde-

2367 4784 2527 4824 cima.

2887 4881 3222 4938 EPISTOLA
3283 4884 3398 4938 XV.

2510 5007 2575 5044 AD
2619 5008 2786 5046 OIINES
2832 5007 3044 5046 CHRISTI
3087 5007 3305 5045 FIDELES
3358 5009 3404 5046 IN

2953 5082 3132 5152 (Anno
3166 5083 3346 5152 i075.)

2374 5189 2599 5244 Nuntiat
2645 5210 2698 5247 se
2725 5192 3201 5252 excommunicasse
3255 5189 3609 5260 Gotefredum,
3640 5190 3780 5260 qiod
3835 5188 3920 5247 Si-

2440 5263 2674 5330 moniace
2743 5261 3182 5330 Mediolanum
3240 5261 3548 5330 'eet‘icsiam_
3578 5263 3916 5330 occupaverit.

2428 5329 2616 5384 Ione:
2645 5348 2705 5384 ne
2724 5334 2772 5384 ei
2808 5327 3238 5394 consentiant,iet
3266 5329 3422 5398 [idem
3455 5327 3757 5395 defendant.

3469 5008 3787 5046 LOIBAIIDIA.

2441 5461 2743 5517 ϐιεθοκιυε
2781 5462 3069 5530 episcopus
3103 5473 3292 5513 servus
3352 5448 3632 5514 servorum
3656 5459 3753 5516 Dei
3808 5475 3919 5516 om-

2373 5549 2533 5603 nibus
2578 5537 2822 5605 ﬁdelibns
2854 5548 3022 5603 sancti
3057 5546 3199 5602 Petri
3243 5547 3610 5616 apostolorum
3658 5549 3920 5623 "principia

2373 5637 2428 5691 in
2448 5637 2816 5715 Langobardia
2835 5638 3326 5702 tosituiofantihns,
3354 5637 3583 5692 salutem
3613 5647 3672 5694 et
3701 5647 3916 5710 aposto-

2360 5728 2530 5786 ‘licam
2561 5736 3006 5788 benedictionem.
3039 5748 3041 5750 ‘

2445 5823 2594 5879 Scire
2618 5842 2713 5880 vos
2749 5821 2889 5893 volo,
2914 5825 3116 5884 fratres.
3143 5821 3633 5901 charissinziyqucj
3667 5830 3727 5881 et
3771 5814 3919 5874 mum
