4098 6374
158 483 246 535 an?

1248 478 1442 528 LIIllill
1481 477 1748 528 l'lll.\|l.S.
1791 506 1856 514 -α
1897 477 2105 528 ι-λιιιδιι
2153 477 2282 528 \H.

3270 491 3368 538 2934

161 602 388 644 vestrum
424 590 628 654 sciunt,
661 590 785 658 quia
815 590 864 641 in
897 606 961 640 eo
1024 590 1139 640 loco
1177 589 1336 655 po-iti
1382 604 1588 648 sumus,
1637 599 1712 648 ut,
1749 594 1786 643 .\
1817 588 2127 640 Inereamini
2191 588 2434 640 inimicos
2466 588 2671 640 Domini
2709 609 2864 660 comp
2899 593 3082 656 iniere,
3110 602 3158 646 et
3213 600 3372 650 eoi-ila

158 682 381 732 velimus
408 679 671 739 nolimus,
702 677 954 731 omnibus
993 676 1260 744 gentibus,
1285 677 1515 728 maxime
1565 675 1721 726 libri—

160 777 365 840 stianis,
394 776 680 830 veritatem
703 785 756 829 et
790 775 1056 844 justitiam
1084 772 1408 824 annuntiare
1429 772 1717 838 eoInpella-

161 893 295 938 mur,
333 876 550 929 dicente
597 873 828 926 Domino

162 974 278 1025 tuba
305 971 485 1024 exalia
518 986 690 1022 rorem
717 979 880 1032 (Imm,
905 978 954 1019 et
983 969 1240 1019 annuntio
1261 967 1451 1034 populo
1483 983 1591 1017 meo
1613 983 1720 1017 scc-

889 893 899 923 :
953 873 1159 934 Clama,
1213 888 1274 921 ne
1319 887 1481 920 ri‘ssi's
1523 873 1719 936 :qnau’

160 1073 262 1124 (cra
286 1087 467 1124 eorum
493 1067 650 1136 (lsai.
683 1077 860 1134 LvIn);
889 1076 938 1119 ct
974 1067 1098 1119 alibi
1126 1086 1137 1118 :
1163 1067 1220 1120 Si
1247 1081 1348 1118 Itan
1375 1067 1718 1122 annuntiarc—

162 1172 230 1222 ris
260 1171 440 1238 iniquo
477 1168 807 1236 iniquitatem
843 1183 1013 1230 suam,
1042 1167 1276 1217 animam
1307 1165 1408 1233 eju:
1440 1166 1525 1238 ,ἥρ
1566 1182 1721 1216 manu

133 1283 248 1323 itua
277 1271 540 1340 requiram
569 1269 784 1338 (Ezerh.
815 1269 1025 1336 sunt).
1056 1267 1183 1320 Item
1217 1269 1476 1336 propheta
1505 1287 1515 1320 :
1557 1267 1721 1321 ,ναίε-

161 1371 346 1432 dictus,
382 1367 576 1436 inquit,
610 1367 762 1418 homo
815 1368 902 1436 qui
947 1367 1178 1434 prohibet
1227 1365 1461 1434 gladium
1499 1383 1651 1417 suum
1688 1385 1721 1416 ιι

161 1466 410 1535 sanguine
430 1463 560 1530 (Jer.
593 1467 802 1526 sum),
827 1465 1000 1526 idest,
1025 1464 1245 1515 verbum
1269 1464 1663 1531 pranlieationis
1692 1484 1720 1517 a

161 1563 453 1617 carnalium
472 1563 857 1630 increpatione.
880 1560 1000 1614 llzee
1015 1563 1133 1615 ideo
1147 1564 1719 1631 praelibavimns,quia,

164 1663 297 1714 inter
315 1662 484 1714 multa
509 1661 671 1723 mala,
693 1675 813 1728 quze
837 1661 1034 1727 ubique
1058 1667 1321 1712 terrarum
1337 1661 1720 1730 liunt,_qnidani

165 1749 392 1802 ministri
418 1748 663 1812 Satanae,
687 1758 741 1802 et
775 1763 1048 1816 praeones
1083 1749 1412 1814 antichristi,
1446 1750 1498 1802 in
1520 1749 1723 1819 Longo-
1759 1737 1770 1746 ’

165 1840 340 1893 hardia
354 1839 515 1892 etiam
532 1839 687 1891 iidem
709 1839 1071 1891 Christianam
1085 1849 1352 1891 conantur
1370 1838 1718 1902 confundere,

1823 677 2034 728 illorum
2059 677 2122 728 ad
2149 677 2512 743 Iuenitentiam
2547 695 2851 745 provocare.

1893 765 2020 818 Data
2055 764 2236 818 llouta-
2270 764 2518 818 Kalendis
2553 768 2697 828 Julii,
2725 772 3332 829 indictionettndCclttIa.

2343 863 2668 917 EPISTULA
2719 867 2752 916 .\
2771 867 2849 920 Vl.

2031 968 2093 1002 ,ιιι
2159 968 2419 1004 ι.ιιι.ιι.ιιι·ιι
2507 973 2735 1007 tt~1’ll‘.\\l
2761 975 2789 1008 ιι
2863 975 3161 1015 ι.ι-ιςεοιιιίι.

2407 1045 2583 1105 (Anno
2616 1047 2789 1106 1975.)

1829 1127 2054 1209 Miratur
2086 1131 2223 1197 quod
2261 1135 2615 1209 solertiorem
2642 1149 2740 1186 nun
2777 1139 3059 1209 reddiderit
3082 1142 3146 1192 de
3179 1145 3374 1209 synodo

1893 1199 1954 1276 ab
1981 1215 2036 1248 eo
2086 1211 2285 1276 (aqua.
2317 1203 2590 1276 Signiﬁcat
2651 1221 2704 1255 se
2750 1208 3145 1276 c;i.~'ropis,qni
3198 1199 3375 1276 quere—

1893 1268 2082 1339 lmntur
2125 1269 2188 1339 ah
2237 1287 2296 1320 co
2344 1288 2394 1319 se
2429 1272 2705 1336 Ili-positos,
2739 1268 3040 1339 respondere
3069 1268 3229 1329 'Inodo
3274 1298 3377 1332 nou

1891 1338 2054 1407 posse,
2073 1346 2120 1407 et
2145 1337 2472 1388 iluscicnscm
2499 1342 2788 1407 episcopum
2819 1337 2870 1392 3e
2901 1346 3194 1398 absolrissc.
3221 1347 3377 1402 Jnhct

1894 1403 2280 1484 iiiyorritanum
2306 1403 2598 1475 episcopum
2629 1403 2850 1473 restitui,
2877 1414 2977 1466 nisi
3014 1416 3121 1465 alia
3153 1419 3375 1469 crimina

1893 1489 1943 1522 lli
1967 1490 2024 1524 σύ
2047 1485 2289 1527 lill‘t‘lliﬂl.

1891 1560 2196 1614 linteonn's
2233 1563 2538 1631 episcopus,
2579 1581 2766 1619 servus
2809 1585 3086 1624 servorum
3140 1571 3252 1639 Dei,
3287 1575 3375 1628 CI-

1823 1662 1906 1699 IuI
1928 1665 1992 1701 no
2019 1653 2252 1705 Ostiensi
2283 1655 2535 1722 episcopo
2571 1655 2796 1710 salutem
2827 1666 2876 1710 et
2905 1662 3251 1726 apostolicam
3281 1665 3370 1716 bc-

1824 1739 2198 1795 nedictionem.

1894 1828 2171 1895 Mirantur,
2215 1843 2268 1885 et
2324 1835 2549 1886 multum
2601 1838 2742 1888 anxii
2797 1855 2983 1890 sumus
3027 1843 3198 1908 quod,
3254 1859 3374 1896 cum

163 1939 212 1982 et
234 1930 368 1981 iram
409 1927 500 1982 Dei
543 1943 705 1994 super
741 1942 797 1980 se
833 1944 1140 1996 provocare.
1173 1926 1326 1990 Nam,
1353 1928 1495 1982 sicut
1545 1929 1716 1994 scitis,

1834 1935 2030 1987 :emper
2109 1933 2436 1978 consnctmn,
2490 1933 2543 1975 et
2618 1927 2766 1976 valde
2840 1937 3201 1984 necessarium
3260 1932 3376 1985 fne-

163 2017 478 2072 Gotel'rcdus
499 2016 831 2088 [Gotifredus
856 2027 903 2068 et
926 2018 1001 2069 sic
1037 2015 1202 2086 infra]
1237 2018 1448 2072 vivente
1472 2019 1719 2073 Gnidonc

164 2109 303 2162 dicto
345 2107 754 2174 archiepiscopo
793 2105 1210 2168 Mediolancnsi,
1243 2108 1483 2158 eamdem
1539 2107 1720 2161 Eccle-

165 2198 314 2258 siam,
333 2213 454 2263 quae
475 2195 748 2262 quondam
773 2195 980 2247 meritis
1005 2194 1408 2262 gloriosissinue
1427 2194 1646 2262 virginis
1668 2205 1721 2248 ct

166 2285 433 2344 genitricis
457 2283 550 2336 Dei
580 2283 781 2347 Maria;
807 2300 902 2337 nec
928 2299 1034 2336 non
1066 2284 1385 2336 auctoritate
1433 2284 1718 2336 clarissimi

165 2374 396 2425 doctoris
421 2373 560 2426 beati
595 2373 868 2427 Ambrosii
894 2373 1032 2426 inter
1062 2382 1285 2426 caeteras
1340 2373 1722 2442 Longobarilo-
1776 2372 1788 2386 '

168 2481 279 2517 rum
303 2464 595 2528 Ecclesias,
621 2463 897 2532 religione,
927 2463 1190 2527 libertate,
1224 2479 1287 2517 ac
1331 2463 1549 2530 speciali
1588 2462 1721 2530 Ispi-

168 2554 362 2626 rituali]
385 2555 554 2624 gloria
570 2555 786 2617 enituit,
812 2570 952 2606 nunc
965 2552 1121 2620 quasi
1143 2553 1300 2606 vilem
1312 2553 1560 2605 ancillam
1587 2567 1721 2618 pra:-

169 2645 401 2712 sumpsit-
431 2659 638 2706 emere,
668 2658 922 2710 sponsam
967 2641 1215 2696 videlicet
1257 2641 1460 2696 Christi
1505 2642 1721 2694 diabolo

171 2735 481 2800 prostituere
527 2751 540 2785 :
587 2742 642 2785 et
670 2749 699 2784 a
727 2727 989 2785 catholica
1021 2733 1120 2785 tide
1157 2742 1372 2786 tentans
1399 2748 1518 2786 eam
1562 2750 1718 2801 Sepa-

171 2837 302 2886 rare,
335 2822 486 2876 nisus
543 2831 628 2880 est
671 2820 991 2876 Simoniacm
1029 2823 1256 2875 haeresis
1301 2825 1504 2876 scelere
1554 2823 1720 2893 [eam]

175 2913 448 2967 maculare.
481 2913 636 2977 Quod
680 2913 905 2966 audiens
954 2924 1140 2967 sancta
1185 2913 1426 2966 ltoinana
1484 2913 1720 2966 Ecclesia

174 3009 334 3055 mater
375 3011 572 3064 vestra,
608 3012 662 3055 ct
687 3003 852 3054 totius
889 3003 1336 3065 Christianitatis,
1360 3004 1500 3055 sicut
1550 3003 1719 3063 scitis,

175 3090 438 3159 magistra.
470 3099 798 3160 congregato
848 3108 877 3142 c
919 3092 1148 3144 diversis
1199 3091 1443 3158 partibus
1494 3090 1723 3144 concilio

175 3182 458 3236 multorum
490 3182 854 3244 sacerdotum,
879 3190 933 3233 ct
951 3182 1289 3234 diversorum
1316 3181 1565 3233 ordinum
1594 3197 1722 3232 eon-
1751 3205 1792 3258 ο

175 3285 349 3335 sensu,
388 3270 522 3324 fulta
557 3271 698 3324 beati
735 3270 877 3324 l’etri
920 3271 1286 3339 apostolorum
1331 3271 1588 3340 principis
1625 3289 1723 3323 an-

173 3359 433 3424 cloritate,
459 3359 810 3413 Gotel‘redum
851 3351 971 3414 tidei
1007 3360 1289 3414 catholica:
1316 3369 1372 3413 et
1395 3361 1528 3428 legis
1569 3362 1728 3414 (ibri-

173 3449 353 3501 stianaa
406 3449 685 3501 inimicum
740 3447 1250 3512 excommunicavit,
1281 3457 1336 3500 et
1365 3449 1729 3502 anathematis

170 3537 346 3604 jaculn
420 3553 525 3590 una
584 3551 707 3590 cum
770 3537 1025 3590 omnibus
1100 3533 1202 3590 sibi
1263 3537 1730 3591 consentientibus

175 3627 452 3681 transﬁxit.
476 3625 652 3691 Quam
691 3627 1328 3687 csconununiaitionem,
1365 3627 1510 3694 quod
1564 3627 1726 3679 etiam

179 3717 372 3771 inimici
396 3712 651 3771 Ecclesize
674 3731 868 3786 negare
893 3731 1000 3769 non
1049 3724 1297 3784 possunt,
1323 3716 1494 3780 sancti
1546 3716 1731 3771 Patres

179 3808 473 3878 antiquitus
498 3822 782 3871 censuere,
817 3817 871 3861 et
901 3823 995 3876 per
1020 3821 1212 3860 omnes
1241 3815 1458 3861 sanctas
1477 3809 1734 3862 ecclesias

181 3899 336 3952 totius
364 3899 514 3952 orbis
543 3898 793 3952 catholici
819 3898 920 3951 viri
954 3898 1279 3951 conﬁrmant
1297 3899 1352 3950 et
1379 3899 1733 3953 conﬁrmave—

181 3995 314 4043 runt.
351 3986 692 4056 Quapropter
717 4003 783 4040 ex
809 3995 960 4055 parte
986 3985 1079 4040 Dei
1106 3985 1495 4055 omnipotentis
1535 3987 1732 4052 Patris,

183 4083 230 4127 et
249 4073 388 4140 Filii,
411 4086 468 4130 et
492 4075 730 4144 Spiritus
751 4077 943 4140 sancti,
968 4087 1022 4130 et
1048 4077 1328 4130 beatorum
1348 4077 1489 4132 Petri
1511 4089 1566 4133 et
1584 4080 1732 4134 Pauli

185 4165 545 4235 apostolorum
568 4164 894 4233 principum,
931 4179 1215 4220 monemus
1235 4179 1352 4229 vos,
1386 4165 1581 4222 fratres
1609 4169 1737 4223 cha-

187 4252 421 4318 rissimi,
489 4253 776 4306 hortamur
832 4261 995 4320 atque
1068 4253 1410 4321 praecipimus
1473 4264 1532 4309 ut
1589 4260 1737 4312 nullo

187 4341 337 4396 modo
387 4341 646 4411 predieto
684 4341 936 4396 heretico
1005 4340 1293 4396 Gotel‘redo
1355 4347 1734 4411 consentiatis,

188 4431 303 4500 quia
325 4431 401 4486 illi
430 4433 484 4486 in
508 4432 613 4486 hoc
634 4432 834 4486 scelere
866 4432 1191 4496 consentire,
1226 4433 1384 4486 tidem
1417 4434 1617 4490 Christi
1655 4448 1738 4492 est

1821 2013 1908 2076 rit,
1940 2023 2016 2076 nt,
2047 2015 2088 2066 si
2119 2015 2334 2082 quando
2369 2014 2572 2082 legatus
2597 2018 2901 2082 apostolica-
2927 2021 3065 2070 sedis
3088 2023 3374 2078 concilium

1821 2104 1873 2155 in
1903 2105 2124 2157 remotis
2153 2105 2396 2171 partibus
2417 2106 2782 2168 celebraverit,
2812 2109 2925 2160 sine
2961 2125 3108 2162 mora
3162 2114 3226 2163 ad
3281 2131 3376 2166 an-

1821 2194 2175 2246 nnntiandmn
2233 2197 2413 2245 omnia
2461 2210 2581 2260 qua:
2625 2197 2824 2263 egisset
2868 2210 3239 2264 reverteretur,
3286 2214 3372 2254 tua
3428 2264 3431 2267 η

1821 2283 2125 2334 fraternitas
2153 2292 2273 2350 post
2304 2293 2573 2351 peractam
2607 2286 2891 2352 synodum,
2929 2288 2980 2340 in
3009 2306 3111 2356 qua
3157 2301 3232 2342 tot
3283 2309 3366 2344 nc-

1821 2374 1960 2442 golia
1985 2383 2346 2435 cInerseInnt,
2367 2391 2461 2424 nec
2486 2374 2550 2424 ad
2579 2391 2677 2427 nos
2707 2376 2881 2441 rediit,
2909 2393 3003 2430 nec
3029 2396 3149 2432 eum
3177 2382 3267 2449 qui
3297 2398 3375 2434 se-

1821 2479 1942 2516 cnIn
1969 2472 2070 2527 est,
2107 2463 2444 2516 considerata
2493 2464 2572 2516 vel
2609 2466 2924 2519 necessitate
2953 2468 3034 2520 vel
3060 2476 3240 2524 nostra
3280 2487 3374 2525 ex—

1821 2553 2171 2620 spectatione,
2190 2552 2414 2603 remisit.
2432 2551 2594 2604 Nobis
2620 2553 2863 2620 equidem
2891 2565 3101 2622 gratum
3127 2567 3207 2611 est
3233 2563 3374 2627 quod

1822 2655 1918 2707 pro
1955 2640 2181 2707 negotiis
2215 2648 2412 2692 sancta:
2445 2639 2700 2694 Romanae
2735 2639 2984 2696 Ecclesia:
3014 2646 3065 2698 in
3096 2645 3378 2716 Hispanias

1820 2728 2096 2796 profectus
2122 2744 2208 2790 es;
2243 2729 2333 2780 sed
2359 2729 2613 2781 debuerat
2640 2731 2919 2798 prudentia
2971 2743 3059 2787 tua
3097 2745 3186 2789 aut
3227 2737 3374 2792 illmn

1821 2834 1980 2886 quem
2010 2819 2100 2870 ti|.i
2133 2818 2496 2884 adjnnxinms,
2531 2829 2623 2873 aut
2651 2820 2881 2888 aliquem
2914 2824 3004 2892 qui
3041 2828 3245 2894 synodo
3292 2831 3344 2881 in

1825 2909 2121 2971 terruisset,
2168 2908 2370 2975 quique
2410 2910 2591 2969 omnia
2637 2911 2750 2960 vice
2780 2921 2866 2963 tua
2906 2915 3060 2967 nobis
3085 2918 3376 2971 rationabi-

1825 2999 1944 3051 liter
1977 2998 2226 3065 expedirc
2273 2999 2453 3059 sciret,
2488 2998 2552 3049 ad
2602 3015 2700 3050 nos
2749 3000 3052 3055 direxisse:
3094 3017 3379 3072 quatenus,

1825 3087 2116 3154 Iwrspcctis
2163 3085 2445 3148 omnibus,
2483 3088 2848 3146 conﬁrmanda
2915 3092 3379 3159 confirmarenms,

1823 3186 1896 3238 cl,
1932 3178 1972 3228 si
2007 3193 2110 3244 qua
2144 3176 2397 3229 mutanda
2426 3175 2997 3239 viderentur,discreta
3027 3184 3232 3237 ratione
3263 3203 3382 3239 Inn-

1827 3276 2082 3321 tarcmns.
2117 3267 2256 3317 Licet
2281 3267 2424 3319 enim
2451 3268 2502 3318 in
2537 3268 2726 3319 litteris
2750 3269 3046 3338 tuisaliqna
3080 3275 3233 3329 nobis
3269 3294 3388 3346 ges--

1827 3367 2006 3412 torum
2039 3369 2255 3410 tnormn
2295 3359 2482 3410 notitia
2514 3361 2853 3424 apparuerit;
2882 3363 3034 3416 sobis
3071 3373 3248 3418 tamen
3293 3370 3389 3420 ab.-

1826 3447 2089 3506 sentibns,
2116 3459 2211 3496 nec
2236 3445 2416 3512 aliquo
2437 3444 2529 3512 qui
2564 3460 2660 3510 pro
2685 3447 2836 3499 vobis
2866 3459 3010 3502 certa
3044 3466 3232 3504 eorum
3253 3470 3389 3522 qua:

1830 3536 2018 3587 viderit
2041 3544 2093 3587 et
2127 3533 2358 3587 audierit
2391 3536 2690 3588 assertione
2722 3538 3042 3604 respondeat
3077 3541 3386 3610 impra-scn--

1830 3625 2025 3677 tiarum
2061 3624 2256 3691 posito,
2287 3625 2578 3693 plerisque,
2606 3639 2838 3693 quorum
2871 3628 2960 3681 alii
2982 3631 3180 3696 injuste.
3208 3651 3264 3688 se,
3296 3653 3389 3690 ex-

1831 3715 2282 3778 comumnicatos,
2305 3715 2394 3767 alii
2424 3716 2726 3770 inordinate
2746 3717 3040 3786 depositos,
3074 3725 3162 3776 alii
3202 3726 3388 3781 imme—

1831 3806 1937 3859 rito
1959 3806 2269 3859 interdictos
2298 3816 2720 3874 conquernntur,
2750 3812 3072 3875 respondere
3102 3825 3391 3870 causarum‘

1833 3896 2180 3962 ambiguitate
2218 3902 2272 3945 et
2315 3903 2562 3961 respectu
2600 3901 3006 3963 conservanda:
3054 3879 3392 3962 auctoritatis

1833 3994 1940 4039 III-.e
1973 3985 2338 4053 prohibemur.
2375 3983 2490 4037 Non
2522 3987 2845 4054 respondere
2879 4004 3028 4054 vero,
3066 4006 3157 4047 aut
3192 3997 3241 4049 in
3276 3999 3394 4051 lon-

1836 4091 1961 4144 gum
1989 4084 2200 4142 tempus
2226 4089 2482 4142 responsa
2509 4077 2746 4141 dillcrre,
2775 4080 3128 4149 despcctioni,
3166 4097 3237 4149 et,
3269 4105 3391 4155 pro-

1835 4174 1956 4231 pter
2000 4164 2314 4232 prolongata
2363 4166 2597 4232 pericula
2650 4183 2837 4220 eorum
2881 4173 2972 4237 qni
3026 4176 3126 4225 sub
3165 4193 3391 4230 censum

1837 4263 1983 4316 sunt,
2018 4253 2324 4306 crudelitati
2380 4253 2694 4321 imputatur.
2726 4255 2799 4307 De
2850 4273 3012 4311 causa
3061 4264 3220 4316 etiam
3265 4269 3393 4320 (ini-

1839 4341 2004 4395 lielmi
2051 4341 2180 4395 dicti
2214 4340 2527 4396 Ausciensis
2559 4343 2886 4415 [Ausiensis,
2915 4348 3106 4405 Mittin.
3135 4355 3392 4411 .‘UXilt'll-

1840 4430 1939 4502 sis]
1975 4433 2384 4503 archiepiscopi,
2406 4449 2504 4502 pro
2526 4436 2683 4504 cujus
2715 4440 3056 4496 restitutione
3087 4463 3185 4499 nos
3212 4462 3396 4516 postu-

190 4538 403 4593 πρεπῆ
441 4524 533 4578 sed
576 4523 775 4592 quibus
828 4524 1004 4578 modis
1041 4526 1285 4594 ροωειίδ,
1325 4535 1384 4580 ιη
1414 4527 1507 4579 ﬁlii
1542 4527 1655 4592 Dei,
1688 4532 1735 4584 (εί
1770 4517 1811 4571 D
1839 4525 1981 4588 lasti,
2009 4534 2066 4578 tu
2095 4526 2207 4594 ipse
2241 4527 2563 4580 anxietatem
2595 4531 2884 4596 quamdam
2924 4535 3076 4587 nobis
3128 4537 3395 4609 intulisti;

191 4614 434 4680 resistite,
459 4623 515 4668 et
551 4614 709 4668 ﬁdem
744 4613 1129 4681 Christianam,
1164 4633 1268 4686 qua
1301 4619 1540 4673 saivandi
1581 4624 1735 4687 estis,

194 4701 405 4754 omnino
459 4702 748 4758 deiendite.
796 4703 981 4775 Neque
1043 4722 1140 4762 vos
1182 4709 1451 4762 deterreat
1503 4711 1738 4766 humana

197 4789 475 4856 superbia;
549 4792 677 4860 quia
749 4795 843 4863 qui
915 4797 1200 4853 nobiscum
1268 4807 1352 4851 est
1422 4800 1598 4868 major
1656 4814 1742 4858 est

199 4886 457 4952 omnibus,
488 4895 544 4942 et
566 4903 780 4957 semper
808 4890 1060 4959 invictus;
1092 4894 1186 4963 qui
1241 4895 1356 4947 vult
1412 4903 1512 4950 nes
1548 4913 1646 4965 pro
1681 4916 1742 4955 se

202 4984 452 5048 laborare,
475 4993 532 5039 et
562 4999 822 5040 coronam
858 4989 1094 5058 legitime
1117 4973 1472 5055 certantibus,
1511 5004 1570 5048 ut
1599 4998 1742 5067 Apo-

205 5085 362 5140 status
401 5085 686 5155 promittit,
714 5085 970 5141 tribuere.
1011 5087 1161 5142 Solet
1208 5089 1352 5143 enim
1411 5092 1517 5146 dux
1560 5107 1745 5152 noster

206 5183 378 5248 paucis
405 5193 460 5240 et
481 5185 776 5239 humilibus
795 5185 998 5239 multos
1039 5194 1095 5240 et
1139 5189 1403 5255 superbos
1441 5204 1741 5262 conterere,

208 5287 255 5331 et
280 5295 369 5348 per
394 5299 457 5337 ea
486 5299 608 5353 qua:
638 5291 768 5338 sunt
809 5282 1028 5337 inﬁrma
1071 5285 1257 5338 mundi
1308 5285 1467 5342 fortia
1518 5305 1745 5362 quaeque

210 5374 538 5456 confundere.
570 5383 660 5437 Sic
681 5381 825 5436 enim
857 5382 1078 5452 placuit,
1104 5392 1157 5436 et
1183 5383 1260 5438 sic
1285 5385 1437 5438 decet
1473 5391 1744 5446 ccclestem

211 5480 259 5524 et
278 5473 526 5546 invictum
550 5482 866 5550 principem.
898 5480 1248 5551 Omnipotens
1279 5481 1440 5547 Deus,
1471 5487 1562 5554 qui
1590 5488 1747 5541 beato

214 5569 360 5627 Petro
388 5588 516 5632 om
547 5595 676 5636 suas
697 5583 998 5652 specialiter
1027 5583 1321 5648 commisit,
1353 5593 1408 5639 et
1452 5587 1618 5642 totius
1644 5588 1747 5642 Ec-

215 5669 380 5726 clesia
407 5676 649 5745 regimen
701 5675 867 5744 dedit,
895 5697 993 5737 vos
1017 5683 1071 5736 in
1093 5684 1212 5752 ejus
1250 5683 1535 5738 dilectione
1564 5701 1750 5740 corro-

174 5763 175 5857 ι
220 5771 376 5841 boret,
397 5783 474 5839 ut,
499 5774 948 5844 ejusauctoritate
969 5797 999 5832 a
1025 5783 1258 5850 peccatis
1281 5784 1473 5837 vestris
1497 5785 1748 5850 absoluti,

511 5865 782 5930 Parant.
816 5869 1138 5931 CXLVIII.

1839 4633 1963 4671 cum
2007 4618 2077 4670 ob
2133 4618 2185 4670 id
2251 4618 2424 4670 solum
2477 4619 2602 4687 quia
2649 4625 3118 4678 excommunicato
3168 4630 3400 4684 scienter

1841 4709 2356 4772 communicaverat,
2380 4725 2503 4762 eum
2530 4724 2648 4762 esse
2672 4711 3000 4778 depositum,
3033 4727 3085 4769 et
3108 4728 3306 4784 tamen,
3346 4723 3397 4774 in

1842 4800 2243 4853 examinatione
2281 4800 2401 4867 ejus
2432 4799 2499 4851 de
2555 4799 2779 4868 objectis
2838 4802 3174 4871 criminibus,
3209 4819 3402 4875 pra-ter

1842 4889 1986 4956 quod
2028 4889 2286 4942 domuum
2322 4899 2376 4942 et
2410 4891 2856 4957 prmchessoI-em
2900 4906 3141 4948 nostrum
3169 4898 3399 4952 Alexan-

1844 4978 2001 5031 drum
2024 4994 2218 5048 papam
2249 4973 2350 5033 sibi
2399 4980 2668 5049 ignovisse
2699 4982 2983 5048 fatebatur,
3021 5001 3128 5039 non
3161 5004 3282 5042 eum
3307 5009 3399 5046 ca-

1847 5069 2038 5122 nonice
2062 5084 2120 5122 se
2139 5083 2488 5138 expurgasse,
2512 5071 2602 5122 sed
2619 5084 2918 5140 expurgare
2938 5074 3174 5132 voluisse
3199 5081 3403 5139 dixisti.

1848 5156 1962 5211 Non
1980 5173 2197 5226 parvam
2226 5159 2404 5226 itaque
2424 5171 2585 5224 super
2611 5158 2694 5212 his
2720 5163 2972 5219 omnibus
2993 5168 3405 5228 sollicitudinem

1850 5247 2127 5310 habentes,
2164 5252 2270 5297 tam
2303 5244 2399 5298 tibi
2415 5243 2517 5314 ipsi
2538 5261 2701 5315 quam
2735 5255 2944 5309 ceteris
2967 5272 3160 5327 magna
3192 5277 3409 5331 respon-

1849 5335 2006 5389 dendi
2065 5332 2374 5388 difﬁcultate
2433 5345 2700 5392 tenemur.
2748 5340 2858 5396 lloc
2902 5353 3083 5400 tamen
3121 5353 3400 5404 consulen-

1851 5429 1994 5482 tibus
2014 5427 2274 5482 fratribus
2299 5439 2351 5483 et
2372 5433 2706 5503 coepiscopis
2726 5439 2926 5492 nostris
2947 5451 3000 5493 et
3023 5445 3402 5510 cardinalibus,

1852 5517 1992 5570 inter
2020 5529 2213 5572 caetera
2236 5535 2335 5573 nos
2367 5521 2669 5578 decrevisse
2691 5541 3004 5595 cognoscas,
3044 5539 3102 5582 ut
3152 5531 3403 5597 praefatus

1853 5607 2163 5664 Ausciensis
2185 5613 2638 5682 archiepiscopus,
2674 5629 2887 5686 propter
2911 5621 3010 5672 hoc
3061 5622 3232 5673 solum
3279 5627 3403 5690 quia

1854 5701 2272 5758 communicavit
2309 5703 2792 5766 cxcommunicato,
2821 5705 3104 5770 dejectioni
3130 5709 3406 5774 subjaccre

1860 5805 1964 5843 non
2010 5790 2196 5844 debeat
2226 5808 2235 5841 :
2268 5790 2340 5842 ita
2368 5799 2545 5842 tamen
2573 5791 2617 5842 si
2644 5791 2709 5842 de
2731 5791 2954 5857 objectis
2989 5793 3111 5846 aliis
3166 5797 3402 5852 crimini-

3025 5886 3098 5942 10

3956 998 3959 1078 ε

3956 1100 3961 1164 l

3956 1177 3963 1254 ι

3963 1329 3965 1366 |
