4098 6362
242 378 333 429 Titii

1362 390 1562 446 LIBER
1595 393 1868 449 ramos.
1893 425 1960 434 —
1983 397 2195 452 EPIST.
2238 366 2348 454 xx.

3358 423 3460 477 502

241 493 619 562 perseveratis,
646 504 703 549 ct
738 495 1018 567 legationis
1059 510 1248 554 vestrae
1274 503 1432 557 verba
1474 505 1539 558 ad
1561 505 1809 560 eil'ectnin
1841 509 1883 563 Δ
1981 511 2132 591 modo
2149 512 2246 579 ﬁat
2265 500 2520 591 impedire,
2550 519 2624 570 ait
2651 510 3096 591 utgolloquantur
3127 544 3230 582 una
3253 546 3352 584 non
3380 550 3468 587 so.

242 583 534 650 perducere
564 585 766 640 velitis.
805 585 914 642 Nos
954 601 1133 642 autem
1177 607 1283 643 non
1322 592 1497 646 solum
1528 594 1667 648 inter
1704 595 1808 648 Bo-

242 687 475 738 manam,
509 675 604 727 cui
634 675 758 730 licet
782 677 984 747 indigni
1016 679 1370 748 descrvimus,
1403 681 1697 753 Ecclesiam
1717 727 1730 748 ,
1758 695 1810 739 et

241 761 399 814 tiliam
452 762 580 830 ejus
631 764 1302 835 Constantinopolitanam,
1353 769 1648 840 antiquam,
1702 771 1809 826 Deo

242 851 546 918 ordinante,
604 857 951 910 concordiam
1003 858 1251 928 cupimus
1291 860 1575 928 innovare;
1613 863 1725 927 sed,
1763 863 1808 915 si

243 942 352 994 ﬁeri
375 951 580 1010 potest,
613 944 756 1013 quod
777 960 844 999 ex
877 946 1033 1000 nobis
1059 955 1159 1014 est,
1185 964 1309 1002 cum
1345 950 1597 1003 omnibus
1635 951 1810 1004 homi-

244 1030 397 1084 nibus
420 1047 617 1100 paeem
643 1034 856 1088 habere.
891 1034 1056 1089 Scitis
1091 1037 1236 1093 enim
1266 1039 1391 1107 quia
1421 1049 1681 1109 quantum
1713 1056 1809 1094 an-

245 1130 580 1176 teccssorum
614 1133 925 1179 nostrorum
949 1136 1002 1179 Cl
1034 1137 1339 1182 vestrorum
1366 1139 1572 1208 sancta;
1591 1140 1809 1198 aposto-

244 1212 355 1265 licae
379 1213 496 1266 sedi
521 1222 578 1266 et
605 1214 830 1284 imperio
863 1217 1224 1285 patrocinium
1260 1219 1546 1274 concordia
1585 1219 1806 1288 profuit,

244 1311 451 1357 tantum
498 1305 759 1374 deinceps
804 1307 989 1361 nocuit
1024 1308 1167 1376 quod
1205 1310 1458 1378 utrinque
1495 1310 1806 1364 earumdem

243 1393 480 1450 Charitas
511 1394 720 1465 friguit.
756 1396 961 1452 Cmtera
999 1398 1180 1468 igitur,
1208 1417 1328 1470 qua:
1351 1402 1694 1470 praesentium
1727 1402 1809 1454 la—
1839 1445 1841 1448 .

245 1484 346 1538 tori
389 1487 661 1542 secretius
705 1484 1412 1567 referenda_commisimus,
1449 1491 1812 1547 indubitanter

245 1576 467 1644 potestis
499 1577 744 1644 credere,
779 1589 832 1633 et
855 1595 951 1648 per
978 1595 1102 1633 eum
1129 1582 1390 1651 quidquid
1421 1582 1692 1653 majestati
1722 1598 1810 1637 ve-

245 1677 368 1723 strie
401 1669 676 1738 placuerit
705 1685 892 1724 secure
915 1671 1072 1725 nobis
1101 1671 1425 1740 significare.

309 1757 444 1812 Data
501 1758 698 1812 Albani
733 1759 964 1829 septimo
1018 1759 1143 1814 ldus
1187 1759 1335 1828 Julii,
1378 1761 1673 1817 indictione
1708 1779 1810 1817 un-

245 1848 472 1903 decima.

245 1939 389 2008 (546)
411 1938 758 2011 Δ(ῖοηεςιίιιιιὶυ
781 1956 896 2011 quia
933 1933 1077 2010 facta
1109 1950 1185 2011 est
1214 1933 1349 1996 inter
1380 1943 1649 1996 dominum
1682 1941 1809 1998 Cre-

308 2009 516 2076 gorium
546 2020 739 2078 papam
767 2009 1061 2079 septimum,
1084 2020 1132 2063 et
1155 2010 1524 2080 Landalphum
1546 2013 1806 2066 Beneven-

313 2087 495 2131 tanum
523 2081 832 2148 principem.

304 2165 428 2222 Haec
449 2177 535 2222 est
556 2169 872 2224 constitutio
900 2184 1064 2238 quam
1090 2169 1343 2225 dominus
1357 2184 1494 2240 papa
1515 2169 1806 2240 Gregorius

243 2259 523 2314 constituit
551 2274 678 2314 cum
702 2257 1021 2329 Landulpho
1051 2259 1432 2314 Beneventano
1467 2261 1731 2331 principe,
1754 2271 1808 2316 et

244 2365 402 2419 quam
432 2350 690 2419 princeps
711 2349 1122 2406 Beneventanus
1150 2350 1266 2420 ipse
1286 2351 1389 2404 sibi
1425 2351 1654 2406 ﬁrmiter
1680 2367 1809 2420 pro-

244 2437 390 2494 misit
443 2440 502 2494 in
545 2455 702 2495 sacro
758 2439 1134 2494 Beneventano
1171 2439 1391 2508 palatio,
1437 2454 1583 2493 anno
1630 2441 1806 2508 primo

246 2530 592 2600 pontificatus
639 2529 778 2599 ejus,
820 2529 1138 2584 duodecima
1189 2529 1295 2595 die,
1342 2529 1577 2584 intrante
1621 2545 1809 2613 mense

245 2624 508 2693 Augusto,
546 2621 841 2677 indictione
876 2621 1178 2677 undecima.
1225 2619 1285 2675 Si
1316 2621 1386 2674 ab
1417 2620 1550 2674 hora
1577 2621 1692 2690 ipsa
1723 2622 1806 2676 in-

245 2721 398 2766 antea
418 2713 678 2782 princeps
703 2711 818 2781 ipse
842 2709 1034 2766 fuisset
1057 2709 1288 2764 infidelis
1315 2719 1516 2765 sancta:
1545 2709 1807 2767 Romanas

245 2802 505 2868 ecclesiae,
547 2810 603 2856 et
634 2815 786 2870 papa:
814 2799 935 2868 ipsi,
974 2800 1196 2869 suisque
1228 2799 1686 2866 successoribus;
1721 2802 1807 2856 vel

246 2894 292 2949 si
318 2895 373 2948 in
409 2894 598 2963 aliquo
627 2891 910 2962 quaesisset
933 2891 1176 2946 minuere
1201 2875 1470 2959 publicam
1495 2906 1611 2945 rem
1634 2891 1808 2947 Bene-

245 2975 556 3050 ventanam,
583 2992 678 3038 aut
698 2981 935 3052 aliquam
966 2981 1088 3036 inde
1117 2981 1323 3050 absque
1355 2989 1489 3034 nutu
1521 2996 1692 3050 papae,
1721 2982 1806 3036 vel

245 3076 448 3146 absque
480 3075 747 3130 ordinatis
780 3069 1185 3143 [ordinationis]
1219 3071 1358 3139 ejus,
1390 3070 1551 3126 alicui
1588 3069 1806 3128 fecisset

245 3166 680 3231 investitionem;
714 3163 800 3218 vel
842 3162 890 3219 si
932 3162 1112 3230 aliquo
1159 3161 1426 3216 invenerit
1451 3162 1652 3228 studio,
1681 3179 1806 3218 cum

243 3249 425 3328 aliquo
454 3256 680 3327 homine
705 3255 851 3309 intus
879 3260 973 3308 aut
1003 3251 1141 3308 foris
1172 3252 1445 3308 civitatem
1473 3255 1808 3310 Beneventa-

243 3357 392 3413 n‘am,
440 3342 680 3400 faciendi
700 3353 797 3398 aut
819 3341 1113 3412 recipiendi
1143 3349 1561 3410 sacramentum,
1593 3353 1687 3398 aut
1723 3346 1808 3399 in-

245 3435 496 3490 veniendi
543 3434 869 3500 divisiones;
901 3433 986 3488 vel
1016 3433 1063 3487 si
1088 3447 1184 3501 per
1213 3447 1272 3488 se
1299 3441 1394 3487 aut
1418 3447 1516 3503 per
1557 3438 1807 3506 supposi-

244 3535 354 3581 tam
382 3539 682 3596 personam
717 3525 864 3580 intus
893 3533 986 3585 aut
1014 3523 1148 3578 foris
1174 3513 1444 3579 civitatem
1477 3526 1806 3584 Beneventa-

243 3630 367 3673 nam
401 3611 688 3673 studuerit
709 3615 1090 3687 qualicumque
1119 3615 1282 3670 modo
1312 3620 1410 3671 aut
1443 3612 1660 3690 ingenio
1686 3622 1807 3677 red-

241 3709 401 3765 dendi
443 3707 651 3764 malum
704 3707 978 3773 meritum,
1023 3713 1117 3762 aut
1167 3704 1397 3763 faciendi
1452 3709 1805 3768 damnitatem

241 3799 460 3854 cuilibet
499 3798 570 3852 de
612 3794 860 3850 fidelibus
905 3802 1104 3851 sanctis
1153 3793 1412 3872 Romana:
1452 3794 1708 3854 Ecclesiae
1736 3803 1805 3857 de

240 3899 302 3942 ea
325 3903 450 3958 qua:
474 3886 548 3942 ad
577 3885 1153 3954 fldelitatemejusdem
1179 3894 1380 3940 sanctae
1420 3886 1680 3944 Romana:
1713 3906 1803 3946 ec-

241 3976 416 4036 clesiae
441 3992 606 4049 egere
635 3981 814 4048 usque
840 3976 1037 4044 modo;
1072 3976 1119 4032 si
1154 3992 1214 4032 se
1241 3974 1396 4047 ju‘xta
1443 3979 1629 4035 domni
1674 3997 1805 4052 apo-

241 4060 418 4123 stolici
447 4065 718 4138 judicium
750 4081 862 4121 non
903 4062 1138 4136 potuerit
1175 4060 1300 4120 inde
1337 4066 1644 4136 defendere,
1680 4088 1804 4128 cum

242 4153 745 4228 fuerit‘appellatus',
772 4169 804 4209 a
824 4154 1076 4224 praesenti
1104 4155 1315 4210 amittat
1334 4171 1494 4212 suum
1517 4159 1798 4217 honorem.

736 4258 738 4260 '
811 4239 1246 4315 Subscn’ptiones.
1560 4263 1564 4266 ·

306 4337 416 4409 Ego
454 4336 700 4393 Joannes
727 4334 1051 4392 'Portuen’sis
1095 4337 1381 4404 episcOpus
1407 4353 1804 4408 recognoscens

241 4427 560 4504 subscripsi.
672 4499 676 4502 ~
913 4479 920 4484 ,
1606 4513 1607 4516 η

307 4515 418 4587 Ego
452 4515 695 4570 Joannes
725 4511 1149 4572 Tusculanensis
1173 4515 1460 4588 episcopus
1493 4513 1713 4591 interfui
1745 4535 1800 4580 et

242 4607 561 4684 subscripsi.
676 4668 702 4685 ,ι
874 4665 876 4667 ,

308 4699 418 4770 Ego
451 4686 1078 4763 libertus-Praenestinus
1105 4699 1390 4771 episcopus
1416 4703 1730 4776 subscripsi.

281 4788 412 4858 Ego
444 4787 758 4844 Desiderius
777 4788 1055 4860 presbyter
1083 4788 1340 4847 Romanis
1359 4793 1612 4850 Ecclesiae
1633 4796 1800 4852 inter-

242 4875 396 4934 fui‘et
420 4875 746 4949 subscripsi.
833 4926 836 4929 η
895 4887 903 4942 ἱ

303 4967 413 5040 Ego
437 4969 635 5041 Petrus
655 4950 944 5114 cardinalss
972 4974 1250 5043 presbyter
1275 4980 1330 5026 et
1357 4973 1798 5033 bibliothecarins

303 5073 406 5114 crae
432 5059 696 5114 Romani:
715 5059 899 5114 Eccles
919 5078 966 5114 ω
987 5061 1205 5114 interfui
1237 5071 1290 5114 et
1315 5064 1632 5114 subscrinsi.

244 5073 406 5114 sacra:
432 5059 696 5114 Romanae
715 5059 966 5116 Ecclesiae
987 5061 1205 5116 interfui
1237 5071 1290 5116 et
1315 5064 1632 5134 subscripsi.

769 5168 1102 5227 EPISTOLA
1132 5172 1274 5227 XIX.

609 5255 678 5294 ΑΙ)
703 5255 980 5296 ιιοιιυιῐυιι
1011 5259 1209 5298 ευενιιε
1241 5260 1431 5301 ιιυεειι.

824 5330 1002 5400 (Anno
1043 5333 1224 5402 1075.)

252 5410 484 5497 (inuadit
523 5433 580 5474 se
625 5412 913 5492 Remittunt
941 5439 1108 5493 regem
1149 5426 1268 5497 odio
1299 5444 1416 5497 non,
1436 5429 1641 5492 habere,
1673 5445 1797 5486 (tum

310 5488 482 5555 potius
512 5488 699 5559 cupere
725 5505 903 5557 pacem
934 5488 1050 5544 cum
1083 5507 1140 5545 eo
1180 5495 1344 5573 inire;
1364 5493 1526 5567 fq'uod
1570 5488 1637 5550 ut
1657 5515 1798 5551 com-

1981 577 2285 670 lam'ipselet
2318 577 2632 670 imperatori
2642 577 2744 670 sed
2762 577 2921 643 etiam
2947 577 3282 670 imperatoris
3312 577 3462 670 uxor,

1976 655 2027 726 et
2060 645 2174 726 alii.
2210 645 2472 726 Rogatmt
2504 671 2557 706 se
2590 645 2795 723 fidelem
2827 645 3468 726 ρνωῦεαῗῘέῦιῆάῖιᾶἜέί

1979 713 2169 782 ειεδὶω,
2196 726 2246 769 et
2269 713 2338 770 (ἱιί
2357 719 2543 775 limina
2566 713 2919 792 apostolorum
2944 713 3132 785 venia}:

1973 802 2277 861 Gnecon‘ws
2291 809 2596 879 episcopus,
2615 829 2802 870 servus
2823 831 3100 874 servorum
3115 820 3230 890 Dei,
3248 824 3465 882 Reum.-

1909 907 1972 946 ro
1987 892 2194 950 Suevize
2205 896 2328 951 duci
2340 899 2567 954 salutem
2582 906 2992 972 etapostolicam
3014 909 3462 972 benedictionem.

1973 980 2119 1037 Licet
2157 1000 2224 1038 ex
2266 988 2551 1055 praeteritis
2591 993 2888 1049 nobilitatis
2919 1004 3022 1052 tuze
3046 1000 3238 1057 studiis
3267 1004 3470 1060 clareat

1909 1077 1961 1124 te
2014 1082 2213 1128 sancta:
2262 1075 2518 1133 Romanae
2581 1078 2836 1138 Ecclesiae
2894 1085 3184 1170 honorem1
3217 1091 3462 1162 diligere,

1909 1171 2053 1215 nUnc
2082 1172 2264 1218 tamen
2285 1173 2489 1235 quanto
2515 1169 2686 1238 ipsius
2709 1187 2895 1229 amore
2916 1175 3144 1246 ferveas,
3177 1186 3469 1250 quantum-

1908 1266 2013 1319 qne
2027 1262 2247 1308 caeteros
2271 1255 2484 1311 illarum
2500 1261 2732 1328 partium
2749 1264 3020 1334 principes
3042 1269 3285 1337 ejusdem
3311 1289 3468 1328 amo-

1909 1339 1986 1394 ris
2053 1345 2416 1413 magnitudine
2480 1352 3093 1425 transcendas,jlitterie
3148 1368 3254 1415 tua:
3309 1365 3468 1420 nobis

1909 1435 2242 1488 transmissa:
2271 1436 2546 1492 evidenter
2568 1450 2860 1510 exponunt.
2885 1442 3016 1509 Quae
3040 1447 3295 1504 nimirum
3326 1452 3469 1507 inter

1909 1529 2101 1574 caetera
2127 1521 2424 1578 dulcedinis
2457 1541 2570 1580 suae
2598 1529 2762 1583 verba
2793 1527 2923 1587 illud
2954 1535 3110 1590 nobis
3145 1536 3466 1595 videbantur

1909 1609 2210 1676 consulere,
2239 1627 2336 1680 per
2364 1614 2510 1682 quod
2533 1622 2586 1669 et
2621 1624 2795 1674 status
2824 1620 3035 1690 imperii
3060 1625 3348 1694 gloriosius
3379 1644 3468 1682 re-

1910 1695 2069 1764 gitur,
2103 1705 2156 1750 et
2191 1708 2392 1754 sancta:
2426 1700 2678 1758 Ecclesia:
2713 1706 2865 1776 vigor
2909 1710 3190 1781 solidatur,
3221 1715 3468 1772 videlicet

1911 1790 1971 1836 ut
1999 1783 2358 1839 sacerdotium
2393 1797 2448 1842 et
2490 1790 2776 1860 imperium
2811 1794 2866 1848 in
2915 1798 3122 1855 unitate
3166 1803 3470 1860 concordia:

1909 1868 2323 1945 conjung’antu'r.
2370 1874 2522 1932 Unde
2567 1881 2901 1939 nobilitatem
2927 1867 3096 1943 'tuam
3130 1891 3270 1946 seire
3312 1893 3469 1948 voluo

1909 1973 2051 2030 mus,
2096 1966 2222 2034 quia
2252 1983 2364 2021 non
2391 1969 2567 2023 solum
2608 1970 2753 2026 circa
2788 1989 2967 2044 regem
3021 1977 3334 2050 Henricum,
3373 1986 3464 2040 cui
3536 1999 3540 2003 '

1907 2053 2178 2111 debitores
2210 2057 2498 2114 existimus
2531 2075 2596 2114 ex
2619 2074 2684 2115 eo
2705 2064 2850 2131 quod
2874 2065 3050 2135 ipsum
3074 2068 3130 2122 in
3156 2085 3334 2140 regem
3356 2051 3469 2128 ele-

1907 2147 2104 2222 gimus,
2142 2157 2196 2202 et
2227 2159 2379 2219 pater
2411 2153 2531 2220 ejus
2572 2153 2852 2214 laudandae
2895 2164 3167 2219 memoriae
3201 2164 3468 2224 Henricus

1907 2238 2200 2308 imperator
2221 2239 2362 2295 inter
2382 2256 2571 2313 omnes
2599 2243 2812 2303 ltalic05
2838 2249 2894 2304 in
2919 2254 3070 2308 curia
3109 2270 3208 2311 sua
3248 2256 3470 2328 speciali

1907 2325 2114 2383 honore
2146 2344 2232 2383 me
2279 2331 2553 2399 tractavit,
2585 2335 2838 2406 quodque
2877 2340 3039 2396 etiam
3076 2343 3190 2413 ipse
3229 2325 3468 2404 moriens

1908 2414 2179 2472 Remanae
2198 2414 2465 2476 Ecclesiae
2485 2437 2582 2492 per
2614 2428 2932 2483 venerandae
2959 2436 3234 2491 memoria;
3271 2452 3466 2508 papam

1908 2505 2178 2563 Victorem
2225 2512 2542 2578 praedictum
2607 2509 2775 2570 ﬁlium
2829 2531 2990 2573 suum
3042 2505 3464 2592 commendavit,

1905 2595 2139 2665 aliquam
2164 2598 2591 2683 malevolentiam
2625 2621 2736 2660 non
2769 2608 3138 2678 observamus,
3163 2616 3257 2670 sed
3279 2631 3457 2688 neque

1907 2685 2137 2754 aliquem
2163 2687 2532 2745 Christianum
2557 2693 2848 2763 hominem,
2865 2696 2975 2753 Deo
2996 2702 3309 2773 auxiliante,
3331 2685 3458 2764 odio

1906 2771 2104 2829 habere
2129 2776 2409 2850 volumus:
2433 2795 2557 2835 cum
2587 2781 2879 2852 Apostolus
2905 2788 3047 2844 dicat
3072 2811 3084 2845 :
3113 2793 3172 2847 Si
3194 2771 3462 2855 tradidero

1906 2872 2091 2945 corpus
2123 2879 2292 2918 meum
2328 2867 2404 2919 ita
2433 2876 2490 2920 ut
2523 2869 2759 2939 ardeam,
2781 2882 2832 2928 et
2860 2877 2906 2929 si
2939 2878 3130 2934 dedero
3158 2898 3346 2940 omnes
3380 2888 3464 2956 fa-

1906 2946 2381 3004 cultates‘meas'in
2411 2955 2553 3008 cibos
2577 2969 2884 3028 pauperum,
2917 2966 3227 3023 alacritatem
3253 2989 3355 3027 non
3376 2946 3469 3029 lia-

1907 3035 2048 3102 bens,
2078 3039 2218 3092 nihil
2249 3057 2366 3095 sum
2396 3043 2450 3111 (I
2475 3044 2597 3100 Cor.
2634 3048 2776 3120 x111).
2819 3044 2922 3108 Sed
2946 3043 3072 3124 qnia
3116 3063 3463 3118 concordiam

1833 3134 1874 3190 α
1907 3123 2086 3194 istam,
2140 3128 2348 3186 scilicet
2391 3135 2677 3189 sacerdotii
2711 3145 2767 3192 et
2809 3123 3020 3211 imperii
3064 3145 3200 3202 nihil
3251 3149 3462 3220 ﬁctum,

1907 3217 2043 3296 nihil
2073 3218 2181 3274 nisi
2208 3236 2405 3296 purum
2439 3224 2592 3298 decet
2625 3227 2843 3299 habere,
2873 3232 3082 3290 videtur
3104 3239 3261 3295 nobis
3283 3217 3462 3299 omni;

1887 3321 1979 3403 .no
2006 3309 2136 3363 utile
2160 3319 2220 3364 ut
2247 3312 2400 3381 prius
2429 3320 2630 3384 tecum,
2667 3329 2829 3390 atque
2847 3335 2972 3379 cum
3005 3325 3210 3398 Agnete
3234 3331 3466 3403 impera—

1906 3393 2058 3460 trice,
2087 3405 2141 3450 et
2173 3413 2298 3452 cum
2350 3402 2627 3458 comitissa
2661 3407 2923 3492 Beatrice,
2965 3421 3020 3467 et
3053 3393 3330 3474 Bainaldo.
3352 3423 3465 3492 epi-

1906 3498 2070 3553 scopo
2098 3484 2364 3555 Cumano,
2399 3497 2617 3572 etcum
2648 3484 2769 3550 aliis
2797 3495 2967 3553 Deum
2988 3500 3302 3563 timentibus
3317 3484 3468 3580 [διξὸς

1904 3571 2032 3624 audi
2060 3573 2380 3648 colloquar].
2409 3576 2544 3656 Nam
2567 3581 2710 3636 sicut
2732 3584 2945 3642 duobus
2965 3591 3137 3647 oculis
3162 3571 3464 3656 humanum

1904 3676 2102 3734 corpus
2134 3669 2416 3737 temporali
2449 3670 2653 3747 lumine
2677 3676 2900 3747 regitur,
2931 3679 3006 3736 ita
3035 3683 3122 3739 bis
3147 3686 3359 3747 duabus
3381 3692 3466 3746 di-

1905 3755 2198 3824 gnitatibus
2231 3758 2289 3812 in
2319 3774 2454 3828 pura
2484 3745 2757 3833 religione,
2769 3745 3228 3834 concordantibus
3265 3745 3466 3852 corpus

1903 3841 2158 3898 Ecclesia:
2188 3847 2456 3914 spirituali
2481 3850 2686 3906 lumine
2703 3857 2834 3924 .regi
2862 3865 2918 3911 et
2946 3859 3241 3920 illuminari
3265 3841 3464 3938 pro-ba?

1903 3938 2010 3984 tur.
2039 3931 2114 3987 De
2139 3933 2224 3988 his
2254 3935 2564 4014 diligentius
2588 3948 2910 4016 tractemus;
2936 3959 3224 4024 quatenus,
3265 3931 3465 4016 volun-

1907 4029 2014 4104 tate
2038 4032 2223 4077 nostra
2252 4023 2388 4080 bene
2416 4040 2449 4080 a
2468 4027 2622 4084 vobis
2647 4032 2882 4102 cognita,
2911 4051 2959 4091 ει
2979 4040 3219 4099 ratiOnes
3243 4056 3462 4104 nostras

1899 4100 2078 4178 justas
2110 4127 2231 4167 esse
2253 4115 2628 4185 probaveritis,
2652 4100 2937 4183 nobiscum
2963 4134 3316 4188 consentiatis
3349 4154 3362 4188 :
3410 4139 3458 4192 si

1903 4217 2033 4257 vero
2069 4205 2269 4259 rationi
2302 4214 2503 4262 nostrae
2546 4208 2750 4278 aliquid
2794 4213 3098 4271 addendum
3135 4221 3217 4273 vel
3247 4222 3462 4280 subtra-

1904 4293 2140 4347 hendum
2170 4309 2291 4349 esse
2321 4297 2473 4352 vobis
2521 4298 2697 4352 visum
2743 4299 2933 4371 fuerit,
2967 4307 3210 4370 consiliis
3243 4315 3460 4383 vestris,

1905 4380 2012 4435 Deo
2036 4374 2426 4453 censentiente,
2451 4389 2624 4456 parati
2648 4390 2852 4448 erimus
2896 4387 3177 4454 asSensum
3202 4374 3458 4472 praebere:

1837 4453 1878 4506 ι)
1904 4469 2242 4543 Quapropter
2270 4453 2610 4545 prudentiam
2645 4489 2794 4536 tuam
2829 4499 3084 4556 rogamus
3113 4501 3174 4545 ut
3201 4453 3258 4546 in
3291 4495 3464 4555 fideli-

1905 4570 2012 4616 tate
2041 4563 2184 4621 beati
2206 4565 2352 4621 Petri
2378 4578 2589 4638 semper
2638 4573 2856 4649 studeas
2884 4572 3148 4644 crescere,
3185 4589 3241 4634 et
3285 4580 3352 4639 ad
3399 4587 3463 4640 ii-

1830 4659 1832 4662 '
1904 4653 2050 4708 mina
2077 4655 2216 4725 ejus,
2250 4665 2364 4714 tum
2401 4673 2564 4713 causa
2594 4662 2874 4729 orationis,
2898 4672 3010 4718 tum
3032 4669 3464 4730 consideratione

1903 4753 2069 4800 tanta:
2107 4741 2373 4811 utilitatis,
2403 4739 2510 4799 non
2544 4748 2720 4818 pigeat
2761 4758 2814 4805 te
2843 4755 3056 4830 venire,
3083 4767 3350 4836 quatenus
3380 4764 3462 4819 sic

1903 4845 1954 4888 te
1978 4837 2032 4888 in
2057 4845 2288 4904 utroque
2311 4835 2469 4890 beato
2488 4835 2650 4893 Petro
2671 4839 2969 4901 debitorem
3001 4845 3166 4902 facias
3219 4859 3279 4903 ut
3303 4860 3357 4905 et
3401 4853 3458 4908 in

1853 4979 1868 4984 ,,
1898 4926 2152 4993 priesenti
2185 4933 2239 4980 et
2265 4915 2321 4980 in
2353 4926 2535 4983 futura
2557 4930 2666 4986 vita
2687 4933 2805 5002 ejus
2830 4949 3040 5003 semper
3070 4937 3459 5001 intercessione

1939 5016 2156 5071 audeas.

1939 5032 2156 5071 audeas.
2479 5044 2483 5048 ~
2868 5035 2874 5039 ‘

1905 5032 1936 5085 ς
1976 5104 2106 5160 Data
2141 5105 2337 5176 Capua:
2359 5107 2611 5164 Kalendis
2651 5108 2998 5184 Septembris,
3032 5117 3327 5178 indictione
3368 5125 3455 5182 in-

1905 5191 2132 5265 cipiente
2157 5196 2493 5250 duodecima.
2533 5200 2538 5204 ’
2674 5235 2678 5238 η

2415 5281 2766 5366 EPISTOLA
2798 5291 2912 5344 xx.

2180 5369 2247 5405 AD
2271 5368 2568 5410 BAINAIJJUII
2600 5374 2879 5412 EPISCOPUII
2904 5376 3173 5420 CUIANUM.
3249 5384 3256 5392 “

2484 5424 2661 5486 (Anno
2693 5425 2873 5496 1075.)

1903 5506 2055 5561 Dolet
2088 5509 2152 5562 de
2180 5511 2291 5579 ejus
2317 5510 2728 5565 calamitatibus.
2761 5511 3019 5570 Paratum
3034 5534 3092 5570 se
3121 5519 3342 5572 ostendit
3370 5520 3453 5574 ul-

315 5641 986 5742 QitiLl‘lmg‘c‘o‘n‘s‘t‘itgtio
1011 5646 1159 5708 deest
1177 5651 1238 5736 in
1266 5655 1392 5735 cod.
1427 5655 1738 5727 Mutinensi,
1778 5660 1869 5730 sed
1912 5630 2046 5730 ejus,
2071 5663 2190 5717 loco
2239 5664 2390 5732 ponit
2434 5635 2814 5737 jusjurandum
2865 5671 3132 5728 ﬁdelitatis
3180 5672 3326 5742 quod
3372 5631 3449 5728 est

254 5709 382 5766 infra
412 5709 533 5782 post
554 5713 839 5784 epistolam
873 5709 960 5776 2i.
