4098 6368
255 497 355 554 303

1352 509 1549 566 LIBER
1589 512 1860 568 PRIML'S.
1897 514 2198 570 ——EP|ST.
2233 515 2393 570 XXII.

3358 520 3463 573 506

250 625 342 664 ero
376 611 447 664 ad
476 612 777 668 tenendum
819 609 872 668 et
899 615 1282 686 acquirendum
1326 631 1378 676 et
1425 623 1815 680 defendendum
1847 639 1889 691 Α
1915 629 2096 682 carnis
2142 629 2498 683 mortiticante
2546 629 2632 698 [[2,
2664 629 3112 702 mortiﬁcationo].
3163 633 3463 701 Spiritualis

250 698 446 769 regalia
486 704 668 758 sancti
707 703 847 758 Petri
871 705 1096 778 ejusque
1122 712 1494 779 possessiones
1543 723 1687 769 recta
1717 715 1818 771 ﬁde

248 797 434 843 contra
448 796 658 849 omnes
691 791 960 860 homines,
984 803 1040 850 et
1069 790 1333 868 adjuvabo
1365 809 1435 867 te,
1465 810 1524 857 ut
1549 817 1737 859 secure
1764 814 1818 860 et

220 889 232 901 ‘
250 874 550 934 honoriﬁce
581 888 772 936 teneas
798 891 1053 952 papatum
1073 882 1398 956 Romanum,
1416 897 1612 945 terram
1644 895 1816 950 sancti

247 963 419 1035 Petri;
479 979 538 1024 et
592 971 930 1043 principatus
981 989 1080 1034 nec
1125 975 1378 1033 invadere
1416 996 1513 1035 nec
1539 981 1817 1053 acquirere

251 1072 524 1126 quaeram,
564 1076 665 1116 nec
705 1063 868 1116 etiam
906 1062 1201 1134 depraedari
1244 1083 1563 1136 prtesumam
1612 1072 1816 1142 absque

251 1158 337 1203 tua
362 1158 700 1222 tuorumque
734 1168 1132 1221 successorum,
1156 1155 1250 1226 qui
1271 1157 1342 1211 ad
1361 1158 1617 1213 honorem
1643 1162 1814 1216 sancti

246 1233 388 1292 Petri
423 1239 774 1306 intraverint,
807 1250 954 1296 certa
993 1242 1228 1310 licentia,
1255 1254 1448 1314 printer
1481 1246 1624 1302 illam
1650 1263 1812 1317 quam

248 1333 302 1379 tu
328 1327 462 1381 mihi
494 1331 784 1395 concedes,
815 1331 899 1386 vel
929 1331 1006 1386 tui
1033 1335 1344 1389 concessuri
1373 1344 1500 1391 sunt
1527 1352 1810 1393 successo-

247 1430 348 1470 ηις.
374 1415 708 1474 Pensionent
730 1420 796 1474 de
823 1430 966 1487 terra
1010 1423 1183 1478 sancti
1211 1422 1374 1492 Petri,
1411 1441 1572 1495 quam
1604 1443 1702 1497 ego
1732 1438 1810 1482 te-

247 1521 348 1563 neo
369 1516 425 1562 et
448 1510 669 1574 tenebo,
704 1510 844 1565 sicut
865 1519 1125 1566 statutum
1158 1523 1260 1580 est,
1290 1525 1434 1571 recta
1461 1518 1562 1572 ﬁde
1586 1520 1817 1575 studcbo.

246 1607 303 1650 it
332 1597 479 1652 illam
508 1609 698 1654 sancta
733 1598 974 1655 Romana
1006 1604 1308 1660 annualiter
1336 1605 1531 1660 habeat
1552 1607 1807 1665 Ecclesia.

245 1684 445 1743 Omnes
481 1702 704 1757 quoque
737 1689 994 1744 ecclesias
1017 1707 1138 1760 qua:
1159 1691 1213 1745 in
1245 1708 1361 1747 mea
1398 1695 1693 1766 pcrsistunt
1715 1698 1813 1754 do-

247 1777 570 1841 minatione,
594 1793 718 1831 eum
757 1794 946 1834 carum
981 1782 1433 1850 possessionibus,
1460 1784 1724 1846 dimittam
1755 1789 1808 1842 in

245 1874 388 1924 tuam
422 1876 770 1936 potestatem,
807 1876 861 1920 et
885 1867 1140 1923 defensor.
1164 1869 1376 1926 illarum
1416 1888 1514 1927 ero
1547 1875 1613 1929 ad
1643 1875 1811 1930 ﬁdeli-

1916 716 2112 785 quippe
2135 718 2256 771 vita:
2283 717 2329 770 si
2356 716 2582 782 fueritis,
2608 718 2912 772 haereditate
2932 719 3145 788 quidem
3173 721 3320 790 regni
3348 722 3463 790 ejus

1916 803 1972 857 in
1990 813 2248 858 aeternum
2274 814 2330 859 ut
2361 806 2454 859 ﬁlii
2483 805 2756 873 fruemini,
2789 807 3094 863 cohaeredes
3115 807 3335 874 Christi,
3364 810 3462 864 ha:-

1915 893 2068 948 redes
2091 908 2218 948 vero
2241 893 2351 948 Dei.
2380 893 2532 949 Unde
2553 911 2766 949 omnem
2789 897 3068 964 malitiam,
3095 897 3463 970 simulationes

1913 991 1968 1037 et
2011 982 2277 1049 invidias,
2322 998 2618 1056 omnesque
2663 986 3024 1042 detractiones
3061 1002 3160 1042 vos
3199 988 3464 1056 deponere

1915 1070 2150 1126 fraterna
2181 1071 2447 1126 charitate
2498 1075 2754 1128 commoti
2809 1075 3180 1131 admonemus.
3235 1075 3291 1130 Si
3335 1077 3495 1157 quid;

1914 1172 2091 1216 autem
2129 1163 2390 1234 contingit
2431 1164 2569 1217 inter
2615 1179 2765 1218 arma
2819 1163 3214 1220 Saracenorum
3248 1166 3461 1236 positis,

1913 1253 2076 1305 nolite
2104 1254 2433 1321 pavescere;
2488 1253 2579 1308 sed
2623 1254 3053 1323 quotiescunque
3097 1270 3196 1324 pro
3245 1254 3464 1311 Christo

1911 1339 2174 1408 patimini,
2205 1341 2450 1410 gaudete,
2477 1351 2534 1396 ut
2571 1343 2624 1396 in
2661 1343 2946 1397 adventum
2969 1343 3152 1413 gloria:
3184 1343 3302 1413 ejus
3327 1360 3462 1414 gau-

1910 1427 2082 1484 deatis
2103 1429 2449 1484 exsultantes.
2494 1429 2691 1485 Fidelis
2719 1432 2931 1500 quidem
2971 1441 3052 1486 est
3085 1447 3262 1487 sermo
3309 1450 3323 1486 :
3359 1431 3461 1496 Qui

1909 1521 2179 1574 suscitarit
2199 1519 2400 1588 Iesum,
2421 1523 2696 1576 suscitabit
2716 1532 2764 1575 et
2787 1540 2870 1577 ros
2898 1522 3064 1592 (Rom.
3089 1522 3226 1592 vm),
3250 1522 3296 1577 si
3317 1537 3464 1577 mor-

1910 1607 1987 1662 tui
2023 1623 2186 1662 carne
2212 1609 2443 1676 fueritis,
2473 1611 2581 1665 vita
2609 1626 2737 1666 vero
2771 1611 2863 1664 Dei
2897 1611 3098 1680 Spiritu
3133 1611 3188 1664 in
3231 1611 3461 1665 adventu

1910 1713 2010 1751 suo
2055 1698 2120 1752 ad
2173 1699 2358 1769 glorise
2405 1717 2517 1755 sua:
2564 1700 3127 1756 communicationem.
3155 1700 3462 1775 .lneﬁ‘alnlis

1909 1787 2073 1856 igitur
2094 1788 2274 1858 gloriae
2314 1804 2406 1858 spe
2439 1797 2549 1842 tam
2582 1789 2724 1842 ﬁdeli
2747 1791 3077 1858 promissore
3110 1790 3459 1853 conﬁdentes.

1909 1876 2148 1930 membra
2173 1883 2348 1931 vestra
2385 1876 2731 1941 mortilicate;
2768 1886 2996 1930 mortem
3035 1876 3236 1931 Christi
3280 1878 3460 1931 cordi-

244 1969 404 2016 tatem
429 1969 637 2014 sancta:
660 1960 914 2015 Romame
944 1960 1212 2018 Ecclesiae.
1249 1963 1377 2036 Regi
1405 1983 1532 2022 vero
1555 1967 1804 2031 Henrico,
1841 1961 1881 2015 Β
1906 1965 2006 2020 bus
2031 1965 2223 2020 vestris
2243 1966 2465 2036 inﬁgitc,
2510 1966 2732 2019 adversa
2762 1965 2942 2019 omnia
2983 1980 3082 2033 pro
3107 1979 3172 2018 eo
3197 1966 3307 2034 pati
3330 1981 3462 2033 gau-

243 2062 363 2105 cum
397 2063 427 2100 a
454 2058 506 2101 te
540 2047 678 2119 [uta
711 2049 785 2121 te]
820 2051 1130 2108 admonitus
1167 2052 1340 2121 fuero,
1362 2059 1457 2112 “vel
1489 2074 1518 2112 a
1548 2058 1655 2113 tuis
1685 2074 1802 2113 suc-

243 2137 574 2204 cessoribus,
606 2140 804 2209 jurabo
837 2141 1144 2198 ﬁdelitatem
1172 2163 1186 2212 ;
1236 2148 1382 2202 salva
1429 2157 1607 2203 tamen
1644 2149 1815 2205 ﬁdelia

244 2235 347 2284 tate
372 2238 581 2284 sancta:
613 2228 871 2286 Romamn
907 2231 1176 2290 Ecclesia.
1221 2234 1286 2290 Et
1311 2237 1358 2293 si
1383 2246 1439 2293 tu
1467 2239 1549 2296 vel
1581 2241 1659 2296 tui
1684 2256 1808 2300 suc-

241 2334 483 2379 cessores
511 2329 639 2381 ante
664 2334 750 2381 me
769 2336 835 2382 ex
862 2321 962 2386 hac
993 2323 1100 2379 vita
1129 2325 1494 2398 migraverint,
1511 2335 1819 2391 secundum.

240 2413 382 2485 quod
408 2415 656 2472 monitus
679 2414 831 2472 fuero
852 2433 883 2472 a
906 2419 1218 2475 melioribus
1239 2421 1600 2479 cardinalibus
1621 2433 1673 2479 et
1696 2425 1803 2480 cle-
1841 2437 1843 2441 ‘

241 2505 364 2560 ricis
406 2505 674 2563 Romanis
715 2510 981 2585 etlaicis,
1018 2513 1283 2582 adjuvabo
1327 2526 1382 2569 ut
1416 2532 1551 2586 papa
1575 2518 1803 2588 eligatur

237 2604 288 2650 et
316 2597 606 2654 ordinetur
645 2600 714 2655 ad
748 2601 1006 2658 honorem
1050 2606 1221 2660 sancti
1265 2605 1427 2661 Petri.
1475 2607 1596 2663 iltec
1619 2611 1805 2666 omnia

238 2687 607 2758 suprascripta
653 2690 954 2748 observabo
996 2704 1198 2750 sanctte
1239 2694 1495 2752 Romana:
1524 2684 1795 2766 Ecclesiae,

235 2781 287 2826 et
308 2774 403 2830 tibi
437 2785 587 2832 recta
625 2778 754 2846 ﬁde;
786 2790 840 2835 et
861 2781 1000 2837 hanc
1031 2782 1334 2840 ﬁdelitatem
1361 2787 1660 2845 observabo
1692 2791 1798 2845 tuis

237 2864 645 2921 successoribus
667 2867 733 2920 ad
771 2868 1032 2925 honorem
1064 2873 1236 2932 saneti
1271 2873 1413 2930 Petri
1439 2859 1718 2944 ordinatis,
1750 2881 1796 2934 si

237 2950 363 3005 mihi
388 2952 612 3008 ﬁrmare
641 2956 910 3012 voluerint
942 2959 1316 3018 investituram
1351 2981 1381 3020 a
1413 2975 1463 3021 te
1493 2969 1624 3022 mihi
1659 2985 1791 3024 con-

235 3057 379 3097 cessa
386 3057 438 3098 m
447 3084 459 3097 .

303 3132 493 3188 Actum
530 3132 730 3206 Capua:
776 3155 869 3194 vin
905 3139 1159 3220 Kalendis
1193 3143 1459 3217 Octobris,
1502 3148 1792 3208 indictione

234 3221 570 3284 duodecima.
1269 3301 1274 3305 ~
1291 3226 1298 3232 ’

747 3314 1078 3373 ΕΡΙδΤΟΙΔ
1117 3321 1278 3376 XXII.

728 3424 797 3464 AD
831 3425 1306 3470 CARTHAGINENSES.

811 3498 991 3568 (Anno
1028 3503 1208 3575 1075.)

234 3579 493 3670 Hortatur
523 3586 864 3670 utndeponant
887 3592 1217 3670 inimicitias,
1248 3598 1604 3670 patienterqae
1624 3601 1794 3670 [erant
1824 3619 1827 3621 ·

298 3654 521 3737 impetus
573 3654 973 3737 saracenorurn.
1018 3654 1290 3737 omnia
1326 3669 1466 3737 quod
1512 3654 1814 3737 Cyriacuma

295 3728 597 3809 episcopum
622 3728 833 3808 injuriis
859 3728 1439 3809 a/IZeceriut.__ll_ort¢itur
1458 3737 1528 3792 ad
1550 3728 1798 3809 pauitan-

287 3800 454 3859 tiam;
511 3800 601 3850 sin
640 3800 831 3866 minus,
871 3800 1105 3855 minatur
1130 3802 1260 3858 illis
1294 3800 1790 3865 excommunicatio—

294 3879 430 3920 nem.

295 3951 606 4014 GBEGORIUS
625 3957 912 4032 cpiscOpus
929 4004 944 4030 ,
982 3978 1184 4025 servus
1202 3961 1480 4025 servoru'm
1505 3967 1619 4038 Det,
1643 3968 1791 4032 clero

229 4057 279 4100 et
302 4048 440 4117 plebi
461 4050 789 4108 Christiana:
807 4053 1220 4127 Carthaginensi
1244 4059 1472 4116 salutem
1497 4071 1551 4118 et
1573 4074 1789 4135 aposto-

229 4135 382 4193 licam
413 4137 872 4197 benedictionem.
917 4162 919 4164 ·

294 4225 482 4284 Gratia
506 4231 664 4288 vobis
694 4243 748 4289 ct
780 4250 884 4305 pax
923 4252 964 4298 a,
997 4236 1108 4295 Deo
1147 4240 1304 4300 Patre
1341 4253 1397 4300 et
1422 4244 1549 4302 Jesu
1572 4246 1791 4303 Christo

228 4312 361 4374 Filio
388 4319 512 4391 ejus
537 4321 724 4392 unico,
747 4326 841 4396 qui
862 4330 1094 4398 gratuita
1127 4333 1496 4390 misericordia
1524 4350 1621 4391 vos
1650 4351 1784 4392 con-

227 4406 466 4478 formare
492 4413 549 4468 in
582 4429 780 4470 novum
811 4405 1084 4476 hominem
1119 4421 1174 4475 in
1216 4421 1300 4476 sui
1340 4424 1623 4494 sanguinis
1653 4425 1786 4480 eﬁ'u-

149 4540 156 4546 .
225 4501 373 4558 sione
392 4501 654 4576 dignatus
675 4515 786 4574 est;
815 4508 904 4563 cui
928 4509 1094 4566 semel
1117 4510 1254 4566 mori
1283 4518 1338 4568 et
1365 4529 1646 4586 resurgere
1665 4515 1782 4587 pla-

1907 2053 2056 2116 dete,
2100 2053 2379 2109 credentes
2420 2069 2544 2108 cum
2595 2053 2852 2122 Apostolo
2899 2070 2999 2106 non
3037 2069 3145 2107 esse
3177 2054 3458 2122 condignas

1905 2139 2170 2209 passiones
2199 2141 2351 2211 hujus
2394 2143 2638 2211 temporis
2668 2143 2736 2194 ad
2777 2143 3007 2210 futuram
3051 2144 3304 2215 gloriam,
3345 2161 3461 2217 qua

1908 2232 2218 2290 revelabitur
2245 2233 2298 2291 in
2321 2231 2468 2290 nobis
2505 2230 2674 2311 (Rom.
2700 2233 2839 2311 vni).
2877 2232 3044 2298 Rixas
3079 2261 3207 2316 ergo
3239 2255 3294 2300 et
3326 2262 3458 2301 con-

1905 2327 2172 2383 temiones
2196 2331 2258 2381 ut
2294 2341 2558 2383 venenum
2594 2328 2776 2384 vitate.
2823 2329 3150 2389 Humilitatis
3188 2335 3457 2407 discipuli,

1903 2415 2260 2472 humilitatem
2295 2417 2526 2484 induite;
2561 2419 2762 2474 Christi
2805 2421 2976 2477 vicem
3019 2439 3182 2493 super
3219 2440 3315 2481 vos
3357 2427 3456 2482 ha-

1901 2501 2050 2566 benti
2067 2521 2132 2560 ex
2163 2506 2343 2561 debito
2367 2508 2578 2564 obedite
2609 2528 2621 2562 :
2648 2510 2893 2578 consilia.
2915 2512 3320 2570 admonitiones
3337 2517 3457 2584 ejus

1898 2609 2028 2652 vero
2055 2611 2239 2653 amore
2272 2599 2520 2668 amplecti
2566 2600 2842 2669 insudate;
2889 2603 3120 2658 scientes
3164 2621 3289 2660 cum
3330 2606 3455 2673 sibi,

1897 2687 2114 2742 Christo
2134 2687 2280 2762 [cum
2303 2689 2420 2760 ipso
2441 2688 2683 2758 Christo;
2706 2682 2945 2762 forte,'iut
2967 2692 3204 2763 Christo,
3233 2694 3454 2768 litum],

1896 2777 1989 2846 qui
2021 2793 2117 2847 pro
2139 2778 2292 2834 vobis
2313 2795 2506 2849 passus
2531 2789 2634 2846 est,
2661 2781 2988 2847 obedieritis,
3020 2784 3138 2853 ejus
3161 2798 3289 2839 vero
3316 2800 3446 2854 prae

1895 2869 2210 2936 dicationes,
2226 2869 2427 2939 judicia
2451 2872 2613 2925 etiam
2640 2887 2763 2926 cum
2786 2875 3151 2943 susceperitis,
3180 2875 3454 2932 Christum

1894 2972 1988 3024 per
2012 2959 2193 3013 omnia
2223 2953 2570 3028 suscipietis;
2592 2960 2667 3014 ait
2699 2961 2844 3015 enim
2890 2981 2902 3013 :
2947 2961 3050 3026 Qui
3095 2979 3180 3016 vos
3211 2966 3450 3033 suscipit,

1893 3063 1972 3100 me
2005 3049 2263 3117 suscipit;
2300 3051 2389 3120 qui
2422 3066 2508 3104 vos
2552 3049 2747 3119 spernit
2772 3092 2787 3117 ,
2832 3067 2910 3105 me
2941 3054 3133 3121 spernit
3175 3054 3334 3124 (Luc.
3368 3065 3450 3122 ι).

1894 3137 2060 3192 Aliter
2088 3154 2211 3192 vero
2240 3140 2287 3210 si
2323 3139 2658 3202 feceritis,-in
2699 3139 2974 3195 Christum
3013 3143 3264 3211 peccatis,
3297 3144 3453 3198 Chri-

1849 3286 1862 3294 Ὶ
1895 3234 2039 3278 slum
2062 3220 2334 3302 spernitis,
2359 3228 2560 3282 Christi
2591 3229 2838 3298 discipuli
2868 3246 2989 3284 esse
3009 3231 3272 3287 desinitis.
3308 3233 3452 3302 Apo-

1896 3314 2035 3368 stoio
2075 3306 2346 3380 resistitis,
2366 3320 2470 3385 qui
2495 3319 2608 3396 ait:
2646 3317 2828 3372 Omnis
2857 3321 3034 3372 artium
3057 3320 3449 3396 sublimioribus

1894 3406 2234 3472 potestatibus
2258 3405 2467 3461 subdita
2497 3389 2587 3460 sit!
2616 3407 2785 3476 (Rom.
2817 3412 2956 3476 xm).
2979 3409 3113 3464 Cum
3142 3425 3270 3480 ergo
3289 3393 3450 3466 mun-

1893 3493 2048 3549 danis
2099 3496 2469 3564 potestatibus
2510 3497 2727 3552 obedire
2779 3497 3089 3567 praedicavit
3133 3499 3443 3570 Apostolus,

1893 3576 2098 3655 quanto
2139 3587 2311 3660 magis
2358 3588 2748 3658 spiritualibus,
2794 3599 2847 3645 et
2879 3592 3049 3646 vicem
3082 3591 3284 3648 Christi
3309 3595 3449 3650 inter

1863 3668 2231 3752 Christianos
2265 3677 2623 3745 habentibus?
2671 3677 2822 3744 Haec,
2868 3681 2959 3734 ﬁlii
2991 3681 3318 3748 charissimi,
3352 3699 3446 3753 ge-

1893 3779 2046 3819 mens
2071 3767 2268 3835 cogito,
2297 3757 2430 3821 [lens
2459 3767 2657 3833 seribo,
2684 3768 2868 3829 dolore
2909 3771 3088 3825 cordis
3133 3772 3320 3827 intimo
3353 3790 3444 3826 vo-
3499 3827 3501 3830 .

1808 3899 1820 3935 ί
1891 3854 1974 3907 his
2007 3854 2180 3908 mitto.
2224 3853 2473 3909 Pervenit
2501 3856 2696 3926 quippe
2721 3857 2789 3911 ad
2821 3873 2980 3913 aures
3009 3870 3241 3925 nostras,
3273 3875 3442 3928 quos—

1888 3947 2014 4002 dam
2033 3955 2270 4002 vestrum
2303 3947 2598 4019 irreligiose
2628 3951 2683 4004 in
2709 3950 2876 4020 legem
2900 3950 3104 4007 Christi
3127 3951 3223 4024 [et]
3253 3961 3442 4010 contra

1888 4036 2186 4104 Christum,
2209 4037 2494 4108 Cyriacum
2521 4034 2884 4100 venerabilem
2912 4039 3128 4094 fratrem
3171 4049 3416 4101 nostrum
3430 4089 3442 4108 λ,

1887 4138 2126 4185 vestrum
2167 4139 2297 4186 vero
2343 4125 2801 4195 archiepiscopum
2845 4135 2900 4180 et
2939 4127 3260 4197 magistrum
3279 4169 3293 4194 ,
3332 4130 3438 4186 imo

1887 4233 2016 4273 vero
2054 4219 2219 4275 vestri
2267 4218 2541 4282 Christum
2597 4213 2737 4291 apud
2793 4211 3090 4279 Saracenos
3151 4215 3229 4271 sic
3278 4231 3443 4274 accu-

1886 4322 2055 4374 sassc,
2086 4307 2281 4378 jurgiis
2313 4307 2664 4366 detractionis
2687 4312 2766 4368 sic
2785 4313 3072 4390 lacerasse,
3109 4329 3168 4374 ut
3197 4311 3339 4375 inici
3359 4310 3441 4376 iii-

1884 4405 2066 4453 trones
2101 4410 2479 4456 numeraretur
2498 4444 2513 4468 ,
2549 4403 2862 4462 verberibus
2913 4407 3090 4464 nudus
3123 4411 3436 4466 caederetur.

1883 4484 1928 4541 Ο
1961 4488 2266 4559 exemplum
2313 4489 2560 4561 iniquum
2583 4533 2598 4559 ,
2647 4494 2811 4548 vestri
2847 4502 2902 4548 et
2944 4486 3208 4550 universae
3240 4503 3443 4556 sanctae

225 4593 352 4660 cuit,
387 4604 449 4650 ut
480 4611 584 4651 vos
621 4611 785 4652 carne
828 4599 1194 4670 mortiﬁcarct,
1231 4605 1424 4676 spiritu
1452 4577 1582 4664 vero
1604 4577 1784 4674 viviﬁ-
1814 4577 2804 4688 υξῗιέδίξῖᾳξάθθθτίῆ
2845 4581 3096 4688 (Firmus
3125 4584 3440 4688 iterum?”

224 4691 366 4736 caret
386 4691 450 4741 et,
472 4682 587 4739 Deo
611 4685 869 4756 oﬁ’erret;
896 4689 1054 4760 cujus
1103 4693 1180 4750 rei
1233 4697 1601 4761 testimonium
1631 4708 1782 4768 petra

225 4779 581 4846 superquam
606 4777 733 4848 ipse
759 4779 1044 4843 adiﬁcavit
1077 4784 1224 4842 dedit
1262 4787 1450 4851 dicens
1488 4807 1501 4842 :
1540 4787 1782 4846 Christus

224 4867 375 4922 sean
402 4885 500 4939 pro
533 4872 764 4941 peccatis
813 4877 1006 4952 nostris
1041 4886 1278 4934 mortuus
1312 4888 1389 4932 est
1415 4921 1432 4946 ,
1463 4881 1645 4950 justus
1685 4900 1781 4952 pro

224 4957 472 5029 injustis,,
522 4973 580 5019 ut
627 4980 720 5027 nos
758 4948 974 5062 θίγοι-ξτε-
1009 4965 1118 5020 Deo
1141 5008 1156 5032 ,
1193 4948 1536 5040 mortiﬁcatos
1573 4948 1781 5042 quidem

226 5060 392 5111 rarae,
433 5051 726 5120 uiuiﬁcatos
766 5051 940 5106 autem
973 5056 1165 5124 spiritu
1197 5056 1366 5127 (Petr.
1403 5060 1515 5132 tu).
1553 5058 1629 5116 De
1671 5077 1781 5132 quo

225 5137 379 5194 etiam
413 5139 520 5196 hoc
557 5142 722 5196 modo
765 5141 1056 5212 Apostolus
1102 5166 1115 5201 :
1163 5146 1407 5203 Tradidit
1451 5152 1782 5222 semetipsum

225 5243 312 5295 pro
336 5231 482 5285 nobis
517 5230 835 5288 oblationem
860 5245 908 5289 et
939 5237 1169 5293 hostiam
1201 5239 1309 5294 Deo
1331 5243 1385 5295 in
1406 5243 1616 5298 odorem
1649 5261 1777 5298 sua-

226 5318 395 5373 ritatis
438 5320 659 5392 (Ephes.
691 5323 776 5394 v);
810 5334 865 5380 et
908 5327 1049 5382 idem
1107 5330 1235 5383 alibi
1277 5349 1290 5383 :
1329 5329 1570 5384 Christus
1604 5333 1777 5401 factus

225 5415 295 5492 est
317 5424 409 5477 pro
430 5411 583 5466 nobis
604 5413 844 5468 obedieas
867 5428 1025 5484 usque
1053 5415 1123 5469 ad
1147 5427 1364 5472 mortem
1401 5418 1658 5492 (Philipp.
1694 5425 1773 5491 ιι).

226 5491 402 5554 Estote
419 5515 552 5573 ergo
575 5502 876 5563 imitatores
907 5491 1026 5573 ejus
1053 5507 1146 5576 qui
1173 5509 1345 5578 sputis
1367 5525 1465 5580 pro
1490 5491 1645 5567 vobis
1666 5527 1779 5568 sor-

225 5583 390 5642 didari
415 5592 660 5662 seipsum
687 5592 744 5648 in
773 5607 932 5651 cruce
959 5598 1218 5668 positum,
1249 5609 1448 5656 etcum
1474 5602 1777 5658 latronibus

226 5687 586 5748 computatnm
612 5698 713 5753 pro
753 5674 1242 5758 peccatis'vestris,
1273 5692 1442 5747 voluit
1480 5693 1772 5761 vulnerari,

226 5777 278 5822 et
293 5770 369 5826 sic
387 5771 550 5830 linem
573 5776 682 5830 sibi
716 5779 1011 5835 secundum
1045 5799 1264 5839 carnem
1285 5800 1504 5854 ponere,
1535 5793 1594 5839 ut
1625 5801 1723 5841 vos
1743 5803 1774 5841 a

227 5867 448 5930 peccatis
469 5868 733 5936 ablueret,
757 5869 1024 5928 debitores
1049 5890 1157 5930 non
1185 5877 1382 5942 carnis,
1414 5877 1603 5946 spiritu
1634 5876 1772 5934 facta

1863 4671 2048 4742 'pitur,
2083 4668 2236 4726 falsis
2260 4670 2667 4732 accusatoribus
2692 4678 2748 4726 et
2776 4671 3005 4730 testibus
3026 4675 3434 4742 condemnatur,

1882 4761 2022 4816 inter
2039 4761 2276 4814 latrones
2300 4769 2614 4816 numeratus
2643 4763 2957 4820 verberibus
2979 4765 3218 4820 caeditur.
3249 4764 3296 4818 A
3320 4767 3440 4837 qui-

1880 4847 2020 4901 bus?
2042 4841 2144 4913 Qui
2164 4846 2298 4917 ejus,
2314 4847 2569 4904 dicuntur
2596 4851 2815 4906 credere
2839 4851 3282 4921 incarnationem,
3317 4855 3438 4926 ejus

1878 4936 2040 4991 etiam
2070 4939 2316 4993 venerari
2358 4941 2665 5009 passionem
2688 4981 2702 5005 ,
2754 4948 3055 5010 caeteraque
3101 4942 3222 5012 ejus
3250 4956 3439 5001 sancta

1873 5029 2137 5100 mysteria
2163 5014 2265 5084 ﬁde
2292 5030 2558 5100 amplecti.
2607 5019 2772 5084 Estne
2804 5045 2966 5100 super
2994 5031 3081 5087 his
3105 5036 3437 5090 tacendum?

1879 5134 1948 5172 an
1971 5118 2329 5182 clamandum,
2352 5126 2406 5172 et
2424 5117 2548 5172 ﬁetu
2578 5118 2998 5190 corrigendum?
3020 5119 3291 5192 Scriptum
3315 5132 3431 5179 est:

1881 5208 2087 5273 Clama,
2111 5223 2171 5260 ne
2187 5223 2350 5261 cesses
2374 5206 2508 5280 (Isa.
2528 5210 2700 5280 Lvnl).
2725 5211 2860 5264 Alibi
2885 5211 3047 5265 etiam
3067 5224 3388 5285 praeceptum
3416 5233 3427 5267 :

1881 5295 2003 5348 Nisi
2025 5296 2412 5351 annuntiaveris
2447 5298 2625 5369 iniquo
2660 5299 2988 5368 iniquitatem
3021 5317 3192 5370 suam,
3219 5305 3431 5372 sangui-

1877 5405 1992 5442 nem
2024 5389 2138 5457 ejus
2168 5389 2231 5444 de
2268 5408 2426 5444 manu
2470 5400 2560 5442 tua
2608 5375 2869 5458 requiram
2919 5391 3150 5463 (Ezech.
3187 5407 3358 5446 xxxm
3381 5394 3422 5464 ).

1830 5479 1837 5490 “
1875 5483 2202 5540 Necessitate
2233 5485 2394 5555 igitur
2421 5467 2684 5553 clamabo,
2718 5487 3034 5543 necessitate
3064 5495 3273 5556 oportet
3305 5504 3426 5545 cor-

1875 5577 2069 5648 rigere,
2092 5593 2160 5631 ne
2183 5575 2402 5646 sanguis
2424 5585 2600 5632 vester
2620 5578 2686 5633 de
2705 5593 2869 5635 manu
2898 5593 3014 5632 mea
3037 5588 3330 5648 quaeratur,
3355 5598 3425 5639 ne

1875 5692 1973 5747 pro
1996 5674 2227 5744 peccatis
2252 5676 2447 5732 vestris
2478 5687 2602 5732 ante
2625 5677 2859 5747 judicem
2893 5675 3255 5745 tremendum,
3298 5690 3424 5736 ante

1869 5776 2104 5847 judicem
2141 5777 2348 5844 justum
2395 5787 2448 5831 et
2493 5777 2877 5832 immutabilem
2926 5775 3146 5843 amigar.
3203 5775 3420 5833 Viscera

1876 5877 2036 5947 igitur
2061 5876 2272 5947 pictatis
2310 5886 2562 5944 pateram,
2603 5877 2808 5930 viscera
2850 5873 3230 5930 misericordiae
3259 5892 3419 5945 super
