4098 6376
231 441 322 493 515

1304 442 1504 496 LIBER
1540 442 1814 498 pannus.
1850 417 1920 483 ἐ-
1955 442 2165 502 msr.
2209 445 2397 504 χχχι.

3336 452 3437 506 514

232 568 327 607 non
354 551 710 613 exhibuimus
734 546 1032 624 legitimum
1060 571 1071 606 :
1098 554 1295 631 quippe
1318 554 1472 609 nobis
1492 570 1523 608 a
1559 554 1667 609 Deo
1691 547 1791 609 da;
1814 559 1859 612 A
1880 548 2153 625 coerceas,
2180 567 2234 613 et
2252 559 2419 629 quod,
2445 522 2688 615 Romana
2716 562 2950 618 Ecclesia
2976 571 3223 626 testante.
3249 563 3316 619 de
3340 565 3440 618 im-

230 651 290 697 li!
316 642 605 711 potestatis
622 641 900 697 vindicem
925 657 1033 696 non
1059 642 1177 697 sine
1197 658 1359 699 causa
1386 631 1619 713 gladium
1656 658 1782 713 por-

230 730 473 796 tavimus,
500 745 603 785 nec
626 740 805 785 tamen
832 731 885 785 in
911 746 1051 797 reos,
1084 740 1145 784 ut
1162 731 1369 800 justum
1401 730 1522 798 fuit,
1553 731 1782 801 judicia-

227 820 302 875 ria
342 820 494 874 illum
539 836 753 890 semper
795 836 1020 876 censura
1051 821 1471 891 evaginavimus.
1510 818 1662 876 Nunc
1686 837 1783 875 au-

230 919 349 974 tem,
373 909 557 964 divina
583 912 929 966 miseratione
949 911 1342 985 aliquantulum
1366 911 1694 982 compuncti,
1730 918 1784 964 et

229 1001 277 1071 in
300 1016 401 1056 nos
433 1001 658 1067 reversi,
694 1010 911 1071 peccata
943 989 1128 1055 nostra
1149 1001 1357 1071 priores
1379 1010 1573 1057 vestra:
1608 999 1783 1055 indul-

227 1090 550 1162 gentissime
588 1092 897 1162 paternitati
941 1108 1040 1147 nos
1082 1092 1389 1154 accusando
1428 1090 1778 1157 conﬁtemur;

228 1190 502 1250 sperantes
542 1182 608 1236 de
647 1183 800 1238 vobis
831 1184 884 1236 in
927 1182 1157 1237 Domino
1199 1192 1259 1236 ut
1286 1182 1580 1252 apostolica
1602 1190 1780 1237 vestra

228 1273 544 1333 auctoritate
575 1274 806 1329 absoluti
833 1274 1115 1343 justilicari
1152 1289 1473 1331 mereamur.
1522 1273 1637 1329 Heu
1677 1276 1783 1329 cri-

226 1361 421 1416 minosi
462 1378 563 1417 nos
587 1372 641 1416 et
667 1362 933 1418 infelices!
968 1364 1163 1433 partim
1196 1363 1437 1432 pueritia:
1458 1363 1781 1417 blandientis

226 1448 588 1515 instinctione,
611 1453 808 1520 partim
830 1453 1164 1522 potestativa:
1186 1461 1385 1507 nostra:
1405 1460 1459 1506 et
1480 1452 1789 1521 imperiosa!

226 1539 470 1608 potentia:
498 1541 763 1607 libertate,
787 1542 981 1611 partim
1010 1543 1171 1596 etiam
1194 1557 1402 1608 eorum,
1425 1558 1658 1611 quorum
1698 1558 1783 1596 se-

225 1621 449 1686 ductiles
492 1630 824 1705 [seductilia]
856 1634 1081 1688 nimium
1108 1633 1277 1689 secuti
1319 1649 1508 1687 sumus
1534 1633 1777 1697 consilia,

226 1719 526 1774 seductoria
552 1720 864 1790 deceptione
907 1723 1248 1792 peccavimus
1288 1722 1342 1776 in
1390 1721 1583 1777 malum
1614 1729 1667 1774 et
1689 1736 1781 1775 co-

224 1822 336 1861 ram
359 1809 538 1875 vobis,
566 1817 619 1865 et
638 1811 751 1880 jam
774 1811 924 1882 digni
950 1826 1058 1866 non
1081 1826 1272 1866 sumus
1291 1810 1572 1866 vocatione
1592 1818 1781 1864 vestra:

224 1898 511 1955 ﬁliationis.
535 1898 654 1955 Non
678 1902 854 1958 solum
879 1901 1021 1954 enim
1047 1914 1147 1955 nos
1176 1915 1264 1955 res
1284 1898 1678 1954 ecclesiasticas
1702 1898 1784 1952 in-
1815 1875 1859 1930 Β

1882 649 2146 707 munditia
2174 649 2494 707 clericorum
2520 653 2709 707 statuit
2732 696 2746 719 ,
2779 669 2952 723 neque
2994 655 3219 725 gratiam
3266 670 3441 725 neque

1882 736 2064 790 odium
2092 738 2337 807 alicujus,
2370 741 2638 794 constanti
2668 741 2986 796 auctoritate
3007 742 3058 795 in
3080 740 3316 797 Ecclesia
3347 752 3438 797 tua

1881 825 2220 895 praedicando
2271 842 2541 883 exerceas.
2585 829 2852 885 Caeterum
2896 848 2993 901 pro
3034 846 3217 885 amore
3264 836 3437 890 sancti

1881 916 2043 984 Petri,
2075 918 2229 989 cuju‘s
2250 920 2437 975 limina
2459 924 2802 991 praesentium
2846 926 3075 993 portitor
3118 924 3437 995 requisivit,

1882 1010 2095 1065 studeat
2127 1008 2313 1081 religio
2344 1020 2435 1066 tua
2470 1012 2674 1067 viscera
2710 1015 2926 1083 pietatis
2961 1015 3063 1069 sibi
3096 1016 3303 1086 aperire
3326 1057 3341 1083 ,
3381 1015 3438 1075 in

1882 1107 2142 1169 quantum
2177 1118 2301 1156 cum
2336 1102 2508 1157 salute
2541 1105 2733 1158 anima:
2766 1120 2877 1159 suae
2910 1105 3120 1160 videtur
3150 1107 3245 1161 tibi
3280 1121 3440 1176 posse

1884 1189 2156 1258 fragilitati
2191 1206 2303 1245 sua:
2331 1191 2790 1259 condescendere;
2816 1202 3084 1262 quatenus
3118 1210 3225 1249 non
3265 1194 3438 1264 νωιιὶ-

1883 1285 1993 1332 teat
2036 1293 2157 1333 eum
2194 1279 2328 1332 tanti
2362 1279 2570 1335 itineris
2603 1280 2840 1333 laborem
2878 1281 3108 1336 subiisse
3132 1323 3147 1347 ,
3181 1283 3272 1337 sed
3308 1297 3438 1353 gau-

1881 1367 2024 1433 deat,
2060 1367 2203 1436 quod
2237 1367 2328 1422 diu
2363 1369 2628 1437 quaesivit,
2667 1370 2870 1424 scilicet
2902 1371 3071 1425 sancti
3104 1370 3245 1424 Petri
3276 1371 3439 1426 mise-

1882 1455 2167 1509 ricordiam
2206 1471 2301 1525 per
2332 1471 2432 1510 nos
2458 1456 2609 1526 juxta
2645 1468 2830 1511 votum
2866 1474 3025 1513 suum
3063 1459 3401 1527 impetrasse.

1949 1543 2081 1599 Data
2110 1545 2307 1616 Capua:
2330 1547 2540 1603 decimo
2570 1548 2796 1619 septimo
2820 1549 3085 1606 Kalendas
3106 1545 3433 1618 Decembris,

1882 1636 2173 1690 indictione
2207 1637 2543 1693 duodecima.

2381 1734 2709 1791 EPISTOLA
2744 1739 2932 1796 XXXI.

1985 1838 2052 1876 AD
2089 1838 2427 1877 LANFRANCUI
2462 1839 2869 1879 CANTUABIORUII
2902 1843 3369 1887 Αιιειιιεριεοορυι.

2468 1914 2647 1986 (Anno
2675 1914 2854 1986 1075.)

223 1988 480 2053 “simus,
507 2004 693 2043 verum
717 2004 930 2080 quoque
966 1988 1195 2058 indignis
1233 1986 1559 2080 quibuslibet
1602 1971 1659 2041 et
1698 1986 1783 2080 Si:
1880 1997 2225 2080 ιιερνςιιεηάίι
2252 2002 2389 2080 qugd
2411 1971 2650 2071 μαἰσαιητ
2672 1971 3255 2080 Αηίᾳεξωηχᾼιιίηιωη,
3278 2013 3328 2057 ει
3361 2006 3445 2080 sic

223 2077 466 2132 moniaco
493 2077 614 2133 felle
648 2078 996 2145 amaricatis,
1042 2087 1096 2134 et
1147 2095 1255 2133 non
1296 2094 1391 2150 per
1437 2078 1635 2134 ostium
1686 2078 1779 2133 sed

225 2166 433 2221 aliunde
476 2168 919 2238 ingredientibus,
962 2164 1230 2223 Ecclesias
1252 2170 1395 2238 ipsas
1422 2168 1777 2233 vendidimus,

223 2269 273 2319 ct
301 2274 407 2325 non
439 2276 534 2317 eas
576 2270 638 2315 ut
679 2242 917 2331 oportuit
944 2260 1300 2317 defendimus.
1346 2260 1416 2314 At
1446 2275 1610 2329 nunc,
1653 2259 1779 2329 quia

223 2348 320 2407 soli
343 2350 548 2420 absque
570 2359 749 2407 vestra
769 2354 1088 2407 auctoritate
1102 2350 1366 2406 Ecclesias
1384 2352 1651 2421 corrigere
1671 2367 1777 2406 non

222 2450 529 2505 possumus,
574 2454 737 2509 super
776 2440 879 2506 bis,
909 2449 969 2495 ut
989 2440 1151 2495 etiam
1181 2441 1248 2494 de
1278 2440 1480 2495 nostris
1503 2441 1775 2507 omnibus,

220 2534 459 2589 vestrum
482 2540 587 2583 una
609 2538 664 2583 et
683 2528 969 2584 consilium
990 2537 1043 2582 et
1063 2527 1321 2582 auxilium
1353 2527 1548 2581 obnixe
1582 2528 1777 2596 quaeri—

223 2617 340 2667 mus
367 2632 379 2667 :
406 2626 650 2671 vestrum
666 2617 1061 2673 studiosissime
1081 2624 1403 2689 praeceptum
1430 2616 1694 2671 servaturi
1722 2617 1775 2671 in

223 2704 492 2769 omnibus.
537 2705 606 2760 Et
649 2722 793 2762 nunc
821 2708 875 2761 in
904 2707 1094 2777 primis
1126 2721 1224 2776 pro
1254 2705 1491 2762 Ecclesia
1524 2705 1777 2761 Mediola-

224 2798 394 2863 nensi,
419 2813 539 2867 qua:
564 2808 748 2853 nostra
768 2800 925 2869 culpa
965 2807 1049 2855 est
1086 2798 1141 2853 in
1179 2813 1383 2866 errore,
1428 2814 1683 2869 rogamus
1718 2807 1777 2854 ut

222 2874 395 2943 vestra
427 2890 721 2960 apostolica
744 2891 1078 2946 districtione
1098 2891 1359 2946 canonice
1378 2890 1700 2960 corrigatur,
1721 2896 1776 2944 et

222 2977 410 3033 exinde
457 2980 521 3031 ad
563 2989 787 3035 caeteras
829 2980 1176 3049 corrigendas
1202 2978 1540 3034 auctoritatis
1582 2985 1775 3034 vestrae

220 3067 481 3130 sententia
506 3068 893 3139 progrediatur.
929 3064 1038 3129 Nos
1060 3081 1188 3137 ergo
1220 3067 1373 3122 vobis
1403 3067 1454 3120 in
1481 3067 1731 3122 omnibus
1755 3108 1769 3134 ,

219 3155 327 3211 Deo
346 3157 578 3223 volente,
606 3172 714 3213 non
735 3156 1084 3225 defuerimus,
1114 3168 1366 3229 ragantes
1387 3158 1618 3231 idipsum
1644 3175 1774 3230 sup-

218 3248 427 3325 pliciter
447 3250 819 3322 paternitatem
858 3258 1126 3315 vestram,
1169 3258 1229 3304 ut
1262 3249 1417 3303 nobis
1440 3234 1637 3303 alacris
1670 3248 1768 3302 ad-

217 3332 285 3391 Sit
304 3336 598 3392 clementer
617 3338 672 3393 in
693 3337 964 3400 omnibus.
991 3336 1219 3391 Litteras
1240 3345 1456 3392 nostras
1496 3350 1604 3393 non
1648 3344 1771 3407 post

214 3424 435 3499 longum
457 3434 669 3498 tempus
691 3442 814 3483 eum
848 3427 1177 3508 fidelissimis
1217 3428 1419 3484 nostris
1460 3428 1767 3497 habebitis;
1808 3432 1811 3433 ⁷

212 3529 277 3570 ex
319 3515 521 3586 quibus
540 3523 746 3582 nostra,
777 3533 898 3588 quae
919 3519 1097 3587 adhuc
1120 3519 1344 3589 dicenda
1383 3528 1630 3588 restant,
1658 3519 1769 3576 Deo

212 3603 391 3673 dante,
415 3605 628 3675 plenius

718 3716 1054 3806 EPISTOL'A
1086 3717 1253 3775 XIX.

212 3818 459 3871 ςηεωιιι
510 3821 576 3861 ΑΒ
621 3819 931 3864 αειιοιιωιτιι
978 3825 1409 3867 θλιηυκσῑιςεει
1459 3825 1761 3867 EPISCOPIII.

802 3898 979 3968 (Anno
1002 3900 1181 3972 N73.)

212 3986 398 4057 Argait
424 3988 564 4060 apud
596 3987 809 4060 clericos
840 4006 939 4060 non
972 3998 1221 4043 coerceat.
1265 3989 1444 4060 Hane:
1479 3999 1538 4043 ut
1583 3991 1639 4043 id
1678 3991 1764 4060 fu-

427 4055 553 4132 riat.
586 4055 923 4112 Commendat
943 4061 1277 4127 praecutiunt
1298 4058 1535 4115 latorem.

275 4139 585 4199 Caesonius
607 4146 911 4216 episcopus,
937 4164 1129 4205 servus
1155 4150 1437 4204 servorum
1458 4148 1571 4214 Dei,
1595 4147 1765 4203 Geso-

209 4247 345 4294 tsno
369 4232 708 4309 [Genuam]
734 4235 1114 4311 Salzburgensi
1157 4241 1412 4311 episcopo
1440 4240 1667 4295 salutem
1709 4247 1768 4293 et

207 4327 560 4395 apostolicam
582 4328 1026 4386 benedictionem.
1350 4340 1359 4350 '

275 4414 335 4471 Si
360 4431 429 4473 ea
456 4418 511 4473 in
531 4418 684 4477 vobis
707 4459 723 4487 ,
765 4434 929 4491 quam
973 4435 1257 4491 speramus
1299 4417 1487 4497 [quam
1514 4418 1568 4473 in
1608 4419 1761 4474 vobis

1950 2067 2115 2143 infra]
2154 2067 2428 2139 quemdam
2477 2083 2665 2143 contra
2718 2067 3006 2127 Alexandri
3048 2067 3436 2143 prtedecessoris

1948 2139 2030 2190 sui
2066 2138 2270 2192 decreta
2318 2140 2486 2191 sancti
2532 2140 2833 2195 Eadmundi
2875 2138 3099 2197 abbati'a:
3148 2144 3440 2198 molestiam

1947 2207 2203 2261 exhibere.
2240 2207 2413 2261 Monet
2448 2218 2515 2280 ut
2537 2226 2631 2280 sua
2661 2212 2775 2280 rice
2808 2212 2920 2280 ejus
2967 2214 3246 2267 audaciam
3294 2230 3437 2267 com-

1948 2286 2151 2346 pescat,
2184 2287 2234 2331 et
2275 2295 2440 2347 regem
2476 2276 2810 2332 Guilielmum
2831 2276 3018 2334 exoret
3043 2323 3057 2347 ,
3096 2298 3158 2336 ne
3191 2280 3358 2336 ullum
3391 2283 3451 2336 ci‘

1947 2347 2193 2421 favorem
2218 2356 2446 2421 priest“.
2493 2347 2642 2413 Quod
2674 2350 2731 2421 _s_i
2758 2349 3020 2421 ΔΛνρηιιω
3073 2368 3255 2421 parere
3311 2368 3441 2408 τοιις
3486 2390 3501 2401 .

1950 2418 2239 2483 tempserit,
2260 2417 2410 2484 jubet
2438 2434 2553 2469 eum
2583 2428 2631 2470 et
2669 2418 2987 2471 Balduinum
3008 2417 3243 2473 abbatem
3267 2422 3440 2473 sedent

1946 2485 2289 2553 apostolicam
2342 2486 2412 2538 ad
2462 2502 2639 2538 eorum
2700 2488 3049 2541 contentiones
3116 2489 3438 2543 dirimendas

1945 2564 2131 2623 petere.

1946 2640 2249 2697 GREGOMUS
2269 2642 2574 2712 episcopus,
2607 2659 2794 2698 servus
2837 2658 3115 2699 servorum
3159 2643 3272 2712 Dei,
3300 2642 3441 2699 Lut-

1877 2745 2075 2784 rnasco
2099 2729 2515 2785 Cantuariorum
2549 2732 2603 2787 in
2633 2732 2820 2802 Anglia
2855 2733 3262 2806 archiepiscopo
3290 2734 3441 2790 salu-

1879 2827 1982 2870 tem
2016 2825 2071 2869 et
2098 2820 2451 2885 apostolicam
2476 2820 2924 2876 benedictionem.

1940 2903 2059 2959 Non
2110 2904 2332 2960 minima
2384 2907 2738 2962 admiratione
2771 2909 2994 2979 dignum
3028 2910 3278 2967 ducimus
3327 2925 3435 2981 qua

1873 2991 2068 3059 fronte,
2092 3009 2198 3064 qua
2229 3003 2407 3048 mente
2434 2994 2707 3051 Arfastum
2735 2997 2938 3052 dictum
2974 2998 3283 3068 episcopum
3308 3014 3434 3054 san--

1874 3094 1973 3139 ctaa
2005 3084 2263 3141 Romana“:
2288 3085 2543 3167 Ecclesia:
2576 3088 2819 3155 illudere,
2864 3097 2920 3145 et
2956 3089 3127 3145 beata:
3159 3090 3434 3146 memoriae

1799 3190 1839 3247 ο
1872 3172 2233 3227 Alexandrum
2281 3174 2729 3242 prmdecessorem
2775 3188 3022 3233 nostrum
3066 3179 3292 3249 ejusque
3339 3180 3433 3235 dc-

1870 3269 2012 3315 creta
2047 3271 2394 3315 contemnere
2418 3264 2716 3331 patiamini.
2746 3265 3091 3319 Prudentiam
3118 3267 3316 3337 quippe
3338 3282 3433 3321 ve-

1869 3360 2034 3406 stram
2080 3351 2148 3406 ad
2178 3352 2393 3422 plenum
2440 3367 2768 3423 cognoscere
2813 3370 2913 3409 nos
2942 3370 3051 3409 non
3092 3355 3262 3423 latet,
3298 3372 3430 3411 san-

1866 3448 2007 3495 ctam
2045 3440 2343 3495 Romanam
2373 3440 2665 3498 Ecclesiam
2692 3443 2815 3512 jure
2846 3459 2877 3497 a
2907 3442 3018 3498 Deo
3045 3443 3174 3499 dato
3198 3443 3301 3499 sibi
3334 3444 3429 3499 de-

1867 3530 2082 3595 fendere
2097 3530 2479 3599 Ecclesiarum,
2505 3534 2873 3601 saeerdotum,
2891 3534 3270 3606 episcoporum
3297 3551 3431 3592 con-

1864 3623 2212 3690 secrationes;
2250 3632 2305 3679 et
2346 3639 2376 3679 a
2413 3625 2562 3679 nullo
2603 3611 2819 3696 sitinpta
2872 3626 3089 3682 licentia
3135 3627 3333 3684 debere
3377 3638 3434 3684 et

1864 3729 2024 3784 posse
2057 3715 2349 3782 celebrare,
2384 3716 2499 3771 suis
2519 3702 2573 3770 et
2593 3716 2910 3785 praebuisse,
2934 3724 2988 3771 et
3013 3714 3125 3772 Deo
3156 3726 3431 3773 annuente

1863 3806 2205 3876 pnebituram
2240 3805 2605 3859 firmissimam
2631 3805 2793 3859 etiam
2822 3806 2877 3859 in
2904 3806 3005 3861 hoc
3035 3806 3428 3870 defensionem,

1862 3895 1955 3964 qui
1993 3895 2216 3948 Romam
2251 3892 2519 3957 venerint,
2542 3900 2596 3947 et
2625 3893 2770 3967 sedis
2799 3894 3107 3964 apostolica:
3137 3894 3428 3950 consilium

1860 3992 1914 4037 et
1947 3981 2201 4037 auxilium
2231 3980 2501 4052 petierint.
2550 3982 2759 4050 Quibus
2800 3982 3049 4041 Arfastus
3083 3983 3262 4037 dictus
3308 3979 3425 4051 epi-

1858 4088 2095 4143 scopus,
2128 4088 2237 4142 qua
2282 4060 2429 4129 'nova
2473 4074 2695 4129 audacia
2739 4073 2986 4139 resistat,
3035 4071 3141 4127 nisi
3193 4069 3426 4128 fortasse

1856 4163 1967 4225 ista,
1992 4181 2005 4217 ε
2042 4161 2247 4217 Ponant
2270 4164 2441 4219 sedent
2465 4180 2632 4217 meam
2656 4163 2726 4217 ad
2752 4163 3060 4233 Aquilonem
3086 4205 3101 4231 ,
3139 4173 3190 4218 et
3230 4180 3318 4219 ero
3348 4166 3427 4219 ti-

1860 4254 2003 4308 milis
2039 4253 2314 4307 Altissimo
2355 4250 2540 4323 (Isaia:
2580 4252 2689 4322 xiv)
2716 4293 2731 4317 ,
2768 4251 3101 4322 ignoramus.
3153 4250 3235 4308 Ad
3278 4253 3424 4325 quod

1859 4347 2018 4405 etiam
2070 4344 2286 4398 dilectio
2336 4350 2516 4397 vestra
2552 4358 2714 4412 super
2752 4342 2837 4399 bis
2871 4344 3067 4410 sileat,
3105 4359 3213 4398 non
3263 4343 3438 4413 mini:

1861 4450 2007 4489 mum
2051 4434 2333 4495 miramur.
2366 4432 2565 4487 Verum
2591 4475 2607 4500 ,
2640 4434 2766 4504 quia
2801 4435 2868 4489 de
2898 4434 3052 4488 vobis
3108 4448 3239 4487 non.
3268 4426 3427 4489 aliter

202 4505 622 4585 sperabamus}.
644 4523 771 4579 αἵθ
809 4524 910 4565 1³0⁸
935 4508 1151 4565 δίκαίο
1192 4506 1460 4579 παθαίνει,
1502 4509 1653 4579 Prius
1687 4509 1758 4569 3d
1793 4535 1834 4587 D
1859 4538 2019 4594 quam
2067 4523 2134 4578 de
2181 4523 2337 4579 nobis
2382 4523 2711 4588 dubitamus,
2759 4522 3149 4577 fraternitatem
3183 4530 3423 4577 vestram

204 4610 304 4650 nos
322 4606 522 4653 vestrae
542 4613 702 4666 quam
720 4607 919 4653 nostrae
938 4599 1005 4653 ad
1027 4612 1125 4654 vos
1144 4599 1337 4655 litterte
1360 4600 1755 4670 pervenissent;

204 4700 329 4741 cum
370 4685 424 4741 id
454 4684 683 4740 faciendi
706 4684 917 4744 facilius
951 4688 1106 4745 vobis
1130 4706 1225 4760 per
1252 4692 1433 4761 plures
1471 4689 1538 4743 ad
1573 4688 1758 4744 limina

205 4774 575 4842 apostolorum
614 4776 909 4844 venientes,
940 4795 1103 4851 quam
1128 4781 1285 4835 nobis
1305 4795 1401 4849 per
1422 4794 1590 4833 unum
1634 4780 1760 4837 hinc

204 4861 269 4913 ad
291 4876 392 4917 vos
414 4862 838 4931 proficiscentem
864 4853 1079 4937 occasio
1099 4867 1424 4923 conferatur.
1448 4866 1557 4923 Nos
1578 4876 1757 4924 tamen

204 4951 485 5008 insalutati
527 4954 759 5009 ofﬁcium
818 4954 1160 5012 salutationis
1213 4957 1607 5028 impendimus,
1660 4969 1757 5026 et,

203 5059 367 5113 quam
393 5045 651 5109 solemus,
674 5044 976 5101 dilectionis
1006 5047 1100 5101 tibi
1136 5049 1499 5105 sinceritatem
1541 5050 1757 5105 exhibe-

203 5148 344 5187 mus.
372 5131 479 5193 Sed
505 5140 588 5189 est
622 5133 767 5197 unde
805 5133 1191 5194 fraternitatem
1236 5148 1385 5195 tuam
1428 5140 1758 5210 negligentia:

206 5221 398 5279 merito
422 5222 578 5292 argui
598 5234 869 5293 putamus,
892 5226 1037 5297 quod
1060 5228 1126 5283 de
1148 5230 1395 5285 castitate
1417 5229 1755 5296 clericorum,

204 5312 342 5367 sicut
366 5312 528 5380 nobis
555 5315 777 5368 relatum
800 5322 903 5379 est,
937 5318 1215 5385 pmceptis
1241 5317 1498 5371 Romana:
1526 5320 1713 5388 synodi
1742 5364 1756 5388 ,

206 5399 290 5464 cui
312 5399 606 5458 interfuisti
651 5403 963 5458 iuobediens
985 5418 1155 5473 usque
1177 5405 1336 5460 hodie
1371 5406 1616 5464 videaris.
1642 5411 1757 5477 Qua

202 5490 255 5557 in
298 5504 359 5543 re
403 5499 617 5555 tantum
655 5492 722 5547 de
762 5501 851 5560 te;
881 5491 1209 5549 admirantes
1242 5496 1458 5566 gravius
1492 5496 1756 5564 dolemus,

202 5588 464 5649 quantum
511 5590 562 5635 te
615 5582 743 5642 illud
787 5574 1073 5662 sollicitius
1125 5588 1336 5657 operari
1383 5591 1750 5657 sperabamus.

204 5668 352 5725 f'nde
375 5670 677 5740 apostolica
697 5682 750 5727 te
772 5676 1089 5732 auctoritate
1130 5677 1480 5733 admonemus
1514 5688 1573 5731 ut
1602 5680 1755 5733 cleri-

198 5777 288 5819 cos
316 5770 444 5819 tuos
468 5763 564 5834 qui
590 5764 812 5833 turpiter
840 5772 1246 5826 conversantur.
1288 5768 1538 5839 pastorali
1581 5770 1753 5839 rigore

1860 4615 2192 4672 confidenter
2221 4617 2572 4686 deprecamur
2610 4622 2669 4667 ut
2702 4615 2821 4669 vice
2854 4624 3039 4670 nostra
3075 4613 3277 4669 Arfasti
3320 4627 3423 4666 nu-

1860 4709 1955 4777 gas
1982 4707 2196 4776 penitus
2217 4703 2592 4771 campescatis,
2618 4711 2673 4757 ct
2705 4705 2875 4758 sancti
2912 4702 3211 4760 Eamnundi
3254 4700 3432 4785 abbas

1860 4799 1986 4851 tiam
2034 4804 2222 4850 contra
2261 4794 2536 4849 decretum
2584 4794 2887 4850 decessoris
2923 4793 3091 4848 nostri
3129 4789 3423 4861 inquietari

1859 4885 2007 4938 nullo
2048 4884 2209 4938 modo
2241 4884 2451 4939 sinatis.
2486 4883 2588 4951 Qui
2618 4885 2781 4939 etiam
2811 4898 2933 4937 cum
2960 4881 3209 4935 eumdem
3254 4880 3422 4935 abba-

1861 4985 1964 5029 tem
1990 4974 2042 5029 in
2069 4975 2440 5046 presbyterum
2466 4973 2703 5028 ordinari
2729 4972 2914 5026 Romae
2949 4971 3186 5039 fecisset,
3218 4972 3419 5041 ipsum,

1857 5074 1911 5120 et
1946 5065 2331 5119 monasterium
2364 5063 2453 5116 cui
2491 5068 2715 5131 pmest,
2753 5059 2808 5113 in
2846 5061 3068 5116 tutelam
3111 5057 3430 5128 apostolicae.
3478 5126 3487 5134 .

1859 5155 2001 5212 sedis
2031 5152 2251 5221 accepit.
2286 5149 2439 5205 Unde
2469 5150 2697 5219 injurias
2728 5150 2872 5205 illius
2894 5151 2947 5204 in
2973 5166 3071 5204 nos
3093 5148 3431 5219 redundare,

1858 5242 2198 5299 dissimulare
2230 5254 2337 5292 non
2372 5255 2685 5308 possumus;
2721 5239 3017 5310 praesertim
3053 5253 3177 5291 cum
3222 5238 3289 5293 ad
3321 5238 3419 5293 de-

1859 5338 2098 5402 spectant
2133 5330 2471 5385 auctoritatis
2510 5339 2709 5387 nostra:
2749 5344 2842 5383 eas
2880 5328 2981 5382 sibi
3016 5328 3243 5399 irrogari
3288 5342 3413 5397 per-

1860 5418 2162 5489 pendimus.
2210 5416 2361 5473 Unde
2392 5419 2550 5471 ctiam
2587 5417 2929 5471 Guilielmum
2958 5433 3134 5487 regem
3158 5414 3413 5470 charissi-

1860 5524 2007 5563 mum
2027 5551 2041 5574 ,
2074 5517 2128 5563 et
2154 5508 2368 5562 unicum
2400 5505 2567 5558 filium
2604 5495 2803 5560 sanctae
2836 5505 3088 5560 Romanae
3118 5502 3369 5556 Ecclesiae
3394 5544 3415 5563 .

1859 5597 2107 5667 precibus
2136 5593 2335 5649 nostris
2358 5601 2411 5645 et
2443 5592 2559 5647 vice
2600 5604 2783 5649 nostra
2815 5609 2974 5661 super
3008 5590 3092 5644 his
3121 5590 3409 5645 admonere

1858 5684 2196 5747 dilectionem
2228 5688 2458 5734 vestram
2493 5698 2794 5751 precamur,
2838 5689 2891 5731 et
2922 5694 2987 5732 ne
3022 5677 3218 5730 Arfasti
3256 5678 3411 5732 vanis

1860 5770 2298 5841 persuasionibus
2314 5770 2637 5837 acquiescat;
2660 5770 2711 5821 in
2738 5784 2842 5836 quo
2868 5783 2960 5819 sua
2980 5766 3265 5834 singularis
3288 5782 3411 5835 pru—
