4098 6432
736 552 844 613 MS

1376 550 1431 604 8.
1473 547 1799 606 GREGORI'I
1839 548 1927 603 VII
1966 548 2166 604 ΡΑΡᾸΞ
2203 547 2485 605 OPERUM
2518 550 2696 606 PARS
2729 551 2768 607 I.
2809 580 2878 593 -
2916 551 3332 608 REGISTRUM.

3858 553 3950 609 3l6

735 662 915 720 tientia
945 676 1108 733 supra
1146 661 1363 717 modum
1395 661 1674 717 diminuta
1695 672 1749 716 et
1784 670 2060 717 contracta
2092 662 2161 715 ab
2184 676 2304 715 om—
2332 665 2375 719 A
2401 662 2524 716 dam
2566 640 2928 733 privilegium,
2973 665 3117 733 quod
3153 664 3323 718 beata:
3350 662 3739 719 recordationis
3763 666 3953 734 praede-

737 755 896 810 nibus
926 754 1294 824 cognoscitur.
1336 752 1391 806 Si
1432 768 1560 807 vero
1595 751 1810 805 Arfasto
1842 750 2138 823 [Av-fastus]
2173 766 2304 806 con-

736 851 819 897 tra
846 842 961 898 haec
992 842 1334 900 recalcitrare
1384 840 1583 895 abhinc
1633 839 1917 894 tentaverit
1941 880 1955 905 ,
2011 838 2304 908 apostolica

740 932 1064 995 auctoritate
1086 932 1200 989 sibi
1211 942 1263 986 et
1287 930 1550 986 Balduino
1571 930 1752 985 abbati
1767 930 2036 1000 praecipite
2053 929 2304 985 utsedem

685 1017 689 1020 ’
736 1026 1091 1094 apostolicam
1123 1026 1189 1080 ad
1212 1026 1326 1080 haec
1350 1023 1758 1093 determinaada
1781 1032 1983 1093 petant.

813 1115 948 1173 Data
978 1115 1045 1171 ad
1077 1114 1335 1171 Sanctum
1371 1115 1724 1180 Germanum,
1759 1114 2081 1170 duodecimo
2110 1112 2303 1168 Kalen-

735 1206 835 1273 das
866 1204 1196 1271 Decembris,
1225 1205 1522 1261 indictione
1544 1204 1883 1259 duodecima.

1233 1334 1567 1401 EPISTOLA
1604 1334 1816 1391 XXXII.
1831 1364 1843 1371 —

948 1443 1015 1482 AD
1052 1443 1297 1499 Αιλιυυις
1337 1443 1740 1485 ΟΛΠΝΟΤΕΝΞΙΗΜ
1781 1441 2089 1491 ενιδοοιιωι,

1325 1516 1507 1585 (Anno
1544 1515 1727 1584 1073.)

719 1604 808 1669 ‘Ut
842 1606 909 1659 ad
935 1623 1117 1659 curam
1147 1623 1258 1661 sure
1288 1606 1516 1660 abbatite
1539 1647 1554 1672 ,
1587 1615 1785 1659 remoto
1820 1606 1930 1672 alio
1963 1607 2183 1673 intruso.
2210 1605 2303 1657 ab-

796 1676 943 1745 .bete,
969 1676 1212 1730 restituat
1233 1675 1515 1745 quemdam
1536 1673 1917 1741 Isimbardum,
1948 1676 1998 1729 si
2007 1674 2168 1745 natio
2191 1673 2302 1741 alia

803 1744 961 1812 culpa
1003 1742 1379 1797 inveniat'eum
1410 1744 1674 1812 priuatum
1696 1784 1709 1807 ,
1743 1744 1846 1796 nisi
1878 1743 2015 1812 quod
2054 1742 2304 1799 Hieroso-

803 1811 1000 1881 lymam
1032 1812 1322 1868 devotionis
1355 1813 1809 1882 causmprofectus
1841 1811 2020 1881 fuerit.

803 1918 1428 2003 Gnecoalusepiscopus,
1445 1936 1637 1977 servus
1651 1937 1934 1979 servorum
1955 1920 2071 1987 Dei,
2084 1921 2314 1989 Auum,

728 2007 1034 2081 [Αιικλωο]
1069 2009 1487 2069 Carnotensium
1521 2014 1775 2082 episeopo
1810 2013 2037 2067 salutem
2077 2020 2133 2066 et
2168 2027 2299 2081 apo-

728 2099 980 2155 stolicam
1013 2100 1463 2157 benedictionem.

801 2186 1407 2260 Prtesentiunt-portitor
1431 2190 1767 2257 Islmbardus
1792 2193 1961 2249 abbas
1984 2193 2301 2251 monasterii

734 2274 919 2331 Sancti
950 2268 1291 2347 Laodomarii
1323 2279 1705 2353 [I.aunoznari,
1749 2282 1943 2338 Mittin.
1982 2280 2304 2352 Audomari]

732 2364 802 2427 ad
842 2368 1195 2436 apostolicam
1235 2369 1461 2424 veniens
1503 2371 1707 2437 sedem,
1740 2372 1943 2427 nostris
1972 2381 2195 2441 questus
2222 2381 2306 2426 est

730 2455 957 2510 auribus
985 2472 1043 2510 se
1064 2456 1300 2537 prmfata:
1328 2458 1556 2513 abbatiat
1585 2475 1773 2525 carere
1803 2460 2129 2527 obedientia,
2158 2461 2303 2514 nulla

732 2543 1127 2601 interveniente
1174 2546 1382 2616 culpa,
1418 2547 1523 2602 nisi
1572 2549 1719 2619 quia,
1770 2549 1955 2611 divino
2009 2566 2306 2623 succensus

734 2647 939 2699 amore,
962 2635 1199 2704 perrexit
1223 2635 1672 2707 Hierosolymam;
1708 2655 1739 2694 a
1771 2655 1877 2710 qua
1908 2641 2036 2703 dum
2061 2635 2260 2696 rediit
2287 2682 2302 2706 ,

712 2723 945 2778 'invenit
984 2726 1275 2794 quemdam
1321 2727 1571 2782 abbatem
1598 2730 1819 2784 nomine
1842 2730 2166 2796 Guidonem,
2194 2746 2305 2785 sua:

733 2812 1019 2880 prmlatum
1050 2813 1300 2879 abbatim,
1335 2824 1399 2877 ut
1422 2815 1750 2881 audivimus,
1787 2832 1896 2875 non
1928 2818 2090 2871 simili
2122 2820 2308 2887 praedi-

736 2909 850 2953 tum
867 2900 1147 2971 religione,
1173 2918 1346 2971 neque
1356 2903 1425 2957 ab
1440 2903 1548 2957 alio
1566 2902 1745 2975 [forte,
1766 2905 1836 2959 ab
1851 2887 1961 2969 illo,
1981 2904 2175 2976 Hann]
2190 2922 2307 2961 mo-

736 2992 977 3051 nasterio
1005 2993 1327 3062 regulariter
1361 3004 1658 3063 sumptum.
1693 2994 2028 3060 Fraternitas
2055 3013 2187 3066 ergo
2215 3007 2306 3051 tua

736 3084 950 3139 studeat
975 3086 1063 3154 pia
1089 3086 1364 3155 inquirere
1393 3086 1760 3151 sollicitudine
1786 3128 1800 3152 ,
1842 3097 1896 3141 et
1930 3088 2087 3142 istius
2128 3104 2307 3143 remo-

736 3172 963 3239 lionem,
986 3182 1043 3228 et
1069 3174 1214 3228 illius
1243 3175 1664 3241 ordinationem;
1706 3186 1868 3244 atque
1905 3178 1951 3231 si
1994 3177 2046 3231 in
2082 3180 2186 3233 hoc
2210 3180 2307 3232 ali-

2404 754 2638 809 eessoris
2670 755 2842 809 nostri
2874 755 3164 830 Alexandri
3200 755 3420 809 nomine
3455 754 3724 810 titulatum
3755 756 3950 812 inveni-

2406 860 2526 901 mus
2554 831 2745 915 :quod
2790 843 3065 900 nimirum
3088 854 3266 899 ratum
3294 860 3403 899 non
3426 859 3547 899 esse
3588 844 3954 901 manifestissi-

2404 934 2509 989 mis
2553 934 3007 1003 deprehendimus
3053 934 3287 1001 indiciis;
3332 934 3679 1004 corruptione
3720 935 3957 990 videlicet

2404 1023 2731 1090 Latinitatis,
2756 1040 2855 1079 nee
2880 1040 2989 1078 non
3018 1032 3074 1079 et
3095 1024 3407 1080 diversitate
3429 1025 3707 1083 canonica!
3730 1026 3957 1081 auctori-

2402 1104 2548 1168 tatis.
2583 1112 2914 1183 Congruenti
2943 1113 3108 1184 igitur
3142 1107 3371 1183 ratione,
3408 1130 3582 1185 neque
3610 1122 3766 1171 vetus
3800 1116 3955 1169 robo-

2404 1216 2525 1255 rare
2547 1243 2563 1268 ,
2613 1216 2789 1272 neque
2823 1211 3011 1258 nostro
3057 1204 3278 1259 nomine
3309 1219 3510 1259 novum
3554 1205 3779 1276 dignum
3809 1205 3957 1260 duxi-

2403 1306 2525 1347 mus
2557 1290 3041 1361 imprzesentiarum
3088 1279 3415 1363 componere
3451 1312 3465 1345 :
3498 1295 3625 1365 quia
3675 1284 3797 1365 quae
3838 1304 3959 1350 sunt

2397 1381 2546 1451 justa
2565 1390 2619 1437 et
2647 1383 2734 1452 pia
2764 1383 3000 1456 postulat
3022 1385 3383 1441 ecclesiastica
3414 1386 3619 1456 regula.
3652 1386 3789 1441 Gum
3818 1385 3956 1455 enim

2403 1444 3184 1543 hor-donensis-[DelJtonensis
3206 1482 3257 1528 et
3285 1476 3362 1529 sic
3392 1444 3560 1550 inﬂa]
3584 1474 3841 1542 Ecclesia,

2378 1563 2489 1633 ejus
2510 1564 2782 1633 parocbite
2810 1564 3087 1634 adjacetis,
3115 1574 3372 1635 operante
3396 1581 3630 1636 superna
3658 1566 3957 1631 clementia,

2401 1655 2660 1710 canonice
2686 1653 2857 1709 fuerit
2869 1653 3136 1722 ordinata,
3173 1664 3303 1711 tunc
3342 1655 3583 1726 quidem,
3610 1656 3808 1710 comite
3832 1656 3957 1719 vita,

2400 1758 2467 1798 ex
2500 1758 2771 1799 consensu
2800 1744 3043 1814 ejusdem
3074 1745 3218 1800 sedis
3244 1732 3505 1816 episcopi,
3537 1746 3793 1815 proficuaa
3818 1744 3959 1798 utili-

2401 1834 2529 1888 tatis
2577 1818 2915 1903 privilegium
2966 1840 3160 1888 vestra:
3210 1833 3521 1890 necessitati
3566 1830 3963 1903 previdebimns

2401 1923 2663 1977 canonica
2704 1922 3026 1978 auctoritate
3068 1924 3368 1979 snﬂultum.
3413 1923 3567 1990 Quod
3610 1916 3964 1997 si',,peccatis

2394 2013 2760 2083 exigentibus,
2794 2014 2982 2069 eadem
3002 2002 3243 2087 ecclesia
3269 2014 3529 2071 canuniu:
3556 2030 3666 2068 non
3690 2013 3855 2069 fuerit
3881 2030 3966 2069 or-

2402 2103 2608 2168 dinata,
2646 2110 2775 2158 tunc
2812 2102 2973 2157 etiam
3006 2104 3328 2169 muninime,
3350 2118 3460 2173 quo
3479 2103 3627 2173 juste
3647 2102 3981 2169 valebimus,

2403 2193 2559 2247 vobis
2580 2193 2805 2246 omnino
2829 2194 3221 2248 solatiabimur.
3246 2193 3385 2260 Quia
3409 2209 3539 2250 vero
3552 2208 3785 2265 persona
3805 2193 3967 2249 vestri

2403 2282 2579 2347 electi,
2621 2282 2746 2337 licet
2775 2282 3018 2338 honestis
3042 2284 3263 2353 praedita
3296 2284 3543 2338 videatur
3584 2284 3863 2350 moribus,
3903 2283 3966 2337 ad

2404 2370 2615 2425 abbatis
2646 2378 2825 2425 tamen
2853 2370 3109 2438 ofﬁcium,
3150 2388 3277 2428 cum
3310 2379 3468 2428 aetate
3499 2381 3617 2426 tum
3645 2372 3812 2426 etiam
3852 2386 3982 2426 eor-.

2404 2459 2553 2528 poris
2598 2459 2934 2527 inﬁmitate,
2981 2462 3140 2517 nobis
3184 2462 3302 2518 visa
3358 2469 3443 2524 est
3492 2462 3708 2528 debilis,
3763 2469 3979 2532 utpote,

2404 2562 2566 2617 quem
2612 2555 2835 2618 oportet
2864 2563 2965 2618 pro
3008 2550 3265 2605 omnibus
3306 2551 3723 2605 sollicitudinem
3764 2563 3981 2620 gerere,

2403 2638 2650 2694 eumdem
2680 2639 2910 2693 electum
2945 2636 3263 2695 monuimus
3290 2656 3322 2695 a
3346 2639 3659 2710 praelatione
3687 2639 3965 2705 desistere,

2406 2730 2529 2797 sise
2551 2729 2845 2784 invalidum
2869 2729 3609 2802 fratrum‘opportunitatibus
3632 2729 3968 2801 perspexerit

2406 2835 2515 2873 non
2540 2835 2700 2889 posse
2721 2821 2963 2877 suﬂicerc
2988 2840 3002 2876 :
3028 2823 3115 2877 cui
3153 2832 3355 2891 tamen,
3384 2822 3563 2893 quoad
3590 2819 3889 2894 praefuerit,
3914 2818 3966 2871 in

2404 2906 2648 2974 ejusdem
2680 2906 2956 2975 religionis
2994 2914 3181 2961 tenore
3201 2915 3626 2976 perseverantes,
3653 2904 3841 2974 inqua
3875 2920 3966 2958 ve-

2408 3002 2519 3053 ster
2545 3008 2645 3049 vos
2666 2993 2952 3049 defunctus
2976 2994 3210 3049 instituit
3239 3002 3411 3063 pater,
3444 2989 3680 3048 debitam
3717 3007 3969 3047 reveren-

2410 3085 2538 3138 tiam
2570 3083 2835 3138 exhibete.
2861 3081 3055 3138 Caeteri
3094 3098 3310 3159 quoque
3353 3081 3802 3137 monacbi'vestri
3842 3095 3965 3135 eon-

2409 3173 2581 3238 socii,
2613 3188 2710 3241 per
2732 3172 2895 3231 cellas
2915 3172 2984 3225 ab
3006 3173 3194 3227 eodem
3216 3169 3370 3243 patre
3389 3180 3571 3228 vestro
3593 3178 3932 3227 constructas
3949 3211 3977 3235 ,,

736 3276 843 3331 qua
879 3278 988 3317 non
1034 3263 1309 3317 invenitur
1339 3264 1496 3333 culpa
1522 3306 1537 3330 ,
1575 3264 1680 3318 nisi
1716 3265 1980 3343 profectio
2012 3267 2079 3322 ad
2114 3266 2306 3322 Hiero-
2335 3294 2376 3349 ρ
2410 3273 2470 3319 ut
2500 3264 2783 3318 vobiscum
2813 3263 2922 3318 sint
2950 3263 3253 3329 unanimes,
3279 3263 3559 3332 eidemque
3582 3258 3965 3315 vestro‘abbati

736 3351 1003 3422 solymam
1048 3354 1215 3424 (quod
1262 3356 1478 3430 quidem
1523 3355 1775 3411 ducimus
1816 3357 2201 3427 tolerandum),
2246 3372 2309 3411 ac

737 3442 1025 3499 sollicitius
1049 3452 1105 3497 et
1129 3444 1436 3513 religiosius
1455 3459 1521 3498 eo
1543 3444 1686 3499 valet
1707 3447 1761 3498 in
1784 3446 2044 3518 regimine
2058 3444 2307 3512 fratrum,

738 3531 841 3589 iste
884 3533 1070 3602 utique
1116 3534 1469 3599 restituatur,
1516 3534 1607 3589 ille
1639 3550 1775 3590 vero.
1802 3536 2107 3607 dejiciatur.
2155 3537 2309 3604 Quod

740 3621 787 3674 si
836 3630 891 3675 et
940 3622 1044 3677 iste
1096 3623 1257 3677 aliam
1310 3624 1586 3678 commisit
1639 3626 1854 3695 culpam
1914 3642 2036 3696 qua
2093 3642 2218 3684 eum
2278 3644 2309 3683 a

738 3706 1002 3775 regimine
1041 3708 1187 3776 iuste
1220 3704 1517 3777 removeat,
1544 3720 1599 3766 et
1649 3712 1739 3768 ille
1777 3714 2083 3783 religiosius
2112 3716 2219 3769 isto
2252 3717 2307 3770 in

737 3796 1209 3857 administratione
1247 3800 1569 3874 pervigilat,
1609 3802 1989 3873 ordinatioque
2010 3803 2128 3874 ejus
2156 3819 2310 3874 repe-

739 3884 914 3939 riatur
946 3886 1207 3956 legitima;
1234 3890 1382 3945 hunc
1406 3891 1624 3960 quidem
1651 3891 2009 3949 Isimbardum
2031 3894 2187 3950 nobis
2216 3903 2307 3949 tua

738 3971 1051 4035 fraternitas
1079 3991 1203 4031 eum
1235 3976 1432 4033 litteris
1462 3978 1722 4047 remittat,
1759 3990 1814 4036 et
1846 3982 1936 4036 ille
1962 3983 2017 4036 in
2053 3998 2154 4038 suo
2187 3984 2308 4039 loco

738 4074 1073 4133 permaneat.
1108 4064 1166 4121 Si
1187 4083 1317 4123 vero
1341 4069 1489 4128 illius
1515 4072 1787 4141 promotio
1817 4072 2127 4130 Simoniaca
2150 4076 2309 4132 sorde

736 4152 1013 4215 invenitur
1042 4153 1264 4225 (redata,
1299 4166 1429 4214 tunc
1458 4160 1726 4231 siquidem
1762 4163 1851 4218 ille
1878 4163 1998 4221 sine
2029 4181 2181 4220 mora
2214 4166 2311 4221 dev

739 4252 976 4314 ponatur
998 4260 1031 4301 a
1059 4250 1317 4317 regimine
1341 4249 1591 4320 fratrum,
1621 4263 1675 4311 et
1717 4255 1854 4310 alter
1895 4257 1945 4311 ei
1992 4257 2309 4327 regulariter

735 4336 1117 4396 substituatur.
1148 4334 1385 4410 Quiquid
1417 4352 1599 4399 autem
1634 4352 1724 4398 tua
1759 4345 1948 4415 religio
1978 4361 2142 4416 super
2174 4347 2308 4401 utri-

739 4442 913 4497 usque
942 4443 1106 4483 causa
1130 4432 1463 4501 expleverit,
1500 4435 1693 4496 litteris
1724 4436 1831 4491 tuis
1860 4437 2115 4495 innexum
2149 4440 2306 4496 nobis

736 4516 952 4574 studeat
976 4516 1153 4573 facere
1182 4529 1394 4577 notum.

2408 3363 2718 3410 reverenter
2741 3354 3013 3419 obediant,
3039 3351 3727 3422 auctoritatepmcipimus
3748 3356 3966 3419 apostor

2406 3448 2530 3501 lica.
2575 3445 2713 3512 Quia
2750 3445 3036 3513 epistolare
3078 3443 3455 3513 compendium
3485 3440 3687 3511 multa,
3710 3456 3838 3511 quae
3865 3438 3968 3493 fra~

2406 3539 2581 3596 tribus
2600 3536 2793 3591 vestris
2815 3533 3421 3601 intimavimus,vestr1e
3442 3531 3770 3607 fraternitati
3795 3530 3968 3586 notiti-

2406 3644 2532 3683 care
2553 3641 2661 3681 non
2683 3611 2903 3695 patitur,
2947 3624 3217 3693 quaehuic
3239 3622 3482 3694 epistola
3508 3621 3705 3678 desunt
3727 3618 3972 3692 praedicti

2407 3716 2601 3772 fratres
2622 3715 2845 3769 auribus
2865 3712 3062 3768 vestris
3083 3713 3203 3766 viva
3227 3726 3361 3766 voce
3388 3709 3709 3766 narrabant.

2476 3806 2609 3861 Data
2638 3806 2918 3875 Argentea:
2939 3819 2992 3859 tv
3012 3801 3282 3867 Kalendas
3316 3796 3975 3875 Decembris,.indictione

2403 3898 2740 3963 duodecima.
3620 3926 3621 3929 η
3944 3924 3945 3927 η

2879 3991 3214 4048 EPISTOLA
3249 3990 3486 4046 XXXIV.

2614 4103 2681 4143 an
2703 4088 2976 4143 uenantum
3005 4099 3419 4141 LINCULNIENSBI
3448 4072 3765 4139 episcopum

2983 4176 3165 4247 (Anno
3203 4174 3388 4247 1073.)

2404 4268 2558 4324 Arcet
2583 4264 2900 4322 homicidam
2930 4282 2964 4319 a
2987 4263 3127 4318 sacri
3158 4263 3347 4316 altaris
3374 4262 3666 4316 ministerio
3690 4276 3709 4315 :
3733 4261 3965 4316 concedit

2477 4348 2652 4391 tamen
2681 4337 2786 4400 illi,
2808 4336 2856 4389 si
2877 4336 3233 4404 panitentiam
3259 4332 3442 4403 egerit,
3472 4340 3531 4385 ut
3558 4331 3837 4401 stipendiis
3861 4329 3969 4383 Εεν-

2474 4406 2646 4461 desire
2674 4404 2750 4458 ali
2777 4406 2941 4474 possit

2473 4525 2779 4581 Caesonius
2795 4523 3101 4594 episeOpus,
3128 4536 3319 4578 servus
3345 4536 3627 4578 servorum
3648 4520 3768 4587 Dei;
3784 4519 3965 4575 ltela-

809 4603 941 4661 Data
961 4604 1603 4681 Argenteae[Argentaee,
1632 4625 1680 4666 et
1704 4616 1781 4668 sic
1805 4615 1971 4687 infra]
1996 4616 2309 4679 vKalendas
2339 4620 2383 4675 D
2407 4633 2497 4674 aro
2522 4617 2866 4685 Lincolnensi
2901 4616 2957 4669 in
2981 4614 3173 4686 Anglia
3202 4614 3459 4684 episcopo
3487 4600 3718 4667 salutem
3751 4620 3811 4666 et
3842 4625 3966 4682 apo-

740 4693 1073 4764 Decembris,
1109 4698 1412 4757 indictione
1433 4704 1772 4759 duodecima.

1219 4781 1553 4846 EPISTOLA
1580 4794 1816 4848 XXXIII.

951 4894 1019 4934 ΔΙ)
1050 4893 1289 4935 νιΑτιιεε
1321 4897 1641 4939 MONASTERII
1677 4901 1865 4942 ΒΕΑΤΕ
1897 4903 2093 4947 Iulli.

1285 5026 1297 5033 ,
1327 4970 1507 5040 (Anno
1544 4974 1723 5043 1075.)

741 5056 1088 5136 Privitegium
1126 5063 1209 5116 sui
1229 5064 1663 5136 praedecessor“,
1693 5067 1819 5136 quia
1843 5068 2037 5135 falsum
2059 5084 2169 5125 esse
2189 5084 2307 5122 cen-

809 5129 954 5202 sebat
980 5169 996 5195 ,
1029 5144 1121 5202 nec
1153 5129 1261 5185 vult
1292 5135 1602 5202 conﬁrmare
1625 5129 1768 5202 ,n'ec
1812 5129 1962 5190 aliud
2010 5140 2304 5198 concedere.

814 5194 999 5264 Ipsum
1030 5194 1534 5273 electumnobntem,
1570 5194 1672 5259 sibi
1704 5201 1947 5261 idoneum
1983 5222 2085 5259 non
2116 5194 2307 5273 visum,

810 5281 927 5347 sse
957 5268 1213 5347 monitum
1250 5269 1411 5338 fuisse
1443 5273 1708 5347 signiﬁcat
1739 5285 1852 5347 uta
1885 5276 2192 5347 prmiatione
2213 5268 2308 5330 de;

811 5338 967 5389 sistat
987 5350 1007 5388 :
1032 5338 1180 5405 jubet
1216 5347 1389 5394 tamen
1412 5350 1469 5394 ut
1493 5338 1708 5396 interim
1729 5346 1777 5399 ei
1798 5338 2060 5401 obedient.

812 5419 1117 5479 Caesonius
1137 5422 1444 5496 episcopus,
1464 5445 1655 5487 servus
1678 5446 1959 5487 servorum
1980 5434 2097 5500 Dei,
2124 5431 2308 5488 fratri-

746 5515 851 5570 bus
886 5518 1201 5571 monasterii
1228 5518 1398 5573 beatae
1420 5517 1623 5587 Mariae,
1646 5519 1733 5576 siti
1760 5520 1813 5574 in
1840 5520 2149 5591 episcopatu
2174 5521 2309 5577 Dor—

743 5606 999 5673 donensi,
1029 5608 1259 5664 salutem
1288 5620 1343 5665 et
1376 5611 1727 5680 apostolicam
1752 5610 2200 5666 benedictionem.

823 5697 1059 5754 Veniens
1089 5701 1155 5757 ad
1203 5709 1444 5757 nostram
1485 5700 1825 5773 praesentiam
1872 5701 2039 5758 frater
2086 5700 2310 5756 Benedi-

746 5796 887 5851 ctus,
919 5802 1078 5856 quem
1102 5799 1225 5859 post
1245 5790 1453 5865 obitum
1489 5790 1664 5861 patris
1698 5788 1877 5844 Uberti
1920 5786 2105 5862 religio
2131 5799 2308 5845 vestra

746 5878 861 5933 sibi
880 5895 1109 5947 praeesse
1134 5880 1294 5952 elegit
1328 5881 1383 5938 in
1427 5882 1694 5946 abbatem,
1721 5879 1909 5936 detulit
1942 5883 2094 5937 nobis
2136 5881 2308 5951 quod—

2404 4698 2652 4767 stolicam
2676 4707 3126 4762 benedictionem.

2475 4800 2727 4855 Latorem
2753 4797 3119 4868 praesentium,
3143 4813 3305 4868 quem
3325 4795 3681 4852 fraternitatis
3702 4804 3813 4851 tua:
3832 4796 3967 4850 litte-

2404 4906 2480 4946 rze
2542 4889 2834 4945 homicidio
2886 4886 3214 4942 maculatum
3266 4888 3421 4942 nobis
3474 4886 3930 4942 denuntiaverunt
3950 4926 3964 4949 ,

2380 5002 2383 5003 ν
2406 4978 2553 5034 nulla
2576 4985 2888 5033 sanctorum
2913 4974 3130 5030 Patrum
3154 4975 3450 5029 auctoritas
3470 4975 3722 5028 concedit
3743 4973 3967 5027 ulterius

2405 5070 2577 5128 sacris
2604 5069 2866 5125 altaribus
2897 5066 3225 5132 ministrare,
3264 5080 3363 5120 nec
3396 5079 3497 5119 nos
3523 5065 3677 5120 decet
3700 5064 3965 5119 constitu-

2404 5150 2547 5215 tioni
2566 5158 2730 5224 illius,
2744 5158 2887 5231 quod
2902 5158 3043 5211 absit
3060 5159 3073 5209 !
3092 5172 3374 5212 assensum
3387 5155 3677 5226 praebendo
3698 5169 3963 5210 canonum

2406 5250 2625 5307 statutis
2644 5248 2934 5304 contraire.
2968 5246 3085 5301 Tua
3128 5254 3309 5300 tamen
3356 5246 3564 5316 religio,
3588 5238 3662 5301 ἐἰ
3703 5262 3832 5299 eum
3871 5259 3965 5315 pro

2407 5340 2700 5397 commisso
2728 5337 2954 5394 crimine
2976 5336 3312 5409 perspexerit
3331 5336 3551 5407 dignum
3580 5334 3693 5389 Deo
3716 5335 3965 5390 exhibere

2405 5429 2643 5486 fructum
2662 5428 3011 5500 pmnitentiae,
3051 5426 3157 5480 hoc
3190 5425 3293 5479 sibi
3337 5419 3761 5479 misericorditer
3790 5422 3967 5493 provi-

2406 5519 2549 5583 deat,
2572 5512 2641 5571 ne
2672 5515 2954 5584 stipendiis
2989 5512 3369 5570 ecclesiasticis
3394 5520 3594 5578 careat,
3621 5521 3809 5582 atque,
3832 5526 3965 5582 pan—

2405 5614 2613 5680 pertate
2657 5602 3021 5675 pusillanimis
3061 5600 3257 5669 factus,
3302 5592 3483 5657 divina
3507 5608 3807 5672 postponat
3836 5614 3968 5671 pre-

2406 5702 2561 5766 eepta
2586 5712 2599 5748 :
2625 5692 2753 5748 licet
2782 5700 3019 5761 namque
3046 5690 3409 5746 sacerdotium
3454 5689 3604 5745 nullo
3624 5712 3630 5717 ·
3651 5696 3816 5758 pacto
3865 5703 3965 5743 un-

2406 5802 2570 5859 quam
2600 5782 2872 5841 mereatur
2896 5782 3154 5853 recipere,
3193 5784 3413 5854 dignum
3449 5791 3629 5839 tamen
3661 5792 3747 5839 est
3768 5794 3966 5847 ,conse-

2410 5879 2503 5950 qui
2524 5890 2649 5933 eum
2670 5869 2884 5943 aliquod
2908 5870 3229 5945 beneﬁcium
3263 5873 3331 5929 ab
3361 5872 3655 5947 apostolica
3690 5869 3840 5929 sedc.
3864 5867 3964 5922 Ab-
