4098 6354
197 470 283 524 517

1198 428 1426 513 Lmen
1461 455 1736 512 ennius.
1771 486 1839 496 -
1873 453 2088 512 EPIST.
2129 454 2366 511 xxxvi.

3316 462 3416 516 518

195 578 507 634 solutionem
537 584 799 646 praeterea
836 580 1177 643 peccatorum
1215 580 1452 636 tuorum,
1486 571 1624 625 sicut
1658 585 1751 624 ro-
1782 574 1825 629 Λ
1851 571 2021 637 cussi,
2065 572 2145 625 illi
2208 571 2435 626 ulterius
2484 571 2852 640 obtinzpi‘rare
2892 575 3235 628 recusabant.
3294 575 3418 633 llzec

195 667 338 738 gasti,
374 666 707 720 auctoritate
753 663 1053 731 principum
1093 661 1460 729 apostolorum
1508 659 1649 713 Petri
1699 667 1754 713 et

194 754 330 808 Pauli
364 752 511 818 fulti,
550 767 786 822 quorum
811 751 924 804 vice
949 749 1195 820 quamvis
1224 749 1430 818 indigni
1457 747 1750 818 fungimur,

194 843 278 897 tibi
309 843 530 896 mittere
564 842 787 910 dignum
813 840 1085 904 duximus,
1122 838 1168 892 si
1199 847 1377 891 tamen
1402 836 1557 890 bonis
1579 834 1753 904 cperi-

193 933 286 985 bus
319 929 666 993 inhaereudo,
711 938 764 982 et
787 929 1109 982 commissos
1137 942 1394 981 excessus
1429 924 1750 995 plangendo,

191 1029 442 1089 quantum
491 1019 766 1083 valueris,
815 1019 1058 1095 corporis
1105 1017 1180 1070 tui
1229 1016 1594 1070 habitaculum
1643 1013 1752 1067 Deo

191 1109 443 1162 mundum
477 1108 744 1176 templum
789 1107 1114 1160 exhibueris.
1149 1105 1302 1172 Quod
1343 1114 1520 1158 autem
1561 1118 1749 1173 preca-

190 1207 351 1252 tuses
378 1211 482 1250 nos
516 1197 612 1250 tibi
635 1197 844 1266 jubere,
893 1206 1161 1266 quatenus
1207 1195 1384 1264 possis
1431 1195 1568 1247 seire
1611 1193 1750 1247 unde

190 1283 338 1338 nobis
380 1283 676 1338 serviendo
717 1284 975 1339 merearis
1017 1284 1243 1354 placere,
1273 1283 1373 1336 hoc
1409 1283 1748 1352 potissimum

154 1372 562 1442 .praecipimus,
608 1373 716 1428 tuis
758 1373 1005 1427 videlicet
1046 1371 1223 1442 juvari
1273 1373 1640 1438 orationibus,
1693 1380 1752 1424 ut

189 1470 462 1532 compotes
504 1461 669 1516 simul
711 1477 1016 1516 mereamur
1037 1461 1246 1532 gaudiis
1276 1459 1478 1530 perfrui
1503 1460 1751 1530 perenni-

192 1552 306 1606 bus.

256 1639 385 1694 Data
427 1640 739 1696 Terracinm
771 1657 821 1696 Iv
850 1639 1031 1697 Nonas
1062 1640 1370 1696 Decembris
1398 1682 1412 1709 ,
1459 1639 1748 1695 indictione

192 1721 529 1784 duodecima.

673 1855 1006 1914 EPISTOLA
1042 1855 1258 1912 XXXV.

223 1961 287 2012 an
310 1959 618 2002 uouentem:
639 1943 960 2016 [uouemus]
989 1961 1374 2001 CABILONENSEI
1406 1962 1712 2002 EPISCOPUI.

773 2034 948 2104 (Anno
985 2035 1164 2102 1075.)

193 2119 256 2176 lu
275 2120 588 2194 Philippum
629 2120 956 2176 Francorum
993 2139 1159 2194 regem
1209 2123 1466 2194 inrehitur
1507 2123 1752 2194 ecclesia-5

258 2207 373 2262 rum
406 2192 727 2245 venditorem
749 2200 797 2244 et
813 2192 1203 2256 (testi-ueterem,
1222 2210 1369 2262 quem
1393 2193 1456 2245 ab
1479 2209 1535 2246 eo
1563 2193 1750 2246 moveri

255 2260 364 2314 vult
393 2269 449 2314 ut
478 2262 727 2314 canonice
751 2262 1013 2331 episcopos
1043 2262 1164 2332 eligi
1197 2260 1485 2330 permittat.

253 2371 566 2441 (iaceamus
585 2372 891 2442 cpiscopus,
929 2387 1117 2426 servus
1139 2386 1416 2426 servorum
1440 2369 1552 2435 Dei,
1579 2369 1753 2426 Bone-

191 2474 308 2516 meo
345 2459 649 2533 [Raeti-:30]
694 2461 1039 2516 Cabilonensi
1101 2461 1355 2531 episcopo
1407 2460 1638 2515 salutem
1699 2469 1754 2515 et

193 2550 546 2618 apostolicam
572 2551 1019 2606 benedictionem.
1093 2535 1097 2538 ’

252 2637 405 2694 inter
427 2649 656 2694 caeteros
689 2639 862 2693 nostri
898 2638 1058 2707 hujus
1089 2639 1345 2710 temporis
1370 2639 1639 2712 principes
1661 2639 1752 2709 qui

195 2715 488 2783 Boclesiam
554 2726 649 2781 Dei
718 2742 968 2796 perversa
1039 2728 1329 2797 cupiditate
1383 2715 1754 2784 ‘venundando

196 2818 613 2888 dissipaverunt,
649 2826 704 2873 et
757 2816 979 2872 Matrem
1027 2834 1205 2883 suam,
1259 2818 1347 2872 cui
1376 2834 1441 2872 ex
1470 2818 1755 2893 Dominico

197 2915 462 2977 praecepto
506 2908 769 2960 honorem
821 2915 874 2960 et
921 2908 1276 2961 reverentiam
1315 2907 1629 2971 debuerant,
1653 2923 1753 2960 an-

196 2994 364 3048 cillari
400 2995 737 3062 subjectiane
757 2995 972 3063 penitus
1003 2986 1410 3060 conculcarunt,
1452 2994 1753 3063 Philippum

197 3096 372 3152 regem
418 3083 757 3138 Francorum
808 3085 1114 3140 Gallicanos
1159 3085 1427 3141 Eeclesias
1463 3086 1515 3140 in
1549 3095 1756 3140 tantum

198 3173 534 3241 Oppressisse
556 3163 703 3228 certa
728 3176 988 3230 relatione
1001 3161 1309 3241 didicimus,
1331 3185 1388 3230 ut
1403 3177 1467 3230 ad
1485 3192 1755 3230 summum

197 3269 306 3313 tam
341 3261 645 3315 detestandi
669 3263 834 3331 hujus
867 3261 1123 3318 facinoris
1152 3265 1429 3318 cumulum
1453 3263 1757 3332 pervenisse

197 3349 464 3403 videatur.
512 3348 685 3414 Quam
721 3366 830 3404 rem
878 3351 944 3405 de
991 3342 1160 3422 regno
1185 3353 1277 3405 illo
1317 3360 1468 3405 tanto
1517 3350 1758 3420 profecto

200 3437 423 3492 tulimus
460 3439 762 3504 molestius,
776 3449 980 3508 quanto
1002 3431 1056 3494 et
1076 3441 1379 3509 prudentia,
1403 3449 1457 3494 et
1483 3440 1757 3510 religione,

199 3538 251 3582 et
284 3529 495 3584 viribus
522 3531 762 3584 noscitur
787 3529 954 3586 fuisse
992 3534 1286 3601 potentius,
1333 3541 1387 3587 et
1412 3549 1535 3603 erga
1565 3532 1760 3604 Roma-

201 3633 323 3671 nam
352 3617 650 3673 Ecclesiam
680 3620 849 3674 multo
898 3621 1163 3676 devotius.
1202 3621 1266 3675 Et
1289 3637 1387 3676 nos
1411 3621 1626 3691 quidem
1651 3630 1759 3675 tam

200 3710 471 3778 generalis
508 3707 705 3764 noStrze
734 3726 863 3765 cura
908 3712 1305 3777 sollicitudinis,
1337 3727 1497 3781 quam
1522 3711 1759 3779 ipsarum

199 3799 503 3854 dsstructio
538 3801 908 3868 ecclesiarum,
956 3789 1300 3857 vehementer
1345 3802 1661 3856 accenderat
1702 3809 1762 3852 ut

201 3885 255 3939 in
284 3889 660 3943 tam'audaces
689 3900 890 3946 sancta:
929 3891 1204 3960 religionis
1237 3904 1491 3944 excessus
1521 3887 1760 3942 severius

201 3975 629 4030 animadvertere
665 3979 998 4033 deberemus.
1039 3979 1143 4032 Sed
1186 3978 1464 4048 quoniam,
1498 3986 1760 4032 anteactis

202 4066 411 4132 diebus,
443 4082 542 4136 per
578 4065 894 4122 familiarem
933 4084 1091 4124 suum
1129 4068 1540 4134 cubicularium,
1577 4067 1762 4122 videli-

203 4165 286 4210 cet
303 4154 640 4223 Albcricum,
684 4157 751 4212 ad
776 4158 947 4213 nostri
983 4174 1268 4213 censuram
1289 4159 1478 4228 judicii
1513 4166 1569 4212 et
1596 4159 1760 4215 vitam

205 4245 475 4315 corrigere
505 4253 560 4298 et
598 4244 864 4302 Ecclesias
905 4247 1156 4301 ordinare
1213 4248 1438 4301 ﬁrmiter
1492 4247 1648 4301 nobis
1679 4263 1762 4298 re-

205 4333 447 4421 spondit,
506 4334 739 4405 rigorem
799 4336 1182 4390 canonicorum
1239 4338 1452 4390 interim
1513 4351 1763 4390 exercere

204 4423 538 4480 distulimus.
576 4424 745 4494 Hujus
787 4441 916 4496 ergo
963 4426 1337 4495 promissionis
1380 4425 1621 4483 ﬁdemin
1653 4423 1763 4476 bla-

205 4514 506 4568 tiaeonensi
542 4512 780 4568 Ecclesia
809 4514 1042 4581 pastoris
1074 4513 1333 4583 regimine
1374 4513 1466 4567 diu
1502 4513 1763 4578 desolata,
1793 4529 1837 4582 ι)

205 4609 258 4655 et
276 4600 345 4654 ad
372 4599 605 4652 nihilum
649 4615 785 4668 pene
824 4601 1061 4665 redaCta,
1094 4601 1148 4654 in
1183 4600 1372 4670 primis
1391 4601 1640 4656 volumus
1670 4617 1763 4655 ex-

205 4683 398 4759 periri;
424 4692 488 4737 ut
528 4683 732 4738 scilicet
755 4683 1295 4755 Augustodunensem
1324 4686 1762 4742 archidiaconum

211 4772 455 4826 unanimi
490 4772 619 4827 eleri
662 4781 717 4827 et
763 4775 944 4844 populi
978 4790 1266 4842 consensu,
1306 4776 1475 4848 ipsius
1497 4778 1680 4843 etiam,
1707 4787 1767 4832 ut

209 4863 535 4930 audivimus,
569 4864 712 4932 regis
741 4879 962 4919 assensu
1000 4866 1249 4933 electum,
1281 4867 1592 4937 episcopatu
1623 4867 1766 4920 dono

211 4952 396 5020 gratis,
421 4959 486 5006 ut
516 4951 689 5016 decet,
712 4966 991 5018 concesso,
1019 4951 1270 5008 Ecclesia:
1299 4952 1494 5022 pratici
1511 4953 1763 5022 patiatur.

213 5038 366 5104 Quod
395 5042 444 5096 si
480 5039 660 5098 facere
707 5042 959 5107 noluerit,
1008 5043 1373 5098 indubitanter
1412 5044 1623 5098 noverit
1669 5059 1769 5099 nos

215 5129 353 5185 hanc
377 5129 636 5186 Ecclesia)
663 5131 878 5185 ruinam
907 5146 1248 5200 nequaquam
1275 5132 1478 5186 diutius
1513 5133 1770 5186 toleratu-

216 5234 325 5283 ros,
349 5229 407 5274 et
433 5235 503 5274 ex
527 5221 849 5276 auctoritate
889 5221 1167 5276 beatorum
1218 5221 1585 5290 apostolorum
1627 5220 1770 5274 Petri

216 5315 269 5360 et
289 5305 445 5361 Pauli
466 5307 664 5364 duram
688 5310 1059 5365 inobedientiae
1081 5309 1478 5365 contumaciam
1510 5309 1770 5362 canonica

220 5395 537 5450 austeritate
589 5397 938 5454 coercituros.
971 5398 1104 5454 Nam
1151 5407 1245 5453 aut
1311 5412 1405 5451 rex
1433 5395 1569 5465 ipse,
1614 5411 1774 5465 repu-

218 5481 363 5538 diato
393 5481 542 5551 turpi
570 5481 888 5542 Simoniaca:
907 5477 1126 5544 baresis
1151 5483 1522 5549 mercimonia,
1555 5483 1775 5537 idoneas

224 5573 286 5627 ad
307 5586 527 5628 sacrum
573 5571 813 5640 regimen
844 5591 1102 5644 personas
1147 5574 1450 5647 promoveri
1485 5573 1774 5645 permittet,

226 5671 316 5718 aut
339 5659 540 5716 Franci
573 5673 675 5728 pro
701 5669 868 5729 certo,
911 5664 1013 5718 nisi
1046 5664 1205 5720 tidem
1257 5663 1620 5720 Christianam
1644 5662 1778 5730 abji-

227 5768 345 5811 cere
373 5747 690 5813 maluerint,
723 5754 974 5817 generalis
1006 5756 1360 5811 anathematis
1384 5770 1638 5810 mucrone
1661 5767 1804 5823 per-‘

1856 660 1996 726 ideo,
2024 659 2191 715 frater
2214 661 2552 726 charissime,
2590 661 2876 731 vigilantia:
2904 671 3008 717 tua:
3045 665 3292 719 intimare
3321 681 3418 720 cu-

1855 749 2114 814 ravimus,
2164 758 2432 818 quatenus
2468 766 2530 806 ca
2567 752 2822 819 przedieto
2858 752 2966 820 regi
3023 753 3316 818 insinuare,
3361 761 3416 808 et

1851 839 2211 905 exhortando,
2267 847 2320 892 et
2356 839 2618 908 rogando,
2654 841 2934 910 modisque
2968 843 3219 896 onmibus
3243 844 3415 898 incul-

1853 941 1976 979 care
1999 925 2664 995 studeat,utetpr:efatam
2691 926 3155 995 Matisconensem,
3172 931 3415 1000 aliasque

1852 1013 2118 1069 Ecclesias
2166 1014 2425 1069 canonice
2490 1016 2750 1069 concedat
2801 1016 3057 1070 ordinari.
3111 1017 3228 1072 Tibi
3283 1036 3412 1089 ergo

1853 1106 2083 1158 maxime
2122 1105 2237 1158 hare
2271 1103 2471 1158 idcirco
2514 1104 2863 1173 injungimus,
2915 1107 3040 1175 quia
3072 1107 3410 1176 prudentiam

1853 1204 1998 1248 tuam
2038 1209 2284 1265 magnam
2330 1209 2468 1258 esse,
2504 1203 2557 1247 ct
2600 1195 2741 1262 regia
2793 1195 3153 1249 familiaritate
3191 1197 3266 1249 uti
3320 1213 3414 1253 c0-

1852 1284 2154 1354 gnovimus.
2191 1282 2244 1335 Si
2278 1299 2382 1352 qua
2409 1291 2586 1336 autem
2613 1299 2734 1351 qua:
2759 1284 2979 1336 dicenda
3017 1293 3173 1336 erant
3199 1300 3228 1336 a
3256 1273 3411 1339 nobis

1852 1374 2206 1449 praztermissa
2230 1383 2375 1436 sunt,
2402 1372 2516 1426 hrec
2556 1372 2754 1441 ingenii
2788 1374 2865 1426 tui
2895 1389 3118 1428 acumen
3148 1374 3410 1442 injungat.

1852 1465 2034 1537 Itaque
2082 1466 2134 1518 in
2170 1454 2277 1518 hac
2301 1463 2676 1534 persecutione
2716 1463 2922 1528 labora,
2955 1472 3014 1517 ut
3057 1473 3111 1516 et
3169 1462 3260 1515 Dei
3291 1479 3413 1532 gra—

1855 1555 2003 1619 tiam,
2028 1564 2082 1608 et
2109 1565 2346 1607 nostram
2382 1552 2804 1607 benevolentiam
2838 1553 3213 1623 promerearis.

1921 1644 2050 1700 Data
2076 1644 2288 1718 Piperni
2319 1660 2355 1697 ιι
2379 1641 2560 1697 Nonas
2603 1642 2933 1710 Decembris,
2965 1643 3254 1700 indictione
3280 1642 3416 1696 duo-

1850 1734 2074 1788 decima.

2339 1883 2672 1938 EPISTOLA
2703 1882 2943 1937 XXXVI.

2049 2011 2115 2050 AD
2146 2009 2471 2049 ιιωιυεῑιτωι
2502 2008 2876 2060 ιυῡυιςκεκδειί
2904 2007 3208 2048 εριδεοιιιίι.

2437 2101 2617 2173 (Anno
2646 2101 2826 2171 1075.)

1855 2217 2074 2272 Μαινάσι
2100 2223 2156 2268 ut
2200 2215 2263 2268 ab
2297 2215 2408 2284 ipso
2434 2212 2511 2266 vel
2537 2195 2656 2280 ejus
2690 2212 3038 2284 sit/fraganeis
3082 2210 3273 2284 electus
3300 2207 3417 2262 Ma-

1925 2286 2227 2339 tisconensis
2249 2280 2407 2337 etiam
2425 2293 2605 2350 contra
2627 2283 2762 2350 regis
2789 2280 3102 2332 voluntatem
3125 2280 3415 2342 ordinetur,

1922 2365 1990 2419 et,
2028 2356 2073 2407 si
2104 2353 2329 2406 reuuerit
2364 2348 2622 2415 ordinari,
2660 2348 2894 2419 cogatur.

1921 2484 2226 2541 Caesonius
2257 2483 2562 2551 episcopus,
2603 2495 2792 2537 servus
2815 2495 3096 2534 servorum
3127 2477 3242 2542 Dei,
3270 2477 3417 2532 licu-

1852 2595 2024 2638 uenro
2049 2575 2394 2645 Lugdunensi
2420 2571 2826 2641 archiepiscopo
2849 2573 3076 2626 salutem
3102 2578 3157 2624 et
3198 2580 3416 2639 aposto-

1856 2671 2013 2724 licam
2051 2667 2500 2724 benedictionem.

1922 2782 2140 2836 Clamor
2184 2777 2659 2832 Matisconcnsium
2713 2775 3032 2829 clericorum
3078 2772 3319 2842 pervenit
3350 2772 3417 2824 ad

1854 2887 1976 2935 nos,
2002 2868 2298 2924 Ecclesiam
2342 2881 2518 2930 suam,
2545 2865 2656 2933 jam
2694 2865 2866 2917 multo
2913 2873 3152 2931 tempore
3201 2872 3418 2930 pastore

1855 2961 2148 3024 viduatam,
2211 2957 2594 3011 detrimentum
2650 2970 2756 3008 non
2809 2955 3081 3007 modicum
3127 2956 3413 3007 sustinere.

1857 3049 2052 3102 Dicunt
2093 3046 2235 3100 enim
2283 3061 2470 3115 regum
2519 3045 2849 3097 Francorum
2888 3045 3201 3097 electionem
3239 3043 3418 3114 Morte,
3487 3092 3496 3098 .

1858 3139 1996 3210 sine]
2037 3154 2137 3194 suo
2177 3153 2445 3192 consensu
2497 3136 2692 3190 factam
2724 3137 2857 3190 velle
2905 3136 3180 3204 impedire.
3245 3134 3416 3200 Unde,

1784 3221 1825 3274 C
1857 3229 1982 3297 quia
2007 3227 2118 3296 ipse
2152 3227 2208 3308 in
2241 3225 2492 3294 praesenti
2537 3240 2680 3277 anno
2722 3240 2818 3292 per
2864 3226 3150 3292 quemdam
3195 3225 3417 3277 militem

1858 3336 2037 3384 suum,
2093 3318 2312 3372 nomine
2363 3316 2641 3370 Albertum
2677 3313 2850 3383 [fort.,
2883 3315 3216 3378 Albericum,
3265 3323 3320 3366 ut
3364 3316 3418 3367 iu

1857 3410 2121 3478 superiore
2153 3406 2394 3475 epistola,
2429 3413 2477 3458 et
2512 3405 2588 3457 sic
2614 3407 2666 3456 in
2699 3401 2949 3474 Malim],
2985 3403 3283 3457 Romanam
3324 3421 3419 3458 ve-

1858 3501 2118 3564 nientem,
2176 3514 2233 3553 se
2269 3495 2498 3550 consilio
2547 3504 2734 3550 nostro
2799 3496 3020 3548 omnino
3079 3496 3420 3563 acquiescere

1860 3591 2144 3660 promisit;
2191 3587 2496 3643 studuimus
2533 3585 2792 3640 confratri
2817 3594 3004 3638 nostro
3045 3584 3263 3656 Rodino‘
3288 3571 3421 3652 [Ro-

1859 3678 2036 3748 cleno]
2066 3676 2412 3730 Cabilonensi
2457 3673 2714 3741 episcopo
2753 3680 2970 3725 nostras
3010 3670 3240 3738 dirigere
3279 3669 3421 3722 litte-

1860 3782 1969 3828 ras,
2020 3772 2080 3817 ut
2130 3764 2265 3831 ipse,
2312 3759 2756 3816 nostra‘functus
2810 3758 3096 3828 legatione,
3133 3756 3420 3828 praefatum

1861 3868 2039 3922 regem
2067 3851 2372 3914 conveniat,
2428 3857 2696 3919 quatenus
2739 3847 2854 3917 ipse
2893 3848 3085 3900 oblatae
3119 3847 3275 3899 nobis
3309 3861 3422 3900 me-

1861 3958 1982 3995 mor
2011 3939 2390 4010 promissionis
2416 3954 2548 4002 suze,
2585 3936 2904 3991 electionem
2945 3934 3420 3990 Matisconensium

1862 4047 1969 4085 non
1985 4033 2156 4086 solum
2177 4045 2282 4083 non
2304 4028 2576 4098 impediat,
2606 4027 2699 4082 sed
2725 4042 2850 4080 eum
2876 4040 3037 4094 quem
3057 4025 3213 4077 debet
3235 4037 3420 4076 assen-

1862 4137 1980 4175 sum
2005 4121 2257 4190 prmbeat.
2285 4118 2389 4184 Qui
2413 4117 2481 4181 si,
2506 4117 2560 4169 in
2593 4115 2794 4168 duritia
2822 4129 2919 4168 sua
2941 4127 3282 4181 permanens,
3313 4126 3410 4164 nc-

1861 4211 1966 4280 que
1988 4208 2295 4263 necessitati
2319 4207 2481 4274 hujus
2498 4203 2748 4259 Ecclesiae
2762 4204 3017 4272 compati,
3035 4217 3206 4272 neque
3226 4203 3422 4256 exhor-

1863 4299 2051 4353 tationi
2086 4304 2284 4349 nostrae
2306 4309 2494 4363 parere
2521 4295 2749 4347 voluerit
2777 4312 2790 4358 ;
2837 4293 3178 4363 prmcipimus
3205 4303 3422 4361 aposto—

1862 4387 1962 4439 lica
2002 4385 2321 4439 auctoritate
2367 4389 2426 4437 ut
2457 4383 2768 4437 fraternitas
2811 4393 2901 4436 tua
2940 4395 3114 4451 neque
3157 4396 3256 4449 pro
3297 4381 3422 4434 odio

1863 4489 2035 4542 neque
2062 4473 2232 4542 gratia
2277 4472 2505 4540 alicujus
2544 4471 2781 4524 dimittat
2826 4469 2957 4538 quin
2997 4463 3226 4524 electum
3255 4467 3323 4521 ab
3345 4468 3424 4524 eis

1864 4563 2406 4632 Augustodunensem
2448 4560 2774 4614 Landricum
2829 4557 3266 4611 archidiaconum
3311 4557 3426 4624 epi-

1865 4674 2088 4727 scopum
2123 4673 2218 4712 seu
2241 4672 2337 4726 per
2365 4663 2418 4726 te
2451 4669 2546 4708 seu
2593 4669 2688 4722 per
2723 4651 3091 4720 sun‘ragancos
3131 4659 3254 4701 tuos
3279 4648 3424 4699 ordi-
3465 4709 3485 4718 __

1865 4767 1996 4804 nare
2020 4751 2250 4813 studeat,
2273 4749 2318 4801 si
2344 4757 2522 4802 tamen
2550 4745 2847 4799 auctoritas
2868 4748 3176 4796 sanctorum
3202 4737 3423 4790 Patrum

1865 4840 2125 4909 probatur
2154 4837 2255 4892 sibi
2280 4852 2387 4890 non
2411 4834 2646 4888 obviare.
2684 4831 2739 4883 Si
2782 4843 2909 4880 vero
2955 4827 3069 4895 ipse
3109 4827 3252 4879 hunc
3278 4828 3425 4880 ordi-

1867 4946 1990 4988 nem
2013 4918 2285 4998 suscipere
2312 4925 2569 4986 renuerit,
2592 4930 2648 4999 et
2683 4918 3023 4972 inflexibilem
3068 4933 3125 4972 se
3159 4919 3424 4971 exhibue-

1870 5018 1958 5082 rit,
1981 5017 2232 5069 volumus
2257 5023 2314 5066 ut
2346 5027 2470 5067 cum
2500 5010 2754 5079 episcopo
2799 5023 2900 5061 suo
2930 5008 3037 5060 vim
3064 5007 3167 5060 sibi
3203 5006 3423 5071 inferas,

1867 5119 2097 5174 eumque
2121 5105 2187 5157 ad
2229 5101 2592 5170 recipiendum
2633 5100 2991 5168 episcopalem
3027 5097 3270 5150 ordinem
3294 5095 3426 5162 vigi-

1867 5194 1999 5250 lanti
2023 5193 2200 5248 studio
2222 5200 2384 5260 atque
2405 5191 2662 5260 pastorali
2689 5190 2864 5258 rigore
2884 5186 3242 5254 constringas.
3271 5182 3426 5245 Quod

1870 5285 1914 5340 si
1951 5283 2260 5338 fraternitas
2313 5293 2403 5336 tua
2459 5282 2511 5334 in
2573 5282 2674 5334 hac
2729 5295 2894 5333 causa
2939 5277 3212 5344 negligens
3241 5271 3421 5332 fuerit,

1871 5373 2056 5442 procul
2088 5372 2252 5426 dubio
2273 5379 2330 5425 tu
2364 5378 2571 5424 motum
2594 5367 2901 5436 apOstolieae
2921 5363 3063 5418 sedis
3087 5361 3349 5420 iucurres,
3372 5367 3428 5409 et

1874 5462 2005 5531 ipse,
2051 5460 2098 5515 si
2129 5461 2194 5513 ad
2234 5473 2335 5512 nos
2366 5456 2594 5520 venerit,
2643 5453 2752 5508 Deo
2774 5449 3160 5511 consentiente,
3205 5459 3234 5497 a
3271 5444 3434 5503 nobis

1874 5551 2226 5621 ordinabitur.

1944 5658 2074 5710 Data
2127 5655 2340 5724 Pipcrni
2407 5671 2446 5707 tl
2509 5651 2690 5706 Nonas
2754 5647 3058 5702 Decembris
3087 5684 3102 5711 ,

1880 5763 1944 5799 nc
1971 5761 2061 5798 XII.

3180 5635 3448 5696 indictiu~
