4098 6410
697 512 802 570 31⁸)

1173 623 1503 679 ΕΡΙΒΤΟΙΛ
1529 623 1787 677 XXXVII.

1087 750 1152 788 AD
1185 749 1497 789 Αιωωειωι
1526 748 1858 788 εωιιτιδδη.

1280 848 1459 916 (Anno
1491 845 1673 913 t075.)
1766 830 1767 833 ‘

707 936 838 1005 Ejus
863 934 1158 1005 religionun
1192 939 1529 1007 acpietatcm
1564 953 1686 1007 erga
1709 953 1860 989 sacra
1892 937 2006 988 loca
2037 950 2257 988 commc-

778 1017 964 1069 morat,
987 1016 1036 1059 et
1075 1007 1143 1058 ad
1174 1006 1389 1061 meliora
1433 1006 1633 1075 semper
1654 1008 1947 1076 peragenda
1996 1007 2253 1059 hortatur.

775 1076 1010 1128 Duorum
1049 1078 1480 1131 monasteriorum
1514 1078 1885 1146 prolationum
1926 1078 1972 1129 ei
2001 1090 2257 1133 comment-

774 1147 889 1202 dat.

777 1253 1078 1309 Caesonius
1099 1254 1405 1325 cpiscopus,
1429 1270 1618 1310 servus
1654 1270 1929 1309 servorum
1956 1255 2067 1321 Dei,
2101 1258 2260 1309 Auu-

702 1358 867 1406 usu:
898 1342 1227 1415 [Annum]
1257 1342 1549 1398 contitissa:
1582 1332 1809 1398 salutem
1838 1354 1891 1398 et
1911 1345 2269 1415 apostolicam,

704 1432 1155 1487 benedictionem.

772 1522 1091 1593 Quanquam
1124 1522 1368 1576 noverim
1403 1530 1455 1577 te
1492 1524 1663 1578 sacris
1694 1523 1827 1578 locis
1874 1533 1927 1578 et
1957 1535 2145 1578 eorum
2181 1538 2265 1577 rc-

703 1612 909 1681 ligiosis
941 1612 1337 1668 habitatoribus
1387 1623 1685 1683 spontanea
1722 1615 1996 1669 voluntate
2044 1623 2096 1669 tc
2126 1614 2267 1668 ferre

702 1703 1027 1768 subsidium,
1062 1703 1339 1758 exhortari
1368 1712 1418 1757 te
1461 1710 1645 1760 tamen
1662 1714 1715 1757 et
1749 1705 2039 1758 admonere
2082 1705 2267 1760 curavi

706 1800 765 1849 ut
810 1792 880 1845 in-
924 1791 1103 1862 majus
1146 1793 1442 1861 meliusque
1476 1788 1787 1860 excreseas;
1832 1805 1883 1849 et
1934 1796 2078 1866 quod
2129 1796 2271 1849 ultro

1331 512 1385 566 s.
1429 500 1751 567 curacum!
1793 509 1880 562 vn
1917 507 2116 562 eam:
2151 504 2431 561 OPlillL'Sl
2468 505 2645 561 esus
2682 506 2720 561 ι.
2758 538 2828 548 -
2864 503 3280 565 MICISTRL’M.

3821 506 3925 561 520

2287 624 2328 677 Α
2357 620 2557 689 gularis
2590 630 2642 673 et
2675 623 2884 692 egregia
2916 623 3016 676 l'uit
3059 623 3312 677 adstricta
3363 619 3618 675 charitas.
3650 618 3823 688 Cujus
3850 622 3943 673 rei

2357 713 2515 767 iidem
2545 722 2599 767 et
2638 712 2894 768 indicium
2937 729 3001 767 ex
3037 712 3405 767 benevolentia
3445 711 3649 765 domini
3694 720 3749 764 et
3775 720 3925 763 ante—

2358 800 2591 855 cesseris
2613 802 2783 855 nostri
2831 802 3118 856 Alexandri
3144 816 3311 871 .papte
3341 800 3472 855 satis
3501 800 3805 869 percepisse
3831 815 3925 868 p0-

2360 900 2459 956 tes,
2490 891 2955 961 quipctitiouibns
3006 894 3113 947 tuis
3139 908 3245 945 non
3288 906 3549 960 unquam,
3586 890 3703 944 sine
3748 906 3849 944 sua
3876 899 3930 943 et

2359 982 2590 1036 ﬁliorum
2639 994 2839 1037 sancta:
2886 982 3431 1055 Romanzei'leclcsite
3461 980 3825 1036 sollicitudine
3878 990 3930 1033 et

2360 1071 2542 1125 labore
2563 1071 2965 1136 eondesccndit,
2996 1078 3051 1125 et
3089 1071 3155 1125 ad
3199 1071 3412 1141 signum
3450 1069 3652 1123 intimze
3681 1066 3931 1120 dilectio«

2362 1156 2467 1223 nis,
2492 1161 2636 1230 quod
2669 1160 2819 1215 laica)
2863 1176 3111 1230 personae
3146 1161 3309 1213 tribui
3358 1175 3464 1213 non
3494 1157 3797 1222 consuevit,
3833 1155 3933 1208 mi-

2363 1261 2500 1305 tram
2534 1269 2694 1321 quam
2721 1253 3001 1329 postulasti
3025 1252 3240 1306 direxit.
3268 1250 3451 1321 Neque
3474 1267 3601 1305 vero
3626 1266 3726 1304 nos
3752 1249 3807 1302 in
3838 1264 3936 1300 no-

2363 1343 2491 1397 stris
2527 1329 3064 1412 tetuporihuqétantm
3112 1343 3416 1397 dilectionis
3458 1342 3705 1412 gratiam,
3754 1338 3937 1410 provi-

2362 1433 2522 1487 dente
2548 1432 2676 1496 Deo,
2715 1428 3025 1486 labefactari
3061 1434 3311 1488 volumus
3339 1452 3351 1487 :
3391 1432 3500 1487 imo
3534 1432 3579 1486 si
3613 1431 3745 1500 quid
3774 1428 3934 1484 estin

2365 1538 2494 1591 quo,
2522 1522 2815 1583 comitante
2836 1523 3069 1591 justitia,
3098 1524 3307 1577 firmius
3335 1522 3693 1594 conglutinari
3737 1521 3937 1583 valeat,

2368 1613 2469 1666 hoc
2501 1622 2684 1665 nostra
2731 1614 2871 1681 apud
2919 1612 3088 1667 Deum
3123 1613 3428 1667 sollicitudo
3462 1614 3753 1681 impetrare
3785 1609 3940 1663 valde

2368 1701 2652 1757 desiderat.
2697 1702 2761 1755 At
2785 1710 2834 1755 te
2858 1702 3074 1770 quidem
3105 1718 3231 1771 erga
3279 1700 3630 1770 apostolicam
3683 1712 3938 1753 reveren-

2372 1796 2520 1859 tiam,
2544 1810 2706 1864 quam
2732 1795 2806 1848 sis
2832 1794 2883 1847 in
2906 1795 3045 1848 votis
3067 1804 3345 1858 constans,
3385 1807 3547 1863 quam
3572 1792 3623 1844 in
3654 1789 3942 1860 promissis

700 1880 880 1935 facere
910 1882 1206 1949 consuesti,
1244 1892 1433 1937 nostro
1466 1894 1731 1952 przecepto
1755 1895 1808 1939 et
1833 1886 1971 1939 beati
2003 1885 2148 1939 Petri
2174 1901 2271 1940 au-
2371 1902 2743 1955 perseverans,
2772 1901 2878 1939 non
2912 1886 3072 1939 modo
3103 1902 3201 1955 pro
3238 1886 3519 1956 dignitate,
3559 1900 3748 1939 verum
3777 1883 3942 1938 etiam

698 1972 956 2027 ctoritate
991 1972 1103 2041 jam
1146 1973 1446 2027 studiosius
1483 1975 1823 2045 exsequaris.
1867 1976 1946 2028 Ad
2000 1976 2103 2030 hoc
2127 1976 2271 2029 enim
2307 1947 2357 2003 Β»
2372 1996 2471 2049 pro
2494 1980 2665 2035 salute
2691 1990 2781 2033 tua
2806 1979 3031 2033 tideliter
3066 1988 3278 2049 oportet
3297 1947 3637 2034 vattendere:
3676 1977 3944 2047 scriptum

699 2063 795 2117 tibi
829 2078 859 2117 a
885 2062 1117 2117 Domino
1140 2072 1195 2117 et
1218 2063 1443 2121 honoris
1465 2063 1698 2133 dignitas
1725 2075 1781 2118 et
1801 2065 2050 2133 potentia:
2084 2065 2274 2134 ampli-

702 2152 833 2207 tudo
883 2166 1142 2209 concessa
1185 2162 1288 2218 est,
1328 2152 1471 2207 utin
1517 2169 1617 2209 suo
1662 2170 1995 2225 suorumque
2056 2156 2274 2210 servitio

699 2244 1059 2313 expendatur,
1091 2253 1147 2297 ot
1189 2252 1269 2307 tn,
1292 2245 1373 2297 eis
1418 2245 1655 2299 carnalia
1700 2255 1790 2298 tua
1824 2246 2051 2299 libenter
2076 2246 2276 2315 impar-

705 2335 866 2397 tiens.
890 2334 957 2388 de
986 2334 1357 2404 spiritualibtts
1402 2349 1590 2390 eorum
1618 2337 1960 2406 participium
1992 2339 2269 2392 merearis.

704 2422 1071 2488 Quamobrem
1101 2438 1246 2479 cura:
1289 2433 1396 2478 tute
1429 2433 1481 2479 et
1525 2424 1827 2480 defensioni
1861 2425 2277 2484 Fruetnariense

704 2515 1014 2571 emnobium
1048 2523 1103 2569 et
1123 2514 1365 2583 ejusdem
1400 2517 1835 2585 congregationis
1867 2516 2059 2573 fratres
2102 2528 2276 2573 atten-

706 2605 817 2659 tius
839 2603 1305 2667 commendamus,
1354 2612 1411 2657 ut
1446 2602 1525 2656 eis
1550 2612 1604 2657 et
1634 2618 1791 2672 opem
1828 2606 2037 2659 consilii
2066 2615 2120 2660 et
2141 2621 2275 2676 prte-

707 2694 830 2748 sidii
883 2693 1285 2748 ﬁrmamentum
1322 2704 1511 2747 contra
1546 2692 1730 2748 omnia
1762 2692 2131 2756 infestantium
2155 2711 2275 2765 gra—

706 2783 925 2835 vamina
988 2782 1298 2855 impendere
1366 2782 1661 2847 studeatis,
1716 2791 1776 2836 ut
1848 2791 1901 2837 et
1954 2799 2052 2854 pro
2104 2785 2276 2837 salute

708 2872 904 2927 annua:
956 2882 1061 2927 tute
1102 2874 1379 2929 orationes
1413 2890 1600 2928 eorum
1646 2874 1786 2944 apud
1830 2874 1999 2929 Deum
2046 2875 2273 2931 fructifi-

707 2972 853 3017 eent.
879 2962 1000 3017 Pari
1031 2979 1249 3034 quoque
1304 2965 1464 3019 modo
1502 2966 1713 3021 Clusini
1755 2968 2071 3023 monasterii
2111 2969 2277 3024 abba-

710 3066 837 3121 tem,
864 3064 918 3110 et
953 3056 1123 3125 ipsius
1166 3057 1397 3112 emnohii
1450 3074 1536 3114 res
1578 3058 1866 3128 vigilantia:
1910 3068 2015 3116 tua:
2047 3062 2275 3115 tuendas

709 3164 772 3202 ac
809 3149 1164 3217 protegendas
1194 3149 1603 3215 committimus,
1644 3166 1805 3218 quem
1856 3151 1958 3205 sub
1990 3153 2139 3221 gravi
2182 3154 2277 3206 tria

708 3236 1049 3293 bulationum
1087 3237 1230 3293 fasce
1272 3238 1517 3294 laborare
1565 3241 1888 3297 audivimus.
1926 3226 2107 3315 Neque
2158 3253 2209 3297 te
2243 3258 2275 3297 a

709 3329 866 3383 bona:
913 3330 1226 3384 intentionis
1276 3330 1487 3399 incepto
1547 3333 1777 3402 alicujus
1820 3334 1989 3403 gratia
2020 3344 2114 3389 aut
2138 3350 2276 3404 prte—

681 3469 687 3476 ,
711 3421 880 3472 mitttu
898 3419 1145 3473 delhtctat
1168 3438 1180 3471 :
1199 3419 1326 3488 quia
1348 3422 1434 3490 qni
1456 3425 1851 3490 perseveraverit
1875 3440 2037 3494 usque
2054 3425 2109 3476 in
2122 3425 2280 3493 ﬁnem

710 3512 796 3563 hic
817 3509 991 3564 salrns
1021 3512 1122 3565 erit
1148 3511 1362 3581 (.llattlt.
1400 3512 1475 3577 χ).
1515 3512 1637 3571 llaec
1657 3515 1774 3580 tibi,
1804 3515 2277 3583 liliacharissima,

713 3604 907 3671 paucis
929 3603 1201 3659 inculcare
1222 3614 1276 3658 et
1315 3606 1592 3676 iujuugere
1628 3607 1941 3673 statuimus,
1974 3615 2034 3661 ut
2057 3608 2124 3662 ad
2151 3607 2279 3662 boni

712 3694 897 3763 operis
930 3695 1332 3750 exsecutionem
1378 3706 1429 3750 te
1473 3699 1858 3766 promptiorem
1910 3698 2277 3761 redderemus,

711 3793 787 3848 et,
834 3792 896 3839 ut
944 3785 1167 3851 dicitur,
1218 3796 1524 3842 currentem
1578 3789 1966 3845 iueitaremus:
2010 3799 2282 3860 quatenus

712 3864 825 3931 Deo
856 3877 1072 3941 devota,
1100 3886 1156 3932 et
1178 3878 1340 3933 bonis
1376 3879 1607 3943 actibus,
1643 3889 1696 3931 et
1734 3877 1827 3933 Dei
1852 3895 2132 3934 servorum
2156 3894 2281 3951 pro-

712 3966 938 4021 tectioni
962 3967 1270 4037 invigilans,
1315 3968 1460 4025 illam
1505 3970 1869 4040 promittentis
1895 3968 2109 4025 Domini
2139 3985 2282 4027 mer-

713 4058 900 4112 cedem
929 4058 1113 4113 valeas
1132 4059 1358 4128 adipisci
1382 4079 1395 4113 :
1425 4058 1529 4124 Qui
1564 4062 1745 4130 recipit
1774 4062 2081 4131 prophetam
2101 4065 2157 4117 in
2189 4080 2283 4121 no-

716 4149 853 4201 mine
877 4148 1163 4217 propheta,
1210 4148 1492 4201 mercedem
1524 4150 1786 4218 propheta:
1825 4151 2081 4220 accipiet:
2111 4161 2159 4204 et
2194 4153 2283 4222 qui

716 4238 901 4308 recipit
925 4239 1135 4307 justum
1166 4241 1221 4299 in
1254 4241 1460 4297 nomine
1486 4240 1643 4311 justi,
1682 4243 1965 4297 mercedem
1987 4244 2124 4313 justi
2149 4244 2285 4297 acci-

714 4333 820 4399 piet
843 4329 1117 4401 (Ibidem).

717 4427 722 4432 '
786 4422 918 4479 Data
955 4425 1124 4482 Secia:
1154 4427 1387 4500 septimo
1420 4426 1547 4487 ldus
1596 4427 1929 4497 Decembris,
1985 4429 2282 4489 indictione

714 4516 1052 4579 duodecima.

1171 4609 1507 4667 EPISTOLA
1538 4608 1826 4672 XXXVI".

1026 4716 1092 4756 AD
1119 4718 1469 4759 WRATISLAL'I
1507 4720 1679 4759 DCCC!
1704 4720 1973 4760 BOBEIIZ.

1304 4795 1483 4861 (Anno
1512 4796 1693 4865 1073.)

716 4881 1061 4953 Commendat
1086 4882 1200 4953 ejus
1225 4882 1280 4935 in
1307 4885 1649 4952 apostolicam
1674 4886 1844 4939 sedem
1875 4886 2277 4941 observantiam.

791 4951 1083 5023 Conﬁrmat
1110 4951 1187 5007 *ω
1240 4970 1357 5023 ante
1390 4953 1741 5023 prrrdecessor
1789 4956 2087 5010 Alexander
2128 4954 2192 5011 II
2232 4959 2281 5012 ei

787 5022 997 5075 honoris
1018 5026 1192 5091 gratia
1218 5022 1491 5078 tribuerat.
1537 5023 1798 5077 Hortatur
1821 5025 1890 5078 ad
1907 5027 2281 5093 promissorum

784 5094 1155 5166 constantiam.
1193 5093 1481 5148 Pollicctnr
1510 5096 1564 5148 in
1600 5095 1747 5148 illius
1776 5096 1976 5149 ditione
2009 5112 2127 5166 quae
2150 5116 2181 5151 a
2203 5097 2279 5153 le-

783 5166 920 5233 gatis
945 5164 1155 5232 deﬁniri
1180 5180 1281 5216 non
1306 5176 1567 5233 poterunt,
1596 5183 1649 5220 se
1674 5164 2034 5236 tle/initurum.

789 5254 1094 5309 Gnucontus
1122 5254 1429 5325 episcopus,
1457 5270 1647 5311 servus
1669 5272 1950 5311 servorum
1981 5254 2097 5323 Dei,
2123 5255 2283 5311 Wu-

720 5360 909 5401 'I’ISI..\0
931 5343 1055 5399 duci
1086 5344 1376 5413 Bohcmize,
1405 5344 1635 5401 salutem
1665 5355 1720 5400 et
1741 5347 2093 5416 apostolicam
2118 5346 2282 5402 bene-

718 5440 1029 5494 dictionem.

788 5529 973 5600 Longa
990 5530 1103 5601 jam
1130 5531 1388 5601 temporis
1435 5532 1713 5587 intervalla
1747 5538 2020 5587 transacta
2056 5539 2185 5586 sunt
2211 5547 2279 5587 ex

720 5636 831 5691 quo
860 5628 916 5675 et
937 5623 1189 5679 nobilitas
1212 5630 1301 5677 tua
1330 5623 1485 5677 beato
1520 5622 1679 5677 Petro
1725 5622 2094 5694 apostolorum
2127 5622 2276 5691 prin-

721 5711 827 5780 cipi
874 5727 981 5766 non
1024 5715 1250 5769 modica:
1273 5712 1575 5769 devotionis
1624 5714 1864 5767 animum
1910 5711 2199 5783 spopondit
2226 5720 2281 5765 et

724 5802 985 5863 studium.
1026 5812 1080 5857 et
1110 5803 1205 5857 tibi
1256 5804 1310 5857 in
1346 5804 1638 5872 apostolica
1692 5803 1817 5859 sede
1866 5804 2006 5857 inter
2054 5812 2279 5858 cieteros

726 5893 1163 5964 pr'ueipeslarpa
1206 5893 1526 5963 benignitas,
1579 5912 1687 5965 pne
1724 5894 1906 5950 multis
1951 5895 2111 5949 etiam
2168 5892 2277 5949 sin-

2372 2080 2454 2125 est
2481 2071 2624 2123 enim
2652 2089 2663 2123 :
2715 2070 2917 2135 l’orete,
2943 2080 2992 2124 et
3019 2070 3217 2125 reddite
3256 2069 3427 2139 (Psal.
3466 2068 3647 2136 ωηεν).
3673 2066 3811 2132 Quae
3845 2081 3945 2120 au-

2374 2170 2481 2214 tem
2508 2161 2595 2213 illa
2631 2160 2711 2213 vel
2744 2160 2925 2228 qualia
2962 2160 3091 2225 sint,
3122 2176 3152 2215 a
3178 2160 3255 2215 tui
3293 2162 3464 2231 ipsius
3486 2156 3826 2215 conscientia
3856 2171 3946 2211 sa-

2375 2252 2443 2306 tis
2480 2260 2530 2305 te
2561 2251 2958 2305 commonitum
3005 2266 3125 2305 esse
3167 2260 3441 2320 putamus.
3494 2251 3701 2305 Causas
3734 2262 3869 2302 vero
3897 2254 3961 2303 et

2374 2339 2629 2408 negotia,
2685 2354 2849 2407 quae,
2917 2338 2971 2391 in
3041 2340 3287 2408 partibus
3335 2338 3443 2392 illis
3496 2338 3562 2392 ad
3614 2336 3947 2391 audientiam

2373 2428 2880 2498 diseussionemqnc
2909 2428 3209 2498 legatorum
3235 2439 3546 2484 nostrorum
3575 2428 3805 2498 perlata,
3830 2439 3949 2495 pec-

2373 2521 2509 2576 catis
2531 2520 2967 2588 impedientibus,
2994 2535 3233 2588 congrua
3258 2519 3704 2573 determinatione
3728 2515 3965 2575 difﬁniri.

2374 2626 2482 2665 non
2531 2618 2797 2680 poterant,
2842 2608 2983 2663 sicut
3033 2609 3194 2665 ollicii
3228 2609 3400 2663 nostri
3422 2624 3554 2662 cura
3606 2605 3827 2661 nemine
3851 2621 3967 2665 nos.

2374 2710 2600 2772 rogante
2625 2700 2919 2769 compellit,
2948 2699 3014 2753 ad
3046 2714 3171 2753 eum
3198 2714 3361 2768 quem
3381 2698 3594 2768 justitia
3634 2697 3947 2767 postulave-

2374 2791 2447 2844 rit
2470 2790 2653 2855 tinem,
2686 2790 2974 2859 adjuvante
3014 2788 3267 2855 Domino,
3303 2788 3595 2858 perducere
3635 2786 3929 2857 procurabi

2375 2894 2517 2933 mus.
2546 2877 2715 2934 Porro
2747 2894 2868 2947 qua:
2892 2879 2991 2946 ipsi
3025 2879 3149 2932 inde
3177 2887 3503 2942 statuerunt,
3530 2876 3751 2931 interim
3775 2877 3947 2931 donec

2375 2969 2442 3023 ad
2478 2984 2580 3023 nos
2602 2969 2815 3039 negotia
2860 2967 3219 3038 perferantur,
3253 2969 3478 3023 immota
3525 2983 3748 3022 manere
3792 2968 3945 3021 volu-

2374 3075 2519 3125 mus,
2543 3067 2706 3129 atqne
2730 3059 3026 3129 apostolica
3060 3060 3383 3114 auctoritate
3412 3058 3781 3128 praecipimus.
3810 3055 3947 3111 Deus

2375 3158 2556 3205 autem
2589 3150 2952 3218 omnipotens,
2980 3151 3072 3219 qui
3117 3150 3383 3204 bonorum
3420 3150 3664 3204 omnium
3706 3145 3868 3203 dator
3898 3159 3952 3203 et

2301 3276 2343 3335 ε
2374 3248 2564 3295 auctor
2586 3248 2689 3305 est,
2720 3239 2879 3294 talem
2902 3254 2999 3294 vos
3033 3238 3086 3293 in
3116 3238 3256 3293 votis
3278 3238 3473 3291 vestris
3500 3246 3554 3291 et
3581 3238 3796 3292 actibus
3833 3250 3948 3291 esse

2383 3330 2564 3397 faciat,
2596 3339 2655 3384 ut
2687 3346 2811 3386 cum
2853 3339 2979 3385 ante
3007 3331 3253 3385 cmlestes
3296 3329 3526 3400 judiees,
3576 3328 3829 3384 videlicet
3861 3325 3949 3382 Pe

2374 3420 2525 3475 trum
2558 3429 2614 3475 et
2637 3418 2887 3487 Paulum,
2917 3420 2973 3475 in
2999 3420 3185 3477 futuro
3213 3422 3463 3477 examine
3496 3422 3777 3487 veneritis,
3804 3422 3959 3481 nulla

2380 3526 2477 3568 vos
2500 3510 2553 3566 in
2583 3510 2799 3566 illorum
2822 3511 3016 3577 oculis,
3047 3511 3153 3567 nisi
3178 3528 3301 3582 quae
3330 3511 3769 3569 remuneratione
3789 3512 3947 3584 digna

2380 3603 2471 3669 sit,
2503 3603 2837 3659 conscientia
2862 3604 3120 3658 denotare
3140 3613 3195 3658 et
3218 3613 3492 3659 ostentare
3516 3606 3709 3661 valeat.

2454 3690 2588 3747 Data
2638 3691 2824 3750 Rom
2868 3708 2957 3748 xvt
3013 3692 3283 3753 Kalendas
3342 3691 3606 3762 Januarii,
3656 3694 3948 3756 indictione

2380 3784 2723 3840 duodecima.

2864 3857 3195 3949 EPlSTOLA
3220 3893 3459 3948 xxxrx.

2355 4025 2359 4029 ι
2454 4002 2518 4043 an
2554 3991 2867 4045 \t'OZELINL'I
2916 4001 3401 4046 nscasuuucesssn
3432 3999 3889 4043 suumrtscoetm

3036 4072 3106 4111 ετ
3130 4071 3300 4111 Αιιοε.

2963 4169 3144 4240 (Anno
3174 4168 3355 4240 1075.)

2384 4281 2636 4347 Qucritur
2658 4281 2849 4336 bellum
2874 4282 3011 4336 inter
3031 4299 3117 4337 eos
3140 4291 3189 4335 et
3213 4280 3500 4335 Henricum
3524 4296 3692 4351 regem
3712 4289 3949 4351 coortam.

2452 4353 2633 4421 fuisse.
2661 4352 2817 4407 lubet
2845 4369 2929 4406 eos
2961 4354 3026 4407 ab
3059 4354 3223 4407 armis
3253 4352 3521 4417 desistere,
3543 4350 3706 4413 donec
3741 4367 3837 4420 per
3869 4350 3940 4405 ic-

2451 4431 2599 4493 gatos
2633 4439 2754 4475 suos
2778 4440 2993 4476 causam
3017 4424 3359 4486 contentionis
3384 4430 3680 4493 cognoscat.

2450 4513 2758 4571 Gsscoatos
2778 4514 3095 4585 episcopus,
3111 4528 3303 4569 servus
3316 4529 3595 4569 servorum
3620 4512 3737 4579 Dei,
3750 4511 3944 4571 Won-

2312 4617 2357 4675 ι)
2380 4618 2503 4658 uso
2528 4602 2846 4677 [Vozuosr]
2875 4602 3320 4676 Magdeburgensi
3344 4601 3770 4673 archiepiscopo,
3805 4600 3942 4657 BC!-

2381 4710 2587 4750 cmuoo
2619 4692 3353 4766 Halberstadeusiepiscopo,
3379 4701 3433 4749 et
3455 4692 3660 4749 Larem
3690 4690 3941 4765 [Torozu]

2381 4787 2705 4853 marchioni,
2743 4787 3061 4857 ueterisque
3103 4787 3354 4843 Saxonis:
3402 4786 3769 4858 principibus,
3810 4786 3944 4842 salu-

2382 4872 2488 4933 tem
2510 4888 2565 4933 et
2591 4878 2942 4949 apostolicam
2965 4878 3420 4955 benedictionem.

2452 4966 2664 5034 Quauta
2694 4970 2949 5026 violentia
3002 4978 3313 5042 quantaque
3350 4968 3579 5027 fratrum
3621 4967 3942 5038 impulsione

2382 5064 2709 5120 universalis
2737 5056 3000 5123 Ecclesia}.
3012 5064 3197 5123 multis
3214 5064 3679 5134 perturbationum
3697 5062 3949 5118 ﬂuctibus

2381 5172 2681 5223 concussae,
2713 5166 2767 5213 et
2788 5170 2923 5227 pene
2962 5156 3125 5226 quasi
3160 5156 3395 5225 quodam
3432 5153 3715 5224 nautragio
3736 5154 3941 5225 peridi-

2382 5257 2526 5313 tatte,
2554 5263 2696 5302 onus
2737 5256 2793 5303 et
2822 5247 3061 5318 regimen
3098 5249 3373 5317 suscipere
3396 5264 3515 5304 sum
3557 5253 3801 5314 Coactus,
3851 5262 3937 5304 oc-

2381 5342 2585 5397 cultum
2608 5340 2762 5396 vobis
2785 5349 2840 5395 et
2862 5340 3164 5397 inauditum
3188 5355 3307 5395 esse
3330 5356 3437 5395 non
3457 5337 3746 5399 credimus.
3773 5337 3943 5395 Testis

2379 5434 2526 5488 enim
2556 5433 2689 5487 mihi
2723 5442 2809 5487 cst
2844 5431 3179 5489 conscientia
3225 5448 3343 5491 mea
3370 5444 3534 5501 quam
3577 5429 3839 5499 imparem
3860 5442 3940 5484 me

2381 5532 2533 5579 tanto
2564 5523 2789 5595 ponderi
2833 5521 3213 5593 judicaverim,
3245 5532 3300 5577 et
3338 5529 3541 5592 quanta
3584 5519 3941 5580 sollicitudine

2380 5632 2578 5672 nomen
2607 5614 3228 5686 apostolictn’dignitatis
3278 5613 3479 5669 evitare
3521 5609 3938 5680 concupiveris.

2382 5711 2485 5766 Sed
2508 5710 2767 5781 quoniam
2816 5708 2903 5762 via
2938 5708 3177 5762 hominis
3208 5722 3315 5761 non
3369 5706 3423 5758 in
3465 5720 3631 5758 manu
3678 5703 3820 5773 ejus,
3849 5698 3937 5757 sed

2382 5803 2528 5856 illius
2549 5812 2634 5856 est
2659 5799 3017 5870 dispositione
3043 5815 3071 5854 a
3105 5814 3214 5869 quo
3234 5812 3452 5867 gressus
3502 5794 3783 5850 hominum
3812 5788 3938 5847 diri-

2381 5904 2599 5965 gnutur,
2633 5890 2962 5961 impossibile
2988 5892 3118 5947 mihi
3151 5890 3247 5944 fuit
3272 5897 3457 5943 contra
3486 5886 3723 5943 divinam
3754 5881 3936 5937 volam
