4098 6384
183 404 267 457 521
1258 402 1460 461 LIBER
1489 402 1748 461 PRIMUS

1844 434 1875 445 -
1910 403 2125 461 EPIST.
2165 392 2323 464 χιιι.

3240 386 3501 486 ’δῆ’

183 525 339 569 tatem
367 523 633 584 concepta
661 525 783 569 vota
823 485 1127 571 defendere.
1175 516 1332 575 Unde
1356 519 1487 573 mihi
1525 519 1750 576 sollicite
1782 522 1824 577 Α
1849 534 1954 588 que
1978 518 2088 574 Deo
2134 522 2433 591 opitulante
2470 526 2882 598 religiosissima
2919 539 3386 597 consummatione

182 604 508 675 vigilandum
546 614 710 674 atque
746 602 1087 674 pensandum
1131 617 1216 663 est
1265 610 1495 679 qualiter
1542 625 1604 664 ea
1630 626 1751 680 quae

182 695 240 749 ad
269 692 577 763 profectum
601 694 982 750 ecclesiastica
1007 696 1288 766 religionis
1311 707 1367 753 et
1396 700 1625 754 salutem
1651 700 1753 754 Do-

178 786 365 841 minici
399 786 578 856 gregis
600 786 848 853 attinent,
875 786 1165 854 adjuvante
1199 786 1673 853 Deo,annuntiare
1697 801 1753 847 et

147 889 153 894 '
181 872 411 931 fideliter
436 875 817 930 administrare
848 876 1057 932 valeam
1086 894 1100 942 ;
1138 887 1363 947 urgente
1394 895 1479 933 me
1506 895 1615 948 pra:
1639 896 1751 935 om-

171 964 363 1030 nibus,
390 973 512 1019 tum
535 981 602 1020 eo
631 966 825 1020 timore
861 980 931 1020 ne
974 976 1238 1037 suscepta:
1264 984 1351 1023 me
1393 970 1535 1039 apud
1569 986 1754 1040 super-

181 1070 315 1108 num
372 1054 610 1123 iudicem
653 1055 974 1125 negligentia
1023 1057 1448 1126 dispensationis
1510 1070 1748 1127 accuset,

173 1154 295 1198 tum
331 1145 512 1199 debito
536 1156 722 1200 amore
742 1145 1113 1214 apostolorum
1146 1148 1427 1218 principis,
1452 1150 1545 1219 qui
1574 1165 1659 1204 me
1681 1151 1749 1205 ab

170 1231 406 1288 infantia
429 1249 546 1288 mea
572 1235 675 1289 sub
697 1235 798 1289 alis
830 1236 945 1291 suis
994 1237 1255 1307 singulari
1299 1241 1531 1312 quadam
1553 1241 1750 1310 pietate

181 1322 427 1388 nutrivit,
470 1331 524 1377 et
574 1324 629 1377 in
660 1324 866 1394 gremio
890 1339 1005 1379 sua:
1046 1327 1346 1383 clementia:
1370 1328 1520 1384 fovit.
1547 1328 1747 1385 Verum

172 1410 323 1465 inter
368 1422 594 1467 exteras
622 1428 880 1467 curarum
927 1415 1222 1472 anxietates
1272 1434 1334 1472 ea
1366 1434 1468 1472 nos
1514 1419 1747 1474 maxime

180 1500 486 1557 sollicitudo
517 1508 779 1568 coarctat,
810 1505 955 1577 quod
983 1504 1127 1573 inter
1147 1519 1243 1562 vos
1271 1517 1325 1561 et
1349 1507 1639 1563 Henrieum
1670 1525 1752 1564 re-

173 1602 319 1657 gem,
348 1600 593 1646 vestrum
640 1593 889 1647 videlicet
938 1592 1239 1661 dominum,
1297 1605 1501 1651 tantam
1546 1598 1751 1653 discor-

175 1677 319 1732 diam
350 1688 409 1733 et
435 1689 544 1733 tam
569 1680 790 1735 inimica
813 1683 989 1736 studia
1011 1692 1196 1738 exorta
1224 1699 1348 1740 esse
1369 1687 1744 1755 cognovimus,

173 1775 236 1819 ut
256 1768 454 1823 exinde
482 1770 652 1825 multa
676 1771 992 1839 homicidia,
1013 1772 1284 1839 incendia,
1319 1764 1745 1843 deprmdationes

172 1860 532 1915 ecclesiarum
566 1870 623 1916 et
673 1876 996 1931 pauperum,
1044 1878 1108 1918 ac
1165 1840 1527 1920 miserabilem
1558 1866 1747 1936 patriae
1783 1847 1820 1900 η
1846 1840 2006 1895 dm"

172 1950 485 2004 vastitatem
519 1950 633 2005 fieri
664 1952 966 2011 audiamus.
1020 1950 1137 2019 Qua
1179 1954 1246 2008 de
1280 1970 1339 2009 re
1364 1955 1476 2025 regi
1500 1955 1747 2011 misimus

169 2040 551 2107 exhortantes,
585 2050 640 2095 et
665 2057 731 2095 ex
757 2051 908 2111 parte
928 2044 1301 2111 apostolorum
1331 2044 1476 2099 Petri
1508 2054 1564 2099 et
1596 2045 1747 2101 Pauli

170 2143 301 2182 eum
324 2130 704 2196 admonentes,
739 2140 797 2184 ut
822 2131 1036 2186 interim
1077 2148 1196 2188 sese
1229 2134 1298 2189 ab
1325 2127 1496 2189 armis
1524 2145 1578 2190 et
1598 2139 1745 2191 omni

174 2217 445 2273 bellorum
466 2218 813 2275 infestatione
838 2223 1131 2288 contineat,
1163 2224 1336 2279 donec
1368 2225 1502 2280 tales
1526 2226 1593 2279 ad
1621 2241 1746 2280 eum

178 2310 246 2364 ab
282 2310 583 2379 apostolica
626 2313 754 2366 sede
813 2314 1034 2368 nuntios
1076 2314 1395 2384 dirigamus,
1442 2318 1748 2385 qui'tantae

178 2399 538 2457 dissensionis
600 2415 796 2459 causas
857 2412 914 2458 et
964 2404 1249 2475 diligenter
1309 2406 1620 2476 inquirere,
1695 2417 1749 2462 et

172 2499 454 2546 annuente
501 2491 611 2545 Deo
658 2492 726 2546 ad
757 2508 942 2562 pacem
973 2502 1027 2548 et
1054 2496 1401 2550 concordiam
1454 2484 1608 2566 aequa
1648 2513 1746 2552 va-

178 2581 325 2634 leant
352 2581 805 2637 determinatione
851 2585 1160 2652 perducere.
1217 2584 1395 2655 Atque
1442 2587 1627 2640 itidem
1650 2601 1747 2641 vos

178 2673 431 2724 exaratos
462 2679 517 2724 et
540 2673 839 2739 apostolica
869 2674 1192 2729 auctoritate
1233 2675 1594 2729 commonitos
1626 2690 1747 2730 esse

173 2757 432 2813 volumus
474 2768 534 2813 ut
573 2774 640 2814 ex
685 2770 864 2815 vestra
898 2772 1051 2832 parte
1084 2766 1234 2819 omni
1268 2766 1511 2819 motione
1549 2768 1743 2835 sepita,

177 2847 398 2903 usdem
429 2847 582 2917 pacis
611 2849 859 2905 inducias
891 2852 1207 2919 observetis,
1246 2868 1346 2909 nec
1386 2852 1565 2924 aliqua
1592 2850 1749 2910 ocea‘

172 2936 333 2991 sione
356 2938 517 2993 nobis
538 2955 663 2994 cum
686 2939 781 2993 Dei
813 2941 1081 3011 adjutorio
1106 2942 1447 2999 adstruendae
1470 2944 1621 3014 pacis
1653 2945 1749 2999 im-

176 3025 549 3092 pedimentum
583 3031 886 3098 apponatis.
936 3030 1072 3085 Cum
1096 3033 1294 3086 etenim
1335 3034 1416 3099 (ut
1457 3034 1627 3103 scitis)
1654 3050 1749 3089 no-

175 3116 261 3170 bis
281 3118 525 3183 mentiri,
552 3120 928 3188 sacrilegium;
960 3121 1210 3197 deserere
1226 3122 1518 3197 justitiam,
1549 3126 1744 3180 animae

174 3208 247 3262 sit
286 3206 673 3278 naufragium;
722 3209 992 3266 neminem
1021 3219 1260 3265 vestrum
1307 3206 1554 3283 dubitare
1592 3216 1746 3269 volu-

174 3312 302 3355 mus
335 3297 471 3367 quin
500 3314 663 3368 super
688 3299 789 3354 hac
815 3316 892 3366 re,
928 3301 1154 3356 veritate
1196 3302 1461 3369 discussa,
1485 3306 1745 3374 quidquid

170 3402 396 3457 {equum
437 3388 726 3455 videbitur,
772 3390 1084 3458 providente
1132 3390 1262 3459 Deo,
1326 3394 1637 3459 decernere,
1691 3405 1746 3450 et

168 3477 359 3533 stabili
384 3478 632 3547 pactione
670 3478 982 3534 studeamus
1006 3480 1245 3547 edicere;
1278 3490 1332 3537 et
1362 3499 1746 3554 quamcunque

171 3578 411 3635 partem‘
439 3567 670 3638 injurias
718 3577 773 3622 et
803 3570 1131 3627 conculcata:
1155 3572 1379 3642 iustitiae
1434 3573 1745 3629 violentiam

172 3658 284 3725 pati
310 3659 749 3727 cognoverimus,
781 3658 857 3713 illi
880 3662 1069 3731 procul
1095 3662 1281 3730 dubio,
1305 3664 1456 3718 omni
1480 3664 1673 3720 timore
1691 3675 1747 3721 et

172 3756 428 3815 respectu
463 3750 765 3818 personalis
804 3752 989 3821 gratiae
1028 3750 1356 3820 posthabito,
1395 3754 1657 3821 favorem,
1692 3756 1747 3811 et

166 3838 489 3906 apostolica
514 3839 856 3893 auctoritatis
884 3841 1133 3909 praesidia
1158 3842 1519 3920 conferemus.

243 3925 385 3980 Data
442 3925 628 3983 Romae
664 3944 763 3982 xm
815 3926 1079 3986 Kalendas
1125 3930 1391 4001 Januarii,
1449 3934 1746 3992 indictione

171 4014 517 4073 duodecima.

719 4101 1067 4177 EPISTOLA'
1088 4107 1202 4164 XL.

565 4212 635 4251 AD
667 4212 981 4253 COII'I'ISSAI
1019 4215 1344 4256 ILTBILDBI.

771 4280 1156 4380 (Annalem.

169 4408 422 4489 laetatur
457 4415 522 4469 de
540 4414 656 4485 ejus
692 4432 815 4486 erga
838 4386 1009 4472 sedem
1028 4421 1370 4489 apostolicam
1393 4424 1739 4482 observantia.

239 4484 511 4568 Hortatur
528 4484 913 4568 περιτείνει-ει,
937 4505 998 4540 ac
1020 4484 1089 4541 ad
1112 4492 1380 4568 visitanda_
1394 4494 1663 4547 beatorum
1682 4514 1746 4557 α-
1782 4495 1825 4547 D

225 4548 563 4623 posteriorum
582 4548 771 4608 limina
799 4548 907 4609 m
924 4574 1041 4609 eum
1068 4568 1233 4611 matre
1266 4562 1460 4615 veniat.

240 4644 556 4700 Caesonius
590 4646 895 4715 episcopus,
940 4662 1127 4701 servus
1165 4662 1447 4705 servorum
1479 4650 1596 4717 Dei,
1632 4652 1744 4707 Mt-

170 4749 361 4788 ηιινι
386 4733 614 4803 egregia
635 4733 831 4788 indolis
854 4732 1043 4804 puellm
1062 4730 1290 4793 salutem
1316 4746 1370 4795 et
1390 4730 1741 4810 apostolicam

169 4822 631 4878 benedictionem.
860 4894 861 4897 η
1622 4907 1624 4909 ὶ

234 4915 387 4981 Quia
407 4915 716 4971 serenitatis
742 4924 935 4989 vestrae
954 4918 1147 4975 litterae
1175 4921 1485 4991 apostolicae
1515 4923 1628 4978 sedi
1650 4926 1741 4981 di-

170 5014 341 5061 recta:
376 5006 618 5061 eamdem
933 5018 1061 5064 sunt
1111 4998 1449 5065 dilectionem
1515 5016 1744 5085 principi

171 5095 552 5163 apostolorum
566 5070 879 5151 beatissimo
899 5096 1059 5152 Petro
1080 5100 1371 5154 bonitatem
1397 5070 1542 5158 tuain
1564 5070 1745 5175 proin;

172 5194 326 5254 ptaln
350 5198 476 5239 esse
499 5184 785 5251 exhibere,
807 5201 969 5265 quam
991 5186 1119 5244 Jesu
1148 5190 1363 5248 Christo
1390 5193 1620 5250 Domino
1640 5213 1741 5251 no-

173 5282 293 5328 stro
326 5289 431 5328 vas
455 5274 732 5330 electionis
760 5285 982 5333 sanctus
1032 5277 1234 5336 Paulus
1257 5285 1602 5353 conpostolus
1624 5285 1741 5353 ejus

175 5363 355 5434 usque
378 5363 448 5418 ad
469 5374 698 5422 mortem
737 5364 1131 5423 ferventissimo
1159 5386 1343 5426 amore
1382 5373 1589 5427 studuit
1611 5390 1744 5430 con-

175 5458 425 5516 servare,
464 5453 647 5527 gaudii
699 5453 885 5532 repleti
931 5455 1294 5514 immensitate
1323 5500 1338 5525 ,
1381 5462 1741 5531 omnipotenti

175 5539 288 5594 Deo
324 5554 473 5610 quas
503 5554 794 5610 possumus
830 5543 1102 5602 reddimus
1131 5548 1351 5616 gratias.
1395 5547 1499 5603 Sed
1532 5553 1743 5607 noverit

174 5628 473 5697 prudentia
496 5633 673 5701 vestra
704 5622 953 5687 honestis
984 5633 1229 5709 inceptis,
1262 5624 1638 5708 rcligiosisque
1663 5641 1741 5694 in-

173 5716 735 5793 cbqati‘ouibus,opns
758 5735 877 5777 mae
895 5721 1189 5802 honestiori
1217 5714 1634 5797 perseverantia,
1656 5739 1739 5784 at-

1850 606 2279 678 Quapropter,-si
2304 615 2593 685 contigerit
2613 618 2902 687 gloriosam
2925 634 3151 682 matrem
3172 638 3408 696 vestram

1850 694 1953 750 hoc
1974 705 2215 767 tempore
2234 699 2465 757 Romam
2489 706 2684 773 redire,
2709 716 2823 764 toto
2844 712 3004 767 corde
3025 694 3411 790 admonemus,

1848 784 1959 839 imo
1984 801 2240 855 rogamus
2287 791 2605 849 charitatem
2634 806 2894 868 vestram,
2942 804 3011 857 ad
3043 784 3409 867 visitationem
3488 838 3489 841 η

1848 874 2217 956 apostolorum
2257 893 2380 932 cum
2421 882 2607 937 eadem
2655 886 2859 955 venire,
2894 890 2999 946 nisi
3017 891 3167 967 forte
3206 884 3409 967 aliquid

1847 961 2012 1019 instet
2032 966 2177 1034 quod
2213 982 2309 1024 vos
2338 984 2447 1025 non
2469 974 2925 1041 praetermittenda
2952 961 3271 1040 necessitate
3294 961 3409 1044 ’ἀει-

1852 1050 2036 1107 tineat.
2089 1050 2355 1113 Praeterea
2388 1060 2582 1118 litteris
2617 1080 2755 1134 quas
2789 1084 2841 1123 IV
2887 1069 3155 1129 Kalendas
3198 1074 3406 1132 Janua-

1848 1140 1915 1193 rii
1964 1142 2193 1197 nomine
2235 1156 2417 1203 vestro
2457 1153 2818 1221 suscepimus,
2855 1143 3001 1227 quod
3044 1163 3409 1221 nobisvisum

1846 1235 1932 1295 est
1950 1243 2246 1299 congruum
2265 1233 2377 1302 jam
2404 1252 2498 1306 per
2517 1249 2827 1299 nostrorum
2851 1247 3065 1314 apicum
3087 1250 3411 1321 legationem

1848 1316 2189 1384 respondisse
2222 1321 2564 1382 confidimus.
2613 1327 3007 1400 Omnipotentis
3051 1316 3163 1390 Dei
3196 1318 3411 1396 miseri-
3481 1395 3485 1401 .

1847 1406 2053 1473 cordia,
2077 1425 2199 1479 qua:
2220 1402 2401 1470 fideles
2424 1419 2553 1471 suos
2575 1419 2777 1489 jugiter
2819 1422 3119 1486 circumdat
3143 1437 3199 1482 et
3223 1439 3410 1498 prote-

1848 1496 1945 1562 git,
1972 1498 2190 1553 assidua
2223 1517 2319 1557 vos
2344 1504 2676 1576 benignitate
2705 1511 2956 1583 dignetur
2992 1496 3282 1586 custodire,
3322 1501 3409 1576 at-

1847 1598 1953 1653 que
1981 1594 2105 1653 post
2133 1588 2296 1657 hujus
2337 1592 2459 1647 vita:
2485 1610 2703 1651 cursum
2739 1600 2978 1657 animam
3006 1612 3152 1659 tuam
3178 1608 3411 1663 aethereo

1848 1685 2015 1741 regno
2043 1689 2390 1745 componere.

1921 1760 2053 1816 Data
2069 1762 2257 1821 Roma:
2282 1784 2340 1821 ιιι
2376 1768 2559 1828 Nonas
2571 1772 2879 1844 Januarias,
2905 1781 3199 1840 indictione
3217 1786 3415 1843 duodeo

2367 1932 2699 1996 EPISTOLA
2737 1939 2871 2000 XLI.

2113 2034 2180 2074 AD
2218 2035 2453 2080 ORIOCOR
2498 2043 2717 2085 ιῠυιεειι
2752 2048 3141 2093 οΑιΑιιιτΑκυιι.

2429 2115 2609 2184 (Anno
2653 2120 2834 2192 1076.)

1850 2184 2035 2281 Monet
2053 2203 2109 2246 ut
2132 2196 2197 2281 de
2217 2213 2382 2281 euulsa
2408 2216 2565 2281 quam
2585 2200 2635 2281 ei
2658 2212 3008 2281 commiserat,
3032 2202 3410 2277 communicato

1915 2266 2853 2363 mugire-feris_§ardini¢e‘judicibas
2895 2266 3415 2363 consilio,

1918 2335 2151 2397 ⁵ἱινίειιιη
2168 2335 2328 2404 fuerit
2351 2335 2491 2395 intra
2524 2335 2718 2399 annum
2744 2335 3136 2418 respondeatiw'
3165 2335 3277 2409 ﬂ".

1916 2414 2221 2514 cessemus
2241 2429 2548 2502 episcopus,
2577 2451 2765 2493 servus
2785 2456 3065 2499 servorum
3089 2446 3205 2514 Dei,
3239 2448 3413 2507 Osco-

1847 2524 1946 2608 zoa
1982 2509 2274 2589 [Oazocco]
2298 2519 2468 2587 judiei
2499 2523 2814 2584 Calaritano
2835 2530 3097 2592 Sardiniae
3120 2509 3413 2608 provincia!

1846 2600 2082 2698 salutem,
2106 2612 2161 2658 et
2186 2611 2550 2675 apostolicam
2585 2615 3053 2683 benedictionem.
3120 2600 3137 2608 -
3450 2689 3453 2698 ,

1915 2684 2145 2744 Litteras
2170 2700 2290 2749 tuas
2311 2700 2642 2768 accepimus,
2668 2704 2723 2763 in
2758 2706 2957 2776 quibus
2988 2720 3042 2769 te
3068 2715 3136 2769 ad
3166 2729 3266 2772 nos
3296 2720 3410 2773 vel-

1846 2777 1896 2831 le
1920 2780 2107 2835 venire
2138 2786 2537 2845 continebatur.
2589 2790 2757 2851 Nobis
2801 2797 2983 2869 itaque
3016 2803 3192 2872 placet
3220 2816 3279 2861 ut
3314 2825 3411 2867 ve-

1847 2867 1986 2934 nias,
2020 2879 2074 2925 et
2116 2887 2241 2927 cum
2267 2879 2414 2932 Omni
2466 2883 2797 2953 securitate;
2834 2867 3123 2961 postquam
3166 2897 3232 2950 ad
3262 2899 3414 2957 Lttus
3512 2904 3517 2909 ’

1848 2969 2097 3015 nostrum
2158 2968 2395 3033 veneris,
2422 2973 2602 3025 eundo
2628 2982 2683 3027 et
2710 2976 2985 3034 redeundo
3002 2995 3117 3050 per
3138 2984 3273 3041 fines
3302 2997 3413 3042 ter-

1847 3065 1921 3104 ra:
1956 3059 2155 3106 nostrae
2185 3062 2237 3107 te
2257 3056 2502 3135 migrate
2513 3076 2674 3129 posse
2702 3065 3006 3123 nullatenus
3030 3072 3126 3126 tibi
3159 3073 3412 3131 dubitan-

1845 3138 1973 3193 dum
2004 3155 2123 3196 esse
2156 3144 2320 3199 scias.
2357 3146 2622 3205 Praeterea
2673 3154 3411 3231 admonemusprudentiam

1846 3236 1997 3305 tuam
2029 3238 2090 3285 ut
2112 3233 2178 3286 de
2211 3249 2376 3309 causa
2422 3254 2593 3307 quam.
2626 3256 2722 3310 per
2754 3245 3222 3319 archiepiscopum
3264 3251 3436 3309 Con»

1844 3319 2142 3374 stantinum
2178 3321 2504 3383 Turrensem
2548 3330 2651 3384 hoc
2682 3331 2736 3403 in
2782 3349 2927 3389 anno
2961 3352 2993 3390 a
3030 3340 3187 3396 nobis
3215 3342 3413 3412 Capuae

1844 3419 2219 3469 consecratum
2257 3413 2351 3467 tibi
2397 3417 2795 3489 mandavimus,
2827 3439 2953 3479 cum
2988 3429 3199 3485 caeteris
3222 3432 3410 3489 Sardi-

1844 3496 2249 3581 niasjudicibus
2274 3503 2553 3572 loquaris;
2579 3516 2652 3573 et,
2682 3508 2910 3566 firmiter
2953 3513 3096 3573 inter
3116 3531 3217 3573 vos
3257 3534 3411 3577 com-

1846 3587 2124 3681 municato
2171 3589 2750 3681 consilio",\quidquid
2803 3601 2958 3657 vobis
2991 3603 3116 3661 inde
3156 3594 3306 3664 enrdi
3354 3620 3414 3667 et

1844 3676 2028 3731 animo
2047 3678 2137 3744 sit,
2159 3680 2318 3735 celeri
2344 3676 2504 3738 nobis
2522 3687 2879 3755 responsione
2899 3691 3174 3749 notiticate
3196 3713 3211 3763 ;
3238 3696 3413 3753 scien-

1844 3771 1926 3857 tes
1971 3768 2250 3835 quoniam,
2286 3773 2389 3826 nisi
2432 3774 2487 3827 in
2532 3773 2635 3830 hoc
2676 3792 2822 3833 anno
2854 3789 3005 3836 certa
3047 3784 3207 3841 nobis
3250 3802 3414 3857 super

1798 3912 1799 3915 η
1843 3849 1945 3905 hac
1968 3866 2027 3907 re
2050 3856 2257 3910 ratione
2285 3861 2678 3929 respondeatis,
2702 3878 2802 3920 nec
2831 3868 3069 3940 amplius
3114 3882 3293 3930 vestra
3318 3849 3408 3930 re-

1844 3953 2041 4007 sponsa
2064 3956 2386 4011 quaeremus,
2410 3962 2509 4003 nec
2539 3944 2721 4004 tamen
2766 3953 2994 4011 ulterius
3010 3957 3125 4027 jus,
3153 3968 3209 4015 et
3230 3962 3404 4019 bono-

1843 4044 1957 4084 rem
1980 4034 2153 4087 sancti
2178 4032 2324 4090 Petri
2357 4036 2728 4109 irrequisitum
2752 4044 3141 4116 relinquemus.

1908 4119 2039 4175 Data
2090 4122 2275 4180 Roma:
2305 4128 2525 4185 decimo,
2554 4132 2786 4203 septimo
2817 4132 3081 4191 Kalendas
3106 4138 3406 4207 Februarii,

1845 4207 2140 4267 indictione
2161 4214 2372 4287 duodcc
2395 4232 2501 4270 ma.

2366 4316 2702 4379 EPISTOLA
2723 4326 2880 4383 XL".

1986 4423 2053 4461 AD
2081 4424 2339 4465 ειεΑιυυι
2376 4428 2759 4475 Αρυιιειευεειι
2792 4435 3255 4479 Διειιιενιεεοιθυιο

2390 4501 2395 4507 ’
2429 4509 2612 4578 (Anno
2640 4510 2820 4583 1074.)

2068 4592 2346 4652 concilium
2370 4599 2775 4679 aJLdepraeatgs
2798 4604 3095 4673 principum
3120 4616 3170 4661 et
3208 4610 3404 4679 prata-

1922 4671 2093 4749 torum
2115 4681 2281 4749 more,
2302 4670 2662 4749 corrigendos.
2699 4670 2873 4749 {fouet
2908 4670 3097 4749 ut'una
3127 4670 3247 4732 cum
3290 4682 3406 4749 saf-

1912 4730 2179 4802 fraganeis
2202 4735 2272 4788 ad
2295 4737 2351 4789 id
2373 4730 2669 4807 préstituta
2697 4739 2783 4795 die
2801 4744 3037 4815 accedat.

1915 4840 2219 4899 Caesonius
2230 4845 2538 4917 episcopus,
2560 4864 2751 4908 servus
2774 4868 3051 4912 servorum
3073 4854 3187 4921 Dei,
3215 4854 3405 4911 SICAR-

1845 4945 1914 4985 no
1943 4930 2274 5000 Aquileiensi
2305 4932 2463 4989 fratri
2488 4944 2543 4991 et
2582 4940 2899 5009 coepiscopo
2921 4940 3152 5001 Salutem
3185 4950 3241 4998 et
3264 4960 3404 5016 apo~

1843 5020 2088 5075 'stolicam
2117 5021 2563 5083 benedictionem.

1908 5106 2027 5163 Non
2051 5110 2301 5182 ignorare
2331 5116 2601 5171 credimus
2622 5118 2960 5185 prudentiam
3010 5129 3159 5177 tuam
3183 5126 3403 5193 quantis

1843 5200 2307 5281 perturbationum
2347 5204 2599 5259 fluctibus
2627 5204 2866 5262 Ecclesia
2895 5209 2966 5264 sit
3012 5202 3401 5282 usquequaque
3444 5246 3449 5250 -

1843 5296 2145 5353 concussa,‘
2171 5296 2226 5343 et
2263 5304 2401 5357 pene
2439 5291 2791 5351 desolationis
2844 5314 2958 5352 sum
2999 5298 3399 5363 calamitatibus

1842 5374 2105 5446 naufraga
2150 5384 2204 5430 et
2243 5378 2642 5462 submersa'sit
2689 5382 2847 5438 facta.
2886 5383 3142 5442 Rectores
3172 5388 3317 5444 enim
3342 5402 3397 5446 et

1843 5464 2110 5533 principes
2143 5466 2306 5536 hujus
2354 5470 2541 5524 mundi
2572 5471 2767 5547 singuli
2809 5484 3113 5541 quaerentes
3154 5494 3273 5548 qua:
3296 5496 3394 5539 sua

1841 5564 1987 5624 sunt,
2012 5574 2121 5615 non
2146 5578 2267 5631 quae
2284 5561 2412 5619 Iesu
2432 5561 2653 5628 Christi,
2686 5564 2835 5620 omni
2856 5569 3153 5631 reverentia
3174 5573 3394 5627 concul.

1838 5652 1979 5710 cata,
2015 5649 2170 5716 quasi
2195 5649 2353 5703 vilem
2389 5649 2639 5705 ancillam
2661 5655 2990 5722 opprimunt,
3016 5671 3242 5725 eamque
3262 5673 3393 5715 con-

1839 5732 2083 5804 fundere,
2111 5738 2237 5791 dum
2261 5733 2578 5808 cupiditates
2619 5758 2745 5799 suas
2767 5747 2980 5815 explere
3005 5746 3235 5816 valeant,
3272 5750 3393 5809 ωιι-
