4098 6418
598 431 705 491 3‘13

1233 421 1287 474 s.
1331 416 1654 473 cannon“
1699 415 1786 469 vn
1825 413 2026 468 mea;
2069 373 2198 466 ori:

2307 409 2348 462 Μ
2391 408 2566 461 I'A’llS
2605 406 2643 460 l.
2686 435 2754 446 ——
2791 402 3204 459 ῐιιςαιςοτιιιέλι.

3697 62 3704 82 τ
3731 63 3734 68 ·
3803 64 3874 90 τῖσ-

3741 402 3845 455 524

596 557 814 610 latentis
837 540 1242 612 pertimescunt.
1272 532 1592 588 Sacerdotes
1626 538 1828 592 autem,
1860 537 1912 580 et
1943 526 2036 596 qui
2083 541 2166 576 re-
2199 528 2240 580 Α
2269 531 2428 592 gante
2476 534 2708 589 superna
2751 516 3056 578 clementia,
3102 515 3388 568 commode
3419 529 3482 568 ac
3535 524 3848 567 reverenter

606 648 779 718 Quaen
807 628 1058 684 Ecclesia:
1087 626 1360 694 accepisse
1413 623 1694 683 videntur,
1730 619 1899 686 legem
1934 615 2026 668 Dei
2061 614 2172 667 fere

609 702 823 801 penitus
852 723 1256 788 postponentes,
1293 721 1348 766 et
1380 705 1540 764 officii
1587 707 1671 762 sui
1711 706 1952 760 debitum
1990 702 2099 756 Deo
2121 711 2175 755 et

597 793 910 885 gammissis
936 807 1038 862 sibi
1075 805 1268 859 ovibus
1296 801 1677 857 subtrahentes
1703 838 1718 862 ,
1763 811 1860 865 per
1885 793 2171 849 ecclesias-

586 884 730 974 (ερὲς
762 899 1057 970 dignitates
1086 895 1152 948 ad
1178 893 1528 947 mundanam'
1549 897 1758 942 tantum
1791 887 2037 939 nituntur
2058 884 2175 952 glo-

600 973 763 1060 “Qa,
801 1001 997 1058 etqua:
1025 983 1242 1054 speciali
1286 979 1690 1049 dispensatione
1741 977 2034 1029 multorum
2068 973 2175 1026 titi-

609 1083 848 1140 litatibus
873 1119 886 1141 ,
941 1084 994 1128 et
1021 1073 1180 1127 saluti
1205 1070 1464 1140 prolicere
1497 1065 1810 1120 debuissent
1835 1105 1848 1127 ,
1881 1079 1942 1117 ea
1971 1071 2064 1116 aut
2086 1077 2178 1115 ne-

607 1176 833 1244 gligunt,
859 1177 952 1223 aut
994 1163 1278 1219 infeliciter
1303 1163 1355 1214 in
1391 1174 1584 1229 pompa
1611 1156 1876 1225 superbia:
1911 1165 1965 1208 et
1987 1168 2176 1222 super—

608 1243 730 1316 lluis
753 1257 1056 1326 sumptibus
1083 1259 1430 1306 consmnunt.
1465 1246 1608 1300 Inter
1639 1246 1752 1299 lucc
1777 1243 2024 1313 populus,
2061 1243 2181 1295 nul-

610 1352 662 1405 lo
689 1351 1032 1420 prmlatorum
1071 1341 1458 1403 moderamine,
1486 1337 1756 1404 nullisque
1799 1334 2178 1388 mandatorum

612 1441 778 1495 frenis
807 1441 858 1493 in
911 1437 1052 1488 viam
1096 1431 1318 1502 justitize
1353 1429 1631 1490 directus;
1682 1423 1810 1489 imo,
1856 1438 2046 1477 eormn
2089 1422 2182 1490 qui

611 1535 851 1598 priesunt
877 1523 1141 1592 exc-inple,
1183 1532 1520 1589 quzecunque
1553 1514 1711 1568 noxia
1734 1555 1750 1579 ,
1783 1521 1837 1566 et
1871 1527 1991 1580 qua:
2021 1509 2181 1563 Chri-

611 1623 819 1678 stiani-.e
850 1615 1094 1685 religioni
1138 1621 1263 1669 sunt
1294 1610 1567 1665 contraria
1613 1608 1857 1670 edoctus,
1891 1605 1958 1658 ad
2001 1604 2184 1656 omnia

612 1726 747 1779 pene
782 1723 902 1777 quae
930 1703 1134 1760 nefaria
1180 1709 1308 1756 sunt
1337 1698 1492 1768 proni
1534 1706 1588 1751 et
1622 1695 1799 1749 studio
1827 1699 2144 1747 corruentes
2167 1731 2182 1757 ,

613 1800 984 1854 Christianum
1027 1810 1247 1857 nomen,
1283 1807 1391 1844 non
1415 1790 1537 1842 dico
1561 1789 1768 1856 absque
1812 1797 2040 1854 operum
2080 1781 2182 1834 ob-

615 1891 906 1952 servantia,
946 1887 1039 1942 sed
1081 1899 1217 1953 pene
1257 1882 1462 1950 absque
1494 1878 1614 1932 fidei
1667 1875 1924 1942 religione
1970 1879 2180 1942 gerunt.

615 1981 974 2049 Quapropter,
1009 1960 1341 2040 conﬁdentes
1367 1970 1422 2022 in
1453 1965 1824 2021 misericordia
1859 1963 1972 2027 Dei,
2004 1960 2188 2016 conci-

617 2075 748 2127 lium
784 2073 834 2134 in
872 2069 1044 2139 prima
1096 2062 1431 2120 helnlomada
1473 2057 1903 2129 quadragesima:
1950 2055 2191 2106 adunare

617 2161 1008 2232 disposuimus,
1037 2164 1304 2224 quatenus
1337 2151 1462 2204 huic
1485 2157 1646 2202 tanto
1669 2145 1910 2216 periculo
1935 2185 1949 2208 ,
1997 2141 2192 2196 sull'ra-

620 2230 780 2322 gante
815 2241 996 2303 divina
1027 2242 1333 2307 clementia,
1360 2254 1485 2294 cum
1521 2235 1799 2292 communi
1824 2233 2054 2289 consilio
2080 2230 2190 2285 fra-

623 2320 766 2395 trum
791 2336 1007 2407 aliquod
1031 2333 1284 2389 solatium
1305 2338 1361 2385 et
1381 2327 1683 2382 remedium
1715 2324 1961 2379 invenire
2013 2320 2194 2376 valea-

626 2449 768 2495 mus,
796 2445 862 2482 nc
886 2426 1088 2482 nostris
1118 2433 1281 2492 tempt
1305 2421 1454 2474 ribus
1504 2415 1909 2486 irreparabilem
1940 2411 2196 2467 Ecclesia:

634 2525 836 2578 ninam
870 2515 1181 2573 destructio-
1204 2525 1402 2582 etnque
1437 2509 1736 2562 videamus.
1774 2505 2006 2574 Ideoque
2025 2511 2078 2557 et
2101 2517 2193 2556 ve-

625 2623 793 2670 stram
827 2606 1219 2661 fraternitatem
1272 2613 1551 2668 rogamus,
1577 2604 1630 2653 et
1654 2611 1720 2649 ex
1746 2603 1899 2664 parte
1932 2592 2075 2647 beati
2098 2590 2197 2645 Pc-

627 2701 695 2754 tri
722 2695 1090 2767 apostolorum
1127 2687 1389 2760 principis
1437 2685 1815 2746 admonemus,
1855 2689 1913 2733 ut
1936 2679 1991 2732 in
2020 2677 2198 2748 prteli-

628 2793 755 2845 bato
783 2786 1013 2842 termino
1037 2791 1269 2837 vestram
1300 2777 1456 2832 nobis
1493 2774 1836 2846 przescntiam
1860 2771 2160 2827 exhibeatis
2183 2812 2198 2836 ,

629 2881 943 2938 convocatis
978 2893 1084 2930 una
1110 2874 1417 2937 vobiscum,
1461 2879 1576 2924 tum
1607 2883 1703 2938 per
1736 2867 1852 2920 hac
1875 2873 2064 2918 nostra
2087 2872 2201 2916 tum

553 2975 558 2978 ’
632 2991 728 3045 per
749 2981 927 3026 vestra
951 2968 1171 3036 scripta,
1209 2962 1403 3018 vestris
1432 2957 1786 3028 suffraganeis
1815 2955 2083 3027 episcopis
2108 2971 2121 3006 :
2147 2961 2207 3007 ut

634 3043 785 3118 tanto
834 3061 1003 3114 tutius
1045 3064 1306 3123 tantoque
1342 3050 1552 3116 firmius
1595 3048 1663 3101 ad
1705 3045 2006 3101 subsidium
2035 3043 2207 3098 eccle-

634 3153 866 3210 siasticae
889 3146 1156 3203 libertatis
1199 3151 1254 3198 et
1305 3137 1583 3208 religionis
1613 3134 1979 3205 accingamur,
2004 3139 2208 3202 quanto

2274 627 2526 668 exercere
2549 611 2841 664 valeamus.
2883 607 3081 665 Intueri
3124 617 3312 677 autem.
3345 615 3400 660 ct
3429 606 3720 676 diligenter
3752 621 3850 658 vos

2275 708 2489 770 Oportet
2514 698 2790 753 attendere
2823 696 3084 766 quoniam
3105 694 3432 764 quicumque
3459 693 3637 760 miles,
3669 693 3850 748 domi-~

2276 803 2348 842 no
2383 802 2484 843 suo
2507 787 2559 839 in
2592 785 2779 854 praelio
2816 792 3141 853 properante
3163 823 3179 847 ,
3233 797 3290 837 se
3320 781 3651 847 subtyaxerit
3674 822 3690 846 ,
3737 795 3849 834 non

2278 877 2440 932 modo
2465 876 2695 947 gratiam
2723 875 2823 930 sibi
2849 872 3195 936 labefactare,
3223 871 3318 926 sed
3349 872 3556 939 accepti
3598 871 3850 925 beneﬁcii

2278 969 2625 1024 commodum
2650 967 2844 1022 merito
2875 965 2977 1020 sibi
2999 956 3271 1017 corruisSe
3318 962 3676 1032 dignoscitur.
3735 960 3852 1014 Hoc

2280 1062 2444 1132 igitur
2495 1060 2741 1128 exemplo
2795 1066 3052 1127 appareat
3081 1057 3173 1126 qui
3203 1071 3270 1110 ex
3301 1055 3489 1119 vobis,
3536 1056 3648 1109 imo
3683 1070 3852 1123 quam

2280 1165 2471 1204 omnes
2494 1147 2614 1201 sitis
2640 1147 2822 1200 fideles
2844 1145 3047 1200 Christi
3071 1145 3268 1199 milites
3293 1163 3306 1208 ;
3343 1154 3397 1200 et
3418 1145 3486 1199 ad
3534 1145 3722 1200 divina
3751 1160 3853 1211 ag-

2282 1240 2429 1293 mina
2462 1247 2571 1290 tam
2597 1245 2842 1306 prompta
2873 1235 3150 1288 voluntate
3173 1241 3226 1286 et
3260 1234 3438 1287 studio
3479 1249 3577 1287 vos
3604 1231 3859 1286 conferte

2282 1326 2511 1391 studcte,
2536 1334 2613 1388 ut,
2639 1332 2762 1394 post
2785 1324 3034 1391 adeptam
3071 1322 3124 1376 in
3155 1321 3373 1375 Christo
3415 1323 3721 1387 victoriam,
3759 1337 3862 1390 pa-

2284 1415 2415 1467 riter
2455 1414 2608 1468 vobis
2651 1421 2706 1467 et
2750 1412 2816 1468 de
2869 1411 3066 1464 virtute
3116 1409 3380 1464 factorum
3428 1420 3482 1464 et
3522 1411 3864 1466 abundantia

2285 1427 2415 1467 riter
2455 1427 2608 1468 voms
2651 1427 2706 1467 et
2750 1427 2784 1465 α
2869 1427 3066 1464 virtute
3116 1427 3380 1464 laetorum
3428 1427 3482 1464 et
3522 1427 3864 1466 anunuanua

2285 1503 2631 1572 praemiorum
2657 1427 2876 1571 εισι-Ξῖιοί
2898 1500 3076 1553 liceat.
3115 1497 3227 1552 Sub
3254 1498 3441 1552 eadem
3477 1500 3644 1552 etiam
3671 1507 3865 1552 aucto-

2286 1592 2443 1644 ritate
2465 1600 2519 1644 et
2549 1588 3000 1644 determinationc
3040 1601 3230 1640 omnes
3271 1587 3493 1641 abbates
3541 1585 3867 1655 Longobar—

2285 1683 2386 1737 diu:
2411 1683 2476 1736 ad
2501 1679 2782 1752 praefatum
2827 1678 3118 1734 concilium
3154 1677 3445 1731 invitamus
3469 1718 3486 1742 ,
3544 1677 3869 1745 nullamque

2287 1773 2340 1826 in
2371 1772 2472 1826 hac
2500 1769 2803 1824 obedientia
2826 1768 3070 1822 lictitiam
3093 1767 3504 1821 excusationem.
3523 1765 3871 1835 praztendere

2219 1878 2259 1931 η
2285 1861 2642 1914 admonemus
2671 1866 2833 1925 atque
2855 1855 3217 1924 praecipimus.

2358 1950 2489 2002 Data
2521 1947 2708 2001 Romae
2740 1955 2932 2000 octavo
2957 1943 3224 1998 Kalendas
3252 1943 3554 2010 Februarii,
3609 1942 3875 1997 indictio-

2290 2057 2357 2096 ne
2382 2038 2725 2096 duodecima.

2790 2135 3124 2198 EPISTOLA
3169 2141 3355 2198 XLIV.

2543 2253 2610 2292 Αι)
2635 2250 2935 2292 ιειιιιιοιιυιι
2969 2250 3272 2288 βκλσειηεειι
3303 2241 3610 2295 ειηεςορωι.

2775 2349 2783 2354 ·
2875 2327 3056 2397 (Anno
3099 2325 3280 2396 1074.)

2293 2420 2539 2476 Restituit
2561 2421 2799 2489 episcopo
2829 2417 3084 2489 Bragen_si
3128 2430 3378 2483 suspenso
3419 2413 3624 2489 reditus
3664 2415 3879 2489 episco-

2291 2517 2296 2521 -
2362 2500 2538 2560 putus,
2556 2482 2633 2553 ut,
2657 2482 2797 2560 omni
2812 2482 3099 2560 postposita
3122 2482 3290 2550 mora,
3321 2499 3438 2536 cum
3463 2482 3653 2560 [egetis
3670 2485 3884 2560 (pisce-

2360 2551 2414 2629 pi
2459 2551 2752 2629 adversarii
2802 2551 2885 2609 sui
2929 2551 3229 2629 sanctorum
3272 2551 3630 2629 apostolorum
3658 2551 3884 2629 _lii_uiua

2364 2621 2540 2682 adeat.
2581 2627 2968 2682 Commemorat
2983 2639 3036 2676 se
3059 2623 3216 2693 fratri
3249 2621 3364 2690 ejus
3407 2621 3531 2693 duci
3561 2623 3844 2693 scripsisse
3864 2662 3880 2682 ,

2367 2707 2424 2752 ut
2452 2697 2808 2750 Moravemcm
2836 2689 3135 2763 episcopum
3166 2700 3216 2746 ct
3239 2689 3361 2746 suos
3401 2689 3600 2760 legatos

2371 2768 2568 2820 mittat.

2293 2897 2300 2906 .
2367 2855 2674 2910 Gneconws
2702 2867 2991 2922 episcopus
3036 2865 3228 2906 servus
3266 2862 3549 2905 servorum
3581 2845 3681 2901 Dei
3714 2845 3886 2902 leno-

2303 2959 2431 2999 ιιιιο
2467 2940 2725 3012 Bragensi
2749 2938 2863 3011 [pro
2891 2938 3170 3008 Pragensi,
3198 2936 3368 2990 Hann.
3390 2944 3440 2989 et
3469 2937 3546 2990 sic
3569 2933 3741 3006 infra]
3762 2935 3884 3005 epi-

2307 3047 2492 3102 scopo.

2371 3123 2695 3192 Quanquam
2741 3118 3104 3174 inobedientia
3153 3127 3244 3172 tua
3282 3110 3337 3171 et
3385 3117 3565 3187 culpa,
3612 3131 3785 3186 quam
3831 3115 3886 3169 in

3699 2705 3824 2742 eum
3832 2703 3884 2741 ut

636 3245 857 3299 uberius
892 3251 1054 3310 atque
1081 3235 1314 3289 vicinius
1359 3229 1605 3284 consiliis
1639 3203 1831 3280 vestra:
1863 3220 2162 3294 prudentiae
2187 3261 2201 3285 ,
2231 3221 2272 3275 C
2304 3221 2620 3282 contemptu
2676 3212 2982 3281 legatorum
3046 3216 3250 3263 sancta
3318 3205 3578 3262 Romanae
3627 3203 3891 3261 Ecciesia

636 3336 976 3399 aliorumque
997 3311 1334 3381 confratrum
1391 3316 1695 3389 frequentia
1730 3324 1784 3370 et
1807 3313 2029 3386 provida
2069 3327 2204 3366 con-

637 3421 929 3479 sultatiene
945 3400 1368 3472 circumdamur.

711 3512 843 3564 Data
877 3507 1064 3559 Romae
1093 3515 1238 3555 nono
1261 3496 1530 3552 Kalendas
1571 3493 1915 3559 Februarias,
1953 3489 2208 3545 indictio-

641 3618 710 3657 ne
748 3596 1087 3656 duodecima.

1148 3697 1484 3755 EPISTOLA
1518 3694 1701 3750 XLIII.

802 3833 867 3872 AD
899 3825 1296 3871 SUFFIIAGASEOS
1326 3822 1587 3864 εεειεειιε
1622 3816 2052 3859 ιιευιοωκειηειε.

1225 3910 1405 3980 (Anno
1454 3905 1635 3974 1074.)

1075 4008 1080 4012 ”
1135 3998 1387 4068 Ejusdem
1407 3995 1722 4066 argumenti.

719 4122 1026 4179 GREGORIUS
1046 4094 1358 4183 episcopus,
1384 4123 1575 4163 servus
1600 4119 1882 4160 servorum
1897 4101 2014 4164 Dei.
2041 4101 2218 4156 omni-

650 4217 753 4272 bus
778 4205 1045 4281 episcopis
1071 4197 1489 4256 Mediolanensis
1525 4193 1768 4250 ecclesiae
1821 4191 2180 4261 suffraganeis
2202 4231 2218 4256 ,

651 4279 899 4358 videlicet
924 4291 1210 4357 Brixiensi,
1233 4285 1609 4348 Cremonensi,
1625 4280 1969 4353 Ilergamensi
1992 4279 2218 4352 [Berga-

654 4389 876 4461 mensi],
907 4380 1202 4443 Laudcnsi,
1240 4373 1582 4453 Novariensi,
1619 4368 1990 4440 Eporediensi,
2027 4366 2220 4421 Tauri-

657 4455 1104 4545 tiensi,-Albensi,
1136 4465 1378 4531 Astensi,
1410 4461 1672 4533 Aquensi,
1698 4455 2035 4513 Terdonensi
2066 4455 2222 4528 [Der-

2307 3299 2629 3372 perpetrasti
2648 3340 2663 3366 ,
2697 3313 2882 3370 preces
2905 3309 3028 3352 tuas
3051 3337 3068 3363 ,
3097 3304 3147 3351 te
3183 3296 3404 3350 absente
3437 3304 3492 3350 et
3513 3295 3763 3349 nondum
3791 3310 3891 3364 [a-

2310 3400 2429 3445 rato
2470 3386 2804 3454 satisfacere,
2858 3385 3028 3457 recipi
3069 3400 3190 3440 non
3236 3383 3466 3450 meruit;
3510 3391 3696 3438 tamen
3724 3398 3799 3439 ne
3823 3398 3892 3438 ex

2310 3475 2626 3546 apostolica,
2649 3475 2775 3529 licet
2790 3474 2958 3543 justa,
2993 3471 3333 3527 districtione
3353 3471 3758 3548 absentationis
3785 3478 3893 3526 tua

2312 3579 2522 3619 moram
2560 3563 2646 3617 vel
2687 3561 3030 3625 occasionem
3083 3559 3301 3630 diutius
3321 3556 3615 3614 defendere
3668 3558 3890 3628 possis.

2312 3653 2690 3728 necessitatem
2725 3667 2832 3720 qua
2857 3645 2910 3704 te
2940 3649 3120 3720 urgeri
3167 3649 3223 3704 in
3248 3647 3479 3719 epistola
3513 3656 3608 3702 tua
3641 3647 3891 3728 conque-

2313 3749 2432 3798 stus
2460 3727 2539 3807 es,
2575 3749 2630 3796 et
2650 3739 3096 3810 impedimentum
3121 3738 3189 3792 ad
3221 3752 3322 3796 nos
3350 3736 3606 3790 veniendi
3633 3727 3892 3790 revisere-

2315 3846 2374 3886 re
2399 3829 2756 3885 decrevimus.
2787 3826 2975 3897 Itaque
3007 3824 3262 3896 praesenti
3291 3824 3617 3880 auctoritate
3665 3824 3771 3879 tibi
3803 3840 3893 3879 re-

2315 3917 2592 3973 stituimns
2614 3924 2668 3969 et
2707 3914 2940 3970 tenenda
2979 3913 3329 3969 concedimus
3358 3927 3699 3984 quaecunque
3744 3927 3778 3966 a
3813 3912 3893 3967 le-

2316 4008 2456 4080 gatis
2482 4006 2707 4071 nostris,
2737 4002 3011 4060 Bernardo
3036 3999 3284 4058 videlicet
3313 4010 3370 4057 et
3409 4002 3675 4073 Gregorio
3697 4043 3716 4069 ,
3756 4017 3895 4072 pm

2316 4111 2402 4157 ter
2452 4097 2758 4170 episcopale
2802 4095 3036 4151 olIlcium
3083 4095 3178 4148 tibi
3207 4093 3496 4148 interdicta
3531 4083 3662 4148 Sunt
3705 4111 3718 4146 :
3753 4107 3894 4163 quo-

2319 4193 2466 4248 niam
2502 4199 2555 4245 te
2581 4188 2940 4260 exspoliatum
2963 4186 3128 4241 rebus
3153 4185 3410 4241 Ecclesiae
3440 4192 3568 4250 tua},
3592 4184 3779 4254 inopia
3811 4199 3898 4239 re-

2318 4299 2442 4338 rum
2489 4275 2941 4343 necessariarum,
2965 4273 3325 4331 obedientiam
3349 4275 3544 4330 debitae
3572 4274 3900 4329 satisfactio

2320 4374 2408 4428 nis
2430 4387 2538 4426 non
2563 4385 2723 4442 posse
2744 4367 2968 4438 exsequi
2992 4366 3156 4440 (sicut
3186 4382 3348 4437 supra
3369 4364 3629 4434 diximus)
3653 4381 3897 4435 conque-

2321 4463 2492 4520 rendo
2511 4455 2741 4518 excusas
2767 4477 2780 4514 :
2808 4468 2972 4530 atque
2995 4459 3101 4515 hoc
3129 4453 3275 4514 idem.
3298 4457 3455 4514 fratri
3477 4466 3575 4512 tuo
3598 4455 3899 4513 Wratislao

657 4567 898 4640 tonensi]
923 4609 935 4629 .
961 4573 1016 4618 et
1038 4559 1248 4617 caeteris
1270 4554 1593 4626 quibusdam
1619 4591 1634 4616 ,
1663 4549 1889 4605 salutem
1915 4556 1970 4602 et
2000 4553 2203 4615 aposto-

2307 4546 2447 4607 duci
2472 4567 2570 4621 per
2606 4549 2893 4619 epistolam
2940 4555 3186 4603 nostram
3234 4546 3660 4612 notificavimus,
3701 4547 3898 4600 admo-

659 4668 817 4721 licam
851 4639 1303 4715 bcnedictioncm,
1345 4641 1670 4716 quibusdam
1703 4655 1802 4710 pro
1850 4639 2078 4694 meritis.

725 4753 845 4809 Non
879 4743 1217 4815 incognitum
1241 4736 1396 4792 vobis
1416 4747 1535 4793 esse
1569 4730 1841 4787 credimus
1867 4769 1883 4795 ,
1934 4729 1990 4782 in
2025 4726 2224 4782 Roma—

660 4864 729 4904 na
757 4840 996 4898 Ecclesia
1027 4831 1346 4905 jamdudum
1375 4825 1731 4883 constitutum
1755 4836 1876 4878 esse
1909 4824 1969 4874 ut
1991 4835 2088 4890 per
2114 4820 2226 4880 sin-

662 4939 819 5012 gulos
844 4945 1038 4994 annos,
1065 4926 1133 4982 ad
1155 4925 1407 4979 decorem
1431 4927 1485 4975 et
1509 4917 1795 4972 utilitatem
1822 4923 2021 4969 sancta:
2043 4912 2228 4968 Eccle-

663 5005 778 5094 siae,
833 5021 1080 5097 generale
1122 5014 1414 5072 concilium
1455 5009 1597 5079 apud
1648 5007 1830 5063 sedem
1876 5005 2227 5075 apostolicam

665 5121 736 5176 sit
767 5093 1077 5172 tenendum.
1102 5107 1212 5162 Nos
1239 5107 1420 5173 itaque
1473 5099 1636 5168 hujus
1674 5096 2002 5152 celebritatis
2030 5093 2134 5148 hoc
2176 5095 2230 5148 in
2258 5104 2260 5106 '

669 5219 910 5277 tempore
930 5214 1150 5257 causam
1172 5195 1326 5250 valde
1379 5187 1741 5246 necessariam
1785 5187 2192 5241 considerantes
2217 5226 2230 5248 ,

671 5298 726 5350 in
752 5274 927 5366 prima
952 5283 1290 5346 hebdomada
1319 5278 1750 5351 quadragesima:
1777 5274 2044 5347 synodum
2071 5316 2086 5340 ,
2133 5287 2232 5326 an-

671 5363 873 5442 nuente
893 5382 1023 5446 Deo,
1051 5377 1238 5432 Romae
1260 5371 1532 5427 celebrare
1555 5367 1943 5437 disposuimus.
1969 5363 2050 5418 Ad
2070 5376 2234 5434 quam

674 5487 865 5530 omnes
919 5484 1017 5523 vos
1044 5509 1059 5532 ,
1121 5473 1178 5519 et
1229 5460 1530 5532 apostolica
1593 5456 1917 5511 auctoritate
1989 5468 2234 5525 prasen-

675 5567 807 5620 tiam
857 5566 1090 5613 vestram
1144 5552 1400 5607 exhibere
1442 5559 1854 5604 commonemus
1893 5552 2055 5613 atque
2095 5557 2234 5613 prat-

678 5653 909 5722 cipimus
938 5667 949 5700 :
973 5652 1244 5717 quatenus
1273 5656 1382 5713 upa
1404 5637 1710 5700 vobiscum,
1734 5641 1788 5687 et
1821 5647 1944 5687 cum
1993 5623 2098 5685 alia
2131 5630 2238 5684 fre-

677 5720 896 5814 quentia
919 5734 1080 5798 vestri
1106 5731 1334 5795 ordinis,
1359 5728 1517 5790 oliicii
1555 5725 1724 5779 uestri
1757 5722 1992 5806 debitam
2035 5720 2238 5774 solliei-
2278 5722 2280 5725 '

680 5804 922 5892 tudinem
968 5829 1024 5895 in
1079 5824 1278 5882 divinis
1307 5831 1362 5876 et
1394 5816 1776 5876 ecclesiasticis
1798 5804 1998 5881 causis,
2045 5811 2241 5871 suifra-

2322 4651 2514 4698 nentes
2559 4655 2683 4694 eum
2719 4646 2786 4692 ut
2828 4638 2895 4693 de
2948 4636 3225 4713 consuetis
3257 4635 3483 4691 decimis
3509 4643 3567 4689 et
3594 4634 3900 4690 redditibus

2325 4729 2578 4787 Ecclesia:
2631 4735 2740 4782 tuae
2777 4727 2914 4782 nihil
2961 4727 3014 4780 in
3060 4733 3328 4796 potestate
3361 4723 3460 4780 sua
3494 4725 3593 4780 tibi
3642 4723 3900 4796 denegari

2324 4823 2562 4894 patiatur
2583 4827 2677 4874 aut
2701 4818 2968 4873 subtrahi.
2997 4816 3366 4873 Admonemus
3395 4817 3580 4888 igitur,
3603 4823 3662 4871 et
3680 4831 3748 4870 ex
3769 4831 3897 4886 par-

2326 4923 2380 4968 te
2419 4911 2790 4982 apostolorum
2822 4901 2969 4974 Petri
3011 4915 3067 4962 et
3115 4907 3293 4976 Pauli,
3339 4915 3417 4980 et_
3439 4915 3628 4962 nostra
3675 4921 3778 4975 per
3805 4919 3898 4960 eos

2329 5001 2622 5071 apostolica
2645 5000 2740 5055 tibi
2763 4999 3082 5054 auctoritate
3115 4996 3458 5068 praecipimus
3497 5003 3578 5061 ut,
3603 4994 3775 5049 nullis
3807 5009 3900 5047 ex-

2330 5091 2705 5147 cusationibus
2725 5090 3025 5146 absentiam
3057 5098 3205 5144 tuam
3230 5088 3458 5145 ulterius
3478 5084 3800 5150 defendens,
3844 5085 3898 5140 in

2331 5183 2518 5238 Ramis
2541 5182 2844 5252 palmarum
2899 5181 3195 5251 apostolica
3223 5179 3372 5234 adire
3396 5178 3587 5232 limina
3617 5191 3896 5246 non-prae—

2333 5273 2629 5339 termittas;
2685 5285 3021 5342 cognoscens
3064 5269 3285 5325 fratrem
3315 5279 3471 5324 tuum
3511 5282 3543 5322 a
3583 5267 3747 5323 nobis
3778 5281 3898 5322 esse

2332 5366 2724 5422 commonitum
2768 5373 2828 5418 ut
2863 5361 3126 5419 Joannem
3179 5360 3896 5432 Moravensemepiseopum

2328 5455 2515 5528 itidem
2541 5456 2607 5510 ad
2638 5469 2740 5509 nos
2772 5454 2957 5508 venire
2986 5463 3328 5508 commoneat
3351 5493 3366 5518 ,
3414 5459 3470 5506 et
3501 5466 3570 5507 ex
3599 5467 3701 5508 sua
3748 5459 3896 5520 parte

2331 5544 2464 5599 tales
2489 5543 2557 5597 ad
2586 5558 2686 5597 nos
2713 5543 2934 5598 nuntios
2965 5542 3181 5612 dirigat,
3213 5542 3415 5612 quibus
3456 5541 3512 5596 in
3541 5536 3736 5596 nostra
3769 5554 3894 5610 pos—

2334 5632 2506 5686 simus
2542 5630 2942 5686 examinatione
2966 5628 3194 5686 diﬂinire
3245 5619 3890 5686 dissensionumaus.

2333 5711 2552 5775 Interim
2583 5735 2711 5774 vero
2739 5720 2807 5774 de
2831 5718 3267 5788 possessionibus
3297 5717 3633 5772 Moravensis
3683 5716 3890 5788 episco-

2334 5823 2495 5883 patus
2528 5815 2660 5869 nihil
2691 5820 2744 5870 te
2773 5821 2992 5884 tangere
3050 5813 3300 5869 volumus
3330 5821 3382 5866 et
3412 5809 3782 5882 praecipimus,
3829 5817 3892 5859 ne
