4098 6394
246 372 359 426 325

1288 395 1300 401 -
1324 352 1525 410 LIBER
1554 350 1834 407 PRIMUS.
1868 378 1935 390 —-
1972 346 2187 402 EPIST.
2230 347 2434 401 XLVII.

3390 350 3493 405 3:26

243 470 308 538 et
323 484 451 553 ipse
479 482 663 550 aliqua
698 474 1069 533 molestiarum
1104 469 1451 525 excusatione
1489 465 1830 536 praesentiam
1862 466 1905 521 Α
1933 460 2150 514 ﬂuentia
2178 460 2483 513 dilectionis
2521 458 2763 553 Romana
2796 451 3032 515 Ecclesia
3072 460 3356 513 valcutiam
3402 476 3495 515 ve.

243 588 414 627 suam
448 567 765 641 cpnspectui
792 573 978 620 nostro
998 560 1297 617 subtrahat.
1325 556 1700 625 Praescriptum
1728 570 1823 608 ve-

240 676 310 715 ro
340 659 645 715 terminum
677 657 939 711 adventus
972 651 1071 716 tui,
1107 658 1162 703 tu
1211 650 1324 718 ipse
1366 647 1439 701 ita
1474 657 1682 701 mature
1711 643 1820 698 fra-

241 752 314 806 tri
339 759 453 805 tuo
482 748 609 804 duci
656 746 895 800 indicare
938 749 1150 806 curato,
1188 750 1248 793 ut
1290 738 1657 793 Moravcnscm
1708 735 1822 803 cpi-

242 855 485 910 scopum
515 848 570 892 et
597 852 729 894 suos
772 836 979 904 legatos
1013 820 1120 885 una
1156 840 1332 884 tecum
1366 828 1433 882 ad
1468 826 1817 897 apostoiicam

240 929 440 984 sedem
462 927 694 995 dirigere
725 923 913 996 possit.

316 1016 463 1070 Da'a
494 990 683 1069 Romae
704 990 940 1069 secundo
960 1008 1225 1064 Kalendas
1246 1006 1546 1073 Februarii,
1574 990 1819 1060 indic-tim

242 1122 315 1161 ne
350 1106 699 1161 duodecima.
760 1093 763 1098 “

782 1222 1114 1280 EPISTOLA
1142 1222 1298 1277 XLV.

579 1334 647 1374 AD
671 1332 1024 1373 WMTISLAUI
1044 1331 1216 1369 DUCEI
1238 1328 1500 1369 Βουειιιιε.

852 1405 1031 1477 (Anno
1062 1404 1240 1474 1074.)

244 1493 321 1555 Ut
350 1500 594 1554 redditus
616 1494 1123 1571 episc0patut_[ratri
1147 1508 1241 1546 suo
1271 1493 1532 1571 restituat.
1562 1490 1823 1571 ﬂortatur

314 1580 375 1631 ut
422 1571 491 1622 ad
543 1560 715 1623 sedem
750 1560 1092 1636 apostolicam
1113 1563 1360 1636 accedat,
1392 1560 1680 1636 vel_saltem
1708 1560 1821 1630 ejus

315 1640 524 1709 legatos
555 1654 662 1690 una
686 1632 804 1689 cum
832 1634 1123 1689 Moravemi
1144 1633 1381 1702 episcopo
1412 1632 1607 1683 mittat.

310 1750 628 1805 (ἓιιεοοιιιυδ
648 1748 955 1817 episcopus,
979 1761 1170 1801 servus
1201 1760 1481 1800 servorum
1505 1742 1618 1808 Dei,
1648 1741 1818 1813 War-

1931 559 2098 603 stram
2122 548 2443 615 jamdudum
2469 536 2695 617 recepit:
2710 559 2765 602 et
2792 564 2957 617 quam
2980 549 3197 618 speciali
3231 550 3494 603 eharitatu

1928 647 2161 691 vestram
2195 637 2616 690 lamiliaritatem
2647 638 2851 691 dilexit.
2884 635 3068 707 Neque
3095 639 3239 692 enim
3278 654 3336 693 se
3369 655 3497 694 con-

1924 727 2077 781 decet
2103 727 2344 781 oblivisci
2372 727 2747 797 promissionis
2770 744 2876 796 qua
2906 727 3013 781 Deo
3040 744 3116 794 se,
3149 737 3273 787 ante
3294 742 3493 799 corpus

1926 817 2296 887 apostolorum
2346 819 2604 886 principis
2660 815 2831 881 Petri,
2887 827 3150 885 praesente
3202 820 3493 872 venerabili

1925 918 2267 961 anteeessore
2305 917 2490 960 nostro
2530 906 2835 960 Aiexandro
2888 921 3060 975 papa,
3104 914 3159 960 et
3203 908 3491 977 episcopis,

1925 994 2209 1049 abbatibus
2240 994 2505 1064 plurimis,
2531 1005 2693 1065 atque
2711 987 3056 1049 diversarum
3086 996 3327 1064 gentium
3354 997 3503 1049 mulo

1923 1085 2153 1139 titudine
2183 1100 2411 1154 quarum
2444 1094 2655 1140 nonest
2675 1101 2953 1151 numerus,
2973 1086 3231 1157 obligavit
3256 1096 3333 1153 ut,
3359 1104 3495 1156 qua-

1922 1188 2138 1244 cunque
2174 1175 2306 1228 hora
2346 1190 2565 1230 necesse
2608 1174 2821 1241 fuisset,
2859 1185 3037 1230 vestra
3069 1192 3263 1232 manus
3304 1178 3370 1231 ad
3406 1179 3492 1232 di-

1924 1266 2231 1320 micandum
2260 1280 2357 1335 pro
2402 1265 2718 1319 defensione
2764 1282 2943 1320 rerum
2989 1267 3161 1321 sancti
3200 1265 3344 1320 Petri
3383 1284 3494 1321 non

1922 1359 2154 1425 deesset,
2179 1360 2223 1413 si
2245 1359 2460 1428 quidem
2493 1359 2753 1427 requisita
2785 1359 2993 1413 fuisset.
3028 1357 3200 1423 Unde,
3225 1374 3496 1414 memores

1923 1453 2219 1508 nobilitatis
2235 1460 2429 1507 vestrm
2458 1451 2599 1516 ﬁdei,
2630 1467 2887 1521 rogamus
2906 1460 2959 1506 et
2986 1452 3340 1506 admonemus
3356 1461 3499 1505 stre-

1922 1544 2149 1600 uuitatis
2209 1554 2401 1598 vestrm
2467 1542 2805 1612 prudentiam
2861 1548 3131 1611 quatenus
3180 1543 3497 1611 pneparetis

1921 1645 2117 1690 vestra:
2156 1635 2358 1689 militia:
2401 1634 2773 1688 fortitudinem
2817 1633 2881 1686 ad
2918 1634 3344 1687 succurrendum
3386 1632 3495 1687 Ro-

1920 1739 2096 1779 mana:
2131 1723 2406 1790 Ecclesia},
2448 1724 2686 1778 libertati
2736 1722 2941 1778 scilicet
2977 1721 3150 1793 [forte
3183 1719 3273 1793 et]
3307 1722 3353 1776 si
3399 1737 3495 1775 ne-

244 1859 446 1903 .nsuo
470 1843 594 1897 duci
625 1814 987 1895 Βάδεωδωω
1014 1839 1245 1896 salutem
1269 1846 1322 1893 ει
1349 1836 1700 1907 ³ροςηοιίαηη
1727 1835 1818 1888 bc-
1852 1832 1892 1884 υ
1918 1831 2071 1871 cesse
2096 1814 2303 1907 fuerit,
2331 1815 2568 1907 veniatis
2602 1814 2710 1907 huc
2926 1814 3166 1867 exercitu
3209 1818 3388 1869 vestro
3438 1815 3493 1868 in

245 1926 643 1987 nedictionem.

317 2021 516 2075 Frater
551 2030 677 2076 tuus
701 2019 1003 2075 Jeromirus
1032 2016 1320 2087 Bragensis
1365 2016 1652 2085 episcopus
1686 2029 1819 2068 con-

244 2113 506 2181 queritur
525 2126 592 2166 se
619 2110 978 2181 exspoliatum
1006 2107 1260 2162 Ecclesia:
1289 2122 1402 2162 sua:
1435 2106 1616 2169 rebus,
1641 2103 1820 2174 inopia

244 2215 442 2255 rerum
484 2199 938 2263 necessariarum,
964 2212 1063 2267 pro
1086 2195 1353 2250 reddenda
1381 2194 1591 2248 ratione
1630 2207 1819 2246 eorum

245 2307 376 2361 qum
408 2291 512 2346 sibi
539 2290 911 2355 intenduntur,
939 2288 1006 2342 ad
1047 2287 1397 2356 apostolicam
1433 2285 1613 2340 sedem
1635 2283 1820 2338 venire

246 2396 364 2435 non
400 2396 581 2450 posse.
633 2379 787 2447 Quod
822 2392 1147 2449 quanquam.
1176 2376 1296 2446 ejus
1352 2375 1716 2431 inobedientia
1768 2382 1820 2428 et

246 2470 629 2539 tergiversatio
651 2469 804 2524 valde
829 2467 1206 2538 promeruerit,
1239 2475 1418 2520 tamen
1458 2480 1525 2519 ne
1556 2465 1697 2518 hanc
1724 2463 1822 2517 ab-

246 2557 579 2611 sentationis
600 2572 714 2611 sure
739 2558 1079 2612 occasionem
1112 2556 1441 2624 praetendere
1475 2552 1667 2623 possit,
1719 2569 1818 2607 vo-

245 2645 438 2700 lumus
460 2655 623 2715 atque
651 2647 996 2715 praeipimus
1028 2654 1087 2698 ut
1120 2644 1173 2698 in
1199 2645 1465 2713 integrum
1502 2643 1604 2698 sibi
1660 2642 1819 2697 resti-

248 2745 486 2790 tuantur
508 2751 848 2807 quaecunque
882 2752 912 2791 a
937 2736 1127 2807 legatis
1153 2735 1375 2801 nostris,
1426 2733 1700 2789 Bernardo
1733 2735 1817 2787 vi-

246 2813 452 2881 delicet
480 2835 537 2881 et
564 2826 844 2897 Gregorio,
893 2835 1087 2897 przeter
1129 2825 1432 2895 episcopale
1476 2824 1708 2880 ollicium
1736 2825 1819 2878 in-

248 2913 484 2968 terdicta
514 2912 752 2981 sunt,‘et
777 2923 973 2986 praeter
995 2929 1059 2969 ea
1089 2928 1189 2982 pro
1217 2914 1415 2983 quibus
1442 2912 1679 2969 Joannes
1698 2912 1817 2966 Mo-

246 3002 505 3057 ravensis
538 3017 702 3072 super
750 2994 877 3057 eum
930 3002 1131 3055 clamat
1168 2992 1475 3071 episcopus.
1510 3001 1627 3067 Qua
1667 3001 1723 3055 in
1759 3017 1817 3056 re

249 3102 405 3146 tuam
430 3091 665 3146 maxime
697 3091 1054 3146 admonemus
1083 3084 1442 3158 prudentiam,
1479 3097 1539 3142 ut
1571 3088 1637 3142 de
1680 3104 1814 3143 con-

1921 1906 2145 1960 servitio
2170 1904 2345 1960 sancti
2373 1903 2517 1958 Petri
2548 1920 2561 1957 :
2599 1904 2781 1958 ethoc
2804 1903 2945 1957 idem
2975 1918 3231 1973 rogamus
3253 1918 3349 1957 vos
3372 1918 3492 1956 mo-

1920 2010 2061 2048 nere»
2091 1995 2344 2049 comitem
2389 1992 2562 2048 sancti
2601 1991 2824 2063 Egidii,
2858 1999 2913 2045 et
2964 2005 3213 2046 socerum
3244 1989 3495 2045 Riccardi

1918 2080 2163 2154 Capuani
2224 2084 2484 2154 principis
2533 2092 2612 2145 et~
2648 2083 2945 2138 Amedeum
3008 2081 3178 2137 lilium
3237 2082 3497 2137 Adelettze

1920 2173 2217 2245 [Adelietze
2233 2172 2275 2245 ],
2309 2182 2645 2242 eaaterosque
2666 2186 2805 2241 quos
2838 2171 3169 2241 cognoscitis
3192 2173 3366 2225 sancti
3390 2171 3496 2225 Pe-

1921 2263 1991 2317 tri
2016 2278 2137 2319 esse
2174 2264 2375 2329 lideles,
2411 2271 2467 2317 et
2489 2262 2582 2332 qui
2624 2262 2875 2316 similiter
2905 2259 3157 2315 manibus
3193 2262 3259 2314 ad
3296 2263 3495 2315 coelum

1918 2352 2159 2407 extensis
2179 2351 2495 2420 promisere.
2529 2349 2584 2427 Si
2608 2349 2737 2418 quid
2772 2365 2901 2404 vero
2930 2360 3094 2404 certa:
3123 2350 3498 2418 responsionis

1917 2442 2217 2511 prudentiae
2251 2450 2444 2495 vestra:
2492 2440 2650 2494 nobis
2690 2439 2866 2509 placet
2913 2438 3207 2506 remittere,
3239 2454 3334 2508 per
3367 2455 3493 2493 eum

1917 2529 2169 2585 nuntium
2219 2528 2376 2583 nobis
2409 2529 2683 2593 mandate,
2720 2528 2815 2598 qui
2870 2527 3046 2582 modis
3092 2528 3345 2583 omnibus
3392 2543 3507 2586 nos,

1915 2619 2108 2674 reddat
2140 2619 2417 2685 indubios,
2448 2627 2503 2673 et
2543 2619 2683 2672 idem
2718 2627 2896 2672 vester
2926 2618 3149 2672 nuntius
3184 2618 3365 2671 veniat
3400 2634 3497 2687 per

1916 2708 2251 2763 eomitissam
2294 2705 2615 2772 Beatricem,
2644 2723 2765 2777 qua:
2788 2722 2913 2761 cum
2958 2706 3069 2761 lilia
3112 2714 3166 2760 et
3202 2705 3405 2776 "genero
3438 2708 3493 2761 in

1917 2798 2023 2853 hoc
2060 2798 2277 2867 negotio
2301 2797 2548 2851 laborare
2578 2806 2850 2867 procuret.
2878 2795 3025 2850 Hauc
3057 2805 3236 2850 autem
3262 2798 3495 2852 militum

1917 2886 2322 2941 multitudinem
2362 2901 2470 2939 non
2504 2886 2625 2940 ideo
2657 2900 2983 2941 coacervare
3020 2902 3299 2953 curamus,
3332 2871 3389 2940 ut
3424 2890 3495 2942 ad

1915 2976 2237 3030 eﬂ'usionem
2292 2975 2573 3045 sanguinis
2619 2974 3057 3029 Christianorum
3107 2976 3492 3041 intendamus,

1917 3066 2011 3122 sed
2047 3073 2107 3119 ut
2149 3064 2251 3133 ipsi
2286 3064 2541 3119 videntes.
2573 3064 2989 3133 expeditionem,
3028 3064 3157 3118 dum
3201 3066 3492 3135 conﬂigere

251 3183 431 3236 suetis
459 3180 704 3245 decimis,
741 3178 823 3234 vel
856 3153 1153 3235 redditibus
1186 3153 1457 3244 Ecclesiai,
1502 3179 1635 3231 nihil
1675 3178 1724 3233 ei
1761 3179 1814 3232 iu
1843 3153 1888 3222 (ἦ
1919 3156 2228 3225 “mum”:
2276 3156 2490 3245 (“cuius
2546 3156 2848 3209 summm"
2902 3156 3145 3224 ἱιιειίιίευ·
3198 3154 3494 3224 S'Peramus

250 3282 344 3325 tua
389 3275 659 3340 potestate
687 3258 950 3342 denegare
999 3267 1240 3340 patiaris,
1275 3277 1368 3323 aut
1414 3260 1682 3336 subtrahi,
1718 3286 1819 3325 nec

248 3361 495 3429 aliquam
517 3360 620 3425 sibi
643 3360 1080 3423 contrarietatem
1101 3356 1290 3423 facias,
1325 3373 1420 3426 per
1451 3373 1635 3427 quam,
1668 3366 1726 3411 ut
1751 3359 1816 3411 ad

250 3453 355 3501 nos
381 3444 571 3525 venire
624 3462 731 3501 non
781 3446 971 3515 possit,
1004 3434 1384 3521 impedimenta
1423 3445 1526 3499 sibi
1557 3446 1820 3500 obsistere

249 3539 456 3592 iterum
481 3546 865 3607 conqueratur.
911 3536 989 3591 Eo
1023 3536 1202 3592 autem
1247 3546 1489 3606 tempore
1524 3553 1635 3607 quo
1683 3537 1817 3607 ipse,

212 3616 217 3619 ’
249 3630 399 3682 sicut
431 3642 528 3697 per
550 3618 833 3696 epistolam
876 3636 1117 3691 nostram
1155 3626 1520 3681 commonitus
1555 3635 1657 3692 est,
1690 3642 1821 3695 apo-

247 3718 508 3774 stolicam
535 3716 713 3781 sedem
762 3715 911 3771 adire
949 3714 1213 3790 debuerit,
1245 3725 1298 3770 te
1338 3732 1575 3786 quoque,
1609 3716 1656 3773 si
1704 3716 1821 3773 ﬁeri

250 3814 464 3874 posset,
494 3798 816 3875 prasentem
855 3803 971 3858 fore
1000 3805 1235 3859 maxime
1281 3818 1621 3873 cuperemus.
1664 3804 1821 3871 Quod

251 3896 297 3948 si
335 3911 524 3950 rerum
554 3904 651 3949 aut
678 3903 999 3964 temporum"
1016 3903 1243 3951 eventus
1282 3895 1639 3965 prohibuerit,
1665 3897 1825 3950 nobi-

250 3984 466 4037 litatem
486 3992 719 4039 vestram
753 3985 984 4039 multum
1013 3982 1369 4042 admonemus
1402 3995 1463 4042 ut
1508 3987 1822 4058 episcopum

252 4070 633 4125 Moravensem
652 4072 995 4139 prasentiam
1030 4088 1185 4127 suam
1219 4074 1377 4129 nobis
1395 4076 1651 4131 exhibere
1673 4092 1825 4132 com-

252 4160 571 4215 moneatis:
602 4168 657 4214 et
687 4168 945 4229 praeterea
980 4161 1048 4215 de
1077 4162 1274 4219 vestris
1300 4163 1715 4230 tidelibustales
1754 4169 1824 4223 ad

253 4262 358 4301 nos
391 4246 613 4317 nuntios
633 4246 899 4316 dirigatis,
923 4261 1048 4302 cum
1076 4248 1296 4317 quibus,
1351 4230 1564 4304 rerum‘
1596 4252 1824 4307 veritate

254 4334 449 4389 solerti
476 4333 816 4404 indagatione
836 4334 1133 4403 perquisita
1163 4344 1217 4391 et
1246 4335 1484 4406 undique
1523 4338 1819 4407 explorata,

254 4424 478 4479 favente
497 4424 675 4478 divina
702 4425 1006 4491 clementia,
1038 4440 1225 4480 omnes
1247 4427 1650 4484 dissensionum
1687 4448 1820 4487 cau-

253 4530 347 4569 sas
377 4514 695 4569 abscindere
716 4556 731 4582 ,
771 4506 1109 4593 etiquidquid
1131 4532 1347 4588 aequum
1374 4518 1535 4575 fuerit
1561 4509 1819 4583 determi-

254 4615 392 4658 nata
415 4604 681 4657 sententia
701 4595 939 4666 statuere
967 4606 1265 4663 valeamus.

278 4756 280 4758 τ
322 4678 467 4745 Data
704 4708 759 4763 ιι,
782 4693 1047 4753 Kalendas
1077 4695 1381 4765 Februarii,
1407 4700 1704 4761 indictione
1725 4720 1822 4758 xu.

769 4809 1101 4865 EPISTOLA
1136 4811 1318 4868 XLVI.

500 4914 570 4956 ΑΒ
603 4914 927 4956 θυηιειιίυι
959 4916 1193 4956 CONITEI
1232 4919 1562 4962 Βυιιςυςυιε.

846 4991 1027 5060 (Anno
1063 4993 1243 5064 1074.)
1472 4990 1473 4993 ‘

261 5103 443 5160 Haut
472 5113 532 5189 ut
554 5121 663 5190 sine
681 5118 799 5190 agn
820 5104 1271 5190 quibusdamlqliis
1293 5111 1613 5190 principibus
1646 5117 1821 5190 (prout

288 5193 293 5203 '
324 5174 667 5253 promiserat)
717 5173 965 5253 Ecclesia
1003 5176 1204 5253 aufilio
1240 5173 1441 5253 veniat,
1464 5173 1580 5253 tut,
1616 5173 1846 5253 pacatis

292 5300 293 5305 η
327 5242 695 5363 Noru‘mnnis,
733 5242 993 5297 auxilium
1052 5242 1640 5318 Constantinopolitaiti's
1687 5256 1822 5322 ferre

329 5326 476 5365 nam
507 5350 523 5365 .

329 5327 523 5381 possit.

292 5456 297 5479 ξ
331 5421 644 5479 ῦηδοιιωι
678 5426 986 5495 episcopus,
1011 5440 1200 5481 servus
1224 5439 1507 5482 servorum
1542 5426 1656 5495 Dei,
1691 5429 1819 5485 Gui-

263 5526 460 5566 ιιειιο
480 5508 925 5581 Burgundionum
942 5516 1127 5600 comiti
1140 5515 1370 5570 salutem
1393 5525 1448 5571 et
1469 5520 1819 5587 apostolicam

265 5600 719 5658 benedictionem.
1475 5601 1481 5607 ’

328 5690 812 5761 “cumulet
841 5696 1122 5766 prudentia
1160 5707 1335 5756 vestra
1369 5657 1529 5767 quam
1560 5714 1704 5768 arga
1749 5700 1822 5755 af-
1856 5730 1867 5736 -

1918 3247 2079 3300 etiam
2102 3246 2248 3316 quod
2270 3244 2500 3299 forsitan
2524 3244 2630 3298 alia
2660 3245 2782 3298 inde
2806 3245 3010 3299 utilitas
3034 3244 3264 3309 oriatur,
3286 3246 3496 3298 scilicet

1919 3343 2000 3400 ut,
2032 3334 2239 3405 pacatis
2273 3332 2624 3397 Normannis,
2661 3341 3005 3386 transeamus
3032 3332 3495 3400 Constantinopo-

1918 3424 2011 3478 lim
2036 3424 2089 3477 in
2111 3409 2438 3492 adjutorium
2457 3419 2892 3479 Christianorum
2913 3437 2927 3486 ;
2948 3420 3039 3489 qui
3060 3419 3284 3473 nimium
3310 3420 3492 3475 alllieti

1919 3510 2263 3575 creberrimis
2294 3509 2567 3563 morsibus
2604 3508 3025 3574 Saracenorum,
3049 3508 3322 3562 inbianter
3347 3510 3497 3579 llagi-

1919 3608 2058 3667 tant,
2094 3608 2154 3653 ut
2180 3599 2283 3655 sibi
2309 3614 2531 3652 manum
2568 3597 2731 3652 vestri
2756 3595 2847 3668 [f.,
2874 3598 3069 3664 nostri,
3096 3607 3146 3651 et
3175 3599 3251 3651 sic
3282 3600 3339 3652 iu
3366 3598 3489 3652 llu-

1922 3686 2059 3760 tin.]
2082 3687 2268 3742 auxilii
2298 3686 2660 3757 perrigamus.
2692 3682 2827 3740 Nam
2867 3696 3054 3741 contra
3089 3701 3185 3741 eos
3217 3676 3491 3740 Narniae-

1921 3770 2023 3832 nos
2052 3776 2146 3846 qui
2179 3775 2337 3830 nobis
2360 3773 2590 3828 rebelles
2622 3781 2770 3839 sunt,
2812 3774 2947 3827 satis
2981 3773 3253 3828 sulliciunt
3291 3775 3492 3830 milites

1921 3865 2013 3921 isti
2048 3864 2143 3935 qui
2183 3863 2466 3918 nobiscum
2497 3870 2641 3917 sunt.
2675 3860 2871 3916 Certus
2903 3859 3049 3915 enim
3073 3870 3193 3915 esto
3228 3864 3491 3931 quoniam

1923 3964 1994 4022 te,
2030 3964 2087 4010 et
2120 3969 2309 4009 omnes
2340 3952 2433 4025 qui
2467 3960 2646 4008 tecum
2684 3952 2740 4007 in
2778 3953 2883 4008 liae
2916 3953 3254 4023 expeditione
3288 3954 3495 4011 fuerint

1924 4040 2153 4115 fatigati,
2184 4042 2406 4113 duplici,
2446 4042 2558 4099 imo
2598 4042 2885 4114 multiplici
2935 4044 3391 4109 remuneratione,
3432 4052 3493 4097 ut

1923 4135 2215 4200 credimus,
2238 4131 2431 4189 Petrus
2461 4141 2518 4188 et
2558 4130 2761 4189 Paulus
2805 4131 3079 4202 principes
3115 4131 3490 4201 aposwloruui

1923 4223 2223 4277 donabunt.

1949 4315 1965 4329 ’
1993 4311 2129 4366 Data
2154 4310 2327 4391 Roma
2359 4329 2410 4369 ιν
2440 4311 2624 4369 Nonas
2647 4311 2948 4383 Februarii,
2972 4314 3265 4373 indictione
3285 4315 3484 4373 duode-

1922 4416 2083 4456 cima.
2586 4438 2587 4441 η

2409 4496 2747 4553 EPISTOLA
2784 4495 2991 4553 XLVII.

2298 4601 2367 4641 AD
2403 4602 2507 4643 οοιι
2516 4602 2721 4642 ιτιεειι
2758 4556 3104 4659 υλτιιιιυει]

2500 4674 2681 4745 (Anno
2724 4674 2904 4743 iovi.)

1922 4758 2329 4831 Hortatuream
2348 4761 2418 4813 ad
2443 4760 2738 4831 frequenter
2766 4767 3074 4819 sumendum
3096 4756 3488 4822 sanctissimum
3514 4798 3535 4823 ς

1982 4828 2314 4906 ςιιεΙιᾳνξδιίω
2354 4828 2786 4906 tamentantum,
2812 4845 2861 4887 et
2905 4838 2974 4888 ad
3005 4837 3323 4889 devotionem
3360 4854 3486 4906 ergo

1987 4898 2341 4951 beatissimam
2360 4900 2613 4970 virginem
2649 4902 2897 4955 Mariam.
2995 4956 3005 4962 ,

1989 4988 2294 5044 Caesonius
2328 4989 2635 5060 episcopus,
2682 5006 2872 5046 servus
2903 5006 3184 5047 servorum
3235 4993 3351 5061 Dei,
3401 4988 3486 5050 di-

1921 5083 2157 5141 lectaein
2179 5082 2397 5137 Christo
2431 5082 2555 5135 illia:
2587 5080 2857 5135 ΜΑτιιιιυι
2896 5084 3126 5139 salutem
3150 5094 3204 5140 et
3228 5090 3486 5157 apostoli-

1920 5189 2040 5229 cam
2073 5172 2519 5227 benedictionem.

1963 5260 2203 5325 ‘Quanta
2240 5259 2311 5313 sit
2343 5257 2474 5313 mihi
2498 5274 2653 5327 cura,
2695 5272 3006 5333 quantaque
3048 5262 3383 5318 incessanter
3414 5265 3481 5317 de

1920 5357 1973 5402 te
2000 5355 2199 5417 tuaque
2238 5348 2413 5403 salute
2458 5349 2785 5416 sollicitudo,
2830 5350 2946 5419 ipse
2984 5334 3261 5420 solusqui
3300 5350 3481 5405 cordis

1920 5448 2120 5491 arcana
2164 5436 2395 5493 rimatur
2428 5438 2698 5510 intelligit,
2743 5448 2799 5494 et
2839 5439 3011 5494 multo
3044 5440 3236 5493 melius
3272 5440 3480 5506 meipso

1920 5525 2219 5595 cognoscit.
2261 5525 2342 5581 Tu
2374 5529 2580 5596 tamen,
2624 5530 2670 5584 si
2712 5542 2949 5603 pensare,
2986 5543 3094 5583 non
3137 5526 3383 5596 negligis,
3421 5539 3484 5578 ut

1920 5629 2065 5680 reor,
2111 5616 2494 5672 animadvertis
2537 5619 2663 5687 quia
2702 5634 2801 5687 pro
2837 5619 3003 5672 tantis
3040 5618 3115 5669 tui
3159 5629 3344 5669 curam
3389 5628 3481 5667 me

1923 5704 2388 5776 oportet-habere,
2416 5722 2516 5775 pro
2549 5709 2766 5778 quantis
2791 5717 2843 5762 te
2872 5706 3149 5763 ebaritatis
3180 5704 3357 5762 studio
3391 5707 3488 5746 αρ’
