4098 6412
684 676 992 748 provideres
1024 691 1036 726 :
1067 673 1309 728 Charitas
1349 672 1507 735 enim,
1533 677 1592 722 ut
1625 684 1764 738 smpc
1794 667 1924 729 dixi,
1955 675 2007 720 et
2043 665 2114 720 ita
2147 665 2232 718 di-

686 785 827 833 cam,
868 781 1100 836 sequens
1143 763 1412 818 cmlestem
1453 761 1655 826 tubam.
1689 776 1786 812 non
1832 773 1949 828 qua:
1983 774 2081 811 sua
2115 758 2242 810 sunt

686 859 870 928 quierit
900 856 954 923 (1
985 855 1107 910 Cor.
1135 854 1274 922 xm).
1303 852 1427 919 Sed,
1455 853 1581 922 quia
1610 851 1748 904 inter
1782 857 1972 904 caetera
1998 863 2119 918 qua:
2138 847 2236 902 tibi

686 957 874 1002 contra
894 945 1189 1016 principem
1212 942 1397 998 mundi
1431 953 1601 1007 arma,
1620 939 1730 995 Deo
1754 937 1982 1003 favente,
2009 937 2234 1016 contuli,

687 1036 831 1106 quod
857 1033 1194 1105 potissimum
1217 1040 1319 1092 est.
1342 1041 1401 1085 ιιι
1422 1041 1615 1101 corpus
1634 1028 1971 1083 Dominicum
1995 1027 2239 1098 frequens

691 1135 773 1180 ter
805 1125 1096 1194 acciperes,
1127 1121 1355 1176 indicavi
1383 1139 1396 1174 :
1429 1127 1482 1174 et
1515 1126 1575 1174 ut
1608 1121 1767 1174 certe
1808 1117 2016 1172 fiducia:
2049 1116 2253 1172 matris

688 1211 901 1266 Domini
929 1219 983 1265 te
1015 1210 1236 1264 omnino
1261 1209 1625 1264 committeres
1661 1206 1918 1276 przecep'i;
1953 1206 2081 1276 quid
2115 1206 2237 1260 inde

689 1301 880 1355 beatus
919 1298 1256 1363 Ambrosinus,
1301 1297 1548 1352 videlicet
1587 1296 1654 1350 de
1703 1295 1964 1350 sumendo
2014 1310 2237 1364 corpore

689 1387 923 1452 Domini,
948 1387 1194 1450 senserit,
1217 1386 1300 1441 his
1323 1387 1378 1440 in
1400 1385 1593 1440 litteris
1615 1385 1876 1440 intimavi.
1903 1385 1992 1438 Ait
2011 1385 2154 1438 enim
2182 1384 2235 1439 in

687 1474 827 1529 libro
845 1479 1039 1543 quarto
1065 1472 1140 1546 De
1161 1472 1511 1528 sacramentis
1533 1473 1670 1526 inter
1690 1479 1881 1527 caatera
1907 1486 1922 1522 :
1958 1489 1977 1522 ι
2015 1469 2070 1524 Si
2095 1485 2237 1525 mor-

689 1571 798 1618 tem
831 1561 1043 1616 Domini
1087 1547 1499 1628 annuntiamus,
1537 1562 1920 1616 annuntiamus
1956 1561 2235 1617 remissio-

690 1665 811 1704 nem
835 1659 1196 1727 peccatorum.
1243 1649 1298 1704 Si
1333 1651 1759 1720 quotiescunque
1796 1643 2084 1705 eil'unditur
2112 1666 2237 1704 sano

689 1740 809 1812 guis
843 1739 1076 1806 Domini,
1105 1739 1160 1794 in
1191 1738 1565 1794 remissionem
1599 1747 1941 1809 peccatorum
1973 1739 2234 1804 funditur,

687 1830 857 1886 debeo
885 1831 1035 1884 illum
1074 1845 1285 1899 semper
1309 1831 1570 1899 accipere,
1607 1834 1667 1884 ut
1700 1845 1910 1900 semper
1941 1830 2071 1885 mihi
2109 1815 2234 1900 peca

3779 58 3784 60 '
3845 66 3876 88 τι
3887 58 3965 128 ες
4002 50 4098 280 Ἴ

684 451 785 535 327
1311 473 1365 526 s.
1408 468 1728 526 cneconu
1767 465 1854 520 vu
1892 457 2091 522 eam
2128 463 2246 532 opis

2343 461 2408 514 zu
2445 460 2620 515 rans
2653 460 2691 514 ι.
2731 489 2800 500 -
2834 428 3252 515 ιιειιιδῒίιιίι.
3791 460 3897 514 ses

683 590 841 656 tiuui,
865 603 931 642 ne
962 587 1080 641 illos
1104 586 1400 648 desereres,
1435 595 1492 638 ut
1517 591 1622 637 tuae
1654 581 1824 636 solius
1857 579 2050 634 animae
2075 575 2233 630 salmi
2267 577 2307 632 Δ
2334 583 2449 628 ιιιιιι
2475 573 2618 628 alere
2636 573 2720 626 sui
2747 571 2899 626 lactis
2926 570 3251 626 fecunditate
3279 570 3517 635 festinat,
3549 572 3629 626 sic
3659 581 3716 625 et
3743 571 3903 626 Clm~

2336 673 2453 718 stus
2483 678 2621 732 quos
2653 663 2767 730 ipse
2805 665 3085 729 regenerat
3122 674 3222 714 suo
3246 659 3507 729 sanguine
3533 669 3748 730 semper
3769 676 3903 715 enus

2335 757 2447 811 trit.
2489 775 2508 805 ι
2533 753 2764 827 Etenim,
2793 763 2854 807 ut
2887 751 3026 806 idem
3067 744 3303 806 Joannes
3330 750 3518 805 scribit
3545 751 3612 804 ad
3643 750 3901 806 Theodo«

2338 859 2456 899 rum
2488 843 2832 907 monachum,
2863 861 2881 892 ι
2920 839 3189 894 lubricum
3215 855 3385 911 genus
3412 849 3495 894 est
3534 848 3730 894 natura
3755 855 3904 894 mor-

2337 933 2458 988 talis
2489 949 2502 986 :
2528 931 2635 986 cito
2665 930 2877 1000 quidem
2913 929 3132 993 labitur,
3167 929 3260 983 sed
3298 935 3408 982 neu
3435 943 3557 982 sero
3590 939 3898 998 reparatur,

2308 1015 2311 1018 ’
2335 1032 2408 1089 et,
2430 1031 2491 1076 ut
2515 1021 2862 1084 iacilecadit,
2888 1020 2959 1074 ita
2982 1027 3036 1074 et
3057 1019 3312 1074 velociter
3327 1019 3525 1089 surgit.
3559 1038 3577 1068 ι
3605 1018 3900 1086 Debemus,

2336 1129 2370 1166 o
2405 1115 2533 1179 lilia,-
2561 1113 2628 1166 ad
2670 1113 2774 1166 hoc
2817 1111 3092 1182 singulare
3132 1109 3423 1180 confugere
3471 1112 3901 1176 sacramentum,

2339 1202 2609 1272 singulare
2647 1208 2893 1271 appetere
2936 1199 3408 1254 medicamentum.
3445 1197 3568 1254 Habe
3601 1198 3740 1264 ideo,
3773 1199 3905 1253 cbao'

2337 1291 2551 1347 rissima
2578 1289 2746 1344 beatri
2767 1288 2914 1343 Petri
2929 1289 3062 1357 filia,
3087 1289 3325 1344 scribere
3347 1289 3649 1358 procuravi,-
3673 1297 3736 1342 ut
3763 1287 3906 1342 ﬁdes

2337 1395 2398 1435 ac
2442 1379 2722 1434 liducia‘in
2749 1378 3062 1449 accipiendo
3091 1394 3289 1448 corpus
3334 1377 3549 1433 Domini
3582 1379 3754 1448 major
3799 1377 3903 1432 tibi

2337 1480 2626 1526 accrescat.
2652 1457 2836 1526 Talem
2861 1469 3078 1540 quidem
3106 1470 3441 1533 thesaurum,
3466 1469 3700 1538 taliaque
3727 1468 3902 1534 dona,-

2339 1575 2445 1613 non
2463 1575 2676 1625 aurum,-
2700 1574 2809 1613 non
2839 1558 3044 1628 lapides
3072 1557 3362 1627 pretiosos,-
3385 1566 3568 1612 amore
3595 1557 3768 1627 patris
3797 1557 3904 1619 tui,-

2338 1647 2596 1700 ccelorum
2640 1646 2887 1700 videlicet
2918 1645 3195 1715 principis,
3224 1661 3254 1698 ιι
3284 1661 3371 1699 me
3401 1653 3491 1698 tua
3531 1645 3756 1714 requirit
3784 1645 3906 1699 ani-

2339 1754 2445 1803 ma,
2484 1737 2607 1792 licet
2640 1737 2709 1792 ab
2758 1736 2878 1792 aliis
2920 1736 3303 1791 sacerdotibus.
3329 1735 3484 1804 longe
3532 1736 3754 1789 meliora
3799 1745 3908 1806 pro

2340 1827 2544 1882 meritis
2574 1827 2817 1896 accipere
2850 1826 3044 1895 possis.
3083 1824 3158 1879 De
3187 1824 3352 1879 Matre
3372 1833 3502 1878 vero
3535 1825 3773 1890 Domini,
3810 1825 3906 1880 cui

689 1932 809 1979 cata
846 1925 1201 1979 dimittantur.
1236 1921 1338 1990 Qui
1371 1939 1583 1995 semper
1613 1941 1796 1995 pecco,
1824 1938 2037 1996 semper
2071 1927 2239 1980 debeo
2272 1911 2313 1964 Β
2339 1927 2388 1972 te
2421 1918 2792 1988 principaliter;
2815 1915 3060 1970 commisi
3107 1922 3162 1969 et
3201 1915 3504 1979 committo,
3527 1923 3582 1969 et
3615 1931 3905 1984 nunquam

690 2016 888 2070 habere
924 2015 1263 2074 medicinam.
1297 2019 1314 2066 ι
1349 2014 1480 2070 Item
1519 2016 1634 2086 ipse
1667 2017 1984 2082 AmbrOsius
2018 2017 2071 2070 in
2106 2016 2242 2070 libro

686 2103 878 2175 quinto
904 2104 970 2159 de
999 2104 1352 2159 sacramentis
1377 2123 1388 2157 :
1424 2121 1442 2154 t
1482 2103 1539 2156 Si
1582 2104 1931 2173 quotidianus
1959 2109 2042 2158 est
2065 2104 2241 2172 panis.

687 2208 787 2247 cur
810 2201 933 2262 post
953 2208 1154 2246 annum
1190 2193 1340 2246 illum
1365 2208 1566 2254 sumas,
1594 2193 2044 2261 quemadmodum
2071 2191 2240 2246 (ὶταί

689 2283 747 2337 in
767 2281 982 2336 Oriente
1008 2296 1334 2335 consuevere
1365 2280 1570 2334 facere?
1593 2280 1789 2350 Accipe
1812 2279 2072 2350 quotidie,
2098 2280 2242 2350 quod

690 2373 929 2444 quotidie
953 2372 1047 2425 tibi
1082 2371 1253 2440 prosit
1293 2388 1305 2425 :
1342 2372 1420 2426 sic
1456 2373 1594 2437 vive,
1626 2380 1687 2424 ut
1720 2370 1958 2440 quotidie
1987 2365 2244 2424 merearis

689 2461 952 2530 accipere.
991 2458 1218 2524 Quando
1250 2457 1351 2531 [f.,
1385 2457 1487 2525 Qui
1520 2474 1648 2523 non,
1680 2471 1744 2510 ex
1779 2455 2016 2509 Ambros.
2052 2455 2088 2509 l.
2116 2472 2149 2509 v
2182 2455 2244 2510 de

689 2562 827 2600 sacr.
873 2564 927 2600 n.
961 2546 1072 2617 25]
1101 2555 1337 2601 meretur
1363 2546 1602 2615 quotidie
1637 2544 1899 2614 accipere,
1933 2559 2040 2598 non
2068 2559 2242 2598 mere-

682 2640 779 2687 tur
800 2642 920 2702 post
943 2649 1144 2696 annum
1173 2633 1452 2703 accipere;
1476 2633 1746 2702 quomodo
1775 2631 1876 2686 Job
1901 2639 2119 2686 sanctus
2147 2646 2244 2701 pro

689 2721 814 2776 ﬁliis
867 2721 980 2777 suis
1027 2721 1284 2777 offerebat
1325 2721 1563 2792 quotidie
1612 2721 1959 2787 sacrificium,
1991 2735 2059 2774 ne
2107 2718 2246 2774 forte

691 2809 893 2878 aliquid
935 2811 1039 2873 vel.
1071 2810 1127 2863 in
1173 2810 1357 2871 corde,
1398 2809 1482 2863 vel
1523 2809 1578 2862 in
1621 2822 1871 2863 sermone
1910 2816 2242 2876 peccassent.

691 2895 834 2968 Ergo
865 2906 923 2952 tu
961 2898 1117 2954 audis
1151 2898 1295 2966 quod
1323 2897 1751 2967 quotiescunque
1784 2895 2004 2949 ollertur
2038 2895 2244 2948 sacriﬁ-

696 2987 858 3051 eium,
887 3002 1035 3041 mors
1060 2985 1290 3046 Domini,
1309 2986 1629 3040 resurrectio
1657 2984 1869 3038 Domini
1895 2981 2244 3053 signiﬁcetur,

691 3085 750 3131 et
775 3077 1025 3130 remissio
1054 3083 1395 3145 peccatorum
1421 3092 1435 3139 ς
1461 3083 1514 3128 et
1535 3089 1727 3144 panem
1764 3074 1926 3127 istum
1955 3073 2078 3125 vita:
2106 3086 2245 3140 quo-

695 3165 954 3219 tidianum
989 3180 1097 3218 non
1152 3165 1421 3218 assumis?
1445 3163 1775 3229 Qui‘vulnus
1808 3163 1989 3225 habet,
2027 3160 2247 3214 medici-

695 3261 822 3308 nam
856 3250 1097 3318 requirit.
1123 3247 1330 3301 Vulnus
1355 3257 1458 3311 est,
1489 3248 1616 3317 quia
1653 3248 1756 3301 sub
1775 3254 1996 3315 peccato
2021 3259 2243 3310 sumus;
2272 3233 2313 3286 (ἶ

695 3325 958 3398 medicina
995 3345 1077 3390 est
1100 3337 1317 3390 caeleste
1350 3345 1404 3389 et
1441 3335 1743 3391 venerabile
1771 3325 2188 3389 sacramentum.
2221 3351 2241 3383 ι

695 3427 823 3483 ltem
846 3428 1148 3498 Gregorius
1191 3443 1323 3496 papa
1360 3428 1414 3482 in
1439 3427 1576 3483 libro
1601 3442 1654 3480 iV
1681 3425 2026 3495 Dialogorum
2060 3443 2072 3477 :
2104 3439 2124 3474 ι
2154 3415 2251 3477 De-

692 3521 884 3574 bemus
924 3519 1102 3587 itaque
1132 3532 1372 3587 pnesens
1410 3519 1687 3581 sarculum,
1709 3518 1794 3572 vel
1816 3517 1943 3586 quia
1969 3516 2082 3585 jam
2117 3529 2249 3570 eon-

695 3607 952 3677 spicimus
987 3606 1288 3671 deﬂuxisse,
1322 3614 1431 3660 tota
1465 3614 1643 3660 mente
1682 3614 2045 3667 contemnere,
2071 3594 2252 3672 quoti—

695 3698 856 3750 diana
882 3687 990 3748 Deo
1011 3695 1368 3763 lacrymarum
1404 3694 1691 3757 sacriﬁcia,
1718 3691 2049 3761 quotidianis
2071 3690 2253 3743 carnis

696 3785 816 3853 ejus
851 3792 907 3838 et
945 3782 1223 3852 sanguinis
1262 3782 1467 3836 hostias
1507 3783 1804 3836 immolare.
1851 3779 1976 3835 Haec
2020 3794 2254 3848 namque

696 3874 1039 3946 singulariter
1058 3871 1276 3926 victima
1306 3873 1374 3926 ab
1405 3880 1606 3926 aeterno
1632 3870 1848 3924 interitu
1883 3869 2116 3922 animam
2144 3868 2252 3922 sal-

695 3971 805 4028 vat,
831 3976 951 4032 quae
992 3959 1134 4013 illam
1177 3959 1336 4014 nobis
1361 3967 1589 4012 mortem
1631 3955 1893 4028 unigeniti
1930 3970 2026 4023 per
2054 3963 2253 4024 myste—

614 4069 619 4074 '
696 4051 838 4108 rium
873 4056 1118 4118 reparat;
1147 4045 1324 4113 Quod,
1361 4046 1486 4100 licet
1532 4060 1761 4114 surgens
1797 4059 1828 4097 a
1867 4042 2116 4118 mortuis,
2140 4041 2252 4110 jam

697 4153 805 4195 non
841 4117 1089 4202 moritur,
1119 4144 1176 4190 et
1199 4149 1346 4189 mors
1367 4134 1416 4188 ei
1453 4135 1593 4188 ultra
1621 4149 1728 4187 non
1762 4117 2148 4195 dominabitur,
2173 4139 2256 4184 ta-

698 4245 821 4284 men
865 4230 920 4284 in
982 4229 1099 4304 ipso
1145 4226 1524 4282 immortaliter
1566 4233 1728 4294 atque
1779 4222 2253 4291 ineorruptibiliter

697 4319 904 4382 vivens,
950 4334 1048 4387 pro
1073 4317 1250 4380 nobis
1285 4317 1478 4371 iterum
1524 4315 1580 4370 in
1631 4315 1736 4370 hoc
1785 4313 2042 4385 mysterio
2087 4327 2253 4367 saeue

699 4397 986 4478 oblationis
1013 4408 1355 4472 immolatur;
1384 4407 1499 4475 ejus
1532 4391 1730 4477 quippe
1764 4407 1836 4460 ibi
1859 4421 2057 4475 corpus
2079 4406 2251 4460 sumi-

702 4503 812 4557 tur,
843 4493 961 4561 ejus
990 4507 1118 4546 caro
1153 4493 1206 4546 in
1237 4494 1417 4561 p0puli
1443 4495 1615 4547 salute
1645 4495 1864 4563 patitur,
1891 4495 2009 4562 ejus
2031 4492 2252 4560 sanguis

702 4599 810 4639 non
837 4583 948 4651 jam
992 4582 1045 4634 in
1089 4595 1280 4634 manus
1323 4568 1760 4644 inﬁdelium,sed
1793 4583 1847 4634 in
1887 4597 1982 4635 ora
2015 4583 2248 4637 ﬁdelium

703 4671 963 4725 funditur.
1005 4667 1139 4723 ilinc
1173 4683 1301 4738 ergo
1333 4682 1620 4737 pensemus
1655 4667 1812 4735 quale
1844 4667 1916 4721 sit
1956 4683 2055 4735 pro
2095 4670 2249 4723 nobis

702 4763 805 4815 hoc
835 4758 1176 4817 sacriﬁcium.
1212 4758 1356 4826 quod
1378 4773 1498 4827 pro
1532 4757 1871 4812 absolutione
1915 4766 2096 4811 nostra
2134 4774 2250 4826 pas-

700 4850 908 4904 sionem
947 4847 1207 4918 unigeniti
1251 4846 1371 4901 Filii
1402 4861 1613 4916 semper
1657 4846 1913 4900 imitatur.
1951 4846 2084 4912 Quis
2105 4845 2249 4900 enim

704 4937 937 4990 ﬁdelium
974 4937 1170 4991 habere
1191 4935 1413 4990 dubium
1443 4936 1616 5004 possit
1645 4935 1697 4989 in
1723 4935 1836 5004 ipsa
1869 4933 2252 4988 immolationis

705 5023 839 5077 liora
884 5026 948 5080 ad
1001 5027 1297 5082 sacerdotis
1335 5041 1518 5080 vocem
1566 5025 1734 5080 caelos
1775 5025 1971 5094 aperiri
2009 5042 2022 5078 :
2065 5025 2119 5078 in
2163 5025 2253 5077 illo

702 5109 832 5164 Jesu
878 5110 1079 5166 Clu-isti
1121 5115 1376 5184 mysterio
1419 5115 1732 5187 angelorum
1785 5115 1982 5168 choros
2015 5114 2248 5168 adesse:

703 5198 943 5254 summis
987 5199 1093 5253 ima
1156 5203 1350 5254 sociari
1391 5221 1402 5255 :
1441 5214 1650 5258 terrena
1695 5203 2004 5260 cmlestibus
2048 5202 2200 5272 jungi
2237 5221 2248 5256 :

707 5303 874 5342 unum
896 5287 1026 5356 quid
1061 5302 1127 5341 cx
1150 5288 1450 5342 visibilibus
1470 5299 1629 5360 atque
1663 5293 2019 5349 invisibilibus
2048 5293 2200 5346 fieri?
2228 5311 2244 5342 ι

705 5375 837 5432 Item
862 5375 1096 5431 Joannes
1127 5375 1545 5446 Chrysostomus
1571 5381 1876 5447 patriarcha
1917 5383 1982 5436 ad
2011 5382 2250 5453 neophy-

709 5478 829 5523 tos:
870 5485 887 5519 t
920 5465 1103 5520 Videte
1127 5467 1575 5534 quemadmodum
1601 5483 1852 5536 sponsam
1883 5470 1984 5522 sibi
2005 5470 2254 5526 Christus

667 5607 671 5610 .
707 5556 988 5625 conjunxit
1023 5554 1238 5609 :videte
1281 5570 1390 5625 quo
1425 5572 1520 5610 vos
1560 5557 1680 5610 cibo
1724 5557 1988 5611 satietatis
2033 5559 2250 5612 enutrit.

709 5641 828 5714 ipse
863 5646 1016 5699 nobis
1039 5645 1145 5700 cibi
1189 5645 1501 5701 substantia.-
1538 5656 1622 5702 est
1648 5658 1807 5717 atque
1846 5646 2251 5701 nutrimentum.

711 5729 844 5792 Nam
869 5733 1009 5788 sicut
1043 5735 1253 5803 mulier,
1277 5736 1587 5794 'all'ectionis
1613 5746 1800 5793 natura
1827 5745 2067 5808 cogente,
2105 5738 2248 5806 geni-

2339 2007 2696 2071 committere,
2731 2019 3012 2074 quousque
3034 2005 3178 2057 illam
3204 2004 3509 2070 videamus,-
3533 2011 3592 2057 ut
3620 2003 3906 2073 cupimus,-

2338 2097 2603 2163 omittam,
2625 2095 2754 2166 quid
2782 2096 2879 2150 tibi
2901 2095 3098 2160 dicam,
3124 2109 3287 2163 quam
3311 2094 3509 2149 caelum
3538 2101 3593 2147 et
3621 2101 3763 2147 terra
3787 2095 3909 2146 lau-'

2337 2187 2484 2252 dare,
2511 2187 2639 2241 licet
2663 2193 2725 2239 ut
2756 2191 2993 2238 meretur
3035 2191 3322 2252 nequeant,
3351 2197 3459 2236 non
3504 2183 3756 2237 cessant?
3785 2181 3909 2237 Hoc

2338 2283 2516 2329 tamen
2547 2273 2737 2344 procul
2764 2272 2928 2326 dubio
2963 2279 3164 2335 teneas,
3215 2271 3361 2340 quia,
3406 2266 3612 2340 quanto
3641 2271 3807 2325 altior
3851 2279 3910 2325 rt

2339 2366 2532 2418 melior
2561 2379 2624 2418 ac
2657 2363 2896 2418 sanctior
2935 2371 3019 2417 est
3044 2361 3206 2416 omni
3242 2370 3438 2441 matre,
3475 2371 3626 2416 tanto
3657 2363 3907 2418 clemen-

2340 2457 2446 2510 tior
2469 2460 2522 2511 et
2554 2456 2765 2512 dulcior
2788 2455 2933 2510 circa
2961 2469 3253 2510 conversos
3288 2462 3598 2523 peccatores
3622 2463 3676 2508 et
3708 2469 3911 2523 pecca-

2338 2546 2520 2602 trices.
2556 2545 2702 2601 Pone
2731 2546 2913 2615 itaque
2944 2545 3106 2598 linem
3145 2544 3200 2596 in
3231 2543 3504 2597 voluntate
3537 2542 3821 2612 peccandi,
3852 2551 3912 2595 et

2341 2647 2606 2712 prostrata
2627 2651 2811 2692 coram
2837 2633 2925 2690 illa
2956 2650 3023 2690 ex
3053 2635 3214 2690 corde
3251 2634 3502 2689 contritio
3534 2642 3588 2688 et
3615 2633 3910 2687 humiliato

2343 2729 2605 2798 lacrymas
2633 2725 2862 2784 eﬂ‘unde.
2893 2725 3138 2780 Invenies
3172 2725 3340 2789 illam,
3381 2723 3751 2778 indubitanter
3779 2740 3908 2793 pro-

2343 2815 2516 2878 mitto,
2547 2815 2932 2884 promptiorem
2975 2813 3182 2869 carnali
3223 2821 3416 2878 matre,
3449 2827 3514 2867 ac
3541 2813 3820 2867 mitiorem
3844 2808 3909 2867 in

2346 2903 2423 2956 tui
2451 2902 2762 2966 dilectione.
2946 2929 2951 2934 ~
3000 2919 3004 2921 ’

2411 2989 2542 3042 Data
2576 2989 2759 3044 Roma:
2781 2989 2993 3044 decimo
3011 2989 3206 3059 quarto
3237 2989 3501 3044 Kalendas
3523 2990 3644 3046 Maii
3673 2991 3909 3064 [Martii,

2343 3089 2391 3132 et
2413 3081 2488 3132 sic
2511 3081 2566 3133 in
2597 3078 2835 3152 Mutiu.],
2874 3073 3184 3134 inductione
3203 3079 3540 3134 duodecima.

2822 3186 3153 3241 EPISTULA
3185 3186 3413 3272 XLVIII.

2591 3312 2656 3350 an
2691 3305 2975 3352 nonnum
3011 3304 3313 3351 caut'ssssu
3353 3312 3657 3354 εριδεοιιιτιι.

2691 3443 2694 3446 ,
2923 3386 3102 3455 (Anno
3139 3386 3318 3450 1074.)

2348 3471 2598 3540 Praecipit
2614 3489 2835 3542 uxorem
2856 3474 3130 3542 cujusdam
3156 3473 3378 3539 Ansaldi
3403 3475 3654 3529 adulterii
3689 3493 3916 3532 accusa:

2414 3551 2519 3594 tam
2555 3541 2634 3615 ad_
2651 3541 3011 3611 purgationem
3023 3565 3034 3582 ρ·
3046 3543 3292 3615 αιιηιὶιιὶ,Δ
3304 3612 3311 3615 _
3324 3551 3782 3615 excontmurucatu
3811 3564 3912 3615 pa;

2417 3620 2545 3662 trem
2585 3611 2718 3678 ejus,
2760 3622 2809 3690 et
2847 3627 3196 3680 quemcunque
3240 3612 3404 3665 alium
3437 3613 3526 3681 qui
3567 3614 3622 3666 id
3654 3611 3910 3683 impedire

2416 3689 2820 3746 praesumpserit.

2419 3786 2722 3842 Gnncomos
2763 3786 3079 3854 episcOpus,
3122 3795 3313 3842 serVus
3348 3802 3628 3843 servorum
3660 3781 3782 3856 Dei,-
3808 3789 3915 3845 lina

2349 3890 2520 3929 ιιειιτο
2536 3875 2807 3930 Genuensi
2827 3875 3102 3943 episcopo,
3123 3885 3172 3929 et
3192 3875 3445 3930 universo
3463 3877 3570 3930 loci
3595 3877 3742 3932 illius
3763 3879 3914 3950 clero

2349 3979 2413 4018 ac
2435 3956 2652 4033 populo,
2681 3963 2906 4016 salutem
2930 3970 2982 4016 et
3013 3963 3364 4033 apostolicam
3398 3965 3850 4024 benedictionem.

2416 4053 2774 4124 lntelligentes
2799 4070 3037 4110 errorem
3073 4061 3335 4123 vestrum,
3361 4057 3426 4112 de
3463 4059 3706 4127 periculo
3724 4060 3914 4117 Vestro

2349 4147 2503 4200 valde
2538 4147 2808 4212 timemus,
2841 4148 3101 4216 quoniam
3131 4159 3471 4204 sacramenta
3496 4153 3910 4217 cousortiicon—

2345 4236 2562 4306 jugalis,
2603 4236 2798 4291 divinis
2845 4239 3051 4293 sancita
3095 4243 3373 4309 praeceptis
3414 4251 3468 4295 et
3509 4241 3736 4312 legibus,
3769 4243 3916 4302 inter

2348 4325 2744 4394 vosmalignis
2792 4324 2984 4381 ftedari
3030 4328 3222 4401 studiis
3259 4329 3581 4385 audivimus.
3631 4331 3912 4402 Scriptum

2349 4414 2546 4484 quippe
2571 4423 2653 4469 est
2672 4411 2738 4469 de
2758 4417 3028 4486 conjugali
3052 4404 3268 4472 vinculo
3295 4434 3307 4468 :
3335 4417 3486 4483 Quod
3524 4418 3662 4474 Deut
3687 4417 3914 4490 conjs";

2349 4505 2450 4569 xit,
2473 4503 2625 4557 homo
2659 4520 2760 4557 non
2789 4515 2993 4575 separet
3017 4504 3232 4577 (Matth.
3256 4522 3371 4569 ιιι,
3410 4506 3576 4561 Mare.
3613 4522 3676 4574 ιε
3709 4506 3910 4562 Haut.

2354 4594 2450 4661 Ix),
2508 4602 2562 4648 et
2611 4591 2825 4650 Veritas
2875 4596 3097 4651 omnino
3136 4596 3388 4666 prohibet
3433 4613 3500 4652 ne
3545 4598 3629 4656 vir
3678 4605 3908 4658 uxorem

2351 4697 2526 4750 suam,
2557 4683 2661 4738 nisi
2692 4682 2831 4739 forte
2867 4701 3031 4740 causa
3060 4685 3461 4754 fornicationis,
3487 4673 3779 4761 relinquat.
3801 4688 3910 4744 No-

2351 4770 2436 4825 bis
2463 4781 2641 4828 autem
2681 4776 2907 4829 relatum
2941 4785 3024 4831 est
3055 4777 3354 4832 Ansaldum
3393 4780 3702 4848 quemdam,
3725 4781 3908 4836 conci-

2351 4874 2470 4914 vem
2492 4873 2754 4931 vestrum,
2783 4880 2824 4919 ι
2843 4875 2994 4935 patre
3022 4882 3124 4922 suo
3151 4879 3395 4924 coactum
3429 4885 3548 4924 esse
3591 4878 3651 4924 ιιι
3679 4887 3910 4927 uxorem

2355 4949 2648 5030 propriam,
2683 4951 2750 5007 de
2770 4952 3124 5009 fornicatione
3152 4957 3290 5011 falso
3319 4958 3685 5030 criminatum,
3701 4976 3809 5017 vnee
3831 4963 3908 5014 ul-

2355 5036 2522 5089 terius
2564 5026 2779 5098 babeat.
2830 5054 2929 5094 nec
2969 5040 3231 5108 judicium
3284 5045 3619 5113 purgationis
3669 5026 3813 5116 ejus,
3855 5050 3906 5104 id

2353 5124 2495 5193 quod
2521 5125 2638 5193 ipsa
2678 5128 2830 5182 valde
2857 5129 3145 5196 desiderat,
3181 5147 3278 5202 pro
3313 5135 3645 5189 discutienda
3679 5139 3908 5196 veritate

2354 5214 2632 5284 suscipiat.
2652 5216 2804 5283 Quod
2819 5219 2943 5288 quia
2958 5219 3152 5277 divinis
3167 5233 3223 5277 et
3245 5224 3494 5279 humanis
3520 5213 3727 5294 legibus
3749 5224 3907 5286 valde

2352 5307 2687 5362 contrarium
2721 5315 2823 5373 est,
2847 5310 3023 5378 primo
3057 5319 3108 5365 te
3131 5313 3461 5381 episcopum,
3491 5313 3680 5369 deinde
3711 5331 3908 5374 omnes

2351 5409 2448 5447 vos
2475 5395 2848 5458 admonemus,
2885 5409 2939 5451 et
2965 5399 3256 5466 apostolica
3301 5401 3616 5480 auctoritate
3654 5409 3902 5478 principi-

2352 5498 2475 5537 mus
2498 5491 2582 5547 ut,
2613 5485 2658 5538 si
2697 5485 2890 5538 mulier
2929 5485 2995 5538 ad
3024 5486 3473 5539 examinationem
3514 5488 3809 5558 legitimam
3845 5509 3908 5550 ea

2353 5569 2600 5624 conferre
2636 5572 2884 5636 voluerit,
2924 5587 3048 5625 cum
3101 5573 3248 5626 omni
3292 5575 3680 5644 tranquillitate
3723 5591 3780 5636 et
3817 5597 3906 5636 ex-

2354 5660 2687 5724 spectatione
2713 5660 2857 5728 justc
2891 5675 3012 5712 cum
3040 5661 3445 5727 probationibus
3476 5666 3803 5737 recipiatur;
3828 5679 3902 5733 et.

2356 5744 2400 5798 si
2436 5761 2534 5815 per
2577 5747 3000 5804 misericordiam
3036 5749 3129 5807 Dei
3163 5752 3420 5812 innocens
3453 5763 3786 5829 apparuerit,
3817 5778 3901 5816 sc-
