4098 6424
756 536 852 589 551

1382 526 1438 583 S.
1479 524 1799 599 GREGORII
1838 523 1929 579 \‘ii
1964 524 2165 581 ΡΑΡίΕ
2199 522 2480 581 OPERL'M
2513 523 2694 580 PARS
2727 523 2767 578 l.
2804 553 2875 564 —
2908 522 3321 580 REGISTRITM.

3762 92 4098 383 mss-61

3880 528 3973 584 332

754 659 926 701 tutae
956 641 1134 715 abbati
1170 639 1355 695 Sancti
1385 636 1572 693 Severi
1614 638 1845 691 salutem
1876 645 1931 692 et
1964 637 2319 707 apostolicam
2346 644 2397 704 Α
2420 651 2562 692 onus
2584 646 2643 691 ut
2666 646 2924 706 utrasque
2949 637 3197 692 abbatias
3223 635 3757 707 t'egeret,.\lctensem
3784 640 3980 697 scilicet

758 734 1208 788 benedictionem.
1268 758 1275 763 -

827 821 944 876 Non
967 820 1257 876 mediocris
1282 828 1333 874 te
1356 817 1734 873 inobedietttize
1758 830 1988 885 arguere
2010 829 2321 884 possumus,

757 912 902 981 quod
942 920 1065 979 post
1111 910 1311 963 multas
1354 906 1729 977 querimonias
1770 905 1838 959 de
1884 915 1936 959 te
1972 904 2025 958 in
2062 903 2324 959 Romanis

758 1000 1006 1053 mut-iliis
1060 984 1249 1060 factas,
1296 996 1686 1050 monasterium
1747 992 1961 1048 Sanctae
2014 992 2211 1061 Crucis
2260 994 2328 1049 de

756 1089 984 1143 ecclesia
1035 1087 1245 1143 Sancta:
1291 1085 1492 1149 Slarite,
1528 1086 1731 1139 ttullattt
1757 1086 1934 1139 adhuc
1958 1085 2226 1154 justitiam
2257 1085 2330 1138 sit

762 1190 1138 1233 consecutum.
1207 1175 1355 1229 Licet
1412 1190 1638 1229 examen
1693 1173 2039 1243 exquirendae
2088 1174 2329 1227 veritatis

766 1271 930 1339 hujus
951 1268 1149 1338 negotii
1184 1267 1390 1319 frivolis
1433 1264 1878 1319 excusationibus
1902 1264 2021 1332 jattt
2061 1280 2128 1317 es
2170 1263 2330 1335 longo

764 1372 1005 1429 tempore
1035 1346 1266 1411 evitasSe
1295 1356 1547 1419 videaris,
1578 1355 1829 1423 praesenti
1855 1363 2036 1408 tamen
2067 1369 2210 1406 anno
2234 1369 2331 1423 pro

765 1452 1064 1507 delinienda
1102 1452 1193 1505 lite
1226 1456 1413 1503 nostra
1445 1463 1475 1501 a
1508 1449 1684 1517 legato
1728 1456 1914 1501 nostro
1958 1447 2176 1503 (iiraltlo
2200 1447 2330 1520 [Ge-

767 1540 953 1613 rardo]
974 1540 1210 1595 Ostiensi
1238 1539 1496 1608 episcopo
1526 1538 1592 1591 ad
1628 1538 1894 1608 synodum
1922 1546 2175 1602 vocatus,
2208 1536 2332 1590 ttul-

697 1667 700 1669 λ
767 1630 1012 1686 iam'Deo
1045 1637 1100 1684 et
1128 1634 1318 1684 sancto
1362 1627 1523 1681 Petro
1551 1627 1750 1682 dit-eris
1781 1627 2138 1681 reverentiam
2181 1626 2335 1680 exhi-

767 1722 973 1786 buisse,
1029 1720 1163 1774 adeo
1207 1728 1287 1782 ut,
1318 1727 1625 1786 contempta
1659 1716 1983 1771 auctoritate
2026 1717 2335 1787 apostolicae

768 1812 932 1875 sedis,
958 1825 1134 1879 neque
1168 1820 1227 1863 tu
1257 1809 1461 1872 venire,
1493 1821 1667 1876 neque
1698 1805 1833 1860 alios
1864 1805 2010 1875 juste
2036 1816 2089 1861 te
2109 1821 2339 1860 excusa-

769 1908 921 1964 turos
945 1898 1221 1952 studueris
1250 1897 1483 1950 mittere.
1522 1892 1696 1959 Unde,
1746 1893 1874 1963 quia
1907 1893 2213 1949 abs'entatio
2243 1903 2334 1947 tua

769 1987 1027 2044 indicium
1055 1985 1335 2055 injustitize
1375 1993 1480 2038 tua:
1512 1982 1876 2037 clarissimum
1913 1982 2121 2047 tribuit,
2142 1981 2336 2036 dilliui-
2360 1985 2411 2039 Β

769 2086 883 2130 tum
907 2074 1065 2129 estin
1085 2072 1273 2127 eadem
1297 2070 1525 2141 synodo,
1551 2068 1883 2143 monasterio
1907 2066 2120 2122 Sanctae
2145 2066 2338 2122 Crttcis

770 2166 1038 2234 praedictae
1060 2163 1299 2217 ecclesiae
1322 2160 1534 2213 Sancta:
1556 2157 1737 2212 Maria:
1754 2158 1843 2227 jus
1865 2165 1917 2211 et
1939 2156 2337 2226 posscssioncttt

771 2251 1162 2308 restituendam
1187 2264 1329 2305 esse.
1359 2247 1532 2313 Quam
1560 2247 1817 2301 nimirum
1838 2245 2211 2300 tliliinitionem
2241 2261 2339 2301 nos

770 2343 1155 2413 approbantes,
1189 2338 1536 2410 prrecipiutus
1569 2337 1663 2391 tibi
1689 2336 1988 2407 apostolica
2018 2336 2341 2390 auctoritate

772 2444 829 2488 ut
852 2432 1133 2504 praefatum
1160 2429 1561 2505 monasterium
1577 2428 1789 2482 Sancta:
1814 2429 2026 2493 Crucis,
2060 2429 2201 2483 sicut
2225 2439 2340 2483 sta—

772 2529 948 2574 tutum
976 2527 1080 2582 est,
1104 2517 1286 2587 quiete
1311 2525 1495 2570 tenere
1518 2515 1820 2585 permittas.
1848 2513 2003 2580 Quod
2028 2515 2074 2570 si
2105 2525 2157 2570 te
2173 2516 2338 2585 justi-

772 2613 901 2666 tiatu
947 2610 1147 2664 habere
1176 2607 1430 2671 confidis,
1483 2608 1609 2663 hinc
1654 2622 1826 2676 usque
1874 2607 1941 2662 ad
1996 2606 2340 2662 festivitatem

770 2699 1016 2752 omnium
1059 2706 1375 2751 sanctorum
1410 2694 1478 2748 ad
1525 2710 1626 2748 ttos
1672 2695 1857 2747 venire
1891 2695 2131 2758 studeas,
2185 2704 2342 2764 teque

771 2787 1026 2856 pnelicto
1056 2784 1238 2839 abbati
1264 2784 1455 2838 eodem
1489 2783 1724 2839 termino
1748 2793 2038 2837 venturum
2066 2783 2337 2848 ttotilices;

775 2888 1045 2949 quatenus
1078 2876 1362 2944 utriusque
1417 2876 1588 2943 partis
1640 2874 1956 2943 pet-qttisitis
2014 2876 2338 2939 rationibus,

777 2980 985 3023 eertum
1021 2982 1200 3021 causa:
1232 2976 1422 3021 vesttzc
1452 2966 1636 3029 finem,
1672 2965 1783 3021 Deo
1821 2967 2138 3034 auxiliante,
2169 2968 2343 3037 impo-

777 3073 990 3113 namus.

846 3147 977 3202 Data
1026 3145 1211 3200 Roma:
1245 3146 1299 3200 itt
1336 3148 1563 3217 synodo,
1602 3146 1843 3201 secundo
1872 3144 1997 3201 ldus
2023 3144 2219 3210 Martii,
2257 3146 2341 3199 in-

773 3240 1008 3293 dictione
1028 3236 1374 3291 duodecitna.
1822 3248 1823 3251 ‘

840 3322 853 3329 ’
1325 3321 1659 3378 EPISTOLA
1692 3322 1798 3378 LII.

973 3424 1333 3470 Αυίιλιςλεδεκ
1364 3428 1810 3468 ΑΒΕΙΙΙΕΡΙΕΟΟΡΙἸ
1836 3429 2131 3469 REIEXSEH.

1363 3505 1541 3570 (Anno
1570 3504 1747 3573 107i.)

776 3594 983 3649 Laudat
1007 3610 1122 3647 eum
1153 3594 1291 3662 quod
1321 3594 1628 3647 monasterii
1663 3591 1847 3646 Sancti
1875 3591 2103 3662 Remigii
2131 3592 2344 3661 religio-

845 3679 957 3717 sum
984 3661 1222 3715 abbatem
1245 3662 1557 3730 prafet‘ert‘l,
1584 3663 1669 3715 cui
1691 3661 2152 3731 potestatentfacit
2179 3661 2345 3715 alium

845 3733 1112 3786 abbatiam
1135 3732 1565 3793 administrandi,
1611 3733 1658 3784 si
1703 3742 1906 3785 tantum
1936 3748 2066 3784 onus
2093 3732 2228 3800 ferre
2253 3747 2343 3783 ra-

845 3804 947 3854 leat
976 3802 1152 3870 :quod
1182 3801 1230 3870 si
1262 3816 1365 3852 non
1396 3803 1582 3870 possit,
1598 3801 1746 3867 jubet
1770 3802 1940 3868 ipsum
1961 3801 2088 3853 dare
2110 3815 2341 3868 operam,

845 3880 900 3923 ut
924 3869 1065 3922 alius
1100 3869 1261 3922 abbas
1281 3869 1625 3938 praeﬁciatur.

851 3960 1157 4015 Gntzcontt's
1201 3959 1509 4029 episcopus,
1541 3976 1732 4015 servus
1756 3968 2046 4014 servorum
2079 3958 2194 4022 Det,
2233 3957 2343 4013 .m-

773 4065 946 4105 uassa:
961 4048 1214 4104 Remensi
1231 4048 1638 4119 archiepiscopo
1665 4050 1893 4103 salutem
1918 4049 2341 4119 ct’apostolicam

775 4139 1231 4194 benedictionem.
1463 4144 1472 4156 ‘
2014 4127 2026 4138 “

847 4227 1093 4283 Romana
1140 4227 1377 4283 Ecclesm
1422 4228 1744 4298 jamdudum
1770 4228 2157 4283 fraternitatem
2195 4239 2341 4283 tuam

780 4319 924 4373 ulnis
956 4327 1213 4373 tnaternze
1242 4314 1550 4373 dilectionis
1581 4319 1934 4387 amplectens,
1959 4317 2175 4386 speciali
2201 4332 2340 4385 quo-

774 4410 1064 4464 dammodo
1097 4409 1363 4462 cltaritate
1403 4409 1608 4473 dilexit,
1645 4418 1699 4464 ct
1741 4408 2187 4478 praestantissima
2211 4422 2341 4461 cura

774 4498 1089 4551 dulcissime
1116 4497 1277 4560 fovit;
1314 4499 1616 4566 prtesertim
1650 4513 1752 4552 nos
1798 4498 1934 4552 adeo
1968 4507 2073 4551 tua:
2120 4512 2339 4566 promo-

776 4587 908 4641 tioui
942 4585 1175 4640 favimus
1207 4593 1260 4638 et
1301 4586 1705 4647 consensimus,
1733 4594 1787 4637 ut
1813 4600 2145 4654 nequeamus
2172 4584 2342 4637 vitarc

776 4691 935 4741 grave
963 4675 1282 4744 perieulum,
1316 4674 1360 4728 si
1398 4689 1459 4727 ea
1505 4672 1697 4727 feceris
1726 4689 1848 4741 quae
1895 4681 2047 4726 tuum
2096 4673 2339 4726 ordinem

776 4764 1153 4825 dehonestent,
1204 4772 1299 4816 aut
1350 4772 1496 4815 tuam
1554 4776 1662 4815 non
1716 4761 1944 4815 deceant
2001 4761 2337 4830 dignitatem.

779 4854 931 4909 littde
954 4856 1000 4908 si
1025 4856 1244 4923 quando
1285 4870 1349 4908 ea
1390 4855 1455 4908 de
1486 4863 1535 4909 te
1570 4853 1878 4908 audivimus
1899 4867 2021 4923 qllt'e
2046 4862 2139 4907 tuo
2164 4853 2341 4906 ordini

776 4961 885 4999 non
917 4952 1244 5012 congruunt,
1287 4942 1525 4995 maximo
1566 4957 1800 4997 maerore
1843 4940 2246 5005 confundimur,
2280 4957 2342 4996 ac

776 5034 1002 5102 proinde
1053 5033 1242 5086 leviter
1293 5030 1637 5084 dissimulare
1684 5046 1793 5085 non
1838 5046 2149 5100 possumus.
2200 5028 2342 5083 inter

777 5131 1001 5176 cecteras
1024 5121 1239 5190 quidem
1265 5118 1635 5188 querimonias
1658 5132 1779 5186 quae
1799 5118 1865 5170 de
1888 5126 1939 5170 te
1961 5117 2163 5171 nostris
2190 5116 2343 5170 auri-

777 5215 879 5267 lms
911 5220 1037 5266 sunt
1077 5211 1287 5272 delatce,
1320 5209 1659 5278 querimonia
1696 5206 2009 5261 monasterii
2036 5206 2208 5259 sancti
2234 5204 2339 5259 Re-

777 5301 925 5368 migii
978 5300 1175 5369 acriter
1227 5296 1469 5351 animum
1520 5307 1767 5351 nostrutn
1798 5295 2054 5359 turbavit,
2101 5304 2156 5349 et
2200 5294 2255 5348 in
2292 5304 2343 5349 te

776 5389 1123 5442 vehementer
1150 5387 1462 5442 commovit.
1503 5383 1723 5450 Verum,
1748 5386 1876 5453 quia
1903 5400 2048 5439 nunc
2082 5384 2342 5455 cegnovi-

776 5493 898 5532 ntus
921 5477 1065 5546 quod
1089 5478 1230 5532 idem
1256 5476 1647 5532 monasterium
1672 5476 1865 5529 melius
1889 5477 2152 5530 ordinasti
2177 5492 2342 5546 quam

777 5567 1083 5623 audivimus
1115 5567 1199 5621 vel
1244 5568 1600 5635 speravimus,
1632 5566 1892 5636 quoniam
1943 5565 2017 5618 ibi
2054 5567 2341 5623 honestum

774 5657 1023 5717 moribus
1051 5667 1105 5712 et
1134 5657 1406 5713 eruditum
1432 5657 1626 5711 litteris
1650 5657 1925 5711 hominem
1957 5657 2205 5724 posuisti,
2234 5673 2341 5715 non

777 5749 1001 5810 minima
1026 5748 1208 5802 lattitia
1241 5748 1485 5803 anintum
1520 5755 1766 5801 nostrum
1805 5745 2136 5801 refociilasti.
2162 5744 2342 5800 Abbas

777 5839 994 5906 quidem
1032 5839 1187 5897 nobis
1232 5837 1522 5895 admodum
1550 5838 1764 5906 placet:
1792 5849 1864 5903 et,
1911 5840 1956 5894 si
1990 5848 2171 5907 posset
2203 5837 2342 5891 ferre

2422 737 2477 784 ct
2502 726 2847 791 Retnensetn,
2872 728 3175 782 laudassent
3208 743 3306 797 pro
3327 743 3412 793 co,
3450 730 3578 797 quia
3600 731 3685 784 vir
3704 740 3760 785 et
3779 732 3980 802 religio-

2424 832 2522 898 sus
2548 826 2604 871 ct
2623 817 2842 885 sapiens
2865 816 3253 885 estcAlioquin
3289 816 3335 871 si
3378 817 3592 885 pondus
3637 828 3983 890 utrarumque

2425 905 2705 976 regitninis
2734 922 2896 975 super
2926 922 3086 976 posse
3128 906 3232 959 sibi
3256 915 3372 970 est,
3405 916 3463 960 ut
3501 907 3629 977 ipse
3676 908 3891 973 fatetur,
3923 926 3982 963 ne

2426 994 2591 1049 nimia
2618 996 2905 1066 gravedine
2949 1012 3171 1066 pressus
3209 997 3548 1062 succumbat,
3582 1012 3840 1068 rogamus
3863 1018 3977 1071 pru—

2425 1085 2663 1142 dentiam
2692 1094 2861 1149 tuam,
2887 1086 2996 1139 into
3031 1085 3326 1154 apostolica
3349 1087 3672 1141 auctoritate
3714 1102 3985 1145 monentes

2428 1184 2698 1243 quatenus
2744 1189 2846 1227 suo
2880 1175 3111 1228 consilio
3140 1184 3195 1228 et
3224 1190 3520 1241 consensu,
3561 1191 3658 1245 per
3677 1176 3982 1232 electionem

2428 1262 2868 1335 congregationis
2905 1264 3202 1318 secundum
3231 1264 3469 1334 tegulam
3499 1264 3675 1318 sancti
3701 1263 3983 1330 Benedicti,

2431 1356 2685 1410 idoneum
2721 1356 2795 1410 ibi
2833 1364 3120 1420 rectorem,
3149 1354 3259 1410 Deo
3289 1355 3641 1434 concedente,
3674 1355 3983 1410 constituas.

2430 1445 2536 1500 Pro
2559 1457 2709 1501 certo
2729 1441 2874 1501 euit'n
2892 1448 3109 1501 noveris
3131 1446 3390 1516 quoniam
3413 1447 3682 1504 ita'cbara
3710 1447 3816 1502 erit
3844 1447 3989 1502 nobis

2432 1537 2577 1591 illius
2613 1537 2929 1592 monasterii
2963 1532 3192 1628 ponesta
3233 1544 3288 1589 ct
3310 1537 3578 1606 regularis
3608 1538 3891 1608 regiminis
3909 1550 3991 1589 or-

2431 1626 2659 1691 dinatio,
2682 1642 2746 1681 ac
2768 1628 2812 1680 si
2839 1626 2986 1682 esset
3015 1626 3070 1681 in
3108 1627 3444 1682 monasterio
3477 1628 3650 1683 sancti
3686 1627 3861 1681 Pauli.
3924 1634 3929 1637 ‘

2504 1716 2637 1773 Data
2693 1717 2879 1773 Romae
2932 1719 2985 1772 itt
3020 1718 3275 1789 synodo,
3333 1719 3572 1775 secundo
3621 1718 3748 1775 ldus
3792 1719 3991 1785 Martii,

2436 1809 2728 1863 indictione
2751 1809 3091 1864 duodecima.

2950 1960 3295 2017 .EPISTOLA
3346 1962 3475 2019 Li".

2669 2087 2734 2125 ΑΙ)
2758 2087 3100 2127 HERISMSSCSI
3137 2088 3417 2127 κετεκεειί
3453 2088 3759 2128 εριείῑοιδωι.

3021 2184 3204 2252 (Anno
3234 2183 3418 2252 1074.)

2439 2289 2605 2363 Suum
2655 2308 2778 2361 erga
2811 2292 2963 2345 illaut
2993 2308 3224 2363 antorem
3269 2302 3510 2348 testatur.
3540 2292 3684 2348 Petit
3713 2303 3772 2348 ut
3815 2309 3908 2363 pro
3946 2310 3995 2363 se

2508 2360 2787 2431 Dominum
2823 2362 3142 2431 deprecetur.
3182 2361 3459 2431 Signiﬁcat
3510 2364 3750 2417 abbatem
3805 2360 3993 2418 Armil-

2506 2430 2665 2511 pttum
2689 2429 2816 2482 relle
2849 2428 3087 2483 Hennensi
3122 2428 3348 2505 abitalia?
3372 2432 3692 2498 reutmtiare,
3722 2442 3776 2486 et
3806 2432 3994 2486 Helene

2506 2508 2579 2552 sis
2614 2515 2724 2553 esse
2758 2508 3075 2554 contentum.

2507 2608 2813 2663 Gncaontt's
2831 2609 3141 2678 episcopus,
3170 2624 3360 2663 servus
3384 2623 3666 2663 servorum
3690 2608 3808 2674 Dei,
3842 2606 3995 2665 linu-

2443 2714 2613 2753 mxso
2660 2697 3019 2770 [Hermanno]
3068 2697 3292 2754 Metcnsi
3347 2700 3604 2769 episcopo
3666 2699 3896 2754 salutem
3948 2710 3996 2752 et

2439 2790 2792 2859 apostolicam
2827 2790 3276 2845 benedictionem.
3498 2834 3501 2837 .

2510 2876 2740 2932 Litteras
2763 2872 3197 2932 dilectionis'tua:
3226 2885 3501 2947 gratanter
3524 2875 3857 2946 accepimus,
3878 2876 3994 2945 quia

2440 2966 2495 3020 in
2524 2967 2604 3021 eis
2638 2967 3024 3041 abundantiam
3048 2966 3353 3021 devotionis
3388 2973 3493 3020 tua:
3518 2978 3646 3033 erga
3676 2964 3994 3019 nosexube—

2441 3073 2561 3112 rare
2617 3058 2989 3129 cognovimus.
3035 3055 3147 3112 Nos
3198 3056 3417 3126 quidem
3465 3054 3723 3111 omnibus
3767 3053 3993 3111 debitum

2440 3150 2818 3206 Scllicitudinis
2848 3159 3046 3205 nostra:
3087 3149 3343 3204 exhibere
3372 3149 3622 3204 volumus
3640 3157 3697 3203 et
3727 3149 3993 3209 debemus,

2441 3242 2701 3309 quoniam
2742 3241 2988 3294 omnium
3033 3255 3219 3294 curam
3268 3239 3634 3307 suscepimus,
3679 3247 3735 3293 et
3762 3236 3993 3305 omnium

2371 3310 2411 3368 (ἶ
2444 3330 2672 3385 salutem
2715 3329 2966 3398 cupimus
3019 3336 3076 3382 et
3127 3322 3575 3397 optantttszquia
3627 3326 3755 3382 licet
3801 3323 3993 3394 indigni

2444 3420 2653 3475 meritis
2684 3420 2923 3489 regimen
2959 3417 3280 3473 universalis
3298 3416 3553 3473 Ecclesia:
3583 3416 3877 3487 regendum
3910 3429 3991 3470 ac»

2442 3511 2702 3579 cepimus,
2725 3518 2780 3563 ct
2801 3508 3160 3563 ministerium
3187 3506 3662 3578 evangelizandum
3678 3503 3992 3576 accepimus,

2441 3615 2523 3655 vae
2549 3598 2705 3654 nobis
2726 3598 2772 3654 si
2801 3613 2907 3652 non
2928 3595 3499 3667 evangelizavcrimtts.
3515 3595 3580 3650 Et
3604 3596 3731 3651 licet
3753 3594 3994 3651 omnibus

2440 3691 2711 3746 debitores
2752 3705 2965 3753 sumus,
2999 3689 3269 3758 praecipue
3312 3697 3491 3743 tamen
3525 3687 3842 3743 domesticis
3882 3685 3992 3741 ﬁdei

2442 3783 2629 3834 curam
2681 3787 2882 3832 nostrte
2930 3774 3312 3832 sollicitudinis
3357 3773 3613 3829 exhibere
3654 3775 3912 3829 condeut
3947 3781 3995 3825 et

2442 3850 2671 3939 oportet.
2722 3865 2876 3922 Unde
2916 3865 3129 3920 noverit
3177 3863 3492 3922 frafczjitas
3533 3871 3714 3919 vestra
3747 3861 3992 3933 quoniam

2441 3960 2508 4014 de
2528 3958 2683 4012 vobis
2719 3956 3043 4027 propensior
3065 3964 3149 4030 est
3180 3955 3337 4009 nobis
3366 3970 3498 4009 cura
3539 3963 3594 4008 et
3643 3954 3699 4009 in
3728 3954 3890 4009 vobis
3915 3966 3993 4006 ar-

2440 4046 2654 4101 dentior
2674 4058 2847 4107 amor,
2880 4057 2980 4112 pro
3009 4056 3076 4096 eo
3097 4042 3302 4095 scilicet
3324 4041 3469 4110 quod
3492 4040 3671 4109 digna:
3690 4053 3993 4107 recompcno

2441 4134 2670 4192 sationis
2715 4146 2916 4185 munus
2967 4146 2999 4184 a
3055 4138 3249 4185 vestra:
3300 4130 3605 4184 sanctitatis
3671 4127 3994 4185 orationibus

2442 4232 2839 4293 exspectamus.
2866 4221 3041 4276 Grave
3068 4220 3211 4275 enittt
3248 4219 3460 4290 pondus
3496 4218 3788 4291 gerendum
3817 4231 3992 4274 susce-

2441 4317 2642 4386 pimus,
2665 4323 2740 4381 et,
2770 4315 2876 4370 nisi
2907 4314 3106 4369 vestris
3135 4322 3191 4368 et
3214 4312 3381 4370 totius
3423 4311 3849 4369 Christianitatts
3870 4311 3993 4367 ﬁde-

2442 4407 2573 4462 lium
2613 4406 2956 4462 orationibus
2991 4403 3301 4468 fulciamur,
3360 4403 3502 4461 ferre
3536 4404 3845 4460 nullatenus
3872 4416 3991 4473 pos-

2441 4513 2650 4554 sumus.
2721 4496 3062 4566 Quapropter
3140 4509 3438 4565 rogamus,
3497 4502 3557 4547 ttt
3610 4502 3811 4549 sancta
3873 4506 3995 4547 con-

2442 4587 2769 4658 gregationis
2826 4594 3018 4639 vestrae
3076 4584 3314 4640 assiduis
3370 4583 3709 4639 orationibus
3737 4580 3992 4638 sublevari

2442 4688 2770 4728 mereamur.
2786 4670 2902 4725 Non
2917 4672 3093 4758 solum
3105 4672 3249 4728 enim
3272 4682 3382 4727 tam
3407 4681 3609 4729 sanctae
3633 4671 3994 4742 congregatio-

2443 4762 2529 4817 nis
2550 4762 2821 4817 orationes
2841 4760 3093 4818 ardenter
3117 4764 3404 4834 exigimus,
3417 4777 3605 4817 verum
3626 4763 3795 4819 totius
3821 4762 3992 4834 populi

2442 4853 2738 4923 quaerimus
2762 4863 2816 4907 et
2839 4851 3388 4921 optamus.Pra3terea
3409 4851 3577 4907 abbas
3601 4849 3785 4908 Sancti
3804 4850 3991 4906 Arnol-

2441 4944 2554 5013 phi,
2583 4944 2665 4997 vir
2695 4944 2779 5011 (ut
2816 4943 2975 4997 nobis
3004 4941 3238 5012 videtur)
3269 4941 3553 5013 religiosus
3596 4951 3652 4998 et
3685 4942 3783 4997 tibi
3811 4941 3990 5003 ﬁdelis,

2443 5034 2600 5102 nobis
2631 5032 2887 5099 innotuit,
2922 5031 3069 5100 quod
3108 5031 3236 5086 velit
3250 5029 3350 5103 (ᾖ,
3394 5030 3571 5102 malit]
3610 5031 3716 5085 sub
3742 5037 3836 5085 tuo
3864 5028 3990 5098 regi-

2444 5122 2589 5177 mine
2636 5137 2841 5193 pauper
2886 5121 3087 5185 vivere,
3131 5136 3296 5190 quam
3345 5119 3474 5175 alibi
3502 5119 3654 5174 dives
3698 5127 3753 5193 e_t
3791 5127 3988 5189 potens.

2445 5211 2572 5267 V'ult
2590 5189 2830 5280 enimisi
2853 5210 2951 5264 tibi
2974 5189 3208 5280 videtur)
3235 5209 3546 5265 renuntiare
3565 5189 3797 5265 abbatis:
3818 5206 3987 5262 Sancti

2444 5302 2694 5372 Remigii,
2726 5309 2781 5356 et
2813 5309 3024 5355 tantum
3068 5308 3263 5355 vestra
3297 5297 3475 5369 [forte,
3499 5308 3702 5356 vestra.
3748 5295 3841 5369 Ε]
3880 5311 3990 5351 esse

2426 5398 2727 5446 contentus
2754 5410 2766 5445 :
2793 5392 2951 5462 cujus
2978 5390 3058 5446 rei
3087 5403 3250 5444 causa
3270 5389 3522 5446 misimus
3546 5390 3757 5444 litteras
3788 5395 3988 5442 nostras

2445 5478 2698 5533 Remensi
2733 5480 3163 5551 archiepiscopo,
3186 5488 3248 5533 ut
3268 5478 3470 5535 dictam
3494 5477 3769 5534 abbatiam
3803 5491 3985 5534 secun-

2440 5573 2570 5628 dum
2596 5571 2763 5627 Deum
2787 5574 3017 5628 consilio
3040 5571 3199 5626 istius
3219 5570 3274 5626 in
3300 5573 3465 5627 alium
3489 5570 3720 5637 ordinet,
3745 5570 3846 5626 iste
3870 5582 3987 5623 vero

2440 5663 2595 5719 vobis
2622 5662 2996 5718 tantummodo
3030 5662 3203 5717 cedat.
3235 5661 3346 5720 Vos
3368 5671 3549 5717 autem
3582 5676 3841 5732 rogamus
3860 5673 3983 5731 qua-

2443 5764 2600 5823 tenus
2633 5767 2731 5822 pro
2770 5753 3036 5808 charitate
3070 5759 3256 5808 nostra
3301 5766 3424 5809 eum
3482 5750 3706 5807 cbarius
3737 5748 3982 5809 habeatis.

2445 5854 2504 5898 ut
2536 5845 2728 5899 sentiat
2755 5843 3046 5913 profecisse
3081 5843 3180 5897 sibi
3217 5843 3360 5914 quod
3396 5841 3459 5895 ad
3491 5856 3592 5898 nos
3619 5842 3785 5897 venit.
