4098 6380
210 489 300 549 333

1273 483 1470 537 LIBER
1507 477 1781 534 PRN‘IS.
1825 507 1887 517 σο
1928 475 2138 531 EPIST.
2186 476 2336 530 L\'ll.

3318 483 3422 536 δδι

271 602 392 658 Data
427 619 480 655 tn
517 602 748 674 synodo,
782 600 1019 655 secundo
1064 597 1188 653 ldus
1227 597 1422 656 Martii,
1463 595 1755 649 indictione
1787 595 1826 648 Α
1857 591 2166 659 apostolica:
2215 591 2553 648 auctoritatis
2591 607 2685 644 vos
2731 593 2796 646 ad
2840 591 3200 648 obedientiam
3256 595 3446 651 ﬂexit.“

212 683 530 749 duodecima.

727 783 1059 857 EPISTULA
1098 799 1227 854 Ltv.

542 889 611 947 an
654 907 937 947 csxosmos
971 906 1153 948 ssscrt
1191 904 1411 944 mesen.

789 981 968 1050 (Anno
997 979 1178 1047 1074.)
1421 1033 1438 1050 ,η

215 1073 354 1126 lubet
397 1072 788 1126 Pirtmtcnsium
839 1071 1210 1122 canonicornm
1258 1067 1680 1120 consuetudinem
1710 1081 1764 1118 tn

276 1144 554 1212 [rstiritate
602 1142 772 1194 sancti
830 1139 1028 1193 Hilarii
1078 1147 1126 1191 ct
1188 1139 1418 1190 omnium
1467 1145 1766 1188 sanctorum

275 1229 487 1266 δεῖται-ι.

276 1325 485 1379 (inmori
495 1339 580 1378 trs
593 1323 898 1392 episcopus,
916 1335 1103 1375 servus
1115 1329 1394 1374 scrvorunt
1415 1317 1526 1384 Dei,
1541 1316 1768 1372 canoni—

217 1415 290 1466 cis
304 1413 358 1465 S.
393 1412 582 1466 llilarti
598 1413 828 1466 salutent
854 1418 908 1464 et
932 1407 1288 1475 apostolicam
1321 1406 1767 1461 benedictionem.

283 1501 470 1556 Notum
510 1501 668 1556 vobis
702 1515 822 1555 esse
855 1500 1107 1553 volumus
1149 1498 1292 1568 quod
1320 1497 1571 1552 canonici
1590 1495 1770 1550 Picta-

178 1618 196 1639 λ
220 1609 398 1647 venscs
422 1594 477 1646 in
501 1593 713 1663 synodo
759 1599 946 1646 nostra
972 1590 1253 1659 conquesti
1299 1597 1446 1652 sunt,
1481 1602 1578 1642 vos
1604 1590 1772 1641 deue—

221 1699 341 1756 gare
375 1694 429 1739 et
457 1684 838 1740 contradicere
886 1683 994 1738 illis
1023 1681 1493 1746 consuetudinem,
1519 1694 1684 1751 quam
1720 1679 1772 1732 in

220 1775 432 1829 ecclesia
475 1775 669 1829 Sancti
712 1773 898 1828 llilarii
931 1772 1053 1842 jure.
1090 1771 1289 1826 habere
1327 1772 1544 1836 debent,
1583 1770 1774 1824 videli-

221 1874 316 1926 cet,
349 1875 407 1918 ut
451 1865 505 1918 in
542 1864 830 1920 festivitate
859 1863 1103 1918 omnium
1146 1872 1482 1924 sant-torum,
1517 1868 1571 1913 et
1605 1859 1774 1913 sancti

221 1955 418 2018 llilarii,
438 1971 568 2009 cum
590 1956 716 2010 illnc
745 1970 810 2009 ex
842 1969 993 2009 more
1016 1946 1146 2008 cum
1165 1952 1512 2022 processione
1532 1951 1774 2015 veniunt,
1811 1924 1851 1977 Β

222 2045 264 2098 si
293 2045 579 2116 episcopus
611 2045 802 2110 aderit,
829 2045 943 2113 ipse
967 2043 1189 2098 missam
1215 2041 1572 2096 celebretzsin
1596 2049 1774 2095 antetn

221 2151 321 2188 non
341 2135 484 2189 adsit
503 2135 818 2204 cpiscopus,
853 2133 1114 2195 decanns,
1143 2139 1238 2185 aut
1279 2129 1478 2200 aliquis
1504 2129 1571 2182 de
1604 2128 1776 2197 majo-

221 2222 363 2275 ribus
393 2221 678 2275 canonicis
716 2220 1051 2274 Pietavensis
1093 2205 1366 2280 Ecclesiic.
1404 2216 1635 2270 oilieium
1665 2217 1778 2270 vice

219 2307 449 2377 episcopi
484 2295 748 2377 pelagere
785 2306 996 2360 debeat.
1054 2303 1208 2370 Quod
1251 2319 1377 2358 cum
1417 2293 1561 2372 apud
1593 2312 1693 2356 nes
1723 2302 1776 2355 in

218 2396 428 2464 publico
453 2395 1044 2450 concilioxventilatum
1075 2392 1257 2456 fuerit,
1284 2391 1544 2446 Gozelino
1584 2389 1777 2443 Burdi-

219 2485 417 2556 galensi
443 2478 858 2555 archiepiscopo
882 2499 1102 2538 causam
1130 2493 1363 2560 vestram
1404 2498 1530 2536 cum
1562 2478 1780 2551 quibus

219 2577 338 2630 datn
362 2577 487 2631 aliis
515 2573 854 2639 defendente,
889 2573 1123 2627 scientes
1147 2572 1306 2626 talem
1331 2571 1778 2627 consuetudinem

222 2665 272 2720 in
302 2666 548 2738 Romana
593 2665 830 2720 Ecclesia
866 2679 963 2733 per
987 2663 1229 2733 singulas
1275 2671 1560 2726 stationes,
1586 2671 1640 2716 et
1669 2663 1781 2716 fere
1808 2671 1814 2677 '

222 2771 310 2824 per
333 2755 650 2808 universum
675 2754 858 2829 orbem
895 2753 950 2808 in
975 2751 1096 2807 aliis
1128 2749 1380 2807 Ecclesiis
1415 2751 1513 2804 rite
1535 2758 1589 2804 et
1617 2751 1780 2803 ratio-

222 2844 468 2897 nabiliter
514 2842 706 2905 teneri,
758 2832 1086 2910 dij'udicante
1126 2840 1378 2905 concilio,
1425 2839 1628 2909 justam
1687 2851 1782 2892 eos

222 2933 497 3002 requirere
543 2947 763 2986 causam
819 2931 1311 2999 comprobavimus,
1357 2937 1412 2984 et
1466 2929 1780 2998 praedictum

222 3036 376 3074 usum
428 3035 530 3075 eos
581 3020 824 3074 obtinere
877 3020 1071 3074 debere
1117 3020 1412 3088 apostolica
1464 3019 1785 3073 auctoritate

218 3110 555 3163 censuimus.
605 3106 804 3162 Verum
855 3117 914 3161 ut
959 3107 1113 3160 vobis
1159 3106 1525 3162 abundantius
1567 3103 1786 3159 satisfa—

1860 679 2015 742 Quod
2075 694 2388 748 quanquam
2452 697 2557 734 non
2622 698 2812 750 parum
2870 685 3308 752 praesumptionis
3367 697 3424 738 et

1862 769 2181 822 damnanda:
2208 771 2562 824 contumache
2591 771 2803 836 habent,
2830 773 3005 827 adhuc
3055 784 3256 839 tamen,
3284 773 3426 831 facta

1864 867 2040 910 vestra
2073 857 2366 926 apostolica
2391 859 2802 934 mansuetudine
2817 860 3247 924 dissimulantes,
3273 879 3427 916 utan-

1862 951 2054 1002 datnns
2087 951 2237 1004 vobis
2256 960 2310 1003 et
2333 952 2627 1019 aposto.ica
2650 953 2967 1007 auctoritate
2992 954 3332 1023 pra'cipitnus
3369 964 3429 1006 ut

1865 1040 2169 1094 nullatenus
2199 1040 2247 1094 ei
2282 1041 2542 1100 honorem
2589 1041 2943 1112 subiectionis
2972 1043 3166 1096 debitae
3203 1045 3427 1098 subtra-

1868 1130 2026 1183 hatis.
2064 1129 2118 1181 Si
2175 1131 2305 1198 quid
2354 1139 2536 1185 autem
2579 1131 2840 1187 adversus
2889 1148 3016 1187 eum
3054 1134 3285 1197 habetis,
3320 1150 3430 1188 una

1866 1218 2048 1276 secum
2080 1222 2220 1275 adite
2258 1233 2499 1278 nostram
2529 1227 2892 1292 praesentiam,
2914 1235 2967 1281 et
2997 1227 3040 1281 si
3059 1222 3194 1297 quid
3220 1227 3431 1281 discus-

1868 1313 2019 1366 sione
2049 1313 2271 1382 dignum
2315 1316 2673 1382 protuleritis,
2717 1313 3006 1384 adiuvante
3037 1318 3166 1383 Deo,
3201 1319 3432 1373 sollicita

1871 1401 2211 1469 indagatione
2241 1403 2608 1458 examinatum
2660 1405 2984 1474 competenti
3037 1409 3303 1463 sententia
3333 1409 3434 1463 de-

1872 1494 2301 1549 terminahimns.

1947 1585 2077 1638 Data
2132 1585 2313 1639 ltomte
2361 1585 2573 1640 decimo
2617 1587 2848 1656 septimo
2898 1586 3163 1644 Kalendas
3215 1591 3433 1660 Aprilis,

1874 1672 2165 1727 indictione
2185 1674 2523 1728 duodecima.

2397 1793 2730 1850 EPISTOIA
2780 1794 2910 1850 ιΑτι.

2063 1899 2128 1935 Μ)
2161 1897 2427 1938 ηοῡεκιωι
2457 1900 2904 1940 εΑτΑιΑῐῖκεκδεκ
2936 1901 3240 1941 εριεεοιτωι.

2463 1977 2644 2042 (Ληηο
2675 1976 2856 2046 1074.)

1837 2045 1848 2092 ί
1879 2061 2128 2130 Pm'ripit
2167 2073 2222 2116 ut
2245 2066 2481 2133 praestita
2503 2066 2586 2139 die
2607 2065 2760 2139 a_d_se
2782 2065 2999 2139 Romam
3028 2069 3219 2130 rcniat,
3248 2080 3302 2121 at
3326 2071 3440 2139 ejus

2349 2151 2509 2188 causa
2539 2136 2750 2208 deﬁniri
2783 2137 2966 2204 possit.

1946 2223 2249 2301 (insonans
2269 2224 2576 2294 epiSCOpus,
2606 2238 2795 2279 servus
2808 2241 3086 2279 servorum
3118 2225 3232 2290 Det,
3287 2243 3440 2282 ioci:-

1879 2329 1967 2367 nto
1991 2314 2137 2366 dicto
2161 2315 2546 2370 Catalaunensi
2572 2315 2844 2384 episeopo.

1949 2402 2228 2473 Philippus
2263 2420 2354 2458 rex
2391 2403 2747 2468 Francorum,
2788 2419 2894 2458 non
2930 2406 3140 2465 modica
3181 2406 3274 2460 tibi
3305 2407 3442 2460 dile—

1877 2492 2055 2547 ctione
2093 2495 2368 2559 astrictus,
2425 2493 2658 2547 multum
2701 2508 2800 2548 nos
2843 2502 2904 2546 ttt
2946 2495 3440 2560 teahSolveremus,

1879 2593 1992 2636 tum
2022 2598 2118 2651 per
2143 2582 2348 2636 litteras
2380 2592 2494 2635 tum
2527 2599 2621 2653 per
2650 2575 2950 2652 legatorum
2997 2589 3178 2646 verba,
3214 2587 3439 2654 rogavit.

1878 2671 2032 2737 Quod
2055 2671 2272 2740 quidem
2297 2672 2443 2724 salva
2463 2671 2674 2740 justitia
2694 2673 3033 2740 nequaquam
3059 2672 3213 2725 nobis
3236 2669 3442 2726 faeten-

1879 2761 2007 2813 dum
2049 2775 2168 2814 esse
2200 2759 2550 2828 perviditnus,
2575 2758 2704 2812 dum
2727 2758 2881 2826 juxta
2906 2758 3143 2827 vigorem
3169 2760 3448 2813 canonica:

1879 2850 2198 2918 disciplinae,
2246 2849 2418 2903 multo
2468 2838 2691 2919 gravius
2737 2849 2794 2903 in
2829 2850 2879 2903 te
2909 2849 3448 2904 animadvertend.nn

1880 2956 2001 2996 esse
2025 2954 2499 3010 cognosceremus.
2531 2936 2635 2993 Sed
2663 2938 2839 2993 adhuc
2866 2938 3160 3008 apostolica
3195 2952 3448 2996 mansne-

1884 3030 2067 3083 tndine
2102 3029 2366 3099 judicium
2403 3028 2456 3081 in
2490 3037 2541 3082 te
2568 3028 2795 3082 ultionis
2821 3028 3014 3083 debita:
3036 3031 3447 3099 suspendentes,

1884 3116 2135 3186 przescnti
2170 3117 2493 3172 auctoritate
2525 3117 2620 3171 tibi
2647 3117 2988 3186 przecipimus
3017 3128 3076 3173 ut
3107 3121 3448 3188 praesentiam

219 3200 410 3254 ciendo
440 3213 660 3252 omnem
689 3197 1015 3251 rcdamandi
1051 3195 1388 3250 Occasionem
1423 3193 1782 3257 dcmcmmus.
1810 3239 1852 3296 ρ
1886 3214 2032 3260 tuam
2080 3207 2148 3260 ab
2191 3207 2317 3262 hinc
2386 3221 2558 3277 usque
2619 3207 2686 3261 ad
2749 3209 3052 3276 proximam
3106 3210 3449 3266 festivitatem

220 3302 276 3344 ut
301 3290 651 3345 Pictavenses
677 3289 878 3352 clerici,
909 3288 1002 3356 qui
1049 3294 1341 3356 ptmseutes
1375 3286 1622 3349 aderant,
1657 3299 1783 3354 par-

220 3390 325 3433 tem
352 3397 516 3435 suam
552 3382 714 3450 (sicut
759 3377 1077 3448 approbatio
1110 3376 1290 3446 agenti
1322 3391 1537 3451 semper
1572 3375 1784 3430 ineuui-

219 3467 315 3535 bit)
381 3475 728 3520 sacramento
787 3465 1070 3518 ﬁrmarent
1111 3461 1560 3530 'dijudicavimus.
1628 3461 1784 3527 Quod

218 3555 437 3624 quidem
466 3555 592 3624 ipSI,
618 3551 1260 3624 praesentcBurdigalensi
1282 3551 1709 3621 archiepiscopo,
1732 3539 1794 3605 et.

216 3643 450 3710 caeteris,
476 3643 656 3698 facere
677 3643 1008 3712 paratissimi
1033 3626 1207 3708 erant,
1241 3651 1404 3713 atque
1444 3642 1585 3697 idem
1607 3642 1786 3697 archi-

218 3736 518 3803 epiSCOpus
541 3748 573 3787 a
604 3733 760 3788 nobis
789 3733 1154 3787 commonitus
1175 3727 1544 3802 juramentum
1566 3747 1625 3786 se
1651 3733 1786 3786 reei-

220 3838 346 3892 pere
369 3821 656 3892 professus
676 3830 776 3875 est.
802 3813 1141 3890 Quaproptér
1167 3819 1462 3888 apostolica
1483 3835 1581 3875 vos
1601 3829 1788 3879 aucto-

221 3914 380 3968 ritate
416 3926 709 3968 monemus
737 3919 902 3980 atque
944 3909 1287 3979 praecipimus
1320 3917 1397 3972 ut,
1447 3908 1596 3962 omni
1648 3909 1788 3963 inter

221 4016 317 4055 vos
346 4010 404 4056 et
436 3991 787 4056 Pictavenses
815 3999 1110 4054 canonicos
1134 3998 1227 4053 lite
1259 3998 1457 4068 80pita,
1491 4005 1786 4052 consuetu-

220 4091 401 4146 dinem
459 4100 518 4145 et
557 4090 824 4159 justitiam
860 4074 1037 4153 suam,
1070 4088 1210 4142 sicut
1243 4086 1494 4156 superius
1543 4084 1788 4156 synodali

218 4179 429 4248 judicio
466 4181 746 4233 decretum
793 4179 1295 4248 esse'cognoscitis,
1332 4179 1452 4232 sine
1477 4178 1628 4232 omni
1659 4192 1788 4254 con-

221 4268 552 4322 tradictlone
573 4267 824 4335 deinceps
858 4265 1057 4319 habere
1077 4253 1420 4334 permittatis.

291 4357 428 4414 Data
456 4357 647 4411 Romae
677 4357 730 4410 in
773 4345 999 4426 synodo,
1031 4355 1241 4410 decimo
1266 4364 1460 4410 octavo
1482 4354 1644 4428 [nn]
1677 4355 1791 4411 Ka-

222 4445 416 4503 lendas
437 4447 662 4517 Aprilis,
689 4446 980 4501 indictione
1012 4446 1351 4500 duodecima.

777 4560 1111 4617 EPISTOLA
1154 4560 1263 4616 LV.

446 4672 516 4710 AD
549 4669 944 4710 SUFFBAGANEOS
969 4669 1264 4710 AUSCIENSIS
1297 4667 1578 4710 εεειιεευε.

817 4745 995 4815 (Anno
1034 4744 1213 4814 1074.)

228 4821 491 4905 Prtecipit
546 4843 607 4887 ut
632 4850 836 4906 “eorum
869 4835 1276 4906 archiepiscopo,
1323 4837 1460 4889 sicut
1494 4837 1794 4905 apostolica:

555 4902 691 4955 sedis
711 4902 911 4972 legatus
923 4902 1177 4972 jusserat,
1190 4902 1471 4959 'obediant.

295 4995 614 5049 Gaccontus
641 4990 945 5060 episcOpus,
999 5007 1189 5048 servus
1232 5009 1511 5049 servorum
1553 4994 1668 5058 Dei,
1704 4993 1793 5048 Bi-

227 5085 488 5154 goritano
518 5081 790 5149 episcopo,
821 5088 876 5133 et
901 5079 1110 5135 caeteris
1141 5082 1496 5151 suﬁ'ragan’eis
1529 5085 1793 5140 Auscien-

231 5177 308 5232 sis
342 5168 711 5248 [Auxiieusis]
762 5169 1031 5234 Ecclesia,
1084 5171 1311 5226 salutem
1345 5182 1400 5226 et
1443 5175 1794 5242 apostolicam

230 5267 693 5321 benedictionem.

300 5353 548 5424 Legatus
575 5363 777 5409 sanctae
806 5351 1063 5407 Romanae
1091 5349 1362 5416 Ecclesiae,
1397 5352 1643 5408 videlicet
1667 5368 1798 5408 con-

225 5443 408 5498 frater
435 5451 625 5498 noster
645 5443 894 5498 Giraldus
920 5438 1236 5513 [Gerardus]
1271 5439 1538 5496 Ostiensis
1583 5442 1796 5510 episco-

229 5548 355 5601 pus,
397 5538 464 5585 ut
490 5529 758 5586 Gulielmo
782 5531 1187 5601 archiepiscopo
1233 5540 1415 5589 vestro
1444 5531 1676 5586 debitam
1710 5547 1797 5586 re-

230 5619 544 5675 verentiam
568 5619 865 5676 exbibeatis
887 5620 1237 5676 commonuit.
1254 5619 1472 5682 Verum,
1496 5620 1638 5674 sicut
1659 5620 1798 5674 idem

233 5707 692 5776 archiepiscopus
735 5709 1112 5779 cunquerendo
1163 5711 1319 5765 nobis
1365 5719 1563 5774 retunt,
1615 5718 1799 5779 postea

233 5817 340 5868 nec
361 5797 736 5866 consideratio
766 5799 954 5854 debitae
1000 5800 1372 5869 subjectionis,
1405 5816 1500 5854 nec
1527 5807 1802 5868 respectus

1884 3297 2128 3349 omnium
2153 3305 2466 3350 sanctorum
2503 3296 2814 3364 conspectui
2854 3306 3039 3350 nostro
3065 3310 3453 3368 reprmsentare

1883 3385 2034 3437 nullo
2084 3385 2246 3439 modo
2278 3387 2658 3454 praetermittas
2693 3404 2706 3438 :
2740 3397 3010 3454 quatenus
3059 3390 3349 3447 adversum
3401 3404 3453 3448 te

1884 3473 2044 3545 toties
2075 3473 2320 3527 iteratam
2369 3474 2847 3542 proclamationem
2898 3475 3315 3534 Catalaunensis
3346 3481 3450 3534 Er-

1856 3561 2062 3617 J‘clesize
2101 3563 2252 3632 justo
2286 3561 2411 3627 ﬁne,
2462 3563 2572 3619 Deo
2602 3562 2918 3631 auxiliante,
2965 3567 3278 3625 decidamus
3310 3573 3450 3626 zad-

1883 3663 2166 3708 monentes
2211 3654 2462 3723 equidem
2507 3670 2573 3708 ne
2624 3653 2858 3719 interim,
2906 3659 2959 3710 in
3005 3660 3316 3728 contemptu
3366 3663 3448 3715 νυ·

1886 3743 2318 3810 transgressione
2339 3738 2460 3814 jam
2493 3755 2617 3800 ante
2648 3746 2786 3800 datte
2819 3750 3117 3813 sententite,
3145 3753 3456 3823 peniculum‘

1887 3834 1982 3888 tibi
2004 3841 2060 3887 tu
2087 3833 2200 3902 ipse
2219 3834 2438 3904 gravius
2462 3835 2694 3905 ingeras.
2718 3835 2925 3902 Quibus
2948 3839 3002 3891 in
3037 3840 3198 3894 rebus
3223 3843 3267 3895 si
3293 3843 3451 3898 nobis

1887 3923 2201 3978 inobodiens
2245 3922 2434 3988 fueris,
2478 3933 2532 3978 et
2564 3925 2744 3994 aliqua
2779 3926 3221 3996 tergiversatione
3270 3939 3321 3985 te
3349 3950 3448 3986 es-

1887 4029 2086 4069 cusans
2105 4011 2244 4067 infra
2266 4000 2600 4082 pratlibatum
2624 4015 2914 4071 terminum
2937 4019 3234 4086 pne-sentite
3252 4031 3453 4076 nostra!

1889 4110 1940 4156 te
1965 4117 2074 4156 non
2097 4103 2431 4168 exhibueris,
2474 4106 2544 4159 de
2585 4114 2672 4159 tua
2705 4105 3052 4162 damnatione
3074 4118 3128 4163 et
3151 4110 3454 4164 incommu-

1889 4191 2041 4244 tabili
2073 4191 2410 4260 depositione
2431 4193 2667 4248 ulterius.
2685 4209 2791 4248 non
2827 4196 3119 4250 dubitabis.

1957 4279 2090 4334 Data
2125 4279 2310 4335 Romae
2353 4283 2408 4336 in
2449 4283 2676 4351 synodo,
2725 4282 2939 4337 decimo
2983 4291 3137 4337 sexto
3183 4281 3475 4342 Kalendas

1888 4367 2107 4436 Aprilis,
2140 4367 2434 4423 indictione
2457 4368 2799 4425 duodecima.

2412 4474 2743 4532 EPISTOLA
2775 4475 2927 4532 LV’II.

2123 4581 2192 4619 ΑΙ)
2229 4581 2562 4622 ςυιιιειιιωι.
2586 4582 2869 4621 PAPIENSEI
2903 4582 3203 4623 EPISCOI'UI.

2480 4655 2661 4725 (Anno
2695 4654 2877 4723 1074.)
2943 4673 2946 4680 ·
3313 4718 3315 4721 ι

1880 4744 2071 4798 .Monct
2097 4753 2154 4798 ut
2176 4760 2292 4797 cum
2316 4745 2491 4813 Acone
2515 4744 2811 4797 marchionc
2841 4743 2907 4796 de
2925 4753 3214 4797 inrestttosa
3239 4746 3453 4813 copula-

1965 4815 2104 4876 tione
2153 4829 2270 4866 cum
2318 4812 2483 4882 ipsius
2526 4814 2754 4881 episcopi
2803 4829 2979 4866 sorore
3018 4824 3262 4878 accusqto
3296 4812 3363 4865 ad
3399 4828 3453 4866 se

1964 4884 2156 4947 veniat,
2191 4891 2247 4934 ut
2267 4882 2380 4950 ejus
2411 4898 2574 4935 causa
2594 4883 2788 4936 discuti
2810 4883 2992 4949 pauit.
3227 4884 3230 4890 ’
3308 4887 3312 4891 ’

1966 4995 2269 5050 Gnccontcs
2295 4995 2598 5063 episcopus,
2648 5008 2835 5048 servus
2873 5005 3150 5044 servorum
3180 4988 3293 5055 Dei,
3324 4990 3456 5046 Gut-

1899 5097 2091 5136 unum
2138 5080 2383 5150 Papiensi
2421 5079 2674 5148 episcopo
2721 5078 2947 5131 salutem
2998 5085 3053 5130 et
3105 5079 3456 5147 apostolicam

1899 5159 2342 5222 benedictionem.
2891 5227 2897 5233 ,

1971 5255 2392 5325 Signiﬁcandum
2443 5255 2534 5309 tibi
2596 5255 2850 5312 duximus
2907 5261 3273 5314 marchionem
3317 5261 3457 5312 Azo-

1901 5360 2024 5399 nem
2056 5345 2110 5399 in
2159 5342 2400 5412 Romana
2430 5346 2636 5415 synodo
2667 5361 2830 5417 super
2871 5349 3076 5404 incesta
3119 5351 3457 5418 copulatione

1903 5435 2107 5493 sororis
2145 5443 2252 5488 tua:
2294 5445 2604 5490 accusatum
2655 5453 2809 5492 esse:
2865 5454 2970 5508 qua
3001 5440 3066 5494 de
3097 5456 3154 5495 re
3205 5441 3314 5507 ipse
3363 5453 3456 5505 per

1905 5526 2237 5597 propinquos
2282 5527 2525 5581 mulieris
2589 5527 3010 5605 satisfactionem
3052 5529 3317 5598 pollicitus
3353 5526 3453 5588 in-

1906 5617 2093 5672 ducias
2145 5615 2452 5684 postulavit.
2501 5615 2787 5684 Propterea
2832 5631 3104 5685 rogamus,
3149 5623 3202 5668 et
3239 5621 3455 5681 aposto-

1906 5708 2007 5762 lica
2069 5704 2384 5759 auctoritate
2440 5703 2824 5759 fraternitatem
2879 5714 3026 5758 tuam
3080 5705 3450 5765 admonemus,

1908 5807 1967 5852 ut
1993 5797 2055 5849 ad
2082 5791 2353 5851 servitium
2388 5793 2558 5846 sancti
2601 5790 2740 5844 Petri
2785 5800 3022 5860 paratus,
3069 5801 3120 5843 et
3161 5801 3218 5844 ut
3264 5791 3456 5843 melius
