4098 6368
181 408 285 463 0'57

1275 400 1477 454 LIBER
1512 393 1785 451 PRIMUS.
1822 420 1891 431 —-
1928 388 2139 443 EPIST.
2177 384 2310 441 LXil

3306 368 3413 426 358

172 517 487 587 sitsccpissc
510 517 867 587 dignoscitur.
914 514 1112 568 Verum
1145 521 1428 582 postquam
1461 509 1752 579 apostolica
1784 505 1826 559 Α
1855 516 1946 569 per
1972 499 2252 568 cpistmam
2298 501 2537 546 nostram
2569 488 2776 543 duriter
2807 483 3219 587 inerepas-imus,
3253 480 3393 587 inter

172 606 361 669 sexies,
415 612 636 673 accepta
682 602 892 673 praefati
932 600 1168 671 episeOpi
1202 598 1563 670 querimonia,
1615 611 1754 664 sa:pc

172 709 277 761 per
305 694 588 762 epistolas,
633 693 921 762 aliquoties
960 692 1123 746 etiam
1162 706 1257 760 per
1291 690 1492 759 legatos
1534 702 1754 741 causam

166 781 327 849 justo
354 776 460 835 line
480 781 841 835 determinare
873 789 943 834 et-
968 780 1115 833 litem
1152 792 1494 848 compescere
1526 774 1755 831 desuda-

169 880 373 936 verat;
402 880 532 925 tunc
560 871 777 925 demum
809 870 1070 940 evigilans
1093 870 1313 925 solertia
1355 878 1446 922 tua
1482 865 1753 934 negotium

168 960 585 1025 animadvertit,
618 958 736 1015 suis
777 960 884 1014 hoc
937 957 1368 1013 discussionibus
1418 952 1756 1009 referendum

169 1064 302 1103 esse
321 1048 588 1117 judicavit
620 1056 675 1103 et
697 1047 916 1102 fratrem
944 1062 1041 1116 per
1066 1045 1358 1115 apostolica
1403 1040 1656 1110 suﬂragia
1689 1039 1755 1092 ad

170 1147 404 1207 portum
418 1139 647 1208 justitize
668 1146 723 1194 et
741 1136 943 1207 quietis
973 1143 1283 1192 cnatantem
1335 1133 1389 1186 in
1431 1130 1756 1201 profundum

168 1228 392 1296 (credo)
440 1228 765 1283 renovanda:
806 1225 1173 1281 contentionis
1200 1233 1257 1279 et
1289 1224 1535 1277 laborum
1582 1228 1756 1274 retra-

169 1318 311 1372 here
337 1317 583 1372 voluisti.
610 1317 934 1387 Quanquam
964 1316 1129 1387 igitur
1148 1315 1275 1369 hinc
1310 1311 1469 1393 ollicii
1504 1310 1583 1364 tui
1606 1310 1758 1363 incu-

168 1410 283 1469 ria.
335 1406 488 1463 illinc
542 1414 794 1475 suscepta
844 1405 1107 1460 adversus
1158 1400 1510 1472 apostolicam
1555 1398 1754 1461 sedem,

166 1504 479 1549 accusante
516 1503 591 1561 te,
636 1494 945 1565 arrogantia
988 1492 1182 1547 merito
1235 1489 1291 1545 in
1335 1498 1388 1544 te
1429 1486 1753 1544 commoveri

167 1586 534 1653 deberemus;
566 1593 780 1641 utentes
802 1594 982 1640 tamen
1004 1583 1296 1654 apostolica
1323 1579 1756 1647 mansuetudine,

170 1675 396 1743 placido
451 1685 507 1731 te
566 1676 922 1731 admonemus
976 1674 1167 1731 aiiectu
1232 1687 1301 1727 ne
1360 1670 1587 1725 ulterius
1630 1656 1758 1724 tam

169 1765 513 1832 inominata,
526 1775 639 1824 tam
650 1766 959 1823 inconsulta
980 1778 1301 1835 praesumas,
1324 1761 1441 1835 [ne]
1462 1761 1755 1832 apostolica

164 1855 385 1924 i'idicia
415 1868 525 1912 non
564 1855 713 1921 dico,
754 1855 873 1920 tibi,
906 1855 999 1909 sed
1043 1866 1143 1908 nec
1174 1853 1268 1908 ulli
1297 1852 1749 1921 patriarcharum,
1787 1843 1829 1897 Β

167 1953 273 1998 aut
304 1944 617 2013 primatum,
637 1941 962 1997 retractandi
994 1941 1266 1995 licentiam
1304 1937 1420 1993 fore
1450 1938 1747 2003 existimes,

171 2051 244 2087 ne
276 2043 473 2089 contra
517 2040 762 2089 sanctam
788 2033 1088 2089 Romanam
1118 2030 1411 2087 Ecclesiam
1455 2029 1749 2100 quidquam

169 2120 274 2177 tLbi
330 2120 628 2176 attribuere
658 2106 750 2177 vel
795 2121 972 2175 moliri
994 2120 1221 2190 cogites,
1247 2119 1365 2174 sine
1398 2117 1555 2187 cujus
1580 2117 1751 2170 abun-

169 2211 333 2265 danti
388 2210 695 2275 clcmentia,
754 2225 855 2266 nec
904 2209 960 2264 in
1020 2210 1141 2264 loco
1187 2208 1409 2278 quidem
1451 2216 1567 2273 tuo,
1609 2215 1669 2260 ut
1693 2216 1750 2261 tu

170 2301 295 2369 ipse
322 2299 489 2365 nosti,
537 2299 831 2355 subsistere
848 2292 1024 2373 potes.
1058 2297 1167 2355 Nos
1198 2298 1421 2365 etenim,
1464 2297 1753 2367 adjuvante

169 2389 314 2456 Deo,
352 2404 449 2460 per
481 2390 857 2444 auctoritatem
907 2388 1047 2443 beati
1096 2387 1261 2453 Petri,
1314 2388 1456 2442 sicut
1503 2387 1616 2456 jam
1657 2386 1750 2441 diu

170 2476 231 2529 in
280 2470 584 2545 apostolica
641 2476 769 2530 sede
820 2476 1097 2530 decretum
1148 2482 1253 2541 est,
1308 2473 1449 2529 ititer
1499 2473 1751 2544 pra3fatos

165 2562 470 2633 episcopos
534 2564 680 2618 litem
746 2564 908 2633 iuste.
948 2564 1195 2619 decidere
1220 2604 1238 2629 ,
1314 2572 1371 2617 et
1449 2562 1751 2617 Moravensi

171 2652 437 2706 Ecclesia:
456 2667 579 2721 qum
604 2653 689 2708 sui
706 2652 848 2723 juris
873 2661 1002 2707 sunt
1020 2653 1309 2707 decernere
1325 2660 1380 2707 et
1400 2652 1752 2707 corroborare

178 2742 622 2810 procumbimus.

246 2831 387 2886 Data
433 2832 616 2888 Romae
641 2834 852 2889 decimo
896 2835 1087 2904 quinto
1116 2833 1383 2890 Kalendas
1420 2833 1640 2905 Aprilis,
1662 2832 1748 2887 in-

167 2920 419 2981 dictione
437 2922 773 2977 duodecima.
792 2968 797 2969 κ

719 3030 1053 3093 matrona
1090 3032 1221 3086 LXI.

483 3143 549 3183 an
585 3143 931 3183 vvannsuuu
967 3136 1139 3182 noctu
1167 3137 1434 3186 ωηειυῑο

772 3216 952 3285 (Anno
981 3216 1161 3284 i074.)

165 3301 446 3355 Hortatur
476 3305 550 3355 ut
598 3303 658 3356 in
711 3303 823 3356 dies
871 3304 1114 3371 majores;
1145 3319 1444 3371 progressus
1485 3303 1650 3371 faciat
1682 3303 1737 3355 in

238 3372 591 3450 observantia.
612 3387 758 3450 _erga
810 3370 1100 3450 Romanam
1120 3370 1493 3450 AEccle-siam.’
1545 3370 1735 3425 Osten-

234 3440 331 3509 dis
383 3454 437 3492 se
477 3427 1217 3509 archiepiscopo-'Mogr/ntino
1269 3440 1611 3509 signiﬁcasse,
1674 3456 1736 3493 ne

142 3518 150 3526 '
360 3517 521 3561 causa
566 3507 849 3580 Bragcnsis
882 3507 1109 3587 episcopi
1156 3507 1381 3587 longius
1402 3509 1735 3587 progredere-

233 3586 603 3699 ἓιὲἓὶἑῶιιαη
641 3577 757 3634 ante
806 3577 990 3633 contra
1016 3577 1203 3648 ipsum
1244 3577 1405 3648 egerit
1452 3577 1601 3631 nulla
1627 3593 1737 3631 esse

234 3735 558 3807 Caesonius
610 3724 897 3807 episcopus
918 3778 945 3829 ,ί
1006 3752 1194 3793 servus
1253 3750 1534 3792 servorum
1601 3734 1735 3801 Dei,

161 3824 511 3890 Wu'nsuo
540 3826 668 3881 duci
696 3824 968 3883 Bohemiaa
1012 3828 1240 3906 salutem
1272 3836 1343 3883 et
1388 3825 1736 3897 apostolicam

162 3912 629 3969 benedictionem.
1114 3944 1116 3947 ·
1550 3976 1553 3977 ,

236 3999 517 4066 Quoniam
549 3988 761 4056 adlatus
807 4001 931 4071 igne
976 4004 1162 4059 divino
1209 4004 1387 4058 studia
1438 4001 1739 4058 devotionis

164 4100 303 4157 erga
359 4095 604 4141 sanctam
661 4078 719 4143 et
769 4090 1120 4159 apostolicam
1192 4090 1488 4145 Ecclesiam
1540 4090 1739 4144 habere

163 4175 411 4245 coepisti,
441 4176 599 4231 silere
629 4192 729 4233 nos
762 4178 1000 4236 charitas
1044 4180 1098 4235 in
1120 4189 1174 4239 te
1207 4180 1399 4237 diffusa
1443 4195 1553 4235 non
1601 4180 1738 4249 pati-

166 4273 280 4330 tur,
320 4263 451 4335 quin
482 4265 731 4322 ardorem
758 4268 953 4324 divina:
981 4270 1255 4327 servitutis
1277 4271 1345 4325 de
1373 4270 1461 4327 die
1492 4270 1569 4325 in.
1594 4270 1736 4326 diem

163 4356 470 4414 ferventius
499 4367 552 4414 te
581 4361 864 4432 concipere
898 4362 1166 4434 frequenti
1216 4364 1593 4419 exhortatione
1626 4380 1740 4419 mo-

1859 590 2100 641 dieentes
2120 584 2169 638 ei
2207 601 2271 636 nc
2301 580 2525 635 ulterius
2573 593 2629 631 se
2667 575 2972 644 lmjusmudi
3024 572 3212 626 inertia
3260 570 3419 641 |forle

1859 675 2106 739 audacia]
2134 685 2184 727 et
2220 671 2463 724 fatuitatc
2504 682 2767 735 occupare
2808 663 3042 731 incipiat.
3090 659 3336 713 Attamen
3371 658 3417 712 si

1857 766 1986 835 quid
2010 766 2295 818 adversum
2319 771 2368 813 te
2391 758 2676 813 temerario
2692 754 2895 825 judicio
2919 750 3122 813 fecerit,
3148 756 3416 816 przeventu

1859 854 2168 923 apostolica:
2200 848 2536 905 auctoritatis
2564 854 2710 898 tutus
2741 852 2900 912 atque
2940 839 3213 902 defensus,
3248 837 3419 890 donec

1857 946 2051 999 iterum
2099 943 2165 996 ad
2201 952 2250 995 te
2296 947 2477 993 nostra
2509 935 2703 1005 legatio
2745 932 3063 1003 perferatur,
3109 944 3205 998 pro
3250 925 3420 980 niliilo

1857 1037 2045 1098 ducas,
2076 1032 2355 1101 magisque
2382 1028 2482 1082 sibi
2514 1027 2581 1081 ad
2604 1024 2923 1095 periculum,
2955 1036 3117 1092 quam
3150 1018 3244 1073 tibi
3271 1019 3417 1071 futu-

1860 1142 1977 1178 rum
2008 1140 2129 1177 esse
2159 1138 2266 1177 non
2302 1120 2562 1189 ambigas.
2596 1117 2670 1170 De
2690 1125 2887 1171 caetero
2917 1112 3227 1182 apostolicis
3253 1111 3417 1164 benc—

1856 1213 2183 1268 dictionibus
2202 1226 2415 1280 semper
2442 1220 2491 1263 te
2518 1207 2783 1261 munitum
2817 1220 2935 1259 esse
2958 1202 3207 1272 gaudeas.

1929 1301 2060 1355 Data
2084 1300 2268 1372 Romae
2288 1299 2497 1351 decimo
2519 1296 2708 1366 quinto
2752 1294 3013 1347 Kalendas
3043 1290 3259 1360 Aprilis,
3285 1288 3419 1341 indu-

1856 1392 2033 1446 ctione
2065 1391 2399 1446 duodecima.

2374 1476 2700 1532 EI’ISTOLA
2746 1474 2880 1527 LXII

2110 1586 2177 1623 AD
2214 1584 2453 1624 [IL'GOSESI
2491 1582 2729 1620 ABBATESI
2766 1576 3155 1619 CLCNIACENSEI

2441 1655 2617 1725 (Anno
2659 1655 2833 1721 107i.)

1861 1747 2090 1801 Miratur
2113 1733 2226 1798 cum
2267 1744 2335 1796 ml
2367 1744 2683 1796 risilandam
2726 1741 3062 1809 apostolicam
3104 1739 3271 1791 sedem
3320 1752 3419 1788 non

1935 1817 2229 1867 accessisse.
2267 1814 2434 1865 Μουση·
2463 1815 2515 1864 id
2560 1814 2727 1880 furia!
2779 1821 2827 1863 et
2854 1813 3042 1879 fratres
3085 1825 3203 1861 suos
3246 1824 3417 1875 preces

1932 1902 2025 1953 pro
2060 1901 2113 1936 se
2144 1884 2356 1951 [madere
2385 1892 2547 1934 curet.

1922 1974 2227 2027 Gnsconws
2241 1973 2544 2041 episcopus,
2568 1987 2757 2025 servus
2782 1983 3058 2023 servorum
3102 1982 3194 2030 ωε,
3214 1982 3415 2021 necom

1854 2060 2034 2115 abbati
2067 2060 2410 2115 Cluniacensi
2460 2061 2685 2114 salutem
2732 2068 2787 2114 et
2822 2058 3168 2127 apostolicam
3202 2057 3417 2111 benedi-

1849 2150 2107 2204 ctioncm.

1921 2239 2083 2293 Grata
2107 2239 2261 2293 nobis
2286 2247 2341 2293 et
2359 2238 2535 2292 dulcia
2561 2248 2687 2292 sunt
2710 2238 2873 2293 verba
2896 2244 3095 2298 vestra,
3129 2245 3219 2291 sed
3245 2235 3418 2291 multo

1854 2328 2087 2383 uberiori
2110 2328 2465 2382 delectatione
2493 2343 2591 2381 nos
2610 2335 2883 2396 caperent,
2907 2326 2952 2379 si
2977 2335 3151 2380 vestra
3177 2326 3413 2380 cbaritas
3516 2366 3521 2371 .
3559 2353 3567 2361 -

1850 2417 2126 2470 ardentius
2177 2431 2303 2485 erga
2355 2416 2652 2470 Romanam
2706 2416 2939 2471 feneret
2989 2415 3300 2469 Ecelesiam.
3355 2413 3415 2467 in

1852 2506 1953 2560 hoc
1966 2507 2427 2576 eninrdileetionis
2453 2518 2642 2561 vestrae
2668 2508 2940 2560 ﬂammam
2968 2504 3202 2558 residere
3225 2506 3415 2574 deprc-

1852 2595 2164 2658 bcmlimus,
2212 2598 2358 2665 quod
2399 2599 2818 2653 consolationem
2866 2604 3056 2649 vestra:
3093 2595 3416 2648 visitationis

1850 2679 2009 2735 toties
2035 2680 2314 2749 quaesitam
2350 2681 2590 2757 invenire
2632 2697 2737 2735 non
2771 2698 3077 2751 possumus.
3112 2683 3165 2738 Id
3189 2686 3407 2754 quidem

1849 2783 1957 2821 non
2005 2769 2128 2823 aliis
2152 2770 2597 2838 occupationibus
2642 2773 2832 2825 vestris
2886 2773 3256 2842 imputandum
3287 2790 3409 2829 esse

1848 2857 2139 2922 credimus,
2203 2857 2307 2910 nisi
2349 2858 2493 2927 quod
2542 2859 2877 2912 sanctitatem
2923 2869 3152 2914 vestram
3198 2861 3407 2916 labores

1849 2944 2054 3016 fugere,
2087 2954 2141 2999 et
2173 2946 2449 3017 aliquanto
2488 2948 2731 3016 graviora
2786 2950 3016 3019 negotia,
3044 2950 3198 3018 quasi
3243 2950 3409 3021 pigri-

1850 3048 2013 3100 tatem
2055 3039 2121 3109 υ.
2152 3037 2444 3109 pigritatc],
2478 3039 2799 3107 quibusdam
2829 3039 3209 3094 occasionibus
3241 3038 3406 3095 deci-

1851 3144 1980 3183 nare
2005 3130 2265 3185 videmus.
2280 3127 2508 3182 Proinde
2534 3137 2722 3183 noscat
2744 3130 2931 3200 religio
2956 3140 3133 3185 vestra
3149 3131 3407 3201 quoniam
3492 3194 3495 3197 δ

1848 3218 1941 3286 qui
1975 3219 2289 3286 denegatam
2320 3218 2475 3272 nobis
2502 3219 2841 3286 praesentiam
2874 3228 3107 3272 vestram
3150 3220 3410 3275 hactenus
3456 3228 3488 3263 ‘-

1847 3323 1971 3363 cum
2000 3308 2353 3361 admiratione
2381 3307 2756 3368 sustinuimus,
2783 3306 3033 3375 deinceps
3085 3307 3202 3361 sine
3240 3308 3406 3363 multa

1847 3398 2119 3456 anxietate
2146 3404 2200 3451 ct
2228 3397 2422 3451 mentis
2471 3396 2871 3464 perturbatione
2900 3395 3039 3450 ferre
3066 3412 3173 3449 non
3213 3413 3407 3466 possu-

1848 3502 1989 3542 mus.
2031 3487 2336 3542 Meminisse
2383 3488 2526 3540 enim
2557 3484 2761 3540 debetis
2800 3487 2942 3554 qunti
2970 3495 3023 3539 et
3068 3498 3268 3555 quanta
3306 3504 3405 3558 ης·
3460 3544 3463 3547 ,

1848 3580 1989 3648 gotia
2024 3579 2080 3632 in
2135 3588 2313 3632 vestra
2360 3594 2545 3642 manu,
2597 3588 2651 3631 et
2674 3576 2963 3631 confratris
3006 3578 3177 3631 nostri
3201 3577 3405 3632 Giraidi

1848 3666 2119 3742 [Gerardi]
2145 3669 2412 3725 Ostiensis
2435 3669 2672 3739 episcopi
2718 3670 3078 3738 posuerinms,
3124 3686 3245 3738 qua:
3278 3685 3404 3738 pro-

1853 3772 1971 3831 pter
1999 3760 2297 3814 absentiam
2344 3768 2573 3813 vestram
2631 3768 2723 3811 aut
2749 3758 2983 3824 neglecta
3018 3767 3262 3824 pereunt,
3312 3766 3405 3811 aut

1769 3899 1778 3907 .
1834 3859 2224 3920 compctentem
2257 3849 2416 3904 finem
2452 3841 2651 3902 habere
2687 3856 2792 3894 non
2824 3849 3073 3909 possunt.
3116 3848 3400 3916 quoniam,

1836 3953 1962 3991 cum
1996 3937 2278 4006 praefatum
2314 3937 2627 4005 episcopum
2675 3929 2732 3989 ill
2783 3927 3005 3982 servitio
3039 3934 3212 3988 sancti
3256 3930 3397 3985 Petri

1839 4024 1978 4078 ultra
2014 4033 2227 4079 montes
2257 4033 2317 4077 ut
2340 4024 2409 4077 ad
2432 4037 2613 4091 regem
2658 4015 2927 4083 misimus,
2974 4029 3070 4074 vos
3114 4028 3397 4073 venturum

1835 4113 2259 4168 aestimabamus.
2296 4111 2652 4180 Quapropter,
2704 4109 2804 4163 etsi
2835 4098 3113 4169 commoti.
3156 4096 3399 4165 dilectio-

1837 4216 1959 4255 nem
1987 4210 2222 4254 vestram
2248 4199 2439 4256 intimo
2468 4198 2823 4253 admonemus
2848 4199 3064 4265 aﬂ'ectu,
3112 4211 3171 4255 ut
3199 4217 3299 4257 nos
3342 4202 3405 4257 in'

1837 4289 2019 4345 multis
2062 4297 2118 4343 et
2157 4286 2366 4358 magnis
2390 4288 2655 4359 angustiis
2678 4288 2885 4358 positos
2914 4292 3236 4357 quantocius
3268 4292 3399 4347 visi-

1837 4387 1952 4433 tare
1997 4378 2215 4436 curetis.
2260 4377 2546 4434 Portamus
2594 4378 2760 4443 enim,
2814 4370 3123 4451 quanquam
3172 4380 3394 4446 inﬁrmi,

162 4462 425 4542 namus:
563 4453 765 4507 etenim
791 4462 914 4509 vota
939 4454 1082 4525 apud
1102 4454 1271 4511 Deum
1297 4456 1516 4526 praemia
1528 4471 1737 4512 meren-
1770 4484 1815 4542 ι)
1838 4483 2147 4538 quanquam
2196 4476 2352 4529 extra
2401 4470 2544 4525 vires
2596 4469 2795 4539 ingenii
2844 4476 2898 4523 et
2958 4447 3204 4541 corporis
3222 4512 3245 4539 ,
3291 4474 3403 4537 soli

164 4543 344 4631 utres
653 4556 775 4631 qua;
816 4558 913 4613 per
945 4545 1143 4616 gradus
1186 4546 1455 4603 bonorum
1511 4563 1736 4618 operum

1842 4536 2018 4611 tamen
2046 4566 2346 4627 portamus,
2392 4557 2451 4618 in
2498 4557 2601 4613 hoc
2632 4536 2955 4627 gravissimo
2987 4536 3249 4631 tempore,
3282 4536 3403 4614 non
3439 4542 3454 4597 ί
3488 4562 3491 4565 ’

162 4625 236 4718 ad
924 4636 1169 4702 tendunt,
1193 4648 1249 4692 et
1275 4653 1489 4709 semper
1511 4637 1564 4692 in
1596 4638 1737 4693 bona

160 4715 443 4775 desideria
481 4719 742 4789 ampliora
765 4715 1098 4794 concipiunt.
1139 4725 1497 4799 Quapropter,
1528 4729 1738 4784 charis-

160 4808 313 4886 sima
340 4804 433 4863 -ιιιί
482 4804 537 4858 in
586 4803 829 4874 Christo,
876 4809 1020 4875 bona
1069 4826 1210 4882 quas,
1261 4813 1371 4869 Deo
1415 4815 1732 4885 inspirante,

160 4908 329 4950 mens
362 4903 417 4951 et
448 4892 663 4953 devotio
698 4902 790 4949 tua
835 4898 1139 4965 proposuit,
1172 4899 1242 4953 ad
1278 4900 1533 4957 ασοαιιιιι
1559 4903 1733 4972 perfe-

162 4981 373 5036 ctionis
398 4986 681 5040 extendere
705 4983 900 5043 Stude:
948 4987 1535 5054 quatenusapostoiica
1568 4990 1732 5045 bene-

161 5065 430 5135 volentia,
455 5072 597 5126 nulla
628 5072 722 5126 tibi
756 5072 1076 5128 labefactata
1108 5071 1350 5141 segnitie,
1378 5088 1477 5142 pro

161 5152 278 5211 tuis
320 5156 573 5226 ampliori
629 5176 841 5232 semper
861 5169 925 5217 'te
960 5160 1248 5218 dilectione
1289 5162 1726 5230 comprehendat.

163 5239 244 5295 De
276 5241 543 5313 rrdiqniis
573 5259 635 5323 et
662 5251 941 5323 privilegio
988 5255 1131 5307 unde
1181 5264 1281 5308 nos
1328 5249 1551 5319 rogasti,
1603 5265 1727 5306 cum

162 5327 400 5384 nuntius
419 5339 568 5401 tuus,
590 5337 739 5395 finita
757 5348 822 5395 et.
838 5340 1075 5411 perfecta
1094 5338 1341 5403 mlesia,
1364 5340 1727 5394 consecratio-

163 5420 253 5475 nis
271 5419 569 5507 colisilium
588 5430 795 5485 a‘nobis
826 5429 1404 5509 quasierit,'voluntati
1434 5437 1539 5491 ωε
1563 5432 1729 5485 satis-

159 5509 677 5591 facerg_benigne7
711 5522 1138 5589 procurabimus.
1211 5520 1534 5593 Sigifredum
1600 5534 1729 5575 vero

158 5596 1072 5687 εωιιὶοιξὶωοριξωγέᾏοευηιῇηυω
1103 5651 1130 5679 ,,
1181 5612 1248 5666 ale
1313 5609 1730 5681 prmsumptione

158 5686 332 5754 tum
369 5684 429 5741 in
452 5700 619 5742 causa
639 5684 879 5773 «ἰεῖρΠιίτί
921 5686 1207 5767 Bragensis
1244 5700 1475 5773 episcopi
1515 5699 1726 5765 tabuit,

1838 4645 2012 4699 solum
2034 4644 2393 4714 spiritualium
2415 4645 2510 4699 sed
2533 4653 2588 4699 et
2608 4646 2946 4702 sacularium
2974 4650 3160 4718 ingens
3179 4646 3389 4717 pondus
3428 4674 3431 4679 ~

1838 4736 2196 4806 negotiorum,
2231 4744 2286 4788 et
2318 4749 2515 4789 casum
2541 4744 2784 4789 nostrum
2816 4736 3054 4805 quotidie
3099 4750 3165 4787 ex
3207 4734 3389 4788 immi-

1838 4824 1985 4878 nenti
2017 4824 2230 4879 sarcina
2256 4822 2629 4887 formidamns,
2651 4822 2745 4891 qui
2764 4821 3172 4877 sustentationis
3190 4822 3390 4877 auxilia

1835 4912 1889 4964 in
1932 4912 2035 4967 hoc
2081 4913 2279 4967 saeculo
2321 4924 2660 4980 nequaquam
2696 4909 2950 4979 [nequam
2980 4909 3251 4978 legendum
3279 4926 3399 4966 esse

1834 4998 2085 5069 arbitror]
2117 4999 2352 5068 reperire
2385 4997 2689 5074 nequimus.
2723 4995 2874 5051 Unde
2905 5012 3000 5066 per
3046 4999 3386 5068 omnipoten-

1828 5095 1935 5148 tem
1968 5085 2256 5141 Dominum
2286 5100 2538 5154 rogamus
2569 5095 2627 5139 ut
2656 5085 2846 5141 fratres
2878 5097 3089 5149 vestros
3128 5086 3384 5157 (sicutab

1827 5174 1980 5227 initio
2025 5174 2377 5231 ordinationis
2421 5184 2617 5231 nostra:
2659 5177 3066 5245 postulavimns)
3100 5190 3198 5245 pro
3226 5174 3384 5228 nobis

1822 5261 2023 5331 iugiter
2064 5278 2223 5319 orare
2270 5263 2439 5318 Deum
2479 5266 2906 5330 commoneatis,
2954 5263 3231 5333 quoniam.
3274 5261 3409 5327 υίδίί

1826 5348 2040 5403 illorum
2088 5358 2143 5405 et
2192 5350 2423 5408 aliorum
2477 5352 2711 5405 fidelium
2763 5350 3147 5404 interventibus
3199 5348 3379 5404 divina

1825 5437 2078 5509 suﬂ'ragia
2105 5455 2427 5504 mereamur,
2463 5447 2728 5503 nostrum,
2752 5445 2835 5503 et,
2861 5437 3004 5505 quod
3025 5437 3196 5507 magis
3218 5434 3381 5492 time-

1828 5542 1969 5591 mus,
2021 5527 2273 5580 Ecclesia:
2313 5527 2607 5595 periculum
2659 5518 2863 5581 evitare
2905 5524 3011 5580 non
3036 5518 3376 5595 poterimus.

1827 5613 2177 5683 Omnipotens
2202 5613 2362 5679 Deus,
2412 5630 2440 5667 a
2491 5630 2598 5685 quo
2644 5616 2783 5669 bona
2829 5624 3019 5669 cuncta
3061 5616 3377 5683 procedunt,

1829 5718 1924 5757 vos
1946 5717 2008 5757 ac
2030 5702 2347 5757 commissos
2371 5704 2521 5758 vobis
2544 5704 2596 5757 in
2623 5706 2723 5759 bac
2743 5705 2953 5758 mortali
2978 5705 3084 5759 vita
3107 5706 3179 5759 ita
3202 5692 3406 5763 verive:
