4098 6410
698 446 847 503 ,539

1366 439 1421 496 s.
1457 396 1911 496 casconu’vu
1943 435 2144 492 pars:
2178 428 2460 491 ornavit
2492 429 2675 493 rans
2708 429 2750 484 ι.
2787 459 2859 471 -
2889 422 3287 484 nsclsrnuu

3847 416 3950 472 διο

674 580 677 583 λ
742 557 923 623 faciat,
974 564 1033 609 ut
1086 554 1155 609 ad
1209 567 1391 608 veram
1445 561 1499 607 et
1553 550 1908 605 immortalem
1961 548 2150 615 vitam,
2186 546 2297 602 Deo
2322 557 2367 614 Α
2391 558 2589 600 monac
2603 551 2660 597 et
2690 536 3301 609 Smcro(349),regibus
3322 526 3953 602 Hispaniseaparibus,d

743 644 989 709 ducente,
1019 641 1359 711 perveniatis.
1424 662 1432 665 -

812 731 945 785 Data
976 730 1159 786 Roma
1199 729 1410 786 decimo
1442 735 1635 798 quarto
1671 726 1936 782 Kalendas
1960 726 2178 796 Aprilis,
2209 725 2294 779 in-

744 821 978 877 dictione
999 820 1336 876 duodecima.
1936 818 1939 819 ⁷

1246 906 1574 967 EPISTULA
1617 906 1798 960 LXIII.

1091 1016 1157 1053 AD
1183 1014 1403 1055 ωοιωι
1439 1012 1612 1052 REGE!
1651 1010 1942 1050 ABAGONIA'I.

1330 1086 1507 1156 (Anno
1542 1084 1723 1154 107s.)

751 1177 1087 1233 Commendat
1114 1178 1227 1246 ejus
1250 1176 1629 1246 observantiam
1648 1182 1770 1244 erga
1788 1173 2085 1246 [inmanem
2114 1172 2295 1227 Eccle—

814 1249 978 1312 siam,
1002 1242 1320 1316 quodquin
1353 1261 1450 1316 sua
1498 1242 1958 1316 ditione'oﬂicium
2005 1242 2293 1316 Romanum

815 1311 1062 1369 celebrari
1092 1311 1318 1369 studeat.
1344 1313 1580 1365 Absentis
1602 1311 1874 1380 cujusdam
1912 1312 2294 1363 accusationem

811 1400 913 1437 non
958 1385 1137 1452 recipit
1180 1399 1197 1435 :
1253 1382 1489 1435 nuntium
1507 1395 1716 1452 reverso
1737 1380 1905 1448 legato
1929 1396 1982 1433 se
2016 1381 2294 1432 missurum

824 1449 1207 1521 promittit,qui
1234 1466 1447 1504 causam
1480 1449 1697 1517 deﬁnire
1726 1458 1888 1501 curet.

817 1542 1118 1596 Caesonius
1139 1540 1643 1611 episcopus,servus
1662 1550 1939 1591 servorum
1965 1536 2078 1603 Dei,
2103 1537 2296 1593 Sumo

750 1633 866 1712 regi
887 1631 1237 1702 Aragonensi,
1265 1630 1489 1685 salutem
1517 1636 1571 1681 et
1596 1627 1945 1697 apostolicam
1972 1628 2298 1683 benedictio-

753 1736 897 1776 nem.

814 1810 1042 1866 Litteras
1063 1793 1354 1865 nobilitatis
1374 1819 1479 1863 tuas
1498 1808 1762 1863 suavitate
1786 1778 2099 1875 plenaslaeti
2122 1822 2300 1861 susce-

2389 634 2657 706 episcopis
2678 634 2731 687 in
2755 632 2960 688 ditione
2984 644 3082 684 sua
3108 623 3447 689 constitutis,
3474 621 3702 676 salutem
3726 628 3783 674 et
3814 633 3951 687 apo.

2391 726 2638 781 stolicam
2678 721 3127 778 benedictionem.

2445 814 2585 872 Cum
2614 815 2803 870 beatus
2821 809 3096 881 apostolus
3121 804 3323 860 Paulus
3339 799 3653 870 Hispaniam
3672 810 3734 851 se
3752 794 3955 849 adiisse

2390 906 2653 977 signiﬁcet
2675 902 2846 973 (Rom.
2875 901 2995 969 xv),
3025 912 3089 952 ac
3116 903 3304 966 postea
3337 898 3543 961 septem
3562 887 3857 977 episcopos
3885 884 3954 937 ab

2391 971 2524 1050 urbe
2544 971 2714 1048 Roma
2732 991 2799 1045 ad
2817 986 3162 1044 instruendos
3180 981 3454 1052 Hispanias
3474 976 3704 1048 populos
3733 990 3763 1027 a
3788 971 3954 1026 Petro

2390 1093 2444 1139 et
2461 1083 2629 1139 Paulo
2654 1080 2913 1151 apostolis
2934 1077 3171 1133 directos
3203 1072 3393 1137 fuisse,
3418 1067 3515 1139 qui
3532 1067 3813 1143 destructa
3838 1061 3955 1116 ido-

2390 1172 2603 1228 lolatria
2665 1168 3131 1225 Christianitatem
3186 1160 3576 1220 fundaverunt,
3635 1153 3955 1222 religionem

2391 1263 2788 1332 plantaverunt,
2815 1258 3059 1313 ordinem
3080 1263 3135 1323 et
3158 1250 3392 1308 ofﬁcium
3421 1248 3477 1301 in
3496 1244 3698 1301 divinis
3715 1242 3959 1332 cultibus

2392 1331 2612 1422 agendis
2630 1344 3002 1411 ostenderunt,
3024 1352 3079 1399 et
3103 1341 3364 1411 sanguine
3386 1351 3487 1392 suo
3507 1333 3781 1417 Ecclesias
3805 1331 3958 1386 dedi-

2392 1416 2604 1507 cavere,
2626 1446 2805 1494 vestra
2830 1433 3106 1506 diligentia
3128 1446 3236 1486 non
3265 1430 3506 1499 ignoret,
3533 1416 3793 1494 quantam
3820 1436 3961 1477 con-

2393 1530 2631 1585 cordiam
2662 1542 2785 1582 cum
2822 1526 3066 1580 Romana
3089 1521 3224 1576 urbe
3244 1517 3500 1587 Hispania
3530 1515 3586 1568 in
3620 1513 3885 1582 religione
3907 1517 3961 1564 et

2394 1619 2583 1674 ordine
2602 1616 2769 1672 divini
2785 1613 2945 1668 cilicii
2968 1610 3221 1666 habuisse
3242 1607 3432 1679 [farte;
3458 1603 3756 1667 habuisset,
3782 1600 3958 1654 lino.

2393 1696 2541 1762 itaet
2568 1704 2787 1776 Mutin.]
2835 1704 2967 1759 satis
3004 1707 3151 1771 patet
3196 1717 3210 1753 :
3257 1697 3350 1753 sed
3400 1701 3685 1765 postquam
3737 1690 3962 1745 vesania

2395 1797 2929 1854 Priscillianistarum
2952 1792 3046 1847 diu
3070 1790 3357 1860 pollutum,
3380 1794 3434 1873 et
3462 1782 3686 1854 perﬁdia
3725 1780 3963 1835 Arianoo

749 1902 950 1972 pimus,
973 1902 1028 1955 in
1075 1902 1271 1971 quibus
1317 1906 1518 1969 quanta
1560 1870 1813 1951 ﬁdelitate
1868 1912 1992 1966 erga
2032 1897 2299 1967 principes
2331 1902 2373 1956 Β
2398 1904 2521 1943 rum
2544 1888 2919 1956 depravatum.
2947 1891 3003 1936 et
3035 1897 3065 1934 a
3097 1880 3344 1933 Romano
3369 1870 3476 1929 ritu
3520 1879 3862 1941 separatum,
3877 1870 3964 1972 ir-

753 1994 1118 2062 apostolorum
1150 1991 1367 2044 Petrum
1396 1997 1450 2043 et
1494 1988 1719 2053 Paulum
1754 2003 1819 2042 ac
1858 1987 2155 2042 Romanam
2192 1986 2297 2042 Ec-

753 2082 971 2136 elesiam
1006 2080 1211 2135 ferveas
1235 2080 1365 2134 satis
1387 2079 1758 2148 perspeximus
1801 2096 1813 2132 :
1867 2094 2059 2147 quam,
2086 2078 2301 2133 tametsi

754 2171 960 2226 litteras
984 2179 1106 2224 tuas
1126 2170 1299 2223 nullas
1321 2169 1752 2237 videremus,per
1775 2169 1977 2237 legatos
1998 2167 2303 2236 apostolica:

756 2262 901 2317 sedis
922 2261 1527 2328 evndentercoapertam
1551 2258 1899 2312 habebamus.
1923 2257 1979 2310 ln
2001 2258 2103 2312 hoc
2124 2266 2301 2311 autem

680 2414 688 2423 ο
758 2353 902 2422 quod
927 2351 1029 2406 sub
1055 2351 1255 2405 ditione
1298 2357 1390 2403 tua
1434 2348 1661 2402 Romani
1696 2348 1901 2402 ordinis
1930 2346 2159 2401 oﬁicium
2189 2347 2303 2401 ﬁeri

760 2441 937 2519 studio
961 2448 1014 2494 et
1036 2440 1372 2509 jussionibus
1391 2439 1497 2493 tuis
1520 2438 1745 2504 asseris,
1770 2437 2027 2491 Romana:
2052 2436 2307 2492 Ecclesia!

760 2537 815 2584 te
836 2530 1028 2593 ﬁlium,
1051 2545 1114 2583 ac
1140 2544 1259 2583 eam
1288 2528 1630 2583 concordiam
1663 2536 1718 2582 et
1744 2527 1988 2581 eamdem
2016 2525 2306 2580 amicitiam

762 2626 818 2672 te
848 2617 1126 2672 nobiscum
1148 2618 1365 2682 habere,
1385 2633 1547 2685 quam
1568 2618 1696 2671 olim
1724 2631 1874 2686 reges
1898 2615 2167 2685 Hispania:
2184 2630 2306 2669 cum

765 2706 1025 2761 Romanis
1055 2705 1397 2776 ponﬁthibus
1444 2706 1731 2771 habebant,
1771 2705 2132 2775 cognosceris.
2181 2702 2310 2757 Esto

765 2797 947 2866 itaque
966 2804 1238 2860 constans,
1262 2804 1316 2850 et
1339 2795 1584 2849 ﬁduciam
1609 2796 1818 2849 ﬁrmam
1847 2796 2067 2858 habeas,
2090 2803 2145 2848 et
2166 2794 2310 2863 quod

766 2887 975 2956 coepisti
1000 2886 1245 2954 perﬁcias
1267 2905 1280 2939 :
1304 2885 1430 2954 quia
1459 2885 1511 2937 in
1545 2883 1773 2938 Domino
1791 2882 1918 2937 Iesu
1935 2884 2163 2956 ‘Christo
2188 2890 2312 2937 con-

768 2953 984 3030 ﬁdimus
1003 2953 1127 3043 quia
1159 2975 1345 3028 beatus
1376 2974 1565 3027 Petrus
1605 2974 1906 3042 apostolus,
1928 2953 2088 3041 quem
2130 2973 2312 3027 Domi-

771 3081 873 3120 nus
893 3065 1049 3119 Jesus
1067 3063 1314 3118 Christus
1333 3079 1423 3117 rex
1451 3062 1631 3130 gloriae
1651 3062 1943 3131 principem
1967 3064 2125 3131 super
2151 3078 2313 3131 regna

770 3156 956 3210 mundi
982 3153 1278 3219 constituit,
1305 3152 1391 3206 cui
1415 3160 1467 3205 te
1494 3151 1700 3205 ﬁdelem
1722 3152 1961 3215 exhibes,
1989 3159 2038 3205 te
2059 3152 2125 3211 ad
2150 3152 2320 3205 bono:

2396 1978 2678 2034 ruentibus
2697 1976 2848 2045 prius
2868 1972 3081 2036 Gothis,
3112 1984 3176 2023 ac
3203 1968 3420 2022 demum
3456 1960 3839 2017 invadentibus
3875 1957 3968 2012 Sa-

2398 2068 2630 2131 racenis,
2654 2078 2880 2135 regnum
2902 2060 3173 2129 HiSpaniaa
3201 2056 3323 2121 fuit,
3336 2070 3444 2109 non
3466 2053 3643 2109 solum
3668 2049 3865 2119 religio
3888 2058 3970 2103 est

2325 2153 2329 2156 ’
2381 2158 2685 2219 diminuta,
2708 2167 2894 2208 verum
2924 2150 3088 2204 etiam
3135 2145 3421 2201 mundanae
3455 2142 3583 2197 sunt
3634 2153 3770 2208 opes
3821 2137 3968 2191 labe-

2401 2246 2630 2303 factatas.
2659 2243 2999 2311 Quapropter
3022 2245 3083 2291 ut
3109 2237 3249 2290 ﬁlios
3270 2230 3620 2288 charissimss
3647 2230 3745 2282 vos
3768 2226 3969 2280 adhor-

2406 2348 2490 2393 tor
2511 2345 2566 2392 et
2586 2348 2785 2390 moneo
2813 2320 2875 2385 ut
2913 2345 3042 2395 vos,
3070 2328 3211 2382 sicut
3248 2325 3406 2378 bonas
3439 2320 3674 2384 soboles,
3698 2317 3807 2373 etsi
3848 2324 3971 2386 post

2403 2429 2689 2483 diuturnas
2724 2422 3015 2484 scissuras,
3040 2418 3258 2472 demum
3284 2422 3460 2466 tamen
3494 2418 3553 2463 ut
3595 2416 3831 2462 matrem
3878 2421 3966 2458 re-

2404 2532 2531 2571 vera
2552 2522 2790 2568 vestram
2813 2510 3115 2563 Romanam
3144 2501 3439 2558 Ecclesiam
3465 2496 3895 2567 recognoscatis,
3917 2496 3969 2548 in

2404 2621 2511 2674 qua
2537 2613 2594 2657 et
2611 2618 2712 2657 nos
2731 2601 2925 2656 fratres
2946 2596 3248 2665 reperiatis,
3262 2592 3521 2646 Romanae
3543 2589 3802 2643 Ecclesiae
3822 2587 3970 2640 ordi-

2408 2710 2527 2749 nem
2552 2701 2607 2746 et
2626 2684 2857 2745 cilicium
2880 2678 3156 2754 recipiatis
3172 2725 3187 2747 ,
3209 2698 3319 2737 non
3351 2681 3644 2742 Toletanze,
3669 2679 3756 2731 vel
3792 2678 3973 2745 cujus-

2406 2784 2537 2837 libet
2557 2782 2698 2841 alia).
2718 2780 2810 2833 sed
2837 2777 2997 2833 istius
3015 2788 3143 2843 quae
3162 2788 3192 2825 a
3212 2771 3373 2824 Petro
3402 2778 3455 2821 et
3481 2767 3653 2821 Paulo
3679 2782 3849 2833 supra
3882 2765 3972 2817 ﬁr-

2409 2888 2553 2928 mam
2580 2880 2787 2941 petram
2812 2883 2909 2937 per
2942 2863 3220 2919 Christum
3246 2859 3592 2923 fundata‘est,
3616 2865 3672 2909 et
3710 2855 3977 2921 sanguine

2410 2968 2750 3024 consecrata,
2775 2958 2862 3013 cui
2900 2963 3070 3026 portae
3105 2952 3322 3016 inferni,
3348 2950 3401 3002 id
3420 2958 3503 3002 est
3531 2948 3726 3016 linguae
3759 2943 3969 2997 hzereti-

2411 3065 2619 3115 corum,
2644 3061 2919 3117 nunquam
2952 3041 3239 3114 praevalere
3270 3043 3587 3108 potuerunt,
3612 3034 3757 3088 sicut
3786 3039 3973 3086 castela

2415 3154 2578 3209 regna
2598 3134 2913 3191 Occidentis
2960 3140 3033 3187 et'
3060 3125 3479 3199 Septentrionis,
3526 3121 3779 3177 teneatis.
3829 3118 3972 3173 Unde

771 3261 885 3300 rem
907 3243 1156 3299 desiderii
1186 3209 1276 3297 tui,
1294 3243 1538 3308 adducet,
1563 3243 1676 3311 ipse
1710 3251 1759 3296 te
1802 3209 2059 3295 victorem
2106 3210 2171 3295 de
2221 3241 2315 3294 ad-
2340 3220 2382 3276 (ἶ
2413 3227 2559 3282 enim
2585 3239 2693 3279 non
2716 3221 2973 3282 ὀιιὺίιιηὶε
3006 3233 3107 3273 V03
3144 3215 3446 3283 suscepisse
3496 3209 3781 3280 religionis
3817 3222 3971 3261 em"

772 3335 1023 3390 versariis
1062 3334 1168 3387 tuis
1220 3333 1425 3388 eﬁiciet.
1476 3332 1611 3386 Cum
1656 3332 1799 3387 enim
1842 3330 2102 3385 Dominus
2145 3331 2314 3386 ﬁlium

775 3432 939 3487 amat,
976 3423 1205 3491 ﬂagellat
1223 3431 1277 3476 et
1297 3423 1523 3491 castigat
1548 3420 1730 3490 (Hebr.
1756 3422 1880 3490 xn).
1912 3420 2102 3474 Melius
2130 3429 2184 3473 et
2215 3419 2319 3471 uti-

774 3513 881 3568 lius
910 3526 976 3569 ex
1008 3512 1245 3566 adversis
1268 3510 1671 3579 pervenitur‘ad
1709 3523 1986 3577 prospera.
2032 3508 2134 3573 Qui
2177 3508 2321 3561 enim

775 3604 905 3659 dicit
924 3601 1272 3656 ridentibus:
1321 3599 1409 3653 γω
1448 3598 1609 3663 vobis,
1640 3600 1763 3667 quia
1799 3598 1988 3665 ﬂebitis
2025 3596 2176 3667 (Luc.
2224 3596 2321 3663 vr),

776 3694 891 3763 ipse
919 3693 1162 3761 lugentes
1190 3690 1375 3743 beatos
1405 3689 1617 3753 asserit,
1640 3689 1886 3757 quoniam
1939 3687 2039 3755 ipsi
2088 3687 2327 3739 consola-

777 3784 969 3837 buntur
991 3781 1204 3850 (Matth.
1228 3780 1303 3849 v).
1337 3779 1411 3832 De
1435 3777 1719 3832 Salomone
1766 3786 1945 3832 autem
1980 3778 2046 3832 ad
2090 3792 2325 3846 praesens

777 3874 909 3927 nihil
947 3871 1348 3940 respondimus,
1394 3867 1649 3938 quoniam
1692 3867 2089 3921 accusationem
2123 3882 2218 3934 per
2247 3865 2329 3918 lit-

779 3964 1276 4029 teras,eoabsentc
1307 3961 1399 4029 qui
1449 3968 1686 4025 accusat,
1741 3960 1880 4014 sacri
1938 3973 2173 4013 canones
2219 3972 2327 4011 non

627 4098 635 4109 .
700 4076 705 4081 «
784 4054 1065 4119 recipiunt.
1092 4050 1188 4104 Est
1215 4066 1429 4119 quoque
1460 4050 1623 4114 aliud,
1665 4050 1807 4119 quod
1860 4036 2067 4118 legatus
2122 4054 2327 4111 noster,

784 4142 876 4208 qui
902 4142 965 4192 ad
988 4143 1166 4207 partes
1188 4141 1306 4193 illas
1328 4140 1765 4208 histemporibus
1784 4139 1907 4205 fuit,
1924 4139 2127 4203 aberat,
2141 4146 2193 4191 et
2214 4138 2330 4192 sine

788 4245 853 4282 eo
880 4228 1140 4297 judicium
1170 4227 1293 4280 inde
1330 4228 1458 4281 dare
1504 4228 1922 4301 noluimus..Eo
1971 4243 2099 4283 vero
2148 4243 2329 4281 rever-

790 4327 935 4373 tente
963 4317 1299 4382 habebimus,
1324 4315 1435 4370 Deo
1465 4315 1694 4381 favente,
1719 4319 2024 4383 consilium,
2044 4327 2099 4372 et
2133 4319 2199 4383 ad
2239 4334 2334 4372 vos

790 4410 1040 4465 nuntium
1068 4416 1309 4461 nostrum
1336 4406 1627 4471 mittemus,
1652 4405 1746 4474 qui
1772 4406 1911 4459 hanc
1952 4414 2007 4459 et
2047 4408 2179 4469 alias
2235 4422 2332 4460 ne-

791 4498 1059 4557 cessarias
1081 4512 1273 4551 causas
1295 4496 1535 4566 diligenti
1573 4494 1818 4549 examine
1858 4493 2193 4561 perquirens,
2221 4495 2334 4547 sin-

2415 3316 2584 3380 dium,
2612 3320 2779 3368 restat
2831 3311 2992 3365 etiam
3032 3309 3108 3361 ut'
3141 3306 3267 3359 inde
3316 3302 3588 3370 recipiatis
3635 3300 3689 3352 in
3730 3294 3976 3352 ecclesia-

2417 3387 2559 3457 stico
2574 3401 2763 3455 ordine
2790 3399 3031 3452 divinum
3053 3393 3285 3465 ofﬁcium
3308 3410 3321 3444 :
3346 3390 3489 3459 quod
3506 3387 3809 3441 Innocentii
3834 3399 3976 3454 papae

2419 3491 2486 3545 ad
2521 3486 2863 3556 Eugubinum
2884 3484 3088 3537 directa
3120 3480 3433 3547 episcopum
3453 3490 3551 3529 vos
3572 3475 3731 3528 docet
3754 3470 3973 3540 epistola

2422 3578 2593 3646 (epist.
2630 3574 2743 3644 29),
2790 3572 2936 3642 quod
2968 3567 3267 3624 Hormisda:
3311 3564 3376 3618 ad
3420 3560 3790 3629 Hispalensem
3818 3558 3971 3610 missa

2422 3672 2634 3723 decreta
2684 3665 2989 3724 insinuant,
3016 3659 3159 3729 quod
3204 3656 3525 3709 Toletanum
3561 3660 3617 3705 et
3650 3650 3977 3705 Bracarense

2423 3758 2794 3812 demonstrant
2823 3750 3051 3804 concilia
3079 3766 3090 3799 :
3116 3746 3261 3816 quod
3281 3743 3442 3798 etiam
3465 3739 3701 3809 episcopi
3729 3736 3892 3791 vestri
3913 3736 3973 3789 ad

2426 3860 2526 3898 nos
2555 3856 2725 3911 nuper
2757 3840 3034 3894 venientes
3072 3836 3224 3904 juxta
3285 3830 3722 3885 constitutionem
3767 3824 4001 3897 concilii
4096 3862 4098 3911 i

2426 3950 2522 4006 per
2547 3933 2746 4001 scripta
2774 3945 2870 3983 sua
2897 3926 3074 3982 facere
3098 3925 3493 3992 promiserunt,
3510 3926 3562 3974 et
3591 3920 3646 3972 in
3684 3932 3854 3973 manu
3894 3932 3977 3970 no-

2427 4034 2539 4079 stra
2566 4023 2933 4077 ﬁrmaverunt.
2960 4015 3413 4075 Praeterea.,sicut
3439 4011 3504 4065 de
3530 4009 3652 4062 aliis
3676 4019 3979 4062 excommu-

2430 4114 2907 4180 nicationibusper
2925 4111 3129 4178 legatos
3154 4106 3410 4160 Romanae
3438 4101 3692 4157 Ecclesia:
3719 4098 3977 4154 satisfeci-

2432 4221 2581 4270 mus,
2618 4204 3005 4272 depositionem
3056 4208 3111 4280 et
3158 4193 3773 4251 exeommunicationem
3824 4203 3975 4257 quam

2433 4294 2693 4349 Geraldus
2719 4286 3041 4361 [Gerardus]
3061 4275 3323 4341 Ostiensis
3350 4283 3636 4352 episcopus
3672 4293 3800 4332 eum
3831 4275 3979 4331 Βεωο

2433 4372 2969 4453 baldoIRambaldo}
3002 4378 3055 4430 in
3109 4374 3417 4429 Munionem
3465 4369 3847 4432 simoniacum,
3893 4365 3977 4435 qui

2437 4489 2598 4543 super
2661 4470 2966 4525 Simeonem
3026 4466 3383 4521 venerabilem
3453 4462 3673 4517 fratrem
3742 4467 3977 4514 nostrum

791 4548 1269 4661 gulis
1518 4548 1988 4639 determinationis
2022 4548 2192 4636 ﬁnem,
2232 4582 2320 4634 im-

2407 4552 2724 4616 '0seenscm
2762 4559 2909 4629 (350)
2960 4557 3272 4626 episcopum
3323 4553 3604 4608 ordinatus
3650 4558 3792 4614 erat,
3834 4548 3982 4619 [forte

796 4690 999 4823 mihi:
1038 4768 1223 4825 Romae
1241 4766 1448 4823 decimo
1473 4764 1631 4819 tertio
1660 4762 1927 4817 Kalendas
1954 4760 2173 4830 Aprilis,
2204 4757 2342 4813 indi-

802 4858 977 4910 ctione
1002 4857 1336 4929 duodecima.

1289 4944 1619 5024 EPIsTOLA
1666 4942 1847 4997 LXIV.

804 5053 869 5092 AD
896 5048 1197 5089 ALPBONSUI
1218 5048 1595 5099 ολετειιε,ετ
1620 5048 1842 5087 ωκοιυι
1863 5046 2137 5086 ΑΒΔΕΟΝΙΞ
2163 5045 2345 5085 REGES.

1021 5107 1042 5116 ‘
1381 5120 1557 5188 (Anno
1588 5119 1768 5194 ωτι.)

808 5212 1068 5271 Hortatur
1092 5213 1159 5266 ad
1186 5210 1531 5280 recipiendum
1553 5205 2352 5280 RomanumomciumLExcomf

804 5342 809 5347 ί
878 5272 1364 5339 πικηίεαιὶοηεηιάε
1388 5278 1755 5345 depositionem
1778 5272 2049 5342 cujusdam
2072 5272 2353 5327 Simouiaci

882 5369 972 5422 per
992 5369 1111 5405 suos
1144 5351 1337 5421 legatos
1364 5348 1656 5415 conﬁrmat.
2030 5374 2033 5375 ν

889 5441 1189 5497 Caesonius
1234 5441 1538 5509 episcopus,
1564 5448 1751 5490 servus
1797 5446 2073 5487 servorum
2106 5428 2199 5483 Dei
2247 5428 2355 5483 At-

889 5591 1033 5674 <§‘9)
1067 5593 1144 5648 De
1164 5594 1437 5674 Αιρξιοιξεο
1456 5600 1509 5647 ει
1530 5589 1963 5674 saeuissime
1978 5583 2353 5674 Rapina???

822 5650 1117 5738 Βρςῐονὶὀιιε
1143 5650 1571 5731 archiepiscopus
1592 5650 1880 5713 Toletan'us
1904 5656 1970 5711 de
1986 5650 2153 5709 rebus
2175 5650 2357 5718 Hispa-

744 5755 747 5765 π
825 5744 959 5782 ιιιςιδ

2424 4651 2579 4702 ’άεειι
2605 4647 2754 4717 fecit]
2783 4655 2957 4700 ratam
2990 4659 3110 4699 esse
3149 4643 3508 4704 decrevimus,
3549 4649 3712 4713 atque
3750 4634 3979 4692 ﬁrmati

2442 4754 2584 4802 mus,
2609 4748 2782 4805 usque
2810 4737 2939 4789 dum
2971 4732 3311 4801 resipiscens,
3342 4731 3409 4793 de
3455 4729 3793 4796 episcopatu,
3834 4738 3983 4793 quem

2445 4827 2677 4883 indebita
2722 4824 2916 4888 tenuit,
2942 4824 3043 4876 sibi
3075 4820 3390 4885 satisfaciat,
3414 4826 3574 4887 atque
3604 4816 3727 4870 inde
3760 4815 3977 4870 recedat.

2517 4916 2649 4968 Data
2674 4912 2880 4977 Romae,
2902 4927 2991 4965 xiv
3016 4892 3283 4965 Kalendas
3301 4903 3521 4977 Aprilis,
3546 4901 3843 4961 indictione
3862 4903 3985 4957 duo-

2446 5005 2673 5062 decima.
3360 5056 3366 5060 _
3598 5056 3603 5060 ,

2951 5090 3282 5147 EPISTOLA
3332 5085 3496 5155 va,

3027 5198 3092 5234 AD
3140 5190 3423 5232 ιυιϐυειῑοε.

3024 5270 3202 5340 (Anno
3243 5266 3398 5319 1074.

2456 5364 2645 5432 Argait
2677 5360 2829 5432 quod
2857 5372 3039 5432 eorum
3360 5352 3423 5432 in
3470 5366 3729 5432 carcerem
3774 5351 3985 5432 θρέψει)

2532 5413 2704 5485 alia”;
2718 5413 2831 5482 sibi
2854 5413 3127 5494 elegerint:
3146 5413 3395 5490 Praicipit
3425 5428 3481 5473 ut
3501 5436 3616 5475 eunt
3647 5413 3876 5475 vinculis
3892 5413 3983 5470 ωι-

2724 5576 3028 5699 Legendum
3081 5574 3325 5655 Oeensem
3345 5574 3650 5656 ,.'admonet
3694 5570 3891 5696 Pasicuas
3928 5564 3984 5618 ad

2532 5666 2585 5703 n.
2607 5651 2647 5703 ι,
2690 5664 2734 5703 r.
2766 5648 2789 5701 1
2834 5645 2920 5704 74,
2944 5660 3091 5699 num.
3112 5645 3196 5699 Η,
3219 5644 3332 5698 Alta
3354 5659 3493 5698 enim
3519 5643 3654 5699 Osca
3679 5642 3751 5697 ab
3882 5672 3895 5688 -

2459 5642 2585 5705 ann.
2607 5642 2734 5704 Chr.
2766 5642 2920 5711 1074,
2944 5660 3091 5699 num.
3112 5645 3196 5699 Η,
3219 5644 3332 5698 Alia
3354 5644 3493 5698 enim
3519 5643 3654 5699 Osca
3679 5642 3751 5697 ab
3771 5642 3895 5696 Oca-

3838 5840 4098 6356 Α
