4098 6392
187 428 276 501 su

242 549 361 594 rant
390 556 408 593 :
435 549 484 592 et
510 539 609 592 hac
633 539 699 592 de
733 555 894 592 causa
917 538 1145 608 legatum
1175 538 1359 608 mittit.
1398 536 1548 602 Quod
1573 539 1620 608 si
1652 554 1745 607 per
1772 544 1818 598 Α

252 609 670 690 ipsuia‘leganturn
696 608 804 690 Itast:
838 607 1098 690 causa‘ad
1143 607 1344 687 exitum
1381 607 1598 690 perduci
1640 619 1742 690 non

247 675 454 746 poterit,
468 675 960 747 jubet'episcopum,
979 685 1028 729 et
1078 691 1196 729 eum
1242 677 1332 745 qui
1370 675 1436 729 ab
1471 676 1601 744 ipsis
1641 676 1757 745 fuit.

249 747 462 802 stertas.
487 745 710 800 Romam
734 748 924 800 venire.
1720 747 1722 750 ’

251 835 556 890 Ganoonwr
593 835 903 906 episcopus,
923 900 926 902 γ
946 843 1136 889 servas
1167 847 1452 887 servorum
1483 831 1602 898 Dei,
1626 846 1745 886 om-

189 923 340 978 nibus
363 923 659 993 Baguseis,
685 923 916 978 salutem
945 930 1000 977 et
1026 919 1376 992 apostolicam
1411 918 1747 974 benedictio-

191 1015 324 1080 nem,
353 1014 401 1068 si
424 1013 747 1069 obedierint.
853 1021 864 1026 '

246 1100 495 1156 Pervenit
526 1101 593 1155 ad
614 1115 774 1155 aures
793 1108 1029 1176 nostras,
1052 1113 1151 1152 vos
1171 1096 1404 1151 Vitalem
1426 1094 1744 1166 episcopum

189 1200 421 1247 vestrum
447 1192 675 1262 cepisse,
699 1200 852 1257 et,eo
879 1191 932 1244 in
955 1189 1201 1244 custodia
1220 1197 1275 1242 et
1293 1186 1524 1242 vinculis
1546 1184 1744 1255 posito,

188 1286 348 1339 alium
370 1284 528 1338 vobis
551 1284 606 1337 in
630 1269 943 1352 episcopum
972 1280 1218 1351 elegisse.
1247 1277 1380 1343 Quae
1409 1275 1629 1346 quidem
1658 1289 1747 1329 res

188 1389 344 1444 quam
376 1373 449 1427 sit
470 1369 1206 1441 inordinata,quam;iniqua,
1229 1381 1394 1438 quam
1433 1365 1744 1429 criminosa,

189 1477 346 1531 quam
392 1461 594 1515 divinis
649 1468 702 1514 et
735 1459 988 1514 humanis
1035 1458 1245 1528 legibus
1283 1455 1577 1521 contraria,
1613 1452 1748 1506 nulli

191 1553 420 1607 ﬁdelium
465 1552 519 1604 in
561 1550 726 1604 dubio
765 1564 886 1604 esse
924 1537 1215 1602 credimus.
1241 1544 1474 1599 Proinde
1499 1543 1749 1599 misimus

192 1643 254 1698 ad
274 1657 370 1696 vos
392 1641 650 1695 dilectum
679 1637 901 1693 fratrem
934 1644 1183 1692 nostrum
1229 1633 1507 1689 Giraldum
1545 1629 1752 1704 [Geral-

192 1730 337 1802 dum]
374 1730 723 1801 Sipontinum
772 1727 1281 1798 archiepiscopum,
1315 1733 1376 1779 ut
1427 1724 1532 1778 hac
1575 1723 1632 1776 in
1687 1736 1748 1775 re

193 1834 369 1878 nostra
396 1821 662 1892 legatione
695 1809 946 1890 fungens,
970 1817 1239 1887 justitiam
1291 1816 1417 1870 inde
1460 1815 1749 1870 decernere

194 1913 392 1970 debeat.
433 1910 803 1973 Admonemus
832 1908 1016 1976 itaque
1044 1914 1100 1964 et
1129 1904 1427 1974 apostolica
1470 1902 1634 1957 vobis
1654 1916 1754 1956 au-

193 2003 436 2056 ctoritate
467 1998 808 2069 prmcipimus
843 2003 922 2061 ut,
963 1993 1204 2048 relaxato
1225 1992 1480 2061 episcopo
1503 2005 1662 2061 quem
1700 1990 1754 2043 in

195 2091 438 2159 captione
494 2087 706 2152 ténetis,
739 2085 793 2139 in
837 2083 1181 2155 praesentiam
1233 2079 1440 2152 praefati
1488 2078 1755 2148 archiepi~

196 2181 339 2248 scopi
383 2177 740 2242 conveniatis,
794 2184 850 2230 ct
890 2174 960 2229 ad
997 2171 1298 2228 faciendam
1346 2185 1510 2241 super
1553 2170 1656 2224 hac
1700 2184 1759 2222 re

197 2270 511 2325 canonicam
535 2267 825 2338 justitiam,
847 2273 903 2320 et
940 2265 996 2318 in
1019 2263 1141 2317 aliis
1169 2262 1334 2317 etiam
1378 2259 1760 2315 ecclesiasticis

198 2359 372 2415 causis
393 2373 515 2428 quae
536 2358 676 2412 inter
695 2371 792 2411 vos
813 2354 1142 2424 corrigendae
1161 2356 1307 2416 sunt,
1321 2349 1564 2404 eamdem
1593 2342 1760 2416 quam

197 2453 494 2522 pmsentiaa
513 2448 993 2504 nostraedeberetis
1027 2443 1388 2499 obedientiam
1427 2450 1482 2496 et
1520 2439 1761 2495 favorem

199 2541 514 2598 exhibeatis.
562 2539 717 2606 Quod
761 2539 810 2594 si
862 2536 1098 2606 peccatis
1141 2531 1762 2604 impedientibus'eausa

201 2632 334 2702 apud
360 2647 462 2687 vos
490 2630 787 2685 examinari
813 2637 866 2683 et
896 2627 1116 2683 ditliniri
1142 2641 1253 2680 non
1286 2623 1490 2693 possit,
1510 2621 1763 2675 volumus

201 2731 251 2775 et
299 2732 595 2790 utrumque
645 2719 893 2774 videlicet
935 2718 1248 2788 episcopum
1300 2722 1538 2784 captum,
1560 2719 1614 2766 et
1639 2725 1762 2766 eum

203 2826 357 2882 quem
403 2808 778 2880 irregulariter
818 2807 1057 2878 elegistis
1083 2808 1136 2861 in
1157 2813 1398 2860 nostram
1423 2801 1763 2873 praesentiam

203 2898 544 2963 conducatis;
585 2903 874 2967 quatenus,
902 2895 1192 2963 adjuvante
1217 2893 1359 2955 Deo,
1385 2889 1531 2958 quod
1555 2887 1764 2956 justum

204 2992 360 3046 fuerit
386 2991 513 3045 inde
539 2990 781 3059 judicare
814 2996 868 3041 et
908 2983 1312 3040 auctorabiliter
1334 2987 1570 3035 statuere
1589 2977 1768 3030 valea-

204 3099 345 3138 mus:
362 3082 624 3150 alioquin,
638 3080 682 3134 si
695 3087 898 3143 nostra,
913 3078 1024 3131 imo
1043 3074 1338 3145 apostolica
1351 3070 1555 3126 monita
1569 3077 1622 3123 et
1632 3082 1769 3138 pra:-

1226 425 1427 488 Lmsn
1462 387 1737 482 animus.
1778 459 1850 469 —
1881 428 2094 486 EPIST.
2126 431 2352 487 vam.

3289 428 3390 483 342

2331 541 2662 598 EPISTOLA
2706 542 2910 598 vau.
3227 529 3235 537 '

2051 646 2118 687 AD
2151 647 2418 688 GIBALDUI
2443 649 2847 690 SISTARICENSEI
2880 648 3162 689 EPISCOPUI

2411 723 2598 792 '(Anno
2631 717 2809 794 I074.)

1842 811 2096 884 Praecipit
2120 812 2474 884 utve‘cclesiam
2497 811 2851 884 cresciensem
2893 828 3052 884 quam
3090 813 3392 884 invaserat,

1912 881 2195 951 relinquat,
2228 891 2279 935 et
2333 883 2380 934 si
2433 883 2568 950 quod
2597 883 2690 951 jus
2732 884 2788 937 in
2829 899 2892 936 ea
2906 881 3137 936 ecclesia
3167 897 3220 936 se
3253 887 3395 949 putet

1913 949 2120 1016 habere,
2147 951 2217 1003 ad
2231 966 2286 1004 se
2303 949 2495 1004 ueniat.

1918 1037 2222 1093 Caesonius
2245 1039 2550 1108 episcopus,
2575 1055 2762 1096 servus
2803 1055 3085 1095 servorum
3135 1036 3250 1104 Dei,
3298 1035 3395 1092 Gr»

1843 1140 2014 1191 nunc
2060 1125 2332 1197 [Geraldo]
2383 1123 2724 1182 Sistaricensi
2771 1127 3024 1196 episcopo
3073 1127 3299 1182 salutem
3347 1130 3404 1176 et

1844 1214 2196 1283 apostolicam
2219 1213 2665 1279 benedictionem,
2692 1215 2740 1280 si
2773 1213 3058 1268 obcdieris.

1906 1300 2134 1356 Michael
2144 1301 2428 1371 presbyter
2443 1299 2944 1355 ecclesiaeCroscien
2951 1300 3026 1355 sis
3043 1295 3402 1370 [Ooociensis]

1844 1398 2175 1459 conquestus
2183 1397 2267 1445 est
2287 1390 2444 1444 nobis
2457 1398 2507 1443 te
2517 1387 2790 1459 praefatam
2800 1388 3080 1443 ecclesiam
3089 1428 3104 1451 ,
3116 1401 3277 1456 quam
3289 1385 3405 1453 ipse

1842 1482 1983 1551 juris
1997 1482 2169 1536 sancti
2189 1481 2335 1536 Petri
2346 1495 2465 1536 esse
2476 1495 2585 1534 non
2596 1480 2830 1543 dubitas,
2843 1479 3122 1551 invasisse,
3135 1477 3274 1530 bona
3286 1475 3405 1543 ejus

1847 1572 2155 1641 diripuisse,
2167 1572 2507 1640 presbyteros
2527 1580 2581 1624 et
2601 1570 2825 1625 clericos
2838 1569 3063 1638 cepisse,
3074 1549 3137 1622 ac
3149 1567 3200 1620 vi
3217 1574 3406 1620 contra

1849 1662 1931 1718 fas
1955 1671 2010 1716 et
2027 1664 2151 1732 jura
2167 1662 2352 1730 jurare
2385 1661 2728 1728 compulisse.
2749 1659 2884 1713 Cum
2916 1673 3043 1712 vero
3074 1657 3335 1711 Ananiam
3353 1665 3411 1709 et

1852 1752 2172 1821 Sapphiram
2211 1749 2668 1820 (Act.v),propter
2691 1747 2908 1816 propria
2938 1747 3080 1799 bona
3102 1760 3222 1814 qua:
3251 1745 3408 1798 beato

1784 1867 1826 1921 Β
1851 1841 2009 1906 Petro
2021 1841 2442 1909 promiserantet
2458 1853 2563 1891 non
2576 1836 2855 1905 dederunt,
2869 1844 3098 1888 mortem
3119 1832 3413 1888 incurrisse

1854 1946 1963 1984 non
1987 1929 2343 1998 ignores,quo
2367 1928 2648 1991 instinctu,
2661 1924 2766 1979 nisi
2786 1922 3072 1983 diabolico,
3091 1929 3295 1974 tantam
3328 1920 3413 1973 in-

1855 2021 2130 2074 vasionem
2159 2017 2586 2087 pratsumpsisti?
2613 2024 2822 2070 tantam
2856 2012 3236 2069 contumeliam
3269 2010 3415 2064 intu-

1855 2108 2000 2163 listi?
2051 2115 2260 2161 tantum
2299 2105 2645 2174 sacrilegium
2689 2105 2744 2157 in
2790 2101 3160 2177 apostolorum
3210 2097 3415 2176 princi-

1857 2212 1978 2268 pem
2010 2195 2364 2266 perpctrasti?
2394 2193 2734 2262 Quapropter
2759 2192 3056 2260 apostolica
3092 2189 3189 2244 tibi
3231 2196 3418 2242 aucto-

1858 2289 2016 2343 ritate
2048 2286 2393 2358 prtecipimus
2419 2293 2480 2339 ut
2499 2282 2793 2354 perspectis
2823 2283 2910 2336 bis
2941 2281 3203 2351 apicibus,
3217 2280 3420 2347 absque

1859 2375 2009 2428 omni
2051 2374 2337 2427 occasione
2361 2373 2443 2426 vel
2497 2372 2774 2437 dilatione,
2816 2370 3125 2439 praedictam
3179 2375 3418 2421 nostram

1858 2462 2235 2518 Crosciensem
2258 2459 2545 2516 ecclesiam
2590 2458 2882 2527 expediens
2932 2457 3154 2510 liberam
3199 2454 3416 2518 reddas,

1861 2547 2202 2624 presbyteros
2231 2557 2285 2604 et
2305 2549 2532 2602 clericos
2556 2547 2850 2611 absolutos,
2878 2555 2932 2599 et
2954 2544 3134 2619 omnia
3155 2558 3274 2618 qua:
3298 2542 3421 2596 inde

1864 2642 2034 2696 tulisti
2068 2639 2170 2695 sibi
2192 2638 2468 2700 restituas,
2493 2645 2692 2691 etcum
2726 2643 2857 2705 pace
2898 2642 2953 2688 et
2990 2632 3170 2703 quiete
3201 2631 3274 2686 ibi
3311 2629 3422 2683 Deo
3497 2649 3499 2651 ί

1865 2731 2068 2785 servire
2102 2729 2206 2783 sub
2242 2727 2384 2782 beati
2428 2725 2574 2780 Petri
2609 2725 2812 2779 ditione
2854 2725 2908 2778 in
2961 2723 3188 2776 tuitione
3240 2729 3424 2774 nostra

1863 2817 2163 2888 permittas.
2180 2815 2235 2868 Si
2256 2824 2436 2868 autem
2461 2823 2511 2867 te
2532 2813 2766 2880 aliquam
2787 2811 3051 2880 justitiam
3075 2809 3128 2862 in
3149 2808 3421 2877 praemissa

1865 2905 2089 2960 ecclesia
2116 2905 2314 2958 habere
2343 2901 2642 2965 existimas,
2666 2900 2732 2953 ad
2761 2913 2866 2965 nos
2910 2899 3019 2951 cito
3073 2912 3196 2950 cum
3243 2893 3420 2964 praeli-

1867 2996 2007 3052 batis
2028 2994 2305 3050 canonicis
2329 2992 2528 3049 nostris
2550 2989 2760 3054 venias,
2788 2997 2846 3042 ut
2877 2987 3139 3057 justitiam
3193 2986 3248 3039 in
3290 2978 3426 3054 prae-

1869 3086 2042 3140 sentia
2069 3081 2530 3163 nostrarecipias.‘
2562 3079 2620 3133 Si
2651 3086 2826 3132 autem
2859 3077 2965 3130 hoc
2993 3091 3102 3130 non
3130 3073 3340 3136 feceris,
3373 3081 3424 3126 te

202 3183 352 3244 cepta
385 3170 897 3240 contempseritis,‘a
922 3166 1198 3221 liminibus
1221 3162 1495 3226 Ecclesiae,
1527 3167 1581 3212 et
1621 3157 1767 3211 omni

1874 3175 2165 3243 apostolica
2200 3157 2522 3226 auctoritate
2567 3167 3145 3224 excommunicandum
3191 3164 3422 3218 novenis.

202 3263 509 3318 Christiana
535 3260 932 3322 communione,
978 3271 1074 3308 vos
1114 3253 1408 3323 apostolica
1449 3248 1768 3304 auctoritate

203 3353 477 3422 pellendos
499 3361 555 3406 et
575 3347 992 3418 sequestrandos
1017 3360 1137 3400 esse
1169 3342 1375 3398 sciatis.

271 3443 407 3497 Data
442 3442 629 3496 Romae
649 3439 860 3494 decimo
885 3438 1046 3493 tertio
1078 3434 1344 3490 Kalendas
1372 3430 1594 3505 Aprilis,
1637 3427 1772 3484 indi-

205 3535 382 3590 ctione
424 3530 744 3588 duodecima

703 3616 1038 3672 EPISTOLA
1078 3613 1261 3670 LXVI.

491 3726 554 3765 AD
593 3722 862 3763 ιοΜςιιοε
900 3720 1085 3761 ελκετι
1125 3716 1345 3767 ρυιιιιει,
1368 3712 1497 3756 εται

791 3796 970 3867 (Anno
1007 3795 1190 3863 ψη.)

208 3889 362 3946 hbet
383 3891 624 3960 episcopo
639 3886 858 3960 Reatino
884 3886 1088 3960 restitui
1111 3885 1244 3960 bona
1269 3880 1448 3934 ablata
1469 3877 1774 3931 monasterii

771 3955 953 4010 Sancti
981 3953 1207 4018 Quiriei.

271 4049 584 4105 GREGORIUS
611 4045 914 4114 episcopus,
936 4057 1128 4097 servus
1156 4054 1438 4095 servorum
1459 4036 1576 4105 Dei,
1600 4034 1776 4090 omni-

210 4140 310 4195 bus
330 4137 622 4194 monachis
652 4144 707 4190 et
731 4135 884 4189 laicis
909 4132 1225 4196 monasterii
1253 4129 1436 4184 Sancti
1459 4126 1695 4192 Quirici,
1724 4133 1778 4179 et

211 4230 468 4286 omnibus
517 4226 875 4296 Joseppingis,
912 4234 967 4279 et
1009 4224 1142 4278 [iiiis
1175 4219 1407 4275 Alberici
1441 4215 1699 4288 [Alberti,
1726 4224 1777 4268 et

211 4323 287 4374 sic
306 4317 504 4389 infra],
525 4325 580 4372 et
603 4317 726 4372 filiis
759 4315 1000 4386 Rapteri,
1046 4314 1272 4369 salutem
1315 4317 1370 4362 et
1425 4306 1774 4377 apostolicam

212 4388 666 4464 benedictionem.

1940 3261 2074 3314 Data
2110 3259 2295 3313 Renue
2323 3275 2399 3312 xu
2451 3257 2714 3311 Kalendas
2734 3255 2954 3326 Aprilis,
2983 3255 3273 3309 indictione
3293 3253 3426 3307 duo-

1868 3352 2095 3421 decima.

2346 3455 2680 3512 EPISTOLA
2726 3453 2955 3509 LXVIII.

2093 3569 2158 3608 AD
2187 3566 2492 3607 ι-Ἰιοτειιιιῖιί
2512 3563 2883 3623 Νιξιιλυεεκεεκ
2916 3559 3219 3601 εριεεοιιυκ.

2453 3633 2642 3716 (Anno.
2669 3637 2823 3690 «θη.

1876 3734 2127 3805 Queritur
2154 3733 2218 3805 de
2237 3730 2452 3805 injuriis
2485 3728 2654 3780 illatis
2697 3723 3228 3805 monasteriqucti
3269 3719 3428 3805 ᾼῖρὶἶ

1943 3803 2040 3866 dii,
2063 3811 2111 3854 et
2137 3800 2248 3867 ejus
2275 3788 2782 3865 abbati,contempta
2815 3794 3104 3865 apostolica
3123 3788 3430 3847 sedeJubet

1945 3872 2117 3938 ipsum
2141 3867 2406 3920 desistere.
3149 3889 3158 3896 -

1943 3960 2248 4015 GREGORIUS
2276 3957 2584 4027 episcopus,
2608 3971 2798 4011 servus
2835 3968 3115 4009 servorum
3148 3948 3262 4013 Dei,
3287 3945 3430 4001 Fno-

1878 4067 2038 4106 TERIO
2063 4048 2419 4104 Nemausensi
2443 4047 2509 4100 in
2534 4045 2810 4114 provincia
2840 4043 3094 4111 episcopo
3115 4039 3341 4094 salutem
3376 4045 3432 4090 et

1876 4140 2223 4210 apostolicam
2251 4134 2696 4191 benedictionem.

1963 4227 2283 4281 Audivimus
2333 4223 2464 4275 olim
2516 4219 2688 4274 nostri
2725 4227 2965 4287 tempore
3020 4216 3432 4287 praadecessoris

1877 4316 2200 4371 venerabilis
2224 4312 2498 4366 memoria:
2532 4309 2826 4364 Alexandri
2850 4318 2901 4364 te
2935 4317 3124 4363 contra
3166 4306 3434 4375 justitiam

1877 4404 2270 4460 monasterium
2315 4401 2500 4456 Sancti
2534 4399 2755 4470 Egidii,
2799 4398 2944 4466 quod
2997 4395 3136 4447 idem
3169 4393 3438 4461 gloriosus

287 4497 495 4552 Notum
527 4497 678 4551 vobis
711 4496 829 4574 fieri
869 4494 1151 4558 volumus,
1193 4489 1336 4560 quod
1390 4488 1767 4542 monasterium

1880 4494 2163 4550 confessor
2178 4493 2290 4563 juri
2326 4491 2472 4547 beati
2501 4490 2645 4545 Petri
2669 4487 2906 4549 tradidit,
2932 4499 3103 4552 usque
3133 4483 3267 4536 adeo
3307 4481 3438 4536 affe-

215 4587 403 4643 Sancti
431 4585 638 4652 Quirici
657 4571 810 4657 juris
832 4584 1075 4639 ecclesia:
1117 4580 1301 4635 Sancti
1341 4571 1490 4635 Petri
1521 4579 1782 4633 confratri

215 4687 405 4733 nostro
449 4675 704 4730 Rainerio
751 4682 807 4730 et
855 4675 1176 4744 coepiscopo
1231 4669 1460 4725 Reatino
1511 4670 1777 4727 dedimus.

216 4766 452 4823 Proinde
489 4781 767 4837 rogamus,
801 4766 911 4826 imo
941 4763 1284 4834 praecipimus
1326 4771 1489 4831 atque
1526 4760 1784 4828 jubcmus

216 4869 277 4914 ut
295 4860 453 4914 illum
482 4858 536 4911 in
565 4857 818 4911 omnibus
849 4838 904 4910 et
944 4862 1132 4908 contra
1176 4867 1366 4906 onmes
1414 4851 1698 4920 adjuvetis,
1731 4863 1785 4906 et

217 4959 418 5015 castra,
447 4941 575 5016 quae
603 4961 700 5001 vos
725 4921 1069 5013 Josepbingi,
1093 4951 1148 4997 et
1182 4942 1276 4997 ﬁlii
1321 4941 1576 5007 Alberici,
1605 4952 1660 4996 et
1689 4943 1783 4996 lilii

222 5037 467 5110 Rapteri,
497 5035 768 5098 detinetis,
802 5033 1096 5103 supradicti
1125 5030 1360 5103 episcopi
1396 5031 1590 5086 ditioni
1627 5031 1784 5086 resti—

222 5132 409 5196 tuatis,
431 5138 492 5184 et
523 5141 648 5182 eum
675 5126 729 5179 in
755 5125 842 5180 bis
872 5133 926 5180 et
944 5125 998 5179 in
1021 5112 1273 5182 omnibus
1300 5121 1458 5176 bonis
1486 5123 1555 5176 ad
1596 5135 1785 5190 supra-

223 5219 426 5275 dictum
466 5214 855 5272 monaSterium
882 5214 1276 5284 pertinentibus
1307 5211 1535 5265 ﬁdeliter
1566 5211 1786 5278 adjuve-

227 5310 314 5374 tis,
344 5317 402 5364 et
436 5308 646 5362 nullam
673 5304 721 5360 ei
743 5305 853 5358 ullo
872 5306 1035 5359 modo
1054 5302 1356 5358 molestiam
1383 5300 1613 5376 faciatis,
1646 5299 1788 5353 sicut

198 5430 202 5433 -
227 5401 458 5471 gratiam
484 5397 660 5453 sancti
680 5396 824 5450 Petri
847 5404 902 5450 et
926 5403 1166 5450 nostram
1197 5391 1394 5445 habere
1423 5389 1614 5452 vultis;
1649 5389 1783 5442 alio-

227 5491 358 5560 quin
384 5489 526 5544 iram
549 5496 748 5545 nostra:
778 5485 1189 5548 malevolentiae,
1223 5496 1319 5536 seu
1351 5479 1787 5534 excommunica-

229 5571 392 5637 tioni:
427 5576 708 5644 vinculum
737 5590 846 5630 non
866 5575 1122 5628 evadetis.

309 5668 448 5723 Data
472 5665 668 5721 Romae
689 5665 896 5721 decimo
925 5663 1082 5718 tertio
1106 5659 1373 5716 Kalendas
1400 5657 1618 5727 Aprilis,
1649 5655 1787 5719 indi-

229 5763 407 5820 ctione
429 5757 775 5817 duodecima.

1882 4585 2023 4639 cisse
2057 4583 2294 4653 injuriis,
2320 4591 2381 4635 ut
2414 4578 2654 4648 ejusdem
2677 4573 2926 4627 abbatem
2959 4589 2990 4626 a
3036 4571 3281 4627 Romano
3304 4584 3439 4638 pon-

1883 4677 2026 4730 titlce
2049 4679 2422 4729 consecratum
2445 4679 2636 4734 capere
2659 4666 3042 4733 pra’asumeres,
3056 4669 3238 4730 spreto
3260 4658 3438 4725 rigore

1834 4797 1838 4801 -
1882 4778 2171 4824 canonum,
2219 4756 2650 4826 contemptisque
2697 4752 2989 4823 privilegiis
3033 4751 3102 4802 ab
3146 4747 3438 4816 apostolica

1883 4853 2007 4906 sede
2031 4847 2306 4903 derivatis.
2343 4843 2494 4899 Unde
2525 4853 2654 4897 tunc
2678 4840 2871 4894 merito
2891 4844 2945 4890 et
2965 4836 3140 4890 adhuc
3167 4835 3436 4901 dolemus,

1884 4955 1990 4992 non
2016 4937 2325 4991 dubitantes
2349 4932 2558 4988 abbatis
2586 4925 2941 4982 contumelias
2975 4923 3233 4979 Romana:
3268 4925 3439 4994 maje-

1883 5028 2009 5081 stati
2033 5026 2200 5081 fuisse
2221 5025 2416 5077 illatas.
2429 5017 2788 5072 Nihilominus
2817 5031 3035 5085 quoque
3068 5017 3225 5071 nobis
3254 5015 3440 5081 displi-

1883 5126 1987 5182 cet,
2009 5117 2154 5186 quod
2183 5113 2339 5182 quasi
2390 5111 2456 5165 de
2503 5109 2712 5178 integro
2755 5109 2850 5162 tibi
2899 5108 3168 5162 licentiam
3211 5119 3440 5171 usurpas

1884 5207 2164 5278 praefatum
2187 5199 2692 5258 excommunicandi
2713 5199 3180 5264 ctenobium,cum
3212 5198 3314 5250 hoc
3340 5195 3438 5248 tibi

1885 5312 1994 5350 non
2028 5296 2192 5349 licere
2234 5292 2396 5361 hujus
2428 5299 2628 5345 sanctae
2659 5290 2802 5345 sedis
2839 5289 3133 5344 auctoritas
3165 5284 3438 5338 authenti-

1883 5399 2071 5440 corum
2098 5389 2324 5437 testetur
2345 5380 2400 5433 in
2431 5377 2650 5432 datione
2670 5377 3090 5447 privilegiorum.’
3105 5371 3442 5440 Quapropter

1883 5472 2240 5544 prmcipiendo
2267 5483 2544 5538 rogamus,
2570 5476 2626 5522 et
2651 5467 2893 5536 rogando
2913 5461 3281 5532 praecipimus,
3313 5463 3440 5516 nul-

1886 5565 1991 5618 lius
2018 5563 2180 5615 etiam
2203 5558 2304 5613 sub
2331 5548 2555 5614 obtentu
2586 5557 2870 5613 occasione
2894 5551 3140 5621 iustitiae,
3182 5551 3296 5610 sive
3348 5567 3444 5606 ex-

1887 5649 2365 5714 communicando,
2423 5648 2537 5702 sive
2594 5647 2790 5700 missas
2843 5642 3203 5719 celebrando,‘
3248 5641 3444 5694 fratres

1889 5739 2124 5811 pradicti
2148 5738 2379 5795 cmnobii
2401 5749 2696 5807 praesumas
2721 5730 3037 5802 inquietare.
3066 5729 3124 5786 Si
3154 5741 3331 5786 autem
3366 5731 3438 5789 illi
