  <div class='ocr_page' id='page_1' title='image "/cluster/home/n/w/nwhite01/storage/ocr_20150623/148/uva.x000829792/179.png"; bbox 0 0 4218 6438; ppageno 0'>
   <div class='ocr_carea' id='block_1_1' title="bbox 806 464 908 515">
    <p class='ocr_par' dir='ltr' id='par_1_1' title="bbox 806 464 908 515">
     <span class='ocr_line' id='line_1_1' title="bbox 806 464 908 515; baseline 0.02 -2"><span class='ocrx_word' id='word_1_1' title='bbox 806 464 908 515; x_wconf 69' lang='lat'><strong>3&#39;3</strong></span> 
     </span>
    </p>
   </div>
   <div class='ocr_carea' id='block_1_2' title="bbox 1449 452 2385 537">
    <p class='ocr_par' dir='ltr' id='par_1_2' title="bbox 1449 454 2385 537">
     <span class='ocr_line' id='line_1_2' title="bbox 1449 454 2385 537; baseline -0.005 -25"><span class='ocrx_word' id='word_1_2' title='bbox 1549 457 1873 537; x_wconf 76' lang='lat' dir='ltr'><strong>CﬂEliOllll</strong></span> <span class='ocrx_word' id='word_1_3' title='bbox 1910 455 1998 511; x_wconf 68' lang='grc' dir='ltr'><strong>ΠΙ</strong></span> <span class='ocrx_word' id='word_1_4' title='bbox 2037 456 2238 510; x_wconf 65' lang='lat' dir='ltr'><strong>MPA-2</strong></span> <span class='ocrx_word' id='word_1_5' title='bbox 2277 454 2385 510; x_wconf 78' lang='lat' dir='ltr'><strong>0P!</strong></span> 
     </span>
    </p>
   </div>
   <div class='ocr_carea' id='block_1_3' title="bbox 2453 452 3406 537">
    <p class='ocr_par' dir='ltr' id='par_1_3' title="bbox 2453 452 3406 511">
     <span class='ocr_line' id='line_1_3' title="bbox 2453 452 3406 511; baseline 0.005 -5"><span class='ocrx_word' id='word_1_6' title='bbox 2453 453 2554 507; x_wconf 9' lang='lat' dir='ltr'><strong>at)!</strong></span> <span class='ocrx_word' id='word_1_7' title='bbox 2597 454 2775 507; x_wconf 62' lang='lat' dir='ltr'><strong>PARS</strong></span> <span class='ocrx_word' id='word_1_8' title='bbox 2811 452 2848 506; x_wconf 88' lang='grc'><strong>1.</strong></span> <span class='ocrx_word' id='word_1_9' title='bbox 2890 483 2957 492; x_wconf 91' lang='grc'><strong>-</strong></span> <span class='ocrx_word' id='word_1_10' title='bbox 2993 452 3406 511; x_wconf 58' lang='grc' dir='ltr'><strong>ΒΞΟῙΞΤΜΣἋ.</strong></span> 
     </span>
    </p>
   </div>
   <div class='ocr_carea' id='block_1_4' title="bbox 3946 457 4056 512">
    <p class='ocr_par' dir='ltr' id='par_1_4' title="bbox 3946 457 4056 512">
     <span class='ocr_line' id='line_1_4' title="bbox 3946 457 4056 512; baseline 0 -1"><span class='ocrx_word' id='word_1_11' title='bbox 3946 457 4056 512; x_wconf 69' lang='lat' dir='ltr'><strong>Sil</strong></span> 
     </span>
    </p>
   </div>
   <div class='ocr_carea' id='block_1_5' title="bbox 800 566 4057 643">
    <p class='ocr_par' dir='ltr' id='par_1_5' title="bbox 800 566 4057 643">
     <span class='ocr_line' id='line_1_5' title="bbox 800 566 4057 643; baseline -0.001 -16"><span class='ocrx_word' id='word_1_12' title='bbox 800 575 854 627; x_wconf 91' lang='lat' dir='ltr'><strong>in</strong></span> <span class='ocrx_word' id='word_1_13' title='bbox 890 575 1071 643; x_wconf 85' lang='lat' dir='ltr'><strong>aliquo</strong></span> <span class='ocrx_word' id='word_1_14' title='bbox 1107 574 1201 627; x_wconf 92' lang='lat' dir='ltr'><strong>tibi</strong></span> <span class='ocrx_word' id='word_1_15' title='bbox 1238 588 1356 628; x_wconf 85' lang='lat' dir='ltr'><strong>esse</strong></span> <span class='ocrx_word' id='word_1_16' title='bbox 1398 572 1725 626; x_wconf 87' lang='lat' dir='ltr'><strong>videbuntur</strong></span> <span class='ocrx_word' id='word_1_17' title='bbox 1774 570 1984 639; x_wconf 85' lang='lat' dir='ltr'><strong>injusti,</strong></span> <span class='ocrx_word' id='word_1_18' title='bbox 2033 570 2274 623; x_wconf 87' lang='lat' dir='ltr'><strong>volentes</strong></span> <span class='ocrx_word' id='word_1_19' title='bbox 2322 587 2384 623; x_wconf 89' lang='lat' dir='ltr'><strong>ac</strong></span> <span class='ocrx_word' id='word_1_20' title='bbox 2415 570 2457 623; x_wconf 80' lang='grc' dir='ltr'><strong>Α</strong></span> <span class='ocrx_word' id='word_1_21' title='bbox 2483 567 2714 631; x_wconf 83' lang='lat' dir='ltr'><strong>caveris,</strong></span> <span class='ocrx_word' id='word_1_22' title='bbox 2761 574 2948 633; x_wconf 82' lang='lat' dir='ltr'><strong>rogatu</strong></span> <span class='ocrx_word' id='word_1_23' title='bbox 2987 573 3166 617; x_wconf 88' lang='lat' dir='ltr'><strong>tamen</strong></span> <span class='ocrx_word' id='word_1_24' title='bbox 3216 567 3457 633; x_wconf 87' lang='lat' dir='ltr'><strong>ejusdem</strong></span> <span class='ocrx_word' id='word_1_25' title='bbox 3488 566 3722 636; x_wconf 89' lang='lat' dir='ltr'><strong>episcopi</strong></span> <span class='ocrx_word' id='word_1_26' title='bbox 3761 569 3837 621; x_wconf 90' lang='lat' dir='ltr'><strong>tui</strong></span> <span class='ocrx_word' id='word_1_27' title='bbox 3870 569 4057 623; x_wconf 84' lang='lat' dir='ltr'><strong>adhuc</strong></span> 
     </span>
    </p>
   </div>
   <div class='ocr_carea' id='block_1_6' title="bbox 799 659 2380 732">
    <p class='ocr_par' dir='ltr' id='par_1_6' title="bbox 799 659 2380 732">
     <span class='ocr_line' id='line_1_6' title="bbox 799 659 2380 732; baseline -0.003 -16"><span class='ocrx_word' id='word_1_28' title='bbox 799 673 1047 732; x_wconf 78' lang='lat' dir='ltr'><strong>potentes</strong></span> <span class='ocrx_word' id='word_1_29' title='bbox 1077 678 1184 716; x_wconf 90' lang='lat' dir='ltr'><strong>non</strong></span> <span class='ocrx_word' id='word_1_30' title='bbox 1218 663 1490 716; x_wconf 88' lang='lat' dir='ltr'><strong>deerimus</strong></span> <span class='ocrx_word' id='word_1_31' title='bbox 1534 661 1601 715; x_wconf 85' lang='lat' dir='ltr'><strong>ad</strong></span> <span class='ocrx_word' id='word_1_32' title='bbox 1647 659 1950 713; x_wconf 82' lang='lat' dir='ltr'><strong>faciendam</strong></span> <span class='ocrx_word' id='word_1_33' title='bbox 1994 659 2091 712; x_wconf 77' lang='lat' dir='ltr'><strong>tibi</strong></span> <span class='ocrx_word' id='word_1_34' title='bbox 2139 659 2205 712; x_wconf 86' lang='lat' dir='ltr'><strong>de</strong></span> <span class='ocrx_word' id='word_1_35' title='bbox 2249 659 2380 727; x_wconf 82' lang='lat' dir='ltr'><strong>ipsis</strong></span> 
     </span>
    </p>
   </div>
   <div class='ocr_carea' id='block_1_7' title="bbox 796 751 2377 821">
    <p class='ocr_par' dir='ltr' id='par_1_7' title="bbox 796 751 2377 821">
     <span class='ocr_line' id='line_1_7' title="bbox 796 751 2377 821; baseline 0.001 -18"><span class='ocrx_word' id='word_1_36' title='bbox 796 755 1085 821; x_wconf 70' lang='lat' dir='ltr'><strong>justitiam.</strong></span> <span class='ocrx_word' id='word_1_37' title='bbox 1123 751 1218 806; x_wconf 90' lang='lat' dir='ltr'><strong>Sin</strong></span> <span class='ocrx_word' id='word_1_38' title='bbox 1245 768 1401 815; x_wconf 73' lang='lat' dir='ltr'><strong>vero,</strong></span> <span class='ocrx_word' id='word_1_39' title='bbox 1426 752 1568 821; x_wconf 84' lang='lat' dir='ltr'><strong>quod</strong></span> <span class='ocrx_word' id='word_1_40' title='bbox 1611 751 1773 814; x_wconf 90' lang='lat' dir='ltr'><strong>absit,</strong></span> <span class='ocrx_word' id='word_1_41' title='bbox 1803 760 2003 803; x_wconf 72' lang='lat' dir='ltr'><strong>nostra:</strong></span> <span class='ocrx_word' id='word_1_42' title='bbox 2043 751 2377 804; x_wconf 76' lang='lat' dir='ltr'><strong>exhortatio-</strong></span> 
     </span>
    </p>
   </div>
   <div class='ocr_carea' id='block_1_8' title="bbox 804 839 2375 912">
    <p class='ocr_par' dir='ltr' id='par_1_8' title="bbox 804 839 2375 912">
     <span class='ocr_line' id='line_1_8' title="bbox 804 839 2375 912; baseline -0.001 -17"><span class='ocrx_word' id='word_1_43' title='bbox 804 844 910 906; x_wconf 88' lang='lat' dir='ltr'><strong>nis,</strong></span> <span class='ocrx_word' id='word_1_44' title='bbox 944 844 1053 895; x_wconf 88' lang='lat' dir='ltr'><strong>imo</strong></span> <span class='ocrx_word' id='word_1_45' title='bbox 1084 844 1334 912; x_wconf 78' lang='lat' dir='ltr'><strong>praecepti</strong></span> <span class='ocrx_word' id='word_1_46' title='bbox 1370 843 1646 910; x_wconf 86' lang='lat' dir='ltr'><strong>neglector</strong></span> <span class='ocrx_word' id='word_1_47' title='bbox 1686 840 1983 904; x_wconf 76' lang='lat' dir='ltr'><strong>exstiteris,</strong></span> <span class='ocrx_word' id='word_1_48' title='bbox 2028 840 2147 894; x_wconf 87' lang='lat' dir='ltr'><strong>illos</strong></span> <span class='ocrx_word' id='word_1_49' title='bbox 2198 839 2375 910; x_wconf 79' lang='lat' dir='ltr'><strong>[deest</strong></span> 
     </span>
    </p>
   </div>
   <div class='ocr_carea' id='block_1_9' title="bbox 799 928 2375 999">
    <p class='ocr_par' dir='ltr' id='par_1_9' title="bbox 799 928 2375 999">
     <span class='ocr_line' id='line_1_9' title="bbox 799 928 2375 999; baseline 0.001 -19"><span class='ocrx_word' id='word_1_50' title='bbox 799 930 1089 998; x_wconf 77' lang='lat' dir='ltr'><strong>eliquid,ut</strong></span> <span class='ocrx_word' id='word_1_51' title='bbox 1122 931 1245 983; x_wconf 88' lang='lat' dir='ltr'><strong>illos</strong></span> <span class='ocrx_word' id='word_1_52' title='bbox 1269 932 1430 993; x_wconf 77' lang='lat' dir='ltr'><strong>scias,</strong></span> <span class='ocrx_word' id='word_1_53' title='bbox 1458 928 1590 999; x_wconf 82' lang='lat' dir='ltr'><strong>cte.]</strong></span> <span class='ocrx_word' id='word_1_54' title='bbox 1624 938 1804 982; x_wconf 87' lang='lat' dir='ltr'><strong>autent</strong></span> <span class='ocrx_word' id='word_1_55' title='bbox 1837 944 1867 980; x_wconf 92' lang='lat' dir='ltr'><strong>a</strong></span> <span class='ocrx_word' id='word_1_56' title='bbox 1900 929 2030 996; x_wconf 86' lang='lat' dir='ltr'><strong>jngo</strong></span> <span class='ocrx_word' id='word_1_57' title='bbox 2077 929 2375 993; x_wconf 69' lang='lat' dir='ltr'><strong>servitutis,</strong></span> 
     </span>
    </p>
   </div>
   <div class='ocr_carea' id='block_1_10' title="bbox 798 1016 2377 1087">
    <p class='ocr_par' dir='ltr' id='par_1_10' title="bbox 798 1016 2377 1087">
     <span class='ocr_line' id='line_1_10' title="bbox 798 1016 2377 1087; baseline 0.001 -20"><span class='ocrx_word' id='word_1_58' title='bbox 798 1033 893 1083; x_wconf 65' lang='lat' dir='ltr'><strong>pu&#39;</strong></span> <span class='ocrx_word' id='word_1_59' title='bbox 919 1020 1298 1073; x_wconf 85' lang='lat' dir='ltr'><strong>auctoritatem</strong></span> <span class='ocrx_word' id='word_1_60' title='bbox 1327 1034 1448 1087; x_wconf 71' lang='lat' dir='ltr'><strong>qua:</strong></span> <span class='ocrx_word' id='word_1_61' title='bbox 1471 1019 1593 1070; x_wconf 88' lang='lat' dir='ltr'><strong>data</strong></span> <span class='ocrx_word' id='word_1_62' title='bbox 1637 1028 1720 1071; x_wconf 89' lang='lat' dir='ltr'><strong>est</strong></span> <span class='ocrx_word' id='word_1_63' title='bbox 1778 1018 2027 1085; x_wconf 76' lang='lat' dir='ltr'><strong>apostolo</strong></span> <span class='ocrx_word' id='word_1_64' title='bbox 2070 1016 2231 1071; x_wconf 86' lang='lat' dir='ltr'><strong>Petro</strong></span> <span class='ocrx_word' id='word_1_65' title='bbox 2277 1036 2377 1075; x_wconf 86' lang='lat' dir='ltr'><strong>nos</strong></span> 
     </span>
    </p>
   </div>
   <div class='ocr_carea' id='block_1_11' title="bbox 795 1103 2376 1174">
    <p class='ocr_par' dir='ltr' id='par_1_11' title="bbox 795 1103 2376 1174">
     <span class='ocr_line' id='line_1_11' title="bbox 795 1103 2376 1174; baseline 0.002 -15"><span class='ocrx_word' id='word_1_66' title='bbox 795 1108 1037 1174; x_wconf 76' lang='lat' dir='ltr'><strong>ejusdem</strong></span> <span class='ocrx_word' id='word_1_67' title='bbox 1068 1103 1325 1172; x_wconf 73' lang='lat' dir='ltr'><strong>vicarius,</strong></span> <span class='ocrx_word' id='word_1_68' title='bbox 1348 1119 1409 1163; x_wconf 92' lang='lat' dir='ltr'><strong>ut</strong></span> <span class='ocrx_word' id='word_1_69' title='bbox 1431 1107 1541 1161; x_wconf 88' lang='lat' dir='ltr'><strong>Deo</strong></span> <span class='ocrx_word' id='word_1_70' title='bbox 1573 1108 1739 1161; x_wconf 88' lang='lat' dir='ltr'><strong>libere</strong></span> <span class='ocrx_word' id='word_1_71' title='bbox 1777 1107 2037 1165; x_wconf 87' lang='lat' dir='ltr'><strong>serviant.</strong></span> <span class='ocrx_word' id='word_1_72' title='bbox 2064 1122 2186 1161; x_wconf 88' lang='lat' dir='ltr'><strong>esse</strong></span> <span class='ocrx_word' id='word_1_73' title='bbox 2218 1108 2376 1162; x_wconf 87' lang='lat' dir='ltr'><strong>abso-</strong></span> 
     </span>
    </p>
   </div>
   <div class='ocr_carea' id='block_1_12' title="bbox 797 1196 1134 1267">
    <p class='ocr_par' dir='ltr' id='par_1_12' title="bbox 797 1196 1134 1267">
     <span class='ocr_line' id='line_1_12' title="bbox 797 1196 1134 1267; baseline 0.012 -20"><span class='ocrx_word' id='word_1_74' title='bbox 797 1196 941 1250; x_wconf 81' lang='lat' dir='ltr'><strong>lutos</strong></span> <span class='ocrx_word' id='word_1_75' title='bbox 964 1198 1134 1267; x_wconf 76' lang='grc'><strong>(551).</strong></span> 
     </span>
    </p>
   </div>
   <div class='ocr_carea' id='block_1_13' title="bbox 879 1286 2372 1356">
    <p class='ocr_par' dir='ltr' id='par_1_13' title="bbox 879 1286 2372 1356">
     <span class='ocr_line' id='line_1_13' title="bbox 879 1286 2372 1356; baseline 0.005 -18"><span class='ocrx_word' id='word_1_76' title='bbox 879 1287 1009 1342; x_wconf 79' lang='lat' dir='ltr'><strong>Data</strong></span> <span class='ocrx_word' id='word_1_77' title='bbox 1045 1289 1227 1343; x_wconf 72' lang='lat' dir='ltr'><strong>llonne</strong></span> <span class='ocrx_word' id='word_1_78' title='bbox 1260 1304 1315 1342; x_wconf 69' lang='grc' dir='ltr'><strong>χι</strong></span> <span class='ocrx_word' id='word_1_79' title='bbox 1363 1288 1629 1342; x_wconf 76' lang='lat' dir='ltr'><strong>Kalendas</strong></span> <span class='ocrx_word' id='word_1_80' title='bbox 1667 1287 1895 1356; x_wconf 80' lang='lat' dir='ltr'><strong>Aprilis;</strong></span> <span class='ocrx_word' id='word_1_81' title='bbox 1939 1286 2232 1342; x_wconf 89' lang='lat' dir='ltr'><strong>indictione</strong></span> <span class='ocrx_word' id='word_1_82' title='bbox 2278 1303 2372 1347; x_wconf 81' lang='lat' dir='ltr'><strong>xu.</strong></span> 
     </span>
    </p>
   </div>
   <div class='ocr_carea' id='block_1_14' title="bbox 1298 1376 1871 1431">
    <p class='ocr_par' dir='ltr' id='par_1_14' title="bbox 1298 1376 1871 1431">
     <span class='ocr_line' id='line_1_14' title="bbox 1298 1376 1871 1431; baseline -0.002 -1"><span class='ocrx_word' id='word_1_83' title='bbox 1298 1376 1640 1431; x_wconf 73' lang='lat' dir='ltr'><strong>EPISTOLA</strong></span> <span class='ocrx_word' id='word_1_84' title='bbox 1688 1376 1845 1429; x_wconf 72' lang='lat' dir='ltr'><strong>LXIX</strong></span> <span class='ocrx_word' id='word_1_85' title='bbox 1859 1418 1871 1430; x_wconf 95' lang='lat'><strong>.</strong></span> 
     </span>
    </p>
   </div>
   <div class='ocr_carea' id='block_1_15' title="bbox 1093 1483 2067 1523">
    <p class='ocr_par' dir='ltr' id='par_1_15' title="bbox 1093 1483 2067 1523">
     <span class='ocr_line' id='line_1_15' title="bbox 1093 1483 2067 1523; baseline -0.002 0"><span class='ocrx_word' id='word_1_86' title='bbox 1093 1485 1156 1523; x_wconf 72' lang='lat' dir='ltr'><strong>Alt</strong></span> <span class='ocrx_word' id='word_1_87' title='bbox 1197 1484 1524 1523; x_wconf 61' lang='grc' dir='ltr'><strong>(ιιξιιιεικωί</strong></span> <span class='ocrx_word' id='word_1_88' title='bbox 1562 1484 1786 1521; x_wconf 60' lang='grc' dir='ltr'><strong>ωεκςεη</strong></span> <span class='ocrx_word' id='word_1_89' title='bbox 1808 1483 2067 1522; x_wconf 65' lang='grc' dir='ltr'><strong>οοςιιτεπ.</strong></span> 
     </span>
    </p>
   </div>
   <div class='ocr_carea' id='block_1_16' title="bbox 1142 1558 1783 1632">
    <p class='ocr_par' dir='ltr' id='par_1_16' title="bbox 1142 1558 1783 1632">
     <span class='ocr_line' id='line_1_16' title="bbox 1142 1558 1783 1632; baseline 0.003 -23"><span class='ocrx_word' id='word_1_90' title='bbox 1142 1618 1155 1632; x_wconf 41' lang='grc' dir='ltr'>ι</span> <span class='ocrx_word' id='word_1_91' title='bbox 1254 1562 1264 1570; x_wconf 87' lang='grc'><strong>’</strong></span> <span class='ocrx_word' id='word_1_92' title='bbox 1389 1560 1570 1627; x_wconf 73' lang='lat' dir='ltr'><strong>(Anno</strong></span> <span class='ocrx_word' id='word_1_93' title='bbox 1604 1558 1783 1625; x_wconf 74' lang='grc'><strong>1074.)</strong></span> 
     </span>
    </p>
   </div>
   <div class='ocr_carea' id='block_1_17' title="bbox 797 1636 2374 1716">
    <p class='ocr_par' dir='ltr' id='par_1_17' title="bbox 797 1636 2374 1716">
     <span class='ocr_line' id='line_1_17' title="bbox 797 1636 2374 1716; baseline 0.001 -15"><span class='ocrx_word' id='word_1_94' title='bbox 797 1648 1035 1701; x_wconf 75' lang='lat' dir='ltr'><strong>Ilemittit</strong></span> <span class='ocrx_word' id='word_1_95' title='bbox 1057 1649 1355 1716; x_wconf 74' lang='lat' dir='ltr'><strong>episcopum</strong></span> <span class='ocrx_word' id='word_1_96' title='bbox 1380 1648 1443 1699; x_wconf 88' lang='lat' dir='ltr'><strong>ab</strong></span> <span class='ocrx_word' id='word_1_97' title='bbox 1467 1636 1596 1715; x_wconf 77' lang='lat' dir='ltr'><strong>ipsis</strong></span> <span class='ocrx_word' id='word_1_98' title='bbox 1622 1647 1863 1713; x_wconf 80' lang='lat' dir='ltr'><strong>electum,</strong></span> <span class='ocrx_word' id='word_1_99' title='bbox 1886 1657 1935 1701; x_wconf 89' lang='lat' dir='ltr'><strong>et</strong></span> <span class='ocrx_word' id='word_1_100' title='bbox 1962 1665 1994 1700; x_wconf 83' lang='grc' dir='ltr'><strong><em>η</em></strong></span> <span class='ocrx_word' id='word_1_101' title='bbox 2022 1664 2076 1701; x_wconf 88' lang='lat' dir='ltr'><strong>se</strong></span> <span class='ocrx_word' id='word_1_102' title='bbox 2101 1665 2374 1702; x_wconf 77' lang='lat' dir='ltr'><strong>consecra-</strong></span> 
     </span>
    </p>
   </div>
   <div class='ocr_carea' id='block_1_18' title="bbox 876 1716 2375 1786">
    <p class='ocr_par' dir='ltr' id='par_1_18' title="bbox 876 1716 2375 1786">
     <span class='ocr_line' id='line_1_18' title="bbox 876 1716 2375 1786; baseline 0.001 -16"><span class='ocrx_word' id='word_1_103' title='bbox 876 1731 1005 1777; x_wconf 80' lang='lat' dir='ltr'><strong>tum,</strong></span> <span class='ocrx_word' id='word_1_104' title='bbox 1022 1719 1271 1785; x_wconf 84' lang='lat' dir='ltr'><strong>jubetque</strong></span> <span class='ocrx_word' id='word_1_105' title='bbox 1303 1733 1387 1768; x_wconf 82' lang='lat' dir='ltr'><strong>eos</strong></span> <span class='ocrx_word' id='word_1_106' title='bbox 1420 1716 1521 1784; x_wconf 78' lang='lat' dir='ltr'><strong>ipsi</strong></span> <span class='ocrx_word' id='word_1_107' title='bbox 1548 1717 1753 1786; x_wconf 80' lang='lat' dir='ltr'><strong>obedire</strong></span> <span class='ocrx_word' id='word_1_108' title='bbox 1772 1758 1785 1775; x_wconf 84' lang='lat'><strong>.</strong></span> <span class='ocrx_word' id='word_1_109' title='bbox 1812 1717 2074 1786; x_wconf 63' lang='lat' dir='ltr'><strong>praecipue</strong></span> <span class='ocrx_word' id='word_1_110' title='bbox 2105 1719 2161 1771; x_wconf 89' lang='lat' dir='ltr'><strong>in</strong></span> <span class='ocrx_word' id='word_1_111' title='bbox 2200 1718 2375 1772; x_wconf 86' lang='lat' dir='ltr'><strong>Simo-</strong></span> 
     </span>
    </p>
   </div>
   <div class='ocr_carea' id='block_1_19' title="bbox 874 1785 2373 1853">
    <p class='ocr_par' dir='ltr' id='par_1_19' title="bbox 874 1785 2373 1853">
     <span class='ocr_line' id='line_1_19' title="bbox 874 1785 2373 1853; baseline 0.002 -15"><span class='ocrx_word' id='word_1_112' title='bbox 874 1789 1027 1838; x_wconf 82' lang='lat' dir='ltr'><strong>ni.-:rn</strong></span> <span class='ocrx_word' id='word_1_113' title='bbox 1060 1786 1245 1839; x_wconf 68' lang='grc' dir='ltr'><strong>[ιιι-νυλὶ</strong></span> <span class='ocrx_word' id='word_1_114' title='bbox 1270 1787 1631 1853; x_wconf 44' lang='lat' dir='ltr'><strong>usurpanda.</strong></span> <span class='ocrx_word' id='word_1_115' title='bbox 1671 1785 1908 1839; x_wconf 81' lang='lat' dir='ltr'><strong>Minatur</strong></span> <span class='ocrx_word' id='word_1_116' title='bbox 1943 1785 2044 1853; x_wconf 86' lang='lat' dir='ltr'><strong>ipsi</strong></span> <span class='ocrx_word' id='word_1_117' title='bbox 2076 1788 2253 1840; x_wconf 84' lang='lat' dir='ltr'><strong>comiti</strong></span> <span class='ocrx_word' id='word_1_118' title='bbox 2282 1805 2373 1841; x_wconf 73' lang='lat' dir='ltr'><strong>er-</strong></span> 
     </span>
    </p>
   </div>
   <div class='ocr_carea' id='block_1_20' title="bbox 875 1856 2371 1922">
    <p class='ocr_par' dir='ltr' id='par_1_20' title="bbox 875 1856 2371 1922">
     <span class='ocr_line' id='line_1_20' title="bbox 875 1856 2371 1922; baseline 0.003 -17"><span class='ocrx_word' id='word_1_119' title='bbox 875 1856 1483 1918; x_wconf 73' lang='lat' dir='ltr'><strong>~ommunicutionem,si</strong></span> <span class='ocrx_word' id='word_1_120' title='bbox 1508 1856 1600 1922; x_wconf 85' lang='lat' dir='ltr'><strong>jus</strong></span> <span class='ocrx_word' id='word_1_121' title='bbox 1624 1871 1776 1907; x_wconf 83' lang='lat' dir='ltr'><strong>suum</strong></span> <span class='ocrx_word' id='word_1_122' title='bbox 1821 1856 2104 1909; x_wconf 77' lang='lat' dir='ltr'><strong>retribuere</strong></span> <span class='ocrx_word' id='word_1_123' title='bbox 2146 1857 2371 1910; x_wconf 86' lang='lat' dir='ltr'><strong>uoluerit</strong></span> 
     </span>
    </p>
   </div>
   <div class='ocr_carea' id='block_1_21' title="bbox 864 1923 2304 1993">
    <p class='ocr_par' dir='ltr' id='par_1_21' title="bbox 864 1923 2304 1993">
     <span class='ocr_line' id='line_1_21' title="bbox 864 1923 2304 1993; baseline 0.002 -20"><span class='ocrx_word' id='word_1_124' title='bbox 864 1926 1103 1991; x_wconf 71' lang='lat' dir='ltr'><strong>episcopo</strong></span> <span class='ocrx_word' id='word_1_125' title='bbox 1128 1935 1174 1976; x_wconf 90' lang='lat' dir='ltr'><strong>et</strong></span> <span class='ocrx_word' id='word_1_126' title='bbox 1212 1924 1324 1991; x_wconf 85' lang='lat' dir='ltr'><strong>ejus</strong></span> <span class='ocrx_word' id='word_1_127' title='bbox 1353 1923 1645 1977; x_wconf 61' lang='lat' dir='ltr'><strong>Ecclesia.-</strong></span> <span class='ocrx_word' id='word_1_128' title='bbox 2296 1989 2304 1993; x_wconf 17' lang='grc' dir='ltr'>ἰ</span> 
     </span>
    </p>
   </div>
   <div class='ocr_carea' id='block_1_22' title="bbox 867 2012 2371 2083">
    <p class='ocr_par' dir='ltr' id='par_1_22' title="bbox 867 2012 2371 2083">
     <span class='ocr_line' id='line_1_22' title="bbox 867 2012 2371 2083; baseline 0.003 -18"><span class='ocrx_word' id='word_1_129' title='bbox 867 2015 979 2067; x_wconf 76' lang='lat' dir='ltr'><strong>(int:</strong></span> <span class='ocrx_word' id='word_1_130' title='bbox 1001 2030 1171 2068; x_wconf 76' lang='lat' dir='ltr'><strong>;ORIL&#39;S</strong></span> <span class='ocrx_word' id='word_1_131' title='bbox 1200 2014 1505 2083; x_wconf 89' lang='lat' dir='ltr'><strong>episcopus,</strong></span> <span class='ocrx_word' id='word_1_132' title='bbox 1540 2028 1729 2067; x_wconf 74' lang='lat' dir='ltr'><strong>servus</strong></span> <span class='ocrx_word' id='word_1_133' title='bbox 1766 2028 2047 2067; x_wconf 75' lang='lat' dir='ltr'><strong>servorum</strong></span> <span class='ocrx_word' id='word_1_134' title='bbox 2080 2012 2205 2078; x_wconf 88' lang='lat' dir='ltr'><strong>Dei,</strong></span> <span class='ocrx_word' id='word_1_135' title='bbox 2242 2014 2371 2069; x_wconf 76' lang='lat' dir='ltr'><strong>CUI-</strong></span> 
     </span>
    </p>
   </div>
   <div class='ocr_carea' id='block_1_23' title="bbox 796 2101 2370 2165">
    <p class='ocr_par' dir='ltr' id='par_1_23' title="bbox 796 2101 2370 2165">
     <span class='ocr_line' id='line_1_23' title="bbox 796 2101 2370 2165; baseline 0.006 -9"><span class='ocrx_word' id='word_1_136' title='bbox 796 2120 988 2158; x_wconf 76' lang='lat' dir='ltr'><strong>l.|t‘.l.\!0</strong></span> <span class='ocrx_word' id='word_1_137' title='bbox 1014 2103 1190 2157; x_wconf 81' lang='lat' dir='ltr'><strong>Diensi</strong></span> <span class='ocrx_word' id='word_1_138' title='bbox 1214 2101 1401 2158; x_wconf 81' lang='lat' dir='ltr'><strong>comiti</strong></span> <span class='ocrx_word' id='word_1_139' title='bbox 1421 2119 1485 2158; x_wconf 87' lang='lat' dir='ltr'><strong>ac</strong></span> <span class='ocrx_word' id='word_1_140' title='bbox 1498 2104 1672 2157; x_wconf 84' lang='lat' dir='ltr'><strong>univet</strong></span> <span class='ocrx_word' id='word_1_141' title='bbox 1687 2102 1762 2161; x_wconf 82' lang='lat' dir='ltr'><strong>sis</strong></span> <span class='ocrx_word' id='word_1_142' title='bbox 1788 2104 2033 2159; x_wconf 88' lang='lat' dir='ltr'><strong>ﬁdelibus</strong></span> <span class='ocrx_word' id='word_1_143' title='bbox 2053 2120 2115 2159; x_wconf 89' lang='lat' dir='ltr'><strong>ac</strong></span> <span class='ocrx_word' id='word_1_144' title='bbox 2143 2107 2370 2165; x_wconf 77' lang='lat' dir='ltr'><strong>subdit&#39;s</strong></span> 
     </span>
    </p>
   </div>
   <div class='ocr_carea' id='block_1_24' title="bbox 799 2193 2369 2264">
    <p class='ocr_par' dir='ltr' id='par_1_24' title="bbox 799 2193 2369 2264">
     <span class='ocr_line' id='line_1_24' title="bbox 799 2193 2369 2264; baseline 0.004 -20"><span class='ocrx_word' id='word_1_145' title='bbox 799 2194 1012 2246; x_wconf 77' lang='lat' dir='ltr'><strong>hiensis</strong></span> <span class='ocrx_word' id='word_1_146' title='bbox 1044 2193 1295 2250; x_wconf 71' lang='lat' dir='ltr'><strong>Ecclesia:</strong></span> <span class='ocrx_word' id='word_1_147' title='bbox 1353 2194 1582 2249; x_wconf 79' lang='lat' dir='ltr'><strong>salutem</strong></span> <span class='ocrx_word' id='word_1_148' title='bbox 1633 2204 1687 2249; x_wconf 89' lang='lat' dir='ltr'><strong>ct</strong></span> <span class='ocrx_word' id='word_1_149' title='bbox 1742 2194 2095 2264; x_wconf 85' lang='lat' dir='ltr'><strong>apostolicam</strong></span> <span class='ocrx_word' id='word_1_150' title='bbox 2145 2196 2369 2259; x_wconf 79' lang='lat' dir='ltr'><strong>benedi-</strong></span> 
     </span>
    </p>
   </div>
   <div class='ocr_carea' id='block_1_25' title="bbox 798 2284 1574 2336">
    <p class='ocr_par' dir='ltr' id='par_1_25' title="bbox 798 2284 1574 2336">
     <span class='ocr_line' id='line_1_25' title="bbox 798 2284 1574 2336; baseline 0.006 -4"><span class='ocrx_word' id='word_1_151' title='bbox 798 2284 1053 2336; x_wconf 64' lang='lat' dir='ltr'><strong>ctionem.</strong></span> <span class='ocrx_word' id='word_1_152' title='bbox 1569 2300 1574 2306; x_wconf 76' lang='lat'><strong>‘</strong></span> 
     </span>
    </p>
   </div>
   <div class='ocr_carea' id='block_1_26' title="bbox 860 2371 2367 2445">
    <p class='ocr_par' dir='ltr' id='par_1_26' title="bbox 860 2371 2367 2445">
     <span class='ocr_line' id='line_1_26' title="bbox 860 2371 2367 2445; baseline 0.007 -22"><span class='ocrx_word' id='word_1_153' title='bbox 860 2371 1175 2428; x_wconf 77' lang='lat' dir='ltr'><strong>\‘enientem</strong></span> <span class='ocrx_word' id='word_1_154' title='bbox 1205 2374 1271 2428; x_wconf 91' lang='lat' dir='ltr'><strong>ad</strong></span> <span class='ocrx_word' id='word_1_155' title='bbox 1304 2388 1404 2429; x_wconf 92' lang='lat' dir='ltr'><strong>nos</strong></span> <span class='ocrx_word' id='word_1_156' title='bbox 1448 2372 1730 2445; x_wconf 82' lang='lat' dir='ltr'><strong>Hugonem</strong></span> <span class='ocrx_word' id='word_1_157' title='bbox 1766 2376 2081 2445; x_wconf 85' lang='lat' dir='ltr'><strong>episcopum</strong></span> <span class='ocrx_word' id='word_1_158' title='bbox 2126 2386 2367 2434; x_wconf 87' lang='lat' dir='ltr'><strong>vestrum</strong></span> 
     </span>
    </p>
   </div>
   <div class='ocr_carea' id='block_1_27' title="bbox 795 2463 2366 2541">
    <p class='ocr_par' dir='ltr' id='par_1_27' title="bbox 795 2463 2366 2541">
     <span class='ocr_line' id='line_1_27' title="bbox 795 2463 2366 2541; baseline 0.008 -26"><span class='ocrx_word' id='word_1_159' title='bbox 795 2463 1023 2531; x_wconf 79' lang='lat' dir='ltr'><strong>benigne</strong></span> <span class='ocrx_word' id='word_1_160' title='bbox 1052 2464 1411 2535; x_wconf 89' lang='lat' dir='ltr'><strong>suscepimus,</strong></span> <span class='ocrx_word' id='word_1_161' title='bbox 1437 2474 1511 2529; x_wconf 89' lang='lat' dir='ltr'><strong>et,</strong></span> <span class='ocrx_word' id='word_1_162' title='bbox 1535 2466 1662 2534; x_wconf 85' lang='lat' dir='ltr'><strong>quia</strong></span> <span class='ocrx_word' id='word_1_163' title='bbox 1684 2482 1782 2522; x_wconf 87' lang='lat' dir='ltr'><strong>vos</strong></span> <span class='ocrx_word' id='word_1_164' title='bbox 1812 2467 1865 2521; x_wconf 90' lang='lat' dir='ltr'><strong>in</strong></span> <span class='ocrx_word' id='word_1_165' title='bbox 1896 2468 2214 2524; x_wconf 86' lang='lat' dir='ltr'><strong>electionem</strong></span> <span class='ocrx_word' id='word_1_166' title='bbox 2249 2488 2366 2541; x_wconf 76' lang='lat' dir='ltr'><strong>ejus</strong></span> 
     </span>
    </p>
   </div>
   <div class='ocr_carea' id='block_1_28' title="bbox 793 2554 2367 2628">
    <p class='ocr_par' dir='ltr' id='par_1_28' title="bbox 793 2554 2367 2628">
     <span class='ocr_line' id='line_1_28' title="bbox 793 2554 2367 2628; baseline 0.006 -23"><span class='ocrx_word' id='word_1_167' title='bbox 793 2554 1125 2607; x_wconf 76' lang='lat' dir='ltr'><strong>unanimiter</strong></span> <span class='ocrx_word' id='word_1_168' title='bbox 1158 2554 1474 2609; x_wconf 84' lang='lat' dir='ltr'><strong>convenisse</strong></span> <span class='ocrx_word' id='word_1_169' title='bbox 1499 2556 1826 2623; x_wconf 79' lang='lat' dir='ltr'><strong>audivimus,</strong></span> <span class='ocrx_word' id='word_1_170' title='bbox 1850 2560 2144 2628; x_wconf 88' lang='lat' dir='ltr'><strong>episcopali</strong></span> <span class='ocrx_word' id='word_1_171' title='bbox 2175 2575 2367 2615; x_wconf 87' lang='lat' dir='ltr'><strong>conse—</strong></span> 
     </span>
    </p>
   </div>
   <div class='ocr_carea' id='block_1_29' title="bbox 792 2645 2364 2719">
    <p class='ocr_par' dir='ltr' id='par_1_29' title="bbox 792 2645 2364 2719">
     <span class='ocr_line' id='line_1_29' title="bbox 792 2645 2364 2719; baseline 0.006 -24"><span class='ocrx_word' id='word_1_172' title='bbox 792 2645 1038 2699; x_wconf 70' lang='lat' dir='ltr'><strong>cratione</strong></span> <span class='ocrx_word' id='word_1_173' title='bbox 1066 2659 1193 2698; x_wconf 90' lang='lat' dir='ltr'><strong>eum</strong></span> <span class='ocrx_word' id='word_1_174' title='bbox 1212 2645 1368 2700; x_wconf 78' lang='lat' dir='ltr'><strong>vobis</strong></span> <span class='ocrx_word' id='word_1_175' title='bbox 1400 2645 1453 2699; x_wconf 93' lang='lat' dir='ltr'><strong>in</strong></span> <span class='ocrx_word' id='word_1_176' title='bbox 1479 2656 1752 2715; x_wconf 80' lang='lat' dir='ltr'><strong>pastorem</strong></span> <span class='ocrx_word' id='word_1_177' title='bbox 1788 2649 2161 2703; x_wconf 82' lang='lat' dir='ltr'><strong>ordinavimus</strong></span> <span class='ocrx_word' id='word_1_178' title='bbox 2187 2668 2201 2715; x_wconf 91' lang='lat'><strong>;</strong></span> <span class='ocrx_word' id='word_1_179' title='bbox 2228 2666 2364 2719; x_wconf 81' lang='lat' dir='ltr'><strong>qua-</strong></span> 
     </span>
    </p>
   </div>
   <div class='ocr_carea' id='block_1_30' title="bbox 793 2734 2370 2806">
    <p class='ocr_par' dir='ltr' id='par_1_30' title="bbox 793 2734 2370 2806">
     <span class='ocr_line' id='line_1_30' title="bbox 793 2734 2370 2806; baseline 0.004 -20"><span class='ocrx_word' id='word_1_180' title='bbox 793 2746 952 2787; x_wconf 82' lang='lat' dir='ltr'><strong>Ic.t&#39;IS</strong></span> <span class='ocrx_word' id='word_1_181' title='bbox 974 2734 1075 2788; x_wconf 87' lang='lat' dir='ltr'><strong>sub</strong></span> <span class='ocrx_word' id='word_1_182' title='bbox 1104 2734 1224 2804; x_wconf 86' lang='lat' dir='ltr'><strong>ejus</strong></span> <span class='ocrx_word' id='word_1_183' title='bbox 1246 2735 1510 2806; x_wconf 86' lang='lat' dir='ltr'><strong>regimine</strong></span> <span class='ocrx_word' id='word_1_184' title='bbox 1534 2736 1910 2805; x_wconf 84' lang='lat' dir='ltr'><strong>spiritualibus</strong></span> <span class='ocrx_word' id='word_1_185' title='bbox 1936 2739 2185 2795; x_wconf 84' lang='lat' dir='ltr'><strong>instructi</strong></span> <span class='ocrx_word' id='word_1_186' title='bbox 2210 2740 2370 2795; x_wconf 87' lang='lat' dir='ltr'><strong>disci-</strong></span> 
     </span>
    </p>
   </div>
   <div class='ocr_carea' id='block_1_31' title="bbox 791 2826 2365 2900">
    <p class='ocr_par' dir='ltr' id='par_1_31' title="bbox 791 2826 2365 2900">
     <span class='ocr_line' id='line_1_31' title="bbox 791 2826 2365 2900; baseline 0.005 -22"><span class='ocrx_word' id='word_1_187' title='bbox 791 2826 952 2895; x_wconf 82' lang='lat' dir='ltr'><strong>plinis</strong></span> <span class='ocrx_word' id='word_1_188' title='bbox 975 2837 1237 2895; x_wconf 63' lang='lat' dir='ltr'><strong>percepta:</strong></span> <span class='ocrx_word' id='word_1_189' title='bbox 1272 2826 1393 2880; x_wconf 90' lang='lat' dir='ltr'><strong>ﬁdei</strong></span> <span class='ocrx_word' id='word_1_190' title='bbox 1419 2826 1656 2882; x_wconf 79' lang='lat' dir='ltr'><strong>fructum</strong></span> <span class='ocrx_word' id='word_1_191' title='bbox 1701 2838 1757 2883; x_wconf 87' lang='lat' dir='ltr'><strong>et</strong></span> <span class='ocrx_word' id='word_1_192' title='bbox 1808 2830 2035 2899; x_wconf 79' lang='lat' dir='ltr'><strong>gloriam</strong></span> <span class='ocrx_word' id='word_1_193' title='bbox 2081 2830 2365 2900; x_wconf 86' lang='lat' dir='ltr'><strong>sempiter-</strong></span> 
     </span>
    </p>
   </div>
   <div class='ocr_carea' id='block_1_32' title="bbox 788 2915 2363 2990">
    <p class='ocr_par' dir='ltr' id='par_1_32' title="bbox 788 2915 2363 2990">
     <span class='ocr_line' id='line_1_32' title="bbox 788 2915 2363 2990; baseline 0.006 -23"><span class='ocrx_word' id='word_1_194' title='bbox 788 2931 915 2968; x_wconf 76' lang='lat' dir='ltr'><strong>tum</strong></span> <span class='ocrx_word' id='word_1_195' title='bbox 943 2931 1009 2969; x_wconf 93' lang='lat' dir='ltr'><strong>co</strong></span> <span class='ocrx_word' id='word_1_196' title='bbox 1034 2916 1227 2984; x_wconf 67' lang='lat' dir='ltr'><strong>isequi,</strong></span> <span class='ocrx_word' id='word_1_197' title='bbox 1253 2915 1361 2971; x_wconf 89' lang='lat' dir='ltr'><strong>Deo</strong></span> <span class='ocrx_word' id='word_1_198' title='bbox 1386 2917 1567 2982; x_wconf 89' lang='lat' dir='ltr'><strong>dante,</strong></span> <span class='ocrx_word' id='word_1_199' title='bbox 1596 2920 1839 2987; x_wconf 86' lang='lat' dir='ltr'><strong>possitis.</strong></span> <span class='ocrx_word' id='word_1_200' title='bbox 1870 2919 2094 2988; x_wconf 79' lang='lat' dir='ltr'><strong>Expleta</strong></span> <span class='ocrx_word' id='word_1_201' title='bbox 2120 2922 2283 2990; x_wconf 87' lang='lat' dir='ltr'><strong>igitur</strong></span> <span class='ocrx_word' id='word_1_202' title='bbox 2309 2921 2363 2976; x_wconf 91' lang='lat' dir='ltr'><strong>in</strong></span> 
     </span>
    </p>
   </div>
   <div class='ocr_carea' id='block_1_33' title="bbox 792 3004 2362 3073">
    <p class='ocr_par' dir='ltr' id='par_1_33' title="bbox 792 3004 2362 3073">
     <span class='ocr_line' id='line_1_33' title="bbox 792 3004 2362 3073; baseline 0.006 -17"><span class='ocrx_word' id='word_1_203' title='bbox 792 3019 852 3057; x_wconf 59' lang='grc' dir='ltr'><strong>δυ</strong></span> <span class='ocrx_word' id='word_1_204' title='bbox 878 3004 1163 3058; x_wconf 89' lang='lat' dir='ltr'><strong>ministerii</strong></span> <span class='ocrx_word' id='word_1_205' title='bbox 1184 3005 1354 3059; x_wconf 88' lang='lat' dir='ltr'><strong>nostri</strong></span> <span class='ocrx_word' id='word_1_206' title='bbox 1390 3006 1593 3073; x_wconf 89' lang='lat' dir='ltr'><strong>debito,</strong></span> <span class='ocrx_word' id='word_1_207' title='bbox 1621 3022 1747 3062; x_wconf 91' lang='lat' dir='ltr'><strong>cum</strong></span> <span class='ocrx_word' id='word_1_208' title='bbox 1781 3009 1930 3063; x_wconf 90' lang='lat' dir='ltr'><strong>omni</strong></span> <span class='ocrx_word' id='word_1_209' title='bbox 1950 3010 2215 3073; x_wconf 84' lang='lat' dir='ltr'><strong>charitate</strong></span> <span class='ocrx_word' id='word_1_210' title='bbox 2238 3027 2362 3065; x_wconf 88' lang='lat' dir='ltr'><strong>eum</strong></span> 
     </span>
    </p>
   </div>
   <div class='ocr_carea' id='block_1_34' title="bbox 789 3095 2361 3170">
    <p class='ocr_par' dir='ltr' id='par_1_34' title="bbox 789 3095 2361 3170">
     <span class='ocr_line' id='line_1_34' title="bbox 789 3095 2361 3170; baseline 0.006 -24"><span class='ocrx_word' id='word_1_211' title='bbox 789 3095 854 3147; x_wconf 68' lang='lat' dir='ltr'><strong>ad</strong></span> <span class='ocrx_word' id='word_1_212' title='bbox 879 3110 977 3148; x_wconf 76' lang='lat' dir='ltr'><strong>vos</strong></span> <span class='ocrx_word' id='word_1_213' title='bbox 1002 3095 1350 3160; x_wconf 86' lang='lat' dir='ltr'><strong>remittimus,</strong></span> <span class='ocrx_word' id='word_1_214' title='bbox 1371 3095 1728 3152; x_wconf 84' lang='lat' dir='ltr'><strong>admonentes</strong></span> <span class='ocrx_word' id='word_1_215' title='bbox 1757 3112 1850 3154; x_wconf 77' lang='lat' dir='ltr'><strong>vos</strong></span> <span class='ocrx_word' id='word_1_216' title='bbox 1870 3116 1970 3169; x_wconf 89' lang='lat' dir='ltr'><strong>per</strong></span> <span class='ocrx_word' id='word_1_217' title='bbox 1991 3101 2151 3157; x_wconf 87' lang='lat' dir='ltr'><strong>ﬁdem</strong></span> <span class='ocrx_word' id='word_1_218' title='bbox 2176 3102 2230 3154; x_wconf 91' lang='lat' dir='ltr'><strong>in</strong></span> <span class='ocrx_word' id='word_1_219' title='bbox 2255 3117 2361 3170; x_wconf 86' lang='lat' dir='ltr'><strong>qua</strong></span> 
     </span>
    </p>
   </div>
   <div class='ocr_carea' id='block_1_35' title="bbox 789 3183 2363 3256">
    <p class='ocr_par' dir='ltr' id='par_1_35' title="bbox 789 3183 2363 3256">
     <span class='ocr_line' id='line_1_35' title="bbox 789 3183 2363 3256; baseline 0.004 -17"><span class='ocrx_word' id='word_1_220' title='bbox 789 3183 1049 3251; x_wconf 82' lang='lat' dir='ltr'><strong>redempti</strong></span> <span class='ocrx_word' id='word_1_221' title='bbox 1069 3193 1123 3238; x_wconf 89' lang='lat' dir='ltr'><strong>ct</strong></span> <span class='ocrx_word' id='word_1_222' title='bbox 1143 3200 1240 3253; x_wconf 89' lang='lat' dir='ltr'><strong>per</strong></span> <span class='ocrx_word' id='word_1_223' title='bbox 1258 3185 1538 3240; x_wconf 89' lang='lat' dir='ltr'><strong>Christum</strong></span> <span class='ocrx_word' id='word_1_224' title='bbox 1566 3188 1755 3243; x_wconf 87' lang='lat' dir='ltr'><strong>salvati</strong></span> <span class='ocrx_word' id='word_1_225' title='bbox 1779 3191 1932 3256; x_wconf 84' lang='lat' dir='ltr'><strong>estis,</strong></span> <span class='ocrx_word' id='word_1_226' title='bbox 1958 3200 2017 3244; x_wconf 91' lang='lat' dir='ltr'><strong>ut</strong></span> <span class='ocrx_word' id='word_1_227' title='bbox 2036 3207 2159 3245; x_wconf 89' lang='lat' dir='ltr'><strong>eum</strong></span> <span class='ocrx_word' id='word_1_228' title='bbox 2184 3191 2363 3246; x_wconf 89' lang='lat' dir='ltr'><strong>debito</strong></span> 
     </span>
    </p>
   </div>
   <div class='ocr_carea' id='block_1_36' title="bbox 788 3272 2361 3348">
    <p class='ocr_par' dir='ltr' id='par_1_36' title="bbox 788 3272 2361 3348">
     <span class='ocr_line' id='line_1_36' title="bbox 788 3272 2361 3348; baseline 0.007 -24"><span class='ocrx_word' id='word_1_229' title='bbox 788 3272 993 3326; x_wconf 89' lang='lat' dir='ltr'><strong>honore</strong></span> <span class='ocrx_word' id='word_1_230' title='bbox 1019 3279 1073 3327; x_wconf 91' lang='lat' dir='ltr'><strong>et</strong></span> <span class='ocrx_word' id='word_1_231' title='bbox 1106 3275 1408 3329; x_wconf 85' lang='lat' dir='ltr'><strong>reverentia</strong></span> <span class='ocrx_word' id='word_1_232' title='bbox 1445 3277 1786 3348; x_wconf 86' lang='lat' dir='ltr'><strong>suscipiatis,</strong></span> <span class='ocrx_word' id='word_1_233' title='bbox 1821 3290 1877 3334; x_wconf 91' lang='lat' dir='ltr'><strong>et</strong></span> <span class='ocrx_word' id='word_1_234' title='bbox 1909 3296 2126 3336; x_wconf 91' lang='lat' dir='ltr'><strong>omnem</strong></span> <span class='ocrx_word' id='word_1_235' title='bbox 2157 3282 2211 3334; x_wconf 92' lang='lat' dir='ltr'><strong>in</strong></span> <span class='ocrx_word' id='word_1_236' title='bbox 2244 3298 2361 3335; x_wconf 90' lang='lat' dir='ltr'><strong>om-</strong></span> 
     </span>
    </p>
   </div>
   <div class='ocr_carea' id='block_1_37' title="bbox 787 3362 2363 3438">
    <p class='ocr_par' dir='ltr' id='par_1_37' title="bbox 787 3362 2363 3438">
     <span class='ocr_line' id='line_1_37' title="bbox 787 3362 2363 3438; baseline 0.007 -25"><span class='ocrx_word' id='word_1_237' title='bbox 787 3362 951 3423; x_wconf 59' lang='lat' dir='ltr'><strong>nibus</strong></span> <span class='ocrx_word' id='word_1_238' title='bbox 1004 3379 1125 3431; x_wconf 69' lang='lat' dir='ltr'><strong>qua:</strong></span> <span class='ocrx_word' id='word_1_239' title='bbox 1169 3365 1236 3418; x_wconf 89' lang='lat' dir='ltr'><strong>ad</strong></span> <span class='ocrx_word' id='word_1_240' title='bbox 1284 3367 1527 3436; x_wconf 84' lang='lat' dir='ltr'><strong>regimen</strong></span> <span class='ocrx_word' id='word_1_241' title='bbox 1570 3370 1654 3422; x_wconf 88' lang='lat' dir='ltr'><strong>sui</strong></span> <span class='ocrx_word' id='word_1_242' title='bbox 1703 3370 2049 3437; x_wconf 88' lang='lat' dir='ltr'><strong>episcopatus</strong></span> <span class='ocrx_word' id='word_1_243' title='bbox 2092 3371 2363 3438; x_wconf 86' lang='lat' dir='ltr'><strong>pertinent</strong></span> 
     </span>
    </p>
   </div>
   <div class='ocr_carea' id='block_1_38' title="bbox 786 3451 2361 3514">
    <p class='ocr_par' dir='ltr' id='par_1_38' title="bbox 786 3451 2361 3514">
     <span class='ocr_line' id='line_1_38' title="bbox 786 3451 2361 3514; baseline 0.006 -9"><span class='ocrx_word' id='word_1_244' title='bbox 786 3451 1146 3512; x_wconf 73' lang='lat' dir='ltr'><strong>obedientiam</strong></span> <span class='ocrx_word' id='word_1_245' title='bbox 1168 3464 1227 3511; x_wconf 83' lang='lat' dir='ltr'><strong>et</strong></span> <span class='ocrx_word' id='word_1_246' title='bbox 1248 3454 1493 3513; x_wconf 77' lang='lat' dir='ltr'><strong>favorem</strong></span> <span class='ocrx_word' id='word_1_247' title='bbox 1525 3458 1627 3511; x_wconf 90' lang='lat' dir='ltr'><strong>sibi</strong></span> <span class='ocrx_word' id='word_1_248' title='bbox 1663 3459 1986 3513; x_wconf 77' lang='lat' dir='ltr'><strong>exhibeatis.</strong></span> <span class='ocrx_word' id='word_1_249' title='bbox 2053 3457 2167 3513; x_wconf 85' lang='lat' dir='ltr'><strong>Nos</strong></span> <span class='ocrx_word' id='word_1_250' title='bbox 2214 3461 2361 3514; x_wconf 85' lang='lat' dir='ltr'><strong>enim</strong></span> 
     </span>
    </p>
   </div>
   <div class='ocr_carea' id='block_1_39' title="bbox 789 3546 2361 3612">
    <p class='ocr_par' dir='ltr' id='par_1_39' title="bbox 789 3546 2361 3612">
     <span class='ocr_line' id='line_1_39' title="bbox 789 3546 2361 3612; baseline 0.005 -8"><span class='ocrx_word' id='word_1_251' title='bbox 789 3552 927 3604; x_wconf 87' lang='lat' dir='ltr'><strong>inter</strong></span> <span class='ocrx_word' id='word_1_252' title='bbox 955 3559 1147 3605; x_wconf 71' lang='lat' dir='ltr'><strong>czetera</strong></span> <span class='ocrx_word' id='word_1_253' title='bbox 1173 3567 1297 3606; x_wconf 88' lang='lat' dir='ltr'><strong>eum</strong></span> <span class='ocrx_word' id='word_1_254' title='bbox 1330 3546 1559 3607; x_wconf 78' lang='lat' dir='ltr'><strong>sollicite</strong></span> <span class='ocrx_word' id='word_1_255' title='bbox 1613 3548 2011 3611; x_wconf 73' lang='lat' dir='ltr'><strong>admonuimus</strong></span> <span class='ocrx_word' id='word_1_256' title='bbox 2064 3558 2122 3611; x_wconf 88' lang='lat' dir='ltr'><strong>nt</strong></span> <span class='ocrx_word' id='word_1_257' title='bbox 2167 3560 2361 3612; x_wconf 80' lang='lat' dir='ltr'><strong>contra</strong></span> 
     </span>
    </p>
   </div>
   <div class='ocr_carea' id='block_1_40' title="bbox 794 3640 2364 3713">
    <p class='ocr_par' dir='ltr' id='par_1_40' title="bbox 794 3640 2364 3713">
     <span class='ocr_line' id='line_1_40' title="bbox 794 3640 2364 3713; baseline 0.005 -22"><span class='ocrx_word' id='word_1_258' title='bbox 794 3640 1161 3693; x_wconf 84' lang='lat' dir='ltr'><strong>Simoniaeam</strong></span> <span class='ocrx_word' id='word_1_259' title='bbox 1218 3640 1470 3694; x_wconf 71' lang='lat' dir='ltr'><strong>breresim</strong></span> <span class='ocrx_word' id='word_1_260' title='bbox 1519 3642 1647 3696; x_wconf 90' lang='lat' dir='ltr'><strong>totis</strong></span> <span class='ocrx_word' id='word_1_261' title='bbox 1696 3643 1992 3713; x_wconf 87' lang='lat' dir='ltr'><strong>crigeretur</strong></span> <span class='ocrx_word' id='word_1_262' title='bbox 2031 3645 2259 3708; x_wconf 83' lang='lat' dir='ltr'><strong>viribus,</strong></span> <span class='ocrx_word' id='word_1_263' title='bbox 2308 3654 2364 3699; x_wconf 88' lang='lat' dir='ltr'><strong>et</strong></span> 
     </span>
    </p>
   </div>
   <div class='ocr_carea' id='block_1_41' title="bbox 790 3727 2363 3799">
    <p class='ocr_par' dir='ltr' id='par_1_41' title="bbox 790 3727 2363 3799">
     <span class='ocr_line' id='line_1_41' title="bbox 790 3727 2363 3799; baseline 0.005 -21"><span class='ocrx_word' id='word_1_264' title='bbox 790 3727 1085 3781; x_wconf 77' lang='lat' dir='ltr'><strong>Ecclesiam</strong></span> <span class='ocrx_word' id='word_1_265' title='bbox 1122 3742 1235 3781; x_wconf 71' lang='lat' dir='ltr'><strong>sua:</strong></span> <span class='ocrx_word' id='word_1_266' title='bbox 1257 3728 1529 3796; x_wconf 59' lang='lat' dir='ltr'><strong>parochias</strong></span> <span class='ocrx_word' id='word_1_267' title='bbox 1556 3744 1665 3782; x_wconf 92' lang='lat' dir='ltr'><strong>non</strong></span> <span class='ocrx_word' id='word_1_268' title='bbox 1690 3730 1845 3799; x_wconf 91' lang='lat' dir='ltr'><strong>prius</strong></span> <span class='ocrx_word' id='word_1_269' title='bbox 1868 3742 2235 3797; x_wconf 86' lang='lat' dir='ltr'><strong>consecraret,</strong></span> <span class='ocrx_word' id='word_1_270' title='bbox 2262 3748 2363 3786; x_wconf 89' lang='lat' dir='ltr'><strong>nec</strong></span> 
     </span>
    </p>
   </div>
   <div class='ocr_carea' id='block_1_42' title="bbox 788 3816 2363 3895">
    <p class='ocr_par' dir='ltr' id='par_1_42' title="bbox 788 3816 2363 3895">
     <span class='ocr_line' id='line_1_42' title="bbox 788 3816 2363 3895; baseline 0.003 -26"><span class='ocrx_word' id='word_1_271' title='bbox 788 3824 1138 3895; x_wconf 74' lang='lat' dir='ltr'><strong>consecratas</strong></span> <span class='ocrx_word' id='word_1_272' title='bbox 1169 3816 1325 3871; x_wconf 87' lang='lat' dir='ltr'><strong>aliter</strong></span> <span class='ocrx_word' id='word_1_273' title='bbox 1368 3818 1612 3872; x_wconf 91' lang='lat' dir='ltr'><strong>divinum</strong></span> <span class='ocrx_word' id='word_1_274' title='bbox 1641 3817 1881 3874; x_wconf 79' lang='lat' dir='ltr'><strong>ofﬁcium</strong></span> <span class='ocrx_word' id='word_1_275' title='bbox 1933 3820 2208 3875; x_wconf 88' lang='lat' dir='ltr'><strong>celebrare</strong></span> <span class='ocrx_word' id='word_1_276' title='bbox 2243 3837 2363 3890; x_wconf 87' lang='lat' dir='ltr'><strong>per-</strong></span> 
     </span>
    </p>
   </div>
   <div class='ocr_carea' id='block_1_43' title="bbox 790 3906 2363 3976">
    <p class='ocr_par' dir='ltr' id='par_1_43' title="bbox 790 3906 2363 3976">
     <span class='ocr_line' id='line_1_43' title="bbox 790 3906 2363 3976; baseline 0.005 -17"><span class='ocrx_word' id='word_1_277' title='bbox 790 3906 1059 3971; x_wconf 86' lang='lat' dir='ltr'><strong>mitteret,</strong></span> <span class='ocrx_word' id='word_1_278' title='bbox 1099 3907 1203 3961; x_wconf 91' lang='lat' dir='ltr'><strong>nisi</strong></span> <span class='ocrx_word' id='word_1_279' title='bbox 1248 3908 1401 3976; x_wconf 91' lang='lat' dir='ltr'><strong>prius</strong></span> <span class='ocrx_word' id='word_1_280' title='bbox 1434 3907 1682 3961; x_wconf 86' lang='lat' dir='ltr'><strong>absolute</strong></span> <span class='ocrx_word' id='word_1_281' title='bbox 1735 3925 1765 3962; x_wconf 94' lang='lat' dir='ltr'><strong>a</strong></span> <span class='ocrx_word' id='word_1_282' title='bbox 1816 3910 2078 3965; x_wconf 86' lang='lat' dir='ltr'><strong>laicorum</strong></span> <span class='ocrx_word' id='word_1_283' title='bbox 2111 3912 2363 3968; x_wconf 90' lang='lat' dir='ltr'><strong>manibus</strong></span> 
     </span>
    </p>
   </div>
   <div class='ocr_carea' id='block_1_44' title="bbox 792 3995 2362 4071">
    <p class='ocr_par' dir='ltr' id='par_1_44' title="bbox 792 3995 2362 4071">
     <span class='ocr_line' id='line_1_44' title="bbox 792 3995 2362 4071; baseline 0.006 -24"><span class='ocrx_word' id='word_1_284' title='bbox 792 3996 971 4061; x_wconf 79' lang='lat' dir='ltr'><strong>(sicut</strong></span> <span class='ocrx_word' id='word_1_285' title='bbox 1001 3996 1326 4051; x_wconf 86' lang='lat' dir='ltr'><strong>canonicum</strong></span> <span class='ocrx_word' id='word_1_286' title='bbox 1362 3995 1479 4064; x_wconf 88' lang='lat' dir='ltr'><strong>est)</strong></span> <span class='ocrx_word' id='word_1_287' title='bbox 1526 4010 1627 4050; x_wconf 88' lang='lat' dir='ltr'><strong>suo</strong></span> <span class='ocrx_word' id='word_1_288' title='bbox 1650 3996 1763 4065; x_wconf 87' lang='lat' dir='ltr'><strong>juri</strong></span> <span class='ocrx_word' id='word_1_289' title='bbox 1814 4006 1870 4051; x_wconf 89' lang='lat' dir='ltr'><strong>et</strong></span> <span class='ocrx_word' id='word_1_290' title='bbox 1919 4000 2213 4070; x_wconf 89' lang='lat' dir='ltr'><strong>episcopali</strong></span> <span class='ocrx_word' id='word_1_291' title='bbox 2244 4002 2362 4071; x_wconf 88' lang='lat' dir='ltr'><strong>ejus</strong></span> 
     </span>
    </p>
   </div>
   <div class='ocr_carea' id='block_1_45' title="bbox 790 4088 2383 4160">
    <p class='ocr_par' dir='ltr' id='par_1_45' title="bbox 790 4088 2383 4160">
     <span class='ocr_line' id='line_1_45' title="bbox 790 4088 2383 4160; baseline 0.003 -18"><span class='ocrx_word' id='word_1_292' title='bbox 790 4089 1141 4158; x_wconf 63' lang='lat' dir='ltr'><strong>providentia:</strong></span> <span class='ocrx_word' id='word_1_293' title='bbox 1194 4088 1565 4145; x_wconf 64' lang='lat' dir='ltr'><strong>redderentur.</strong></span> <span class='ocrx_word' id='word_1_294' title='bbox 1611 4090 1978 4155; x_wconf 80' lang='lat' dir='ltr'><strong>Quamobrem</strong></span> <span class='ocrx_word' id='word_1_295' title='bbox 2036 4106 2105 4145; x_wconf 90' lang='lat' dir='ltr'><strong>ne</strong></span> <span class='ocrx_word' id='word_1_296' title='bbox 2147 4092 2271 4160; x_wconf 86' lang='lat' dir='ltr'><strong>quis</strong></span> <span class='ocrx_word' id='word_1_297' title='bbox 2311 4094 2383 4147; x_wconf 84' lang='lat' dir='ltr'><strong>ei</strong></span> 
     </span>
    </p>
   </div>
   <div class='ocr_carea' id='block_1_46' title="bbox 789 4179 2360 4249">
    <p class='ocr_par' dir='ltr' id='par_1_46' title="bbox 789 4179 2360 4249">
     <span class='ocr_line' id='line_1_46' title="bbox 789 4179 2360 4249; baseline 0.004 -18"><span class='ocrx_word' id='word_1_298' title='bbox 789 4180 1097 4233; x_wconf 79' lang='lat' dir='ltr'><strong>contrarius</strong></span> <span class='ocrx_word' id='word_1_299' title='bbox 1134 4180 1188 4233; x_wconf 91' lang='lat' dir='ltr'><strong>in</strong></span> <span class='ocrx_word' id='word_1_300' title='bbox 1232 4179 1578 4244; x_wconf 80' lang='lat' dir='ltr'><strong>exsequen&#39;o</strong></span> <span class='ocrx_word' id='word_1_301' title='bbox 1624 4180 1831 4235; x_wconf 89' lang='lat' dir='ltr'><strong>monita</strong></span> <span class='ocrx_word' id='word_1_302' title='bbox 1880 4188 2065 4235; x_wconf 86' lang='lat' dir='ltr'><strong>nostra</strong></span> <span class='ocrx_word' id='word_1_303' title='bbox 2097 4181 2360 4249; x_wconf 86' lang='lat' dir='ltr'><strong>obsistat,</strong></span> 
     </span>
    </p>
   </div>
   <div class='ocr_carea' id='block_1_47' title="bbox 788 4265 2359 4333">
    <p class='ocr_par' dir='ltr' id='par_1_47' title="bbox 788 4265 2359 4333">
     <span class='ocr_line' id='line_1_47' title="bbox 788 4265 2359 4333; baseline 0.002 -13"><span class='ocrx_word' id='word_1_304' title='bbox 788 4267 1085 4333; x_wconf 82' lang='lat' dir='ltr'><strong>apostolica</strong></span> <span class='ocrx_word' id='word_1_305' title='bbox 1134 4266 1457 4320; x_wconf 87' lang='lat' dir='ltr'><strong>auctoritate</strong></span> <span class='ocrx_word' id='word_1_306' title='bbox 1501 4265 1603 4319; x_wconf 91' lang='lat' dir='ltr'><strong>sub</strong></span> <span class='ocrx_word' id='word_1_307' title='bbox 1650 4268 2012 4322; x_wconf 89' lang='lat' dir='ltr'><strong>anathematis</strong></span> <span class='ocrx_word' id='word_1_308' title='bbox 2054 4270 2359 4323; x_wconf 88' lang='lat' dir='ltr'><strong>commina-</strong></span> 
     </span>
    </p>
   </div>
   <div class='ocr_carea' id='block_1_48' title="bbox 785 4351 2357 4424">
    <p class='ocr_par' dir='ltr' id='par_1_48' title="bbox 785 4351 2357 4424">
     <span class='ocr_line' id='line_1_48' title="bbox 785 4351 2357 4424; baseline 0.004 -19"><span class='ocrx_word' id='word_1_309' title='bbox 785 4355 934 4407; x_wconf 78' lang='lat' dir='ltr'><strong>tione</strong></span> <span class='ocrx_word' id='word_1_310' title='bbox 981 4353 1374 4407; x_wconf 87' lang='lat' dir='ltr'><strong>interdicimus.</strong></span> <span class='ocrx_word' id='word_1_311' title='bbox 1435 4351 1509 4405; x_wconf 84' lang='lat' dir='ltr'><strong>Te</strong></span> <span class='ocrx_word' id='word_1_312' title='bbox 1556 4362 1759 4420; x_wconf 90' lang='lat' dir='ltr'><strong>autem,</strong></span> <span class='ocrx_word' id='word_1_313' title='bbox 1829 4354 2083 4424; x_wconf 70' lang='lat' dir='ltr'><strong>praedicte</strong></span> <span class='ocrx_word' id='word_1_314' title='bbox 2138 4372 2357 4423; x_wconf 87' lang='lat' dir='ltr'><strong>comes,</strong></span> 
     </span>
    </p>
   </div>
   <div class='ocr_carea' id='block_1_49' title="bbox 789 4442 2358 4515">
    <p class='ocr_par' dir='ltr' id='par_1_49' title="bbox 789 4442 2358 4515">
     <span class='ocr_line' id='line_1_49' title="bbox 789 4442 2358 4515; baseline 0.003 -19"><span class='ocrx_word' id='word_1_315' title='bbox 789 4444 1134 4513; x_wconf 81' lang='lat' dir='ltr'><strong>singulariter</strong></span> <span class='ocrx_word' id='word_1_316' title='bbox 1176 4442 1548 4510; x_wconf 89' lang='lat' dir='ltr'><strong>alloquentcs,</strong></span> <span class='ocrx_word' id='word_1_317' title='bbox 1607 4443 1749 4496; x_wconf 74' lang='lat' dir='ltr'><strong>talde</strong></span> <span class='ocrx_word' id='word_1_318' title='bbox 1813 4444 2113 4511; x_wconf 85' lang='lat' dir='ltr'><strong>miramur,</strong></span> <span class='ocrx_word' id='word_1_319' title='bbox 2177 4448 2358 4515; x_wconf 89' lang='lat' dir='ltr'><strong>quod,</strong></span> 
     </span>
    </p>
   </div>
   <div class='ocr_carea' id='block_1_50' title="bbox 2481 653 4050 722">
    <p class='ocr_par' dir='ltr' id='par_1_50' title="bbox 2481 653 4050 722">
     <span class='ocr_line' id='line_1_50' title="bbox 2481 653 4050 722; baseline 0.003 -15"><span class='ocrx_word' id='word_1_320' title='bbox 2481 654 2675 707; x_wconf 70' lang='lat' dir='ltr'><strong>debita:</strong></span> <span class='ocrx_word' id='word_1_321' title='bbox 2724 653 2945 707; x_wconf 86' lang='lat' dir='ltr'><strong>ultionis</strong></span> <span class='ocrx_word' id='word_1_322' title='bbox 2971 653 3213 722; x_wconf 80' lang='lat' dir='ltr'><strong>jaculnm</strong></span> <span class='ocrx_word' id='word_1_323' title='bbox 3262 653 3316 707; x_wconf 92' lang='lat' dir='ltr'><strong>in</strong></span> <span class='ocrx_word' id='word_1_324' title='bbox 3360 662 3412 707; x_wconf 84' lang='lat' dir='ltr'><strong>te</strong></span> <span class='ocrx_word' id='word_1_325' title='bbox 3452 655 3664 709; x_wconf 89' lang='lat' dir='ltr'><strong>vibrare</strong></span> <span class='ocrx_word' id='word_1_326' title='bbox 3708 657 4050 711; x_wconf 82' lang='lat' dir='ltr'><strong>distulimus.</strong></span> 
     </span>
    </p>
   </div>
   <div class='ocr_carea' id='block_1_51' title="bbox 2480 743 4053 811">
    <p class='ocr_par' dir='ltr' id='par_1_51' title="bbox 2480 743 4053 811">
     <span class='ocr_line' id='line_1_51' title="bbox 2480 743 4053 811; baseline 0.003 -15"><span class='ocrx_word' id='word_1_327' title='bbox 2480 744 2745 797; x_wconf 71' lang='lat' dir='ltr'><strong>Caeterum</strong></span> <span class='ocrx_word' id='word_1_328' title='bbox 2800 758 2868 797; x_wconf 90' lang='lat' dir='ltr'><strong>ne</strong></span> <span class='ocrx_word' id='word_1_329' title='bbox 2922 743 3037 797; x_wconf 68' lang='lat' dir='ltr'><strong>haec</strong></span> <span class='ocrx_word' id='word_1_330' title='bbox 3071 744 3328 811; x_wconf 80' lang='lat' dir='ltr'><strong>patientia</strong></span> <span class='ocrx_word' id='word_1_331' title='bbox 3364 751 3550 797; x_wconf 86' lang='lat' dir='ltr'><strong>nostra</strong></span> <span class='ocrx_word' id='word_1_332' title='bbox 3600 752 3651 797; x_wconf 89' lang='lat' dir='ltr'><strong>te</strong></span> <span class='ocrx_word' id='word_1_333' title='bbox 3679 744 3733 798; x_wconf 91' lang='lat' dir='ltr'><strong>in</strong></span> <span class='ocrx_word' id='word_1_334' title='bbox 3761 748 4053 802; x_wconf 78' lang='lat' dir='ltr'><strong>audaciam</strong></span> 
     </span>
    </p>
   </div>
   <div class='ocr_carea' id='block_1_52' title="bbox 2479 831 4053 904">
    <p class='ocr_par' dir='ltr' id='par_1_52' title="bbox 2479 831 4053 904">
     <span class='ocr_line' id='line_1_52' title="bbox 2479 831 4053 904; baseline 0.004 -20"><span class='ocrx_word' id='word_1_335' title='bbox 2479 833 2682 901; x_wconf 83' lang='lat' dir='ltr'><strong>erigat,</strong></span> <span class='ocrx_word' id='word_1_336' title='bbox 2711 841 2765 885; x_wconf 92' lang='lat' dir='ltr'><strong>ct</strong></span> <span class='ocrx_word' id='word_1_337' title='bbox 2789 847 2886 885; x_wconf 91' lang='lat' dir='ltr'><strong>nos</strong></span> <span class='ocrx_word' id='word_1_338' title='bbox 2924 832 2975 884; x_wconf 91' lang='lat' dir='ltr'><strong>in</strong></span> <span class='ocrx_word' id='word_1_339' title='bbox 3022 832 3235 901; x_wconf 89' lang='lat' dir='ltr'><strong>culpam</strong></span> <span class='ocrx_word' id='word_1_340' title='bbox 3274 831 3529 903; x_wconf 71' lang='lat' dir='ltr'><strong>neglecta:</strong></span> <span class='ocrx_word' id='word_1_341' title='bbox 3564 833 3788 903; x_wconf 68' lang='lat' dir='ltr'><strong>justitize</strong></span> <span class='ocrx_word' id='word_1_342' title='bbox 3829 836 4053 904; x_wconf 78' lang='lat' dir='ltr'><strong>trahat,</strong></span> 
     </span>
    </p>
   </div>
   <div class='ocr_carea' id='block_1_53' title="bbox 2478 921 4055 997">
    <p class='ocr_par' dir='ltr' id='par_1_53' title="bbox 2478 921 4055 997">
     <span class='ocr_line' id='line_1_53' title="bbox 2478 921 4055 997; baseline 0.003 -23"><span class='ocrx_word' id='word_1_343' title='bbox 2478 921 2772 989; x_wconf 85' lang='lat' dir='ltr'><strong>apostolica</strong></span> <span class='ocrx_word' id='word_1_344' title='bbox 2811 930 2862 974; x_wconf 90' lang='lat' dir='ltr'><strong>te</strong></span> <span class='ocrx_word' id='word_1_345' title='bbox 2903 923 3224 975; x_wconf 90' lang='lat' dir='ltr'><strong>auctoritate</strong></span> <span class='ocrx_word' id='word_1_346' title='bbox 3267 937 3584 988; x_wconf 87' lang='lat' dir='ltr'><strong>monemus,</strong></span> <span class='ocrx_word' id='word_1_347' title='bbox 3610 932 3770 993; x_wconf 88' lang='lat' dir='ltr'><strong>atque</strong></span> <span class='ocrx_word' id='word_1_348' title='bbox 3796 928 4055 997; x_wconf 52' lang='lat' dir='ltr'><strong>praccipi‘</strong></span> 
     </span>
    </p>
   </div>
   <div class='ocr_carea' id='block_1_54' title="bbox 2480 1012 4056 1082">
    <p class='ocr_par' dir='ltr' id='par_1_54' title="bbox 2480 1012 4056 1082">
     <span class='ocr_line' id='line_1_54' title="bbox 2480 1012 4056 1082; baseline 0.004 -18"><span class='ocrx_word' id='word_1_349' title='bbox 2480 1028 2602 1065; x_wconf 88' lang='lat' dir='ltr'><strong>mus</strong></span> <span class='ocrx_word' id='word_1_350' title='bbox 2638 1022 2693 1064; x_wconf 92' lang='lat' dir='ltr'><strong>ut</strong></span> <span class='ocrx_word' id='word_1_351' title='bbox 2713 1053 2726 1075; x_wconf 96' lang='lat'><strong>,</strong></span> <span class='ocrx_word' id='word_1_352' title='bbox 2766 1012 2881 1064; x_wconf 88' lang='lat' dir='ltr'><strong>sine</strong></span> <span class='ocrx_word' id='word_1_353' title='bbox 2905 1012 3051 1064; x_wconf 90' lang='lat' dir='ltr'><strong>omni</strong></span> <span class='ocrx_word' id='word_1_354' title='bbox 3095 1012 3385 1079; x_wconf 88' lang='lat' dir='ltr'><strong>dilatione,</strong></span> <span class='ocrx_word' id='word_1_355' title='bbox 3414 1029 3751 1082; x_wconf 69' lang='lat' dir='ltr'><strong>qutecunque</strong></span> <span class='ocrx_word' id='word_1_356' title='bbox 3780 1015 4056 1070; x_wconf 74' lang='lat' dir='ltr'><strong>adversus</strong></span> 
     </span>
    </p>
   </div>
   <div class='ocr_carea' id='block_1_55' title="bbox 2477 1103 4057 1174">
    <p class='ocr_par' dir='ltr' id='par_1_55' title="bbox 2477 1103 4057 1174">
     <span class='ocr_line' id='line_1_55' title="bbox 2477 1103 4057 1174; baseline 0.002 -16"><span class='ocrx_word' id='word_1_357' title='bbox 2477 1104 2789 1174; x_wconf 84' lang='lat' dir='ltr'><strong>episcopum</strong></span> <span class='ocrx_word' id='word_1_358' title='bbox 2834 1113 2887 1157; x_wconf 90' lang='lat' dir='ltr'><strong>et</strong></span> <span class='ocrx_word' id='word_1_359' title='bbox 2939 1103 3234 1157; x_wconf 81' lang='lat' dir='ltr'><strong>Ecclesium</strong></span> <span class='ocrx_word' id='word_1_360' title='bbox 3260 1104 3359 1158; x_wconf 87' lang='lat' dir='ltr'><strong>sibi</strong></span> <span class='ocrx_word' id='word_1_361' title='bbox 3392 1105 3740 1160; x_wconf 86' lang='lat' dir='ltr'><strong>commissam</strong></span> <span class='ocrx_word' id='word_1_362' title='bbox 3769 1114 3972 1161; x_wconf 86' lang='lat' dir='ltr'><strong>temere</strong></span> <span class='ocrx_word' id='word_1_363' title='bbox 3994 1117 4057 1161; x_wconf 83' lang='lat' dir='ltr'><strong>et</strong></span> 
     </span>
    </p>
   </div>
   <div class='ocr_carea' id='block_1_56' title="bbox 2478 1192 4055 1263">
    <p class='ocr_par' dir='ltr' id='par_1_56' title="bbox 2478 1192 4055 1263">
     <span class='ocr_line' id='line_1_56' title="bbox 2478 1192 4055 1263; baseline 0.001 -16"><span class='ocrx_word' id='word_1_364' title='bbox 2478 1194 2662 1263; x_wconf 86' lang='lat' dir='ltr'><strong>inique.</strong></span> <span class='ocrx_word' id='word_1_365' title='bbox 2703 1192 3057 1255; x_wconf 88' lang='lat' dir='ltr'><strong>commisisti,</strong></span> <span class='ocrx_word' id='word_1_366' title='bbox 3090 1194 3250 1262; x_wconf 83' lang='lat' dir='ltr'><strong>digna</strong></span> <span class='ocrx_word' id='word_1_367' title='bbox 3288 1193 3656 1248; x_wconf 79' lang='lat' dir='ltr'><strong>satisfactione</strong></span> <span class='ocrx_word' id='word_1_368' title='bbox 3684 1195 3962 1258; x_wconf 90' lang='lat' dir='ltr'><strong>emendes,</strong></span> <span class='ocrx_word' id='word_1_369' title='bbox 3996 1205 4055 1249; x_wconf 80' lang='lat' dir='ltr'><strong>ct</strong></span> 
     </span>
    </p>
   </div>
   <div class='ocr_carea' id='block_1_57' title="bbox 2478 1271 4055 1355">
    <p class='ocr_par' dir='ltr' id='par_1_57' title="bbox 2478 1271 4055 1355">
     <span class='ocr_line' id='line_1_57' title="bbox 2478 1271 4055 1355; baseline 0 -16"><span class='ocrx_word' id='word_1_370' title='bbox 2478 1286 2703 1339; x_wconf 88' lang='lat' dir='ltr'><strong>ulterius</strong></span> <span class='ocrx_word' id='word_1_371' title='bbox 2747 1284 2892 1337; x_wconf 84' lang='lat' dir='ltr'><strong>nulla</strong></span> <span class='ocrx_word' id='word_1_372' title='bbox 2925 1299 3050 1337; x_wconf 90' lang='lat' dir='ltr'><strong>eum</strong></span> <span class='ocrx_word' id='word_1_373' title='bbox 3084 1285 3470 1339; x_wconf 83' lang='lat' dir='ltr'><strong>contrarietate</strong></span> <span class='ocrx_word' id='word_1_374' title='bbox 3520 1286 3808 1340; x_wconf 87' lang='lat' dir='ltr'><strong>molestare</strong></span> <span class='ocrx_word' id='word_1_375' title='bbox 3834 1271 4055 1355; x_wconf 53' lang='lat' dir='ltr'><strong>ptiust:-</strong></span> 
     </span>
    </p>
   </div>
   <div class='ocr_carea' id='block_1_58' title="bbox 2477 1362 4057 1449">
    <p class='ocr_par' dir='ltr' id='par_1_58' title="bbox 2477 1362 4057 1449">
     <span class='ocr_line' id='line_1_58' title="bbox 2477 1362 4057 1449; baseline 0.005 -19"><span class='ocrx_word' id='word_1_376' title='bbox 2477 1392 2614 1430; x_wconf 88' lang='lat' dir='ltr'><strong>tnas.</strong></span> <span class='ocrx_word' id='word_1_377' title='bbox 2646 1376 2894 1445; x_wconf 83' lang='lat' dir='ltr'><strong>Alioquin</strong></span> <span class='ocrx_word' id='word_1_378' title='bbox 2930 1362 3075 1431; x_wconf 63' lang='lat' dir='ltr'><strong>sbias</strong></span> <span class='ocrx_word' id='word_1_379' title='bbox 3098 1376 3409 1446; x_wconf 88' lang='lat' dir='ltr'><strong>episcopum</strong></span> <span class='ocrx_word' id='word_1_380' title='bbox 3445 1387 3720 1446; x_wconf 86' lang='lat' dir='ltr'><strong>nostrum,</strong></span> <span class='ocrx_word' id='word_1_381' title='bbox 3745 1381 4057 1449; x_wconf 73' lang='lat' dir='ltr'><strong>apostolica</strong></span> 
     </span>
    </p>
   </div>
   <div class='ocr_carea' id='block_1_59' title="bbox 2471 1466 4057 1541">
    <p class='ocr_par' dir='ltr' id='par_1_59' title="bbox 2471 1466 4057 1541">
     <span class='ocr_line' id='line_1_59' title="bbox 2471 1466 4057 1541; baseline 0.004 -23"><span class='ocrx_word' id='word_1_382' title='bbox 2471 1467 2715 1533; x_wconf 85' lang='lat' dir='ltr'><strong>jnssione</strong></span> <span class='ocrx_word' id='word_1_383' title='bbox 2765 1466 3155 1531; x_wconf 90' lang='lat' dir='ltr'><strong>constrictum,</strong></span> <span class='ocrx_word' id='word_1_384' title='bbox 3191 1476 3244 1520; x_wconf 87' lang='lat' dir='ltr'><strong>te</strong></span> <span class='ocrx_word' id='word_1_385' title='bbox 3268 1468 3408 1522; x_wconf 89' lang='lat' dir='ltr'><strong>sicut</strong></span> <span class='ocrx_word' id='word_1_386' title='bbox 3433 1469 3645 1523; x_wconf 87' lang='lat' dir='ltr'><strong>hostem</strong></span> <span class='ocrx_word' id='word_1_387' title='bbox 3685 1478 3739 1523; x_wconf 91' lang='lat' dir='ltr'><strong>et</strong></span> <span class='ocrx_word' id='word_1_388' title='bbox 3762 1470 4057 1541; x_wconf 76' lang='lat' dir='ltr'><strong>impugna-</strong></span> 
     </span>
    </p>
   </div>
   <div class='ocr_carea' id='block_1_60' title="bbox 2477 1556 4057 1626">
    <p class='ocr_par' dir='ltr' id='par_1_60' title="bbox 2477 1556 4057 1626">
     <span class='ocr_line' id='line_1_60' title="bbox 2477 1556 4057 1626; baseline 0.005 -17"><span class='ocrx_word' id='word_1_389' title='bbox 2477 1565 2645 1610; x_wconf 87' lang='lat' dir='ltr'><strong>torem</strong></span> <span class='ocrx_word' id='word_1_390' title='bbox 2693 1556 2919 1626; x_wconf 77' lang='lat' dir='ltr'><strong>jnstitia:</strong></span> <span class='ocrx_word' id='word_1_391' title='bbox 2963 1572 2995 1611; x_wconf 84' lang='lat' dir='ltr'><strong>a</strong></span> <span class='ocrx_word' id='word_1_392' title='bbox 3055 1557 3335 1612; x_wconf 89' lang='lat' dir='ltr'><strong>liminibus</strong></span> <span class='ocrx_word' id='word_1_393' title='bbox 3386 1559 3628 1613; x_wconf 72' lang='lat' dir='ltr'><strong>ecclesiae</strong></span> <span class='ocrx_word' id='word_1_394' title='bbox 3682 1561 4057 1617; x_wconf 77' lang='lat' dir='ltr'><strong>anathematis</strong></span> 
     </span>
    </p>
   </div>
   <div class='ocr_carea' id='block_1_61' title="bbox 2476 1646 4058 1719">
    <p class='ocr_par' dir='ltr' id='par_1_61' title="bbox 2476 1646 4058 1719">
     <span class='ocr_line' id='line_1_61' title="bbox 2476 1646 4058 1719; baseline 0.003 -19"><span class='ocrx_word' id='word_1_395' title='bbox 2476 1647 2790 1701; x_wconf 75' lang='lat' dir='ltr'><strong>innodatum</strong></span> <span class='ocrx_word' id='word_1_396' title='bbox 2845 1647 3077 1701; x_wconf 84' lang='lat' dir='ltr'><strong>vinculis</strong></span> <span class='ocrx_word' id='word_1_397' title='bbox 3130 1655 3494 1715; x_wconf 75' lang='lat' dir='ltr'><strong>sequestrate.</strong></span> <span class='ocrx_word' id='word_1_398' title='bbox 3552 1646 3707 1714; x_wconf 85' lang='lat' dir='ltr'><strong>Quod</strong></span> <span class='ocrx_word' id='word_1_399' title='bbox 3751 1658 3806 1703; x_wconf 91' lang='lat' dir='ltr'><strong>ct</strong></span> <span class='ocrx_word' id='word_1_400' title='bbox 3858 1650 3905 1704; x_wconf 90' lang='lat' dir='ltr'><strong>si</strong></span> <span class='ocrx_word' id='word_1_401' title='bbox 3931 1650 4058 1719; x_wconf 80' lang='lat' dir='ltr'><strong>ipse</strong></span> 
     </span>
    </p>
   </div>
   <div class='ocr_carea' id='block_1_62' title="bbox 2475 1738 4058 1810">
    <p class='ocr_par' dir='ltr' id='par_1_62' title="bbox 2475 1738 4058 1810">
     <span class='ocr_line' id='line_1_62' title="bbox 2475 1738 4058 1810; baseline 0.003 -20"><span class='ocrx_word' id='word_1_402' title='bbox 2475 1738 2654 1808; x_wconf 86' lang='lat' dir='ltr'><strong>(quod</strong></span> <span class='ocrx_word' id='word_1_403' title='bbox 2680 1753 2788 1792; x_wconf 91' lang='lat' dir='ltr'><strong>non</strong></span> <span class='ocrx_word' id='word_1_404' title='bbox 2831 1738 3133 1807; x_wconf 90' lang='lat' dir='ltr'><strong>credimus)</strong></span> <span class='ocrx_word' id='word_1_405' title='bbox 3158 1739 3351 1791; x_wconf 88' lang='lat' dir='ltr'><strong>timore</strong></span> <span class='ocrx_word' id='word_1_406' title='bbox 3376 1739 3558 1807; x_wconf 79' lang='lat' dir='ltr'><strong>aliquo</strong></span> <span class='ocrx_word' id='word_1_407' title='bbox 3601 1739 3685 1793; x_wconf 74' lang='lat' dir='ltr'><strong>vel</strong></span> <span class='ocrx_word' id='word_1_408' title='bbox 3707 1742 3877 1809; x_wconf 85' lang='lat' dir='ltr'><strong>gratia</strong></span> <span class='ocrx_word' id='word_1_409' title='bbox 3905 1756 4058 1810; x_wconf 65' lang='lat' dir='ltr'><strong>pra:-</strong></span> 
     </span>
    </p>
   </div>
   <div class='ocr_carea' id='block_1_63' title="bbox 2476 1826 4056 1891">
    <p class='ocr_par' dir='ltr' id='par_1_63' title="bbox 2476 1826 4056 1891">
     <span class='ocr_line' id='line_1_63' title="bbox 2476 1826 4056 1891; baseline 0 -10"><span class='ocrx_word' id='word_1_410' title='bbox 2476 1827 2813 1891; x_wconf 88' lang='lat' dir='ltr'><strong>termitteret,</strong></span> <span class='ocrx_word' id='word_1_411' title='bbox 2838 1842 2939 1882; x_wconf 88' lang='lat' dir='ltr'><strong>nos</strong></span> <span class='ocrx_word' id='word_1_412' title='bbox 2958 1837 3135 1880; x_wconf 90' lang='lat' dir='ltr'><strong>tamen</strong></span> <span class='ocrx_word' id='word_1_413' title='bbox 3165 1836 3327 1880; x_wconf 74' lang='lat' dir='ltr'><strong>tant-.c</strong></span> <span class='ocrx_word' id='word_1_414' title='bbox 3351 1826 3670 1882; x_wconf 87' lang='lat' dir='ltr'><strong>temeritatis</strong></span> <span class='ocrx_word' id='word_1_415' title='bbox 3691 1826 3904 1883; x_wconf 82' lang='lat' dir='ltr'><strong>facinus</strong></span> <span class='ocrx_word' id='word_1_416' title='bbox 3934 1845 4056 1882; x_wconf 89' lang='lat' dir='ltr'><strong>non</strong></span> 
     </span>
    </p>
   </div>
   <div class='ocr_carea' id='block_1_64' title="bbox 2404 1896 4060 1990">
    <p class='ocr_par' dir='ltr' id='par_1_64' title="bbox 2404 1896 4060 1990">
     <span class='ocr_line' id='line_1_64' title="bbox 2404 1896 4060 1990; baseline 0.003 -21"><span class='ocrx_word' id='word_1_417' title='bbox 2404 1896 2445 1949; x_wconf 76' lang='grc' dir='ltr'><strong>Β</strong></span> <span class='ocrx_word' id='word_1_418' title='bbox 2474 1919 2843 1987; x_wconf 84' lang='lat' dir='ltr'><strong>relinquemus</strong></span> <span class='ocrx_word' id='word_1_419' title='bbox 2903 1917 3105 1989; x_wconf 80' lang='lat' dir='ltr'><strong>[forte,</strong></span> <span class='ocrx_word' id='word_1_420' title='bbox 3135 1916 3589 1990; x_wconf 82' lang='lat' dir='ltr'><strong>relinqueremus]</strong></span> <span class='ocrx_word' id='word_1_421' title='bbox 3648 1919 3880 1989; x_wconf 71' lang='lat' dir='ltr'><strong>inultum</strong></span> <span class='ocrx_word' id='word_1_422' title='bbox 3900 1961 3918 1985; x_wconf 93' lang='lat'><strong>,</strong></span> <span class='ocrx_word' id='word_1_423' title='bbox 3954 1942 3972 1951; x_wconf 59' lang='lat'><em>&#39;</em></span> <span class='ocrx_word' id='word_1_424' title='bbox 3994 1927 4060 1974; x_wconf 77' lang='lat' dir='ltr'><strong>et</strong></span> 
     </span>
    </p>
   </div>
   <div class='ocr_carea' id='block_1_65' title="bbox 2468 2007 4055 2078">
    <p class='ocr_par' dir='ltr' id='par_1_65' title="bbox 2468 2007 4055 2078">
     <span class='ocr_line' id='line_1_65' title="bbox 2468 2007 4055 2078; baseline 0.004 -17"><span class='ocrx_word' id='word_1_425' title='bbox 2468 2009 2753 2077; x_wconf 78' lang='lat' dir='ltr'><strong>episeOpus</strong></span> <span class='ocrx_word' id='word_1_426' title='bbox 2800 2025 2897 2078; x_wconf 88' lang='lat' dir='ltr'><strong>pro</strong></span> <span class='ocrx_word' id='word_1_427' title='bbox 2930 2008 3249 2078; x_wconf 82' lang='lat' dir='ltr'><strong>negligentia</strong></span> <span class='ocrx_word' id='word_1_428' title='bbox 3300 2007 3465 2060; x_wconf 76' lang='lat' dir='ltr'><strong>ofﬁcii</strong></span> <span class='ocrx_word' id='word_1_429' title='bbox 3500 2008 3586 2062; x_wconf 86' lang='lat' dir='ltr'><strong>sui</strong></span> <span class='ocrx_word' id='word_1_430' title='bbox 3617 2024 3726 2064; x_wconf 87' lang='lat' dir='ltr'><strong>non</strong></span> <span class='ocrx_word' id='word_1_431' title='bbox 3762 2010 3880 2065; x_wconf 74' lang='lat' dir='ltr'><strong>leve</strong></span> <span class='ocrx_word' id='word_1_432' title='bbox 3914 2028 4055 2068; x_wconf 80' lang='lat' dir='ltr'><strong>sus-</strong></span> 
     </span>
    </p>
   </div>
   <div class='ocr_carea' id='block_1_66' title="bbox 2466 2097 4061 2173">
    <p class='ocr_par' dir='ltr' id='par_1_66' title="bbox 2466 2097 4061 2173">
     <span class='ocr_line' id='line_1_66' title="bbox 2466 2097 4061 2173; baseline 0.004 -22"><span class='ocrx_word' id='word_1_433' title='bbox 2466 2098 2606 2166; x_wconf 86' lang='lat' dir='ltr'><strong>cepti</strong></span> <span class='ocrx_word' id='word_1_434' title='bbox 2663 2098 2947 2152; x_wconf 80' lang='lat' dir='ltr'><strong>ministerii</strong></span> <span class='ocrx_word' id='word_1_435' title='bbox 3000 2097 3351 2169; x_wconf 85' lang='lat' dir='ltr'><strong>perpenderet</strong></span> <span class='ocrx_word' id='word_1_436' title='bbox 3407 2097 3511 2151; x_wconf 90' lang='lat' dir='ltr'><strong>sibi</strong></span> <span class='ocrx_word' id='word_1_437' title='bbox 3565 2098 3851 2157; x_wconf 87' lang='lat' dir='ltr'><strong>imminere</strong></span> <span class='ocrx_word' id='word_1_438' title='bbox 3900 2103 4061 2173; x_wconf 76' lang='lat' dir='ltr'><strong>peri-</strong></span> 
     </span>
    </p>
   </div>
   <div class='ocr_carea' id='block_1_67' title="bbox 2466 2191 2669 2245">
    <p class='ocr_par' dir='ltr' id='par_1_67' title="bbox 2466 2191 2669 2245">
     <span class='ocr_line' id='line_1_67' title="bbox 2466 2191 2669 2245; baseline -0.015 0"><span class='ocrx_word' id='word_1_439' title='bbox 2466 2191 2669 2245; x_wconf 89' lang='lat' dir='ltr'><strong>culum.</strong></span> 
     </span>
    </p>
   </div>
   <div class='ocr_carea' id='block_1_68' title="bbox 2539 2255 4056 2356">
    <p class='ocr_par' dir='ltr' id='par_1_68' title="bbox 2539 2255 4056 2356">
     <span class='ocr_line' id='line_1_68' title="bbox 2539 2255 4056 2356; baseline 0.005 -25"><span class='ocrx_word' id='word_1_440' title='bbox 2539 2278 2732 2333; x_wconf 88' lang='lat' dir='ltr'><strong>Datum</strong></span> <span class='ocrx_word' id='word_1_441' title='bbox 2789 2255 2994 2335; x_wconf 10' lang='lat' dir='ltr'><strong>illomze</strong></span> <span class='ocrx_word' id='word_1_442' title='bbox 3066 2280 3278 2337; x_wconf 87' lang='lat' dir='ltr'><strong>decimo</strong></span> <span class='ocrx_word' id='word_1_443' title='bbox 3336 2285 3568 2355; x_wconf 83' lang='lat' dir='ltr'><strong>septimo</strong></span> <span class='ocrx_word' id='word_1_444' title='bbox 3626 2283 3710 2356; x_wconf 62' lang='grc' dir='ltr'><strong>[ι]</strong></span> <span class='ocrx_word' id='word_1_445' title='bbox 3767 2282 4056 2342; x_wconf 70' lang='lat' dir='ltr'><strong>Kalendas</strong></span> 
     </span>
    </p>
   </div>
   <div class='ocr_carea' id='block_1_69' title="bbox 2467 2369 3871 2438">
    <p class='ocr_par' dir='ltr' id='par_1_69' title="bbox 2467 2369 3871 2438">
     <span class='ocr_line' id='line_1_69' title="bbox 2467 2369 3871 2438; baseline 0.008 -17"><span class='ocrx_word' id='word_1_446' title='bbox 2467 2369 2667 2438; x_wconf 81' lang='lat' dir='ltr'><strong>Aprilis</strong></span> <span class='ocrx_word' id='word_1_447' title='bbox 2683 2409 2697 2435; x_wconf 90' lang='lat'><strong>,</strong></span> <span class='ocrx_word' id='word_1_448' title='bbox 2745 2369 3041 2423; x_wconf 78' lang='lat' dir='ltr'><strong>indictione</strong></span> <span class='ocrx_word' id='word_1_449' title='bbox 3062 2370 3421 2428; x_wconf 68' lang='lat' dir='ltr'><strong>duodecima.</strong></span> <span class='ocrx_word' id='word_1_450' title='bbox 3866 2388 3871 2392; x_wconf 87' lang='lat'><strong><em>&#39;</em></strong></span> 
     </span>
    </p>
   </div>
   <div class='ocr_carea' id='block_1_70' title="bbox 2972 2479 3508 2539">
    <p class='ocr_par' dir='ltr' id='par_1_70' title="bbox 2972 2479 3508 2539">
     <span class='ocr_line' id='line_1_70' title="bbox 2972 2479 3508 2539; baseline 0.011 -6"><span class='ocrx_word' id='word_1_451' title='bbox 2972 2479 3307 2539; x_wconf 83' lang='lat' dir='ltr'><strong>EPISTOLA</strong></span> <span class='ocrx_word' id='word_1_452' title='bbox 3347 2483 3508 2539; x_wconf 78' lang='lat' dir='ltr'><strong>LXX.</strong></span> 
     </span>
    </p>
   </div>
   <div class='ocr_carea' id='block_1_71' title="bbox 2639 2572 3850 2644">
    <p class='ocr_par' dir='ltr' id='par_1_71' title="bbox 2639 2572 3850 2644">
     <span class='ocr_line' id='line_1_71' title="bbox 2639 2572 3850 2644; baseline 0.006 -22"><span class='ocrx_word' id='word_1_453' title='bbox 2639 2584 2706 2623; x_wconf 74' lang='lat' dir='ltr'><strong>su</strong></span> <span class='ocrx_word' id='word_1_454' title='bbox 2747 2583 3070 2623; x_wconf 74' lang='lat' dir='ltr'><strong>cuuistnun</strong></span> <span class='ocrx_word' id='word_1_455' title='bbox 3108 2577 3283 2626; x_wconf 68' lang='lat' dir='ltr'><strong>usus):</strong></span> <span class='ocrx_word' id='word_1_456' title='bbox 3321 2587 3602 2627; x_wconf 67' lang='lat' dir='ltr'><strong>suononuu</strong></span> <span class='ocrx_word' id='word_1_457' title='bbox 3644 2572 3850 2644; x_wconf 75' lang='lat'><strong>(552).</strong></span> 
     </span>
    </p>
   </div>
   <div class='ocr_carea' id='block_1_72' title="bbox 3025 2660 3456 2732">
    <p class='ocr_par' dir='ltr' id='par_1_72' title="bbox 3025 2660 3456 2732">
     <span class='ocr_line' id='line_1_72' title="bbox 3025 2660 3456 2732; baseline 0.014 -20"><span class='ocrx_word' id='word_1_458' title='bbox 3025 2660 3044 2731; x_wconf 91' lang='lat'><strong>(</strong></span> <span class='ocrx_word' id='word_1_459' title='bbox 3062 2660 3221 2715; x_wconf 82' lang='lat' dir='ltr'><strong>Anno</strong></span> <span class='ocrx_word' id='word_1_460' title='bbox 3260 2661 3456 2732; x_wconf 72' lang='grc'><strong>1074.)</strong></span> 
     </span>
    </p>
   </div>
   <div class='ocr_carea' id='block_1_73' title="bbox 2467 2745 4053 2823">
    <p class='ocr_par' dir='ltr' id='par_1_73' title="bbox 2467 2745 4053 2823">
     <span class='ocr_line' id='line_1_73' title="bbox 2467 2745 4053 2823; baseline 0.003 -19"><span class='ocrx_word' id='word_1_461' title='bbox 2467 2745 2810 2823; x_wconf 72' lang='lat' dir='ltr'><strong>Commendat</strong></span> <span class='ocrx_word' id='word_1_462' title='bbox 2859 2746 3130 2823; x_wconf 83' lang='lat' dir='ltr'><strong>Cuilielmi</strong></span> <span class='ocrx_word' id='word_1_463' title='bbox 3167 2753 3301 2823; x_wconf 80' lang='lat' dir='ltr'><strong>regis</strong></span> <span class='ocrx_word' id='word_1_464' title='bbox 3344 2769 3549 2823; x_wconf 79' lang='lat' dir='ltr'><strong>ergase</strong></span> <span class='ocrx_word' id='word_1_465' title='bbox 3594 2761 3644 2806; x_wconf 84' lang='lat' dir='ltr'><strong>et</strong></span> <span class='ocrx_word' id='word_1_466' title='bbox 3693 2752 4053 2821; x_wconf 52' lang='lat' dir='ltr'><strong>apostolicam</strong></span> 
     </span>
    </p>
   </div>
   <div class='ocr_carea' id='block_1_74' title="bbox 2532 2818 4049 2891">
    <p class='ocr_par' dir='ltr' id='par_1_74' title="bbox 2532 2818 4049 2891">
     <span class='ocr_line' id='line_1_74' title="bbox 2532 2818 4049 2891; baseline 0.005 -23"><span class='ocrx_word' id='word_1_467' title='bbox 2532 2818 2705 2870; x_wconf 82' lang='lat' dir='ltr'><strong>sedem</strong></span> <span class='ocrx_word' id='word_1_468' title='bbox 2731 2819 3136 2891; x_wconf 62' lang='lat' dir='ltr'><strong>obseruantiam,</strong></span> <span class='ocrx_word' id='word_1_469' title='bbox 3164 2818 3506 2891; x_wconf 61' lang='lat' dir='ltr'><strong>hortaturque</strong></span> <span class='ocrx_word' id='word_1_470' title='bbox 3544 2818 3757 2891; x_wconf 23' lang='lat' dir='ltr'><strong>cumini!</strong></span> <span class='ocrx_word' id='word_1_471' title='bbox 3777 2823 4049 2877; x_wconf 84' lang='lat' dir='ltr'><strong>ecclesia-</strong></span> 
     </span>
    </p>
   </div>
   <div class='ocr_carea' id='block_1_75' title="bbox 2535 2886 4053 2959">
    <p class='ocr_par' dir='ltr' id='par_1_75' title="bbox 2535 2886 4053 2959">
     <span class='ocr_line' id='line_1_75' title="bbox 2535 2886 4053 2959; baseline 0.005 -22"><span class='ocrx_word' id='word_1_472' title='bbox 2535 2901 2650 2937; x_wconf 85' lang='lat' dir='ltr'><strong>rum</strong></span> <span class='ocrx_word' id='word_1_473' title='bbox 2703 2886 3083 2959; x_wconf 62' lang='lat' dir='ltr'><strong>defensionem,</strong></span> <span class='ocrx_word' id='word_1_474' title='bbox 3136 2886 3506 2959; x_wconf 56' lang='lat' dir='ltr'><strong>signiﬁcat&#39;se</strong></span> <span class='ocrx_word' id='word_1_475' title='bbox 3540 2902 3595 2959; x_wconf 74' lang='lat' dir='ltr'><strong>et</strong></span> <span class='ocrx_word' id='word_1_476' title='bbox 3654 2890 3949 2945; x_wconf 79' lang='lat' dir='ltr'><strong>Ecclesium</strong></span> <span class='ocrx_word' id='word_1_477' title='bbox 3978 2894 4053 2959; x_wconf 69' lang='lat' dir='ltr'><strong>in</strong></span> 
     </span>
    </p>
   </div>
   <div class='ocr_carea' id='block_1_76' title="bbox 2537 2956 4051 3028">
    <p class='ocr_par' dir='ltr' id='par_1_76' title="bbox 2537 2956 4051 3028">
     <span class='ocr_line' id='line_1_76' title="bbox 2537 2956 4051 3028; baseline 0.004 -22"><span class='ocrx_word' id='word_1_478' title='bbox 2537 2956 2741 3028; x_wconf 80' lang='lat' dir='ltr'><strong>magnis</strong></span> <span class='ocrx_word' id='word_1_479' title='bbox 2770 2956 3250 3028; x_wconf 57' lang='lat' dir='ltr'><strong>perturbationibus</strong></span> <span class='ocrx_word' id='word_1_480' title='bbox 3278 2956 3503 3028; x_wconf 57' lang='lat' dir='ltr'><strong>uersari.</strong></span> <span class='ocrx_word' id='word_1_481' title='bbox 3521 2957 3798 3028; x_wconf 63' lang='lat' dir='ltr'><strong>humidam</strong></span> <span class='ocrx_word' id='word_1_482' title='bbox 3818 2958 4051 3028; x_wconf 74' lang='lat' dir='ltr'><strong>privile-</strong></span> 
     </span>
    </p>
   </div>
   <div class='ocr_carea' id='block_1_77' title="bbox 2536 3022 4051 3099">
    <p class='ocr_par' dir='ltr' id='par_1_77' title="bbox 2536 3022 4051 3099">
     <span class='ocr_line' id='line_1_77' title="bbox 2536 3022 4051 3099; baseline 0.005 -24"><span class='ocrx_word' id='word_1_483' title='bbox 2536 3022 2678 3093; x_wconf 82' lang='lat' dir='ltr'><strong>gium</strong></span> <span class='ocrx_word' id='word_1_484' title='bbox 2698 3022 2883 3099; x_wconf 54' lang='lat' dir='ltr'><strong>sancti</strong></span> <span class='ocrx_word' id='word_1_485' title='bbox 2912 3022 3167 3099; x_wconf 67' lang='lat' dir='ltr'><strong>Stephani</strong></span> <span class='ocrx_word' id='word_1_486' title='bbox 3200 3036 3373 3081; x_wconf 75' lang='lat' dir='ltr'><strong>ratum</strong></span> <span class='ocrx_word' id='word_1_487' title='bbox 3398 3022 3579 3099; x_wconf 74' lang='lat' dir='ltr'><strong>haberi</strong></span> <span class='ocrx_word' id='word_1_488' title='bbox 3600 3022 3849 3099; x_wconf 52' lang='lat' dir='ltr'><strong>consulit,</strong></span> <span class='ocrx_word' id='word_1_489' title='bbox 3886 3028 4051 3082; x_wconf 68' lang='lat' dir='ltr'><strong>Bona</strong></span> 
     </span>
    </p>
   </div>
   <div class='ocr_carea' id='block_1_78' title="bbox 2535 3092 3821 3163">
    <p class='ocr_par' dir='ltr' id='par_1_78' title="bbox 2535 3092 3821 3163">
     <span class='ocr_line' id='line_1_78' title="bbox 2535 3092 3821 3163; baseline 0.009 -20"><span class='ocrx_word' id='word_1_490' title='bbox 2535 3092 2708 3145; x_wconf 83' lang='lat' dir='ltr'><strong>sancti</strong></span> <span class='ocrx_word' id='word_1_491' title='bbox 2733 3092 2883 3145; x_wconf 87' lang='lat' dir='ltr'><strong>Petri</strong></span> <span class='ocrx_word' id='word_1_492' title='bbox 2905 3095 2961 3146; x_wconf 86' lang='lat' dir='ltr'><strong>in</strong></span> <span class='ocrx_word' id='word_1_493' title='bbox 2985 3092 3179 3163; x_wconf 76' lang='lat' dir='ltr'><strong>Anglia</strong></span> <span class='ocrx_word' id='word_1_494' title='bbox 3201 3098 3547 3151; x_wconf 81' lang='lat' dir='ltr'><strong>commendat.</strong></span> <span class='ocrx_word' id='word_1_495' title='bbox 3819 3114 3821 3119; x_wconf 86' lang='lat'>&#39;</span> 
     </span>
    </p>
   </div>
   <div class='ocr_carea' id='block_1_79' title="bbox 2389 3176 4046 3275">
    <p class='ocr_par' dir='ltr' id='par_1_79' title="bbox 2389 3176 4046 3275">
     <span class='ocr_line' id='line_1_79' title="bbox 2389 3176 4046 3275; baseline 0.004 -39"><span class='ocrx_word' id='word_1_496' title='bbox 2389 3217 2430 3275; x_wconf 63' lang='grc' dir='ltr'>Ο</span> <span class='ocrx_word' id='word_1_497' title='bbox 2533 3182 2838 3237; x_wconf 79' lang='lat' dir='ltr'><strong>Gaecomus</strong></span> <span class='ocrx_word' id='word_1_498' title='bbox 2873 3182 3180 3253; x_wconf 82' lang='lat' dir='ltr'><strong>episcopus,</strong></span> <span class='ocrx_word' id='word_1_499' title='bbox 3212 3200 3403 3240; x_wconf 73' lang='lat' dir='ltr'><strong>servus</strong></span> <span class='ocrx_word' id='word_1_500' title='bbox 3424 3176 3709 3242; x_wconf 82' lang='lat' dir='ltr'><strong>servorum</strong></span> <span class='ocrx_word' id='word_1_501' title='bbox 3742 3184 4046 3253; x_wconf 54' lang='lat' dir='ltr'><strong>Dei,va</strong></span> 
     </span>
    </p>
   </div>
   <div class='ocr_carea' id='block_1_80' title="bbox 2463 3271 4049 3348">
    <p class='ocr_par' dir='ltr' id='par_1_80' title="bbox 2463 3271 4049 3348">
     <span class='ocr_line' id='line_1_80' title="bbox 2463 3271 4049 3348; baseline 0.004 -23"><span class='ocrx_word' id='word_1_502' title='bbox 2463 3287 2655 3326; x_wconf 79' lang='grc' dir='ltr'><strong>ιιειιιο</strong></span> <span class='ocrx_word' id='word_1_503' title='bbox 2715 3272 2828 3342; x_wconf 89' lang='lat' dir='ltr'><strong>regi</strong></span> <span class='ocrx_word' id='word_1_504' title='bbox 2895 3271 3217 3343; x_wconf 77' lang='lat' dir='ltr'><strong>Anglorum.</strong></span> <span class='ocrx_word' id='word_1_505' title='bbox 3260 3274 3489 3330; x_wconf 85' lang='lat' dir='ltr'><strong>salutem</strong></span> <span class='ocrx_word' id='word_1_506' title='bbox 3551 3282 3607 3330; x_wconf 85' lang='lat' dir='ltr'><strong>et</strong></span> <span class='ocrx_word' id='word_1_507' title='bbox 3682 3275 4049 3348; x_wconf 75' lang='lat' dir='ltr'><strong>apostolicam</strong></span> 
     </span>
    </p>
   </div>
   <div class='ocr_carea' id='block_1_81' title="bbox 2462 3360 2918 3438">
    <p class='ocr_par' dir='ltr' id='par_1_81' title="bbox 2462 3360 2918 3438">
     <span class='ocr_line' id='line_1_81' title="bbox 2462 3360 2918 3438; baseline 0.004 -23"><span class='ocrx_word' id='word_1_508' title='bbox 2462 3360 2918 3438; x_wconf 72' lang='lat' dir='ltr'><strong>benedictionem.</strong></span> 
     </span>
    </p>
   </div>
   <div class='ocr_carea' id='block_1_82' title="bbox 2532 3448 4041 3524">
    <p class='ocr_par' dir='ltr' id='par_1_82' title="bbox 2532 3448 4041 3524">
     <span class='ocr_line' id='line_1_82' title="bbox 2532 3448 4041 3524; baseline 0.007 -22"><span class='ocrx_word' id='word_1_509' title='bbox 2532 3448 2761 3505; x_wconf 75' lang='lat' dir='ltr'><strong>Mterore</strong></span> <span class='ocrx_word' id='word_1_510' title='bbox 2792 3450 2989 3509; x_wconf 89' lang='lat' dir='ltr'><strong>mentis</strong></span> <span class='ocrx_word' id='word_1_511' title='bbox 3028 3456 3153 3524; x_wconf 67' lang='lat' dir='ltr'><strong>tum,</strong></span> <span class='ocrx_word' id='word_1_512' title='bbox 3179 3450 3255 3512; x_wconf 72' lang='lat' dir='ltr'><strong>fili</strong></span> <span class='ocrx_word' id='word_1_513' title='bbox 3279 3451 3494 3524; x_wconf 89' lang='lat' dir='ltr'><strong>dilecte,</strong></span> <span class='ocrx_word' id='word_1_514' title='bbox 3524 3474 3589 3514; x_wconf 81' lang='lat' dir='ltr'><strong>ex</strong></span> <span class='ocrx_word' id='word_1_515' title='bbox 3615 3458 3842 3513; x_wconf 87' lang='lat' dir='ltr'><strong>decessu</strong></span> <span class='ocrx_word' id='word_1_516' title='bbox 3880 3467 4041 3513; x_wconf 84' lang='lat' dir='ltr'><strong>ante-</strong></span> 
     </span>
    </p>
   </div>
   <div class='ocr_carea' id='block_1_83' title="bbox 2463 3539 4040 3613">
    <p class='ocr_par' dir='ltr' id='par_1_83' title="bbox 2463 3539 4040 3613">
     <span class='ocr_line' id='line_1_83' title="bbox 2463 3539 4040 3613; baseline -0.001 -11"><span class='ocrx_word' id='word_1_517' title='bbox 2463 3539 2698 3601; x_wconf 75' lang='lat' dir='ltr'><strong>ceSsoris</strong></span> <span class='ocrx_word' id='word_1_518' title='bbox 2725 3547 2898 3600; x_wconf 90' lang='lat' dir='ltr'><strong>nostri</strong></span> <span class='ocrx_word' id='word_1_519' title='bbox 2921 3547 3091 3600; x_wconf 70' lang='lat' dir='ltr'><strong>beatae</strong></span> <span class='ocrx_word' id='word_1_520' title='bbox 3118 3549 3395 3601; x_wconf 71' lang='lat' dir='ltr'><strong>memoria:</strong></span> <span class='ocrx_word' id='word_1_521' title='bbox 3426 3547 3834 3613; x_wconf 82' lang='lat' dir='ltr'><strong>Alexandri,tui</strong></span> <span class='ocrx_word' id='word_1_522' title='bbox 3864 3547 4040 3602; x_wconf 82' lang='lat' dir='ltr'><strong>etiam</strong></span> 
     </span>
    </p>
   </div>
   <div class='ocr_carea' id='block_1_84' title="bbox 2465 3637 4041 3706">
    <p class='ocr_par' dir='ltr' id='par_1_84' title="bbox 2465 3637 4041 3706">
     <span class='ocr_line' id='line_1_84' title="bbox 2465 3637 4041 3706; baseline -0.002 -15"><span class='ocrx_word' id='word_1_523' title='bbox 2465 3637 2736 3691; x_wconf 84' lang='lat' dir='ltr'><strong>hilaritate</strong></span> <span class='ocrx_word' id='word_1_524' title='bbox 2784 3652 2850 3690; x_wconf 82' lang='lat' dir='ltr'><strong>ex</strong></span> <span class='ocrx_word' id='word_1_525' title='bbox 2906 3645 3108 3691; x_wconf 66' lang='lat' dir='ltr'><strong>nostra:</strong></span> <span class='ocrx_word' id='word_1_526' title='bbox 3162 3637 3521 3706; x_wconf 86' lang='lat' dir='ltr'><strong>promotionis</strong></span> <span class='ocrx_word' id='word_1_527' title='bbox 3575 3644 3726 3691; x_wconf 90' lang='lat' dir='ltr'><strong>certo</strong></span> <span class='ocrx_word' id='word_1_528' title='bbox 3778 3651 4041 3700; x_wconf 82' lang='lat' dir='ltr'><strong>rumore,</strong></span> 
     </span>
    </p>
   </div>
   <div class='ocr_carea' id='block_1_85' title="bbox 2463 3726 4034 3796">
    <p class='ocr_par' dir='ltr' id='par_1_85' title="bbox 2463 3726 4034 3796">
     <span class='ocr_line' id='line_1_85' title="bbox 2463 3726 4034 3796; baseline -0.001 -15"><span class='ocrx_word' id='word_1_529' title='bbox 2463 3728 2667 3796; x_wconf 85' lang='lat' dir='ltr'><strong>absque</strong></span> <span class='ocrx_word' id='word_1_530' title='bbox 2689 3727 2856 3781; x_wconf 92' lang='lat' dir='ltr'><strong>dubio</strong></span> <span class='ocrx_word' id='word_1_531' title='bbox 2878 3728 3150 3782; x_wconf 85' lang='lat' dir='ltr'><strong>credimus</strong></span> <span class='ocrx_word' id='word_1_532' title='bbox 3173 3737 3225 3781; x_wconf 88' lang='lat' dir='ltr'><strong>te</strong></span> <span class='ocrx_word' id='word_1_533' title='bbox 3239 3743 3305 3781; x_wconf 76' lang='lat' dir='ltr'><strong>ex</strong></span> <span class='ocrx_word' id='word_1_534' title='bbox 3333 3727 3497 3782; x_wconf 86' lang='lat' dir='ltr'><strong>corde</strong></span> <span class='ocrx_word' id='word_1_535' title='bbox 3516 3726 3678 3781; x_wconf 85' lang='lat' dir='ltr'><strong>matri</strong></span> <span class='ocrx_word' id='word_1_536' title='bbox 3706 3734 3811 3780; x_wconf 69' lang='lat' dir='ltr'><strong>tute</strong></span> <span class='ocrx_word' id='word_1_537' title='bbox 3825 3734 4034 3780; x_wconf 66' lang='lat' dir='ltr'><strong>sancte</strong></span> 
     </span>
    </p>
   </div>
   <div class='ocr_carea' id='block_1_86' title="bbox 2466 3816 4033 3893">
    <p class='ocr_par' dir='ltr' id='par_1_86' title="bbox 2466 3816 4033 3893">
     <span class='ocr_line' id='line_1_86' title="bbox 2466 3816 4033 3893; baseline -0.001 -22"><span class='ocrx_word' id='word_1_538' title='bbox 2466 3818 2722 3872; x_wconf 69' lang='lat' dir='ltr'><strong>Roniana:</strong></span> <span class='ocrx_word' id='word_1_539' title='bbox 2749 3817 3002 3872; x_wconf 71' lang='lat' dir='ltr'><strong>Ecclesiae</strong></span> <span class='ocrx_word' id='word_1_540' title='bbox 3023 3819 3300 3872; x_wconf 67' lang='lat' dir='ltr'><strong>adhaerere</strong></span> <span class='ocrx_word' id='word_1_541' title='bbox 3318 3858 3334 3881; x_wconf 88' lang='lat'><strong>,</strong></span> <span class='ocrx_word' id='word_1_542' title='bbox 3361 3833 3594 3887; x_wconf 88' lang='lat' dir='ltr'><strong>eamque</strong></span> <span class='ocrx_word' id='word_1_543' title='bbox 3622 3816 3750 3870; x_wconf 86' lang='lat' dir='ltr'><strong>totis</strong></span> <span class='ocrx_word' id='word_1_544' title='bbox 3781 3816 4033 3893; x_wconf 79' lang='lat' dir='ltr'><strong>viribus.</strong></span> 
     </span>
    </p>
   </div>
   <div class='ocr_carea' id='block_1_87' title="bbox 2466 3904 4042 3978">
    <p class='ocr_par' dir='ltr' id='par_1_87' title="bbox 2466 3904 4042 3978">
     <span class='ocr_line' id='line_1_87' title="bbox 2466 3904 4042 3978; baseline -0.004 -15"><span class='ocrx_word' id='word_1_545' title='bbox 2466 3918 2523 3963; x_wconf 89' lang='lat' dir='ltr'><strong>nt</strong></span> <span class='ocrx_word' id='word_1_546' title='bbox 2551 3909 2736 3972; x_wconf 87' lang='lat' dir='ltr'><strong>debes,</strong></span> <span class='ocrx_word' id='word_1_547' title='bbox 2766 3907 3007 3977; x_wconf 83' lang='lat' dir='ltr'><strong>diligere.</strong></span> <span class='ocrx_word' id='word_1_548' title='bbox 3042 3905 3178 3961; x_wconf 82' lang='lat' dir='ltr'><strong>Nam</strong></span> <span class='ocrx_word' id='word_1_549' title='bbox 3226 3908 3354 3978; x_wconf 89' lang='lat' dir='ltr'><strong>quia</strong></span> <span class='ocrx_word' id='word_1_550' title='bbox 3395 3907 3516 3975; x_wconf 87' lang='lat' dir='ltr'><strong>ejus</strong></span> <span class='ocrx_word' id='word_1_551' title='bbox 3562 3904 3720 3975; x_wconf 81' lang='lat' dir='ltr'><strong>quasi</strong></span> <span class='ocrx_word' id='word_1_552' title='bbox 3766 3904 4042 3959; x_wconf 78' lang='lat' dir='ltr'><strong>viduitate</strong></span> 
     </span>
    </p>
   </div>
   <div class='ocr_carea' id='block_1_88' title="bbox 2463 3995 4039 4066">
    <p class='ocr_par' dir='ltr' id='par_1_88' title="bbox 2463 3995 4039 4066">
     <span class='ocr_line' id='line_1_88' title="bbox 2463 3995 4039 4066; baseline -0.003 -13"><span class='ocrx_word' id='word_1_553' title='bbox 2463 3998 2643 4053; x_wconf 88' lang='lat' dir='ltr'><strong>audita</strong></span> <span class='ocrx_word' id='word_1_554' title='bbox 2696 3997 2929 4065; x_wconf 83' lang='lat' dir='ltr'><strong>graviter</strong></span> <span class='ocrx_word' id='word_1_555' title='bbox 2980 3996 3286 4066; x_wconf 80' lang='lat' dir='ltr'><strong>angebaris,</strong></span> <span class='ocrx_word' id='word_1_556' title='bbox 3321 3996 3692 4052; x_wconf 88' lang='lat' dir='ltr'><strong>consolatione</strong></span> <span class='ocrx_word' id='word_1_557' title='bbox 3718 3995 3882 4049; x_wconf 89' lang='lat' dir='ltr'><strong>etiam</strong></span> <span class='ocrx_word' id='word_1_558' title='bbox 3930 4010 4039 4049; x_wconf 75' lang='lat' dir='ltr'><strong>sua</strong></span> 
     </span>
    </p>
   </div>
   <div class='ocr_carea' id='block_1_89' title="bbox 2462 4077 4038 4157">
    <p class='ocr_par' dir='ltr' id='par_1_89' title="bbox 2462 4077 4038 4157">
     <span class='ocr_line' id='line_1_89' title="bbox 2462 4077 4038 4157; baseline -0.001 -16"><span class='ocrx_word' id='word_1_559' title='bbox 2462 4086 2529 4141; x_wconf 88' lang='lat' dir='ltr'><strong>de</strong></span> <span class='ocrx_word' id='word_1_560' title='bbox 2549 4084 2725 4139; x_wconf 89' lang='lat' dir='ltr'><strong>nostri</strong></span> <span class='ocrx_word' id='word_1_561' title='bbox 2743 4086 3083 4154; x_wconf 89' lang='lat' dir='ltr'><strong>promotione</strong></span> <span class='ocrx_word' id='word_1_562' title='bbox 3106 4101 3236 4140; x_wconf 86' lang='lat' dir='ltr'><strong>vero</strong></span> <span class='ocrx_word' id='word_1_563' title='bbox 3252 4087 3448 4157; x_wconf 84' lang='lat' dir='ltr'><strong>gaudio</strong></span> <span class='ocrx_word' id='word_1_564' title='bbox 3470 4086 3667 4140; x_wconf 63' lang='lat' dir='ltr'><strong>laetaris</strong></span> <span class='ocrx_word' id='word_1_565' title='bbox 3682 4128 3697 4149; x_wconf 91' lang='lat'><strong>,</strong></span> <span class='ocrx_word' id='word_1_566' title='bbox 3720 4077 4038 4155; x_wconf 81' lang='lat' dir='ltr'><strong>statumque</strong></span> 
     </span>
    </p>
   </div>
   <div class='ocr_carea' id='block_1_90' title="bbox 2463 4170 4037 4240">
    <p class='ocr_par' dir='ltr' id='par_1_90' title="bbox 2463 4170 4037 4240">
     <span class='ocr_line' id='line_1_90' title="bbox 2463 4170 4037 4240; baseline -0.001 -14"><span class='ocrx_word' id='word_1_567' title='bbox 2463 4180 2710 4227; x_wconf 87' lang='lat' dir='ltr'><strong>nostrum</strong></span> <span class='ocrx_word' id='word_1_568' title='bbox 2760 4180 2814 4225; x_wconf 87' lang='lat' dir='ltr'><strong>te</strong></span> <span class='ocrx_word' id='word_1_569' title='bbox 2859 4171 2996 4225; x_wconf 89' lang='lat' dir='ltr'><strong>velle</strong></span> <span class='ocrx_word' id='word_1_570' title='bbox 3029 4170 3169 4225; x_wconf 88' lang='lat' dir='ltr'><strong>scire</strong></span> <span class='ocrx_word' id='word_1_571' title='bbox 3197 4187 3294 4240; x_wconf 91' lang='lat' dir='ltr'><strong>per</strong></span> <span class='ocrx_word' id='word_1_572' title='bbox 3342 4172 3549 4225; x_wconf 88' lang='lat' dir='ltr'><strong>litteras</strong></span> <span class='ocrx_word' id='word_1_573' title='bbox 3576 4180 3701 4225; x_wconf 90' lang='lat' dir='ltr'><strong>tuas</strong></span> <span class='ocrx_word' id='word_1_574' title='bbox 3728 4170 3927 4225; x_wconf 78' lang='lat' dir='ltr'><strong>obnixe</strong></span> <span class='ocrx_word' id='word_1_575' title='bbox 3978 4181 4037 4224; x_wconf 88' lang='lat' dir='ltr'><strong>et</strong></span> 
     </span>
    </p>
   </div>
   <div class='ocr_carea' id='block_1_91' title="bbox 2463 4258 4035 4328">
    <p class='ocr_par' dir='ltr' id='par_1_91' title="bbox 2463 4258 4035 4328">
     <span class='ocr_line' id='line_1_91' title="bbox 2463 4258 4035 4328; baseline -0.002 -13"><span class='ocrx_word' id='word_1_576' title='bbox 2463 4261 2740 4315; x_wconf 87' lang='lat' dir='ltr'><strong>humiliter</strong></span> <span class='ocrx_word' id='word_1_577' title='bbox 2765 4259 3026 4328; x_wconf 86' lang='lat' dir='ltr'><strong>precaris.</strong></span> <span class='ocrx_word' id='word_1_578' title='bbox 3056 4258 3322 4315; x_wconf 79' lang='lat' dir='ltr'><strong>Aﬁ‘ectum</strong></span> <span class='ocrx_word' id='word_1_579' title='bbox 3347 4260 3472 4314; x_wconf 89' lang='lat' dir='ltr'><strong>boni</strong></span> <span class='ocrx_word' id='word_1_580' title='bbox 3502 4258 3620 4325; x_wconf 90' lang='lat' dir='ltr'><strong>ﬁlii,</strong></span> <span class='ocrx_word' id='word_1_581' title='bbox 3642 4259 3893 4314; x_wconf 73' lang='lat' dir='ltr'><strong>aﬁectnm</strong></span> <span class='ocrx_word' id='word_1_582' title='bbox 3930 4259 4035 4315; x_wconf 81' lang='lat' dir='ltr'><strong>ﬁlii</strong></span> 
     </span>
    </p>
   </div>
   <div class='ocr_carea' id='block_1_92' title="bbox 2464 4346 4034 4419">
    <p class='ocr_par' dir='ltr' id='par_1_92' title="bbox 2464 4346 4034 4419">
     <span class='ocr_line' id='line_1_92' title="bbox 2464 4346 4034 4419; baseline -0.003 -14"><span class='ocrx_word' id='word_1_583' title='bbox 2464 4346 2697 4405; x_wconf 85' lang='lat' dir='ltr'><strong>matrem</strong></span> <span class='ocrx_word' id='word_1_584' title='bbox 2745 4364 2809 4403; x_wconf 78' lang='lat' dir='ltr'><strong>ex</strong></span> <span class='ocrx_word' id='word_1_585' title='bbox 2858 4350 3021 4405; x_wconf 90' lang='lat' dir='ltr'><strong>corde</strong></span> <span class='ocrx_word' id='word_1_586' title='bbox 3087 4349 3381 4419; x_wconf 85' lang='lat' dir='ltr'><strong>diligentis,</strong></span> <span class='ocrx_word' id='word_1_587' title='bbox 3420 4349 3684 4405; x_wconf 85' lang='lat' dir='ltr'><strong>ostendis.</strong></span> <span class='ocrx_word' id='word_1_588' title='bbox 3713 4346 4034 4415; x_wconf 78' lang='lat' dir='ltr'><strong>Exsequere</strong></span> 
     </span>
    </p>
   </div>
   <div class='ocr_carea' id='block_1_93' title="bbox 2463 4431 4029 4511">
    <p class='ocr_par' dir='ltr' id='par_1_93' title="bbox 2463 4431 4029 4511">
     <span class='ocr_line' id='line_1_93' title="bbox 2463 4431 4029 4511; baseline -0.002 -16"><span class='ocrx_word' id='word_1_589' title='bbox 2463 4456 2594 4511; x_wconf 85' lang='lat' dir='ltr'><strong>ergo</strong></span> <span class='ocrx_word' id='word_1_590' title='bbox 2628 4431 2920 4508; x_wconf 83' lang='lat' dir='ltr'><strong>operibus,</strong></span> <span class='ocrx_word' id='word_1_591' title='bbox 2970 4440 3044 4493; x_wconf 88' lang='lat' dir='ltr'><strong>ﬁli</strong></span> <span class='ocrx_word' id='word_1_592' title='bbox 3092 4440 3322 4505; x_wconf 87' lang='lat' dir='ltr'><strong>dilecte,</strong></span> <span class='ocrx_word' id='word_1_593' title='bbox 3373 4438 3518 4507; x_wconf 90' lang='lat' dir='ltr'><strong>quod</strong></span> <span class='ocrx_word' id='word_1_594' title='bbox 3559 4452 3655 4492; x_wconf 86' lang='lat' dir='ltr'><strong>ore</strong></span> <span class='ocrx_word' id='word_1_595' title='bbox 3704 4436 4029 4492; x_wconf 87' lang='lat' dir='ltr'><strong>conﬁteris:</strong></span> 
     </span>
    </p>
   </div>
   <div class='ocr_carea' id='block_1_94' title="bbox 788 4521 4035 4601">
    <p class='ocr_par' dir='ltr' id='par_1_94' title="bbox 788 4521 4035 4601">
     <span class='ocr_line' id='line_1_94' title="bbox 788 4521 4035 4601; baseline -0.001 -16"><span class='ocrx_word' id='word_1_596' title='bbox 788 4542 1075 4601; x_wconf 84' lang='lat' dir='ltr'><strong>postquam</strong></span> <span class='ocrx_word' id='word_1_597' title='bbox 1112 4529 1397 4601; x_wconf 76' lang='lat' dir='ltr'><strong>przel‘atum</strong></span> <span class='ocrx_word' id='word_1_598' title='bbox 1448 4529 1779 4585; x_wconf 79' lang='lat' dir='ltr'><strong>confratrem</strong></span> <span class='ocrx_word' id='word_1_599' title='bbox 1806 4521 2053 4587; x_wconf 74' lang='lat' dir='ltr'><strong>nostrum</strong></span> <span class='ocrx_word' id='word_1_600' title='bbox 2097 4533 2357 4590; x_wconf 89' lang='lat' dir='ltr'><strong>instinctu</strong></span> <span class='ocrx_word' id='word_1_601' title='bbox 2392 4543 2434 4597; x_wconf 76' lang='grc' dir='ltr'><strong>Ι)</strong></span> <span class='ocrx_word' id='word_1_602' title='bbox 2461 4530 2625 4599; x_wconf 85' lang='lat' dir='ltr'><strong>imple</strong></span> <span class='ocrx_word' id='word_1_603' title='bbox 2653 4528 2946 4583; x_wconf 75' lang='lat' dir='ltr'><strong>efﬁcaciter</strong></span> <span class='ocrx_word' id='word_1_604' title='bbox 2980 4530 3127 4597; x_wconf 90' lang='lat' dir='ltr'><strong>quod</strong></span> <span class='ocrx_word' id='word_1_605' title='bbox 3172 4530 3329 4591; x_wconf 89' lang='lat' dir='ltr'><strong>dicis,</strong></span> <span class='ocrx_word' id='word_1_606' title='bbox 3366 4536 3426 4582; x_wconf 89' lang='lat' dir='ltr'><strong>ut</strong></span> <span class='ocrx_word' id='word_1_607' title='bbox 3451 4527 3762 4583; x_wconf 86' lang='lat' dir='ltr'><strong>consentias</strong></span> <span class='ocrx_word' id='word_1_608' title='bbox 3788 4528 3892 4598; x_wconf 89' lang='lat' dir='ltr'><strong>ipsi</strong></span> <span class='ocrx_word' id='word_1_609' title='bbox 3924 4526 4035 4582; x_wconf 79' lang='lat' dir='ltr'><strong>Ve-</strong></span> 
     </span>
    </p>
   </div>
   <div class='ocr_carea' id='block_1_95' title="bbox 787 4620 2353 4678">
    <p class='ocr_par' dir='ltr' id='par_1_95' title="bbox 787 4620 2353 4678">
     <span class='ocr_line' id='line_1_95' title="bbox 787 4620 2353 4678; baseline 0.003 -5"><span class='ocrx_word' id='word_1_610' title='bbox 787 4621 981 4674; x_wconf 71' lang='lat' dir='ltr'><strong>divinae</strong></span> <span class='ocrx_word' id='word_1_611' title='bbox 1015 4620 1312 4674; x_wconf 63' lang='lat' dir='ltr'><strong>clementiae</strong></span> <span class='ocrx_word' id='word_1_612' title='bbox 1354 4635 1479 4673; x_wconf 88' lang='lat' dir='ltr'><strong>cum</strong></span> <span class='ocrx_word' id='word_1_613' title='bbox 1524 4633 1796 4673; x_wconf 88' lang='lat' dir='ltr'><strong>consensu</strong></span> <span class='ocrx_word' id='word_1_614' title='bbox 1827 4620 2058 4675; x_wconf 85' lang='lat' dir='ltr'><strong>aliorum</strong></span> <span class='ocrx_word' id='word_1_615' title='bbox 2108 4624 2353 4678; x_wconf 89' lang='lat' dir='ltr'><strong>omnium</strong></span> 
     </span>
    </p>
   </div>
   <div class='ocr_carea' id='block_1_96' title="bbox 791 4708 2356 4792">
    <p class='ocr_par' dir='ltr' id='par_1_96' title="bbox 791 4708 2356 4792">
     <span class='ocr_line' id='line_1_96' title="bbox 791 4708 2356 4792; baseline 0.003 -29"><span class='ocrx_word' id='word_1_616' title='bbox 791 4713 844 4765; x_wconf 90' lang='lat' dir='ltr'><strong>in</strong></span> <span class='ocrx_word' id='word_1_617' title='bbox 877 4712 1192 4781; x_wconf 86' lang='lat' dir='ltr'><strong>episcopum</strong></span> <span class='ocrx_word' id='word_1_618' title='bbox 1234 4710 1494 4779; x_wconf 82' lang='lat' dir='ltr'><strong>elegeras,</strong></span> <span class='ocrx_word' id='word_1_619' title='bbox 1516 4716 1571 4761; x_wconf 90' lang='lat' dir='ltr'><strong>et</strong></span> <span class='ocrx_word' id='word_1_620' title='bbox 1610 4708 1925 4765; x_wconf 83' lang='lat' dir='ltr'><strong>ﬁdelitatem</strong></span> <span class='ocrx_word' id='word_1_621' title='bbox 1960 4710 2065 4764; x_wconf 90' lang='lat' dir='ltr'><strong>sibi</strong></span> <span class='ocrx_word' id='word_1_622' title='bbox 2092 4726 2159 4792; x_wconf 65' lang='lat' dir='ltr'><strong>ex</strong></span> <span class='ocrx_word' id='word_1_623' title='bbox 2202 4726 2356 4768; x_wconf 84' lang='lat' dir='ltr'><strong>more</strong></span> 
     </span>
    </p>
   </div>
   <div class='ocr_carea' id='block_1_97' title="bbox 791 4799 2357 4873">
    <p class='ocr_par' dir='ltr' id='par_1_97' title="bbox 791 4799 2357 4873">
     <span class='ocr_line' id='line_1_97' title="bbox 791 4799 2357 4873; baseline 0.002 -17"><span class='ocrx_word' id='word_1_624' title='bbox 791 4802 1031 4867; x_wconf 68' lang='lat' dir='ltr'><strong>ieceras,</strong></span> <span class='ocrx_word' id='word_1_625' title='bbox 1084 4801 1267 4855; x_wconf 86' lang='lat' dir='ltr'><strong>nescio</strong></span> <span class='ocrx_word' id='word_1_626' title='bbox 1321 4800 1522 4869; x_wconf 90' lang='lat' dir='ltr'><strong>quibus</strong></span> <span class='ocrx_word' id='word_1_627' title='bbox 1569 4799 1636 4854; x_wconf 90' lang='lat' dir='ltr'><strong>de</strong></span> <span class='ocrx_word' id='word_1_628' title='bbox 1668 4801 1851 4855; x_wconf 86' lang='lat' dir='ltr'><strong>causis</strong></span> <span class='ocrx_word' id='word_1_629' title='bbox 1896 4802 2092 4869; x_wconf 90' lang='lat' dir='ltr'><strong>elatus,</strong></span> <span class='ocrx_word' id='word_1_630' title='bbox 2127 4818 2357 4873; x_wconf 68' lang='lat' dir='ltr'><strong>eoprze-</strong></span> 
     </span>
    </p>
   </div>
   <div class='ocr_carea' id='block_1_98' title="bbox 791 4888 2357 4963">
    <p class='ocr_par' dir='ltr' id='par_1_98' title="bbox 791 4888 2357 4963">
     <span class='ocr_line' id='line_1_98' title="bbox 791 4888 2357 4963; baseline 0 -16"><span class='ocrx_word' id='word_1_631' title='bbox 791 4903 961 4956; x_wconf 68' lang='lat' dir='ltr'><strong>sente,</strong></span> <span class='ocrx_word' id='word_1_632' title='bbox 998 4891 1417 4946; x_wconf 90' lang='lat' dir='ltr'><strong>commotionem</strong></span> <span class='ocrx_word' id='word_1_633' title='bbox 1455 4888 1718 4943; x_wconf 85' lang='lat' dir='ltr'><strong>adversus</strong></span> <span class='ocrx_word' id='word_1_634' title='bbox 1742 4904 1867 4942; x_wconf 91' lang='lat' dir='ltr'><strong>eum</strong></span> <span class='ocrx_word' id='word_1_635' title='bbox 1899 4904 2057 4960; x_wconf 85' lang='lat' dir='ltr'><strong>agere</strong></span> <span class='ocrx_word' id='word_1_636' title='bbox 2092 4908 2357 4963; x_wconf 65' lang='lat' dir='ltr'><strong>praesum-</strong></span> 
     </span>
    </p>
   </div>
   <div class='ocr_carea' id='block_1_99' title="bbox 792 4976 2351 5050">
    <p class='ocr_par' dir='ltr' id='par_1_99' title="bbox 792 4976 2351 5050">
     <span class='ocr_line' id='line_1_99' title="bbox 792 4976 2351 5050; baseline 0.002 -17"><span class='ocrx_word' id='word_1_637' title='bbox 792 4980 943 5050; x_wconf 61' lang='lat' dir='ltr'><strong>psisti</strong></span> <span class='ocrx_word' id='word_1_638' title='bbox 963 5022 978 5046; x_wconf 98' lang='lat'><strong>,</strong></span> <span class='ocrx_word' id='word_1_639' title='bbox 1011 4987 1065 5034; x_wconf 89' lang='lat' dir='ltr'><strong>et</strong></span> <span class='ocrx_word' id='word_1_640' title='bbox 1094 4987 1379 5048; x_wconf 90' lang='lat' dir='ltr'><strong>postquam</strong></span> <span class='ocrx_word' id='word_1_641' title='bbox 1404 4978 1471 5032; x_wconf 85' lang='lat' dir='ltr'><strong>ad</strong></span> <span class='ocrx_word' id='word_1_642' title='bbox 1495 4976 1789 5048; x_wconf 88' lang='lat' dir='ltr'><strong>apostolica</strong></span> <span class='ocrx_word' id='word_1_643' title='bbox 1820 4976 2005 5033; x_wconf 85' lang='lat' dir='ltr'><strong>limina</strong></span> <span class='ocrx_word' id='word_1_644' title='bbox 2033 4982 2208 5045; x_wconf 88' lang='lat' dir='ltr'><strong>venit,</strong></span> <span class='ocrx_word' id='word_1_645' title='bbox 2241 4982 2351 5036; x_wconf 87' lang='lat' dir='ltr'><strong>cle-</strong></span> 
     </span>
    </p>
   </div>
   <div class='ocr_carea' id='block_1_100' title="bbox 790 5066 2353 5138">
    <p class='ocr_par' dir='ltr' id='par_1_100' title="bbox 790 5066 2353 5138">
     <span class='ocr_line' id='line_1_100' title="bbox 790 5066 2353 5138; baseline -0.001 -13"><span class='ocrx_word' id='word_1_646' title='bbox 790 5073 934 5125; x_wconf 88' lang='lat' dir='ltr'><strong>ricos</strong></span> <span class='ocrx_word' id='word_1_647' title='bbox 958 5079 1011 5125; x_wconf 90' lang='lat' dir='ltr'><strong>et</strong></span> <span class='ocrx_word' id='word_1_648' title='bbox 1048 5070 1194 5124; x_wconf 87' lang='lat' dir='ltr'><strong>cives</strong></span> <span class='ocrx_word' id='word_1_649' title='bbox 1228 5067 1379 5123; x_wconf 87' lang='lat' dir='ltr'><strong>urbis</strong></span> <span class='ocrx_word' id='word_1_650' title='bbox 1408 5068 1744 5138; x_wconf 67' lang='lat' dir='ltr'><strong>deprmdatus</strong></span> <span class='ocrx_word' id='word_1_651' title='bbox 1778 5080 1869 5129; x_wconf 89' lang='lat' dir='ltr'><strong>es,</strong></span> <span class='ocrx_word' id='word_1_652' title='bbox 1896 5074 1949 5119; x_wconf 91' lang='lat' dir='ltr'><strong>et</strong></span> <span class='ocrx_word' id='word_1_653' title='bbox 1993 5066 2171 5136; x_wconf 90' lang='lat' dir='ltr'><strong>(quod</strong></span> <span class='ocrx_word' id='word_1_654' title='bbox 2202 5069 2353 5124; x_wconf 83' lang='lat' dir='ltr'><strong>valde</strong></span> 
     </span>
    </p>
   </div>
   <div class='ocr_carea' id='block_1_101' title="bbox 792 5154 2354 5228">
    <p class='ocr_par' dir='ltr' id='par_1_101' title="bbox 792 5154 2354 5228">
     <span class='ocr_line' id='line_1_101' title="bbox 792 5154 2354 5228; baseline 0 -15"><span class='ocrx_word' id='word_1_655' title='bbox 792 5161 1081 5214; x_wconf 75' lang='lat' dir='ltr'><strong>nefandum</strong></span> <span class='ocrx_word' id='word_1_656' title='bbox 1112 5159 1232 5228; x_wconf 87' lang='lat' dir='ltr'><strong>est)</strong></span> <span class='ocrx_word' id='word_1_657' title='bbox 1258 5156 1547 5228; x_wconf 89' lang='lat' dir='ltr'><strong>quemdam</strong></span> <span class='ocrx_word' id='word_1_658' title='bbox 1579 5156 1836 5211; x_wconf 87' lang='lat' dir='ltr'><strong>clericum</strong></span> <span class='ocrx_word' id='word_1_659' title='bbox 1860 5156 2067 5225; x_wconf 87' lang='lat' dir='ltr'><strong>cepisti.</strong></span> <span class='ocrx_word' id='word_1_660' title='bbox 2096 5154 2354 5222; x_wconf 85' lang='lat' dir='ltr'><strong>Quamvis</strong></span> 
     </span>
    </p>
   </div>
   <div class='ocr_carea' id='block_1_102' title="bbox 792 5246 2353 5319">
    <p class='ocr_par' dir='ltr' id='par_1_102' title="bbox 792 5246 2353 5319">
     <span class='ocr_line' id='line_1_102' title="bbox 792 5246 2353 5319; baseline 0 -15"><span class='ocrx_word' id='word_1_661' title='bbox 792 5253 955 5319; x_wconf 53' lang='lat' dir='ltr'><strong>igitur</strong></span> <span class='ocrx_word' id='word_1_662' title='bbox 989 5250 1043 5304; x_wconf 90' lang='lat' dir='ltr'><strong>in</strong></span> <span class='ocrx_word' id='word_1_663' title='bbox 1090 5249 1191 5303; x_wconf 89' lang='lat' dir='ltr'><strong>hac</strong></span> <span class='ocrx_word' id='word_1_664' title='bbox 1225 5258 1371 5303; x_wconf 88' lang='lat' dir='ltr'><strong>tanta</strong></span> <span class='ocrx_word' id='word_1_665' title='bbox 1414 5257 1467 5302; x_wconf 92' lang='lat' dir='ltr'><strong>et</strong></span> <span class='ocrx_word' id='word_1_666' title='bbox 1517 5256 1627 5300; x_wconf 91' lang='lat' dir='ltr'><strong>tam</strong></span> <span class='ocrx_word' id='word_1_667' title='bbox 1681 5246 1886 5300; x_wconf 87' lang='lat' dir='ltr'><strong>crudeli</strong></span> <span class='ocrx_word' id='word_1_668' title='bbox 1934 5250 2353 5318; x_wconf 70' lang='lat' dir='ltr'><strong>pmsumptione</strong></span> 
     </span>
    </p>
   </div>
   <div class='ocr_carea' id='block_1_103' title="bbox 792 5336 2354 5410">
    <p class='ocr_par' dir='ltr' id='par_1_103' title="bbox 792 5336 2354 5410">
     <span class='ocr_line' id='line_1_103' title="bbox 792 5336 2354 5410; baseline -0.002 -15"><span class='ocrx_word' id='word_1_669' title='bbox 792 5357 1076 5398; x_wconf 78' lang='lat' dir='ltr'><strong>censuram</strong></span> <span class='ocrx_word' id='word_1_670' title='bbox 1107 5342 1414 5410; x_wconf 50' lang='lat' dir='ltr'><strong>apostolicae</strong></span> <span class='ocrx_word' id='word_1_671' title='bbox 1458 5336 1943 5393; x_wconf 86' lang='lat' dir='ltr'><strong>animadversionis</strong></span> <span class='ocrx_word' id='word_1_672' title='bbox 1979 5337 2034 5391; x_wconf 89' lang='lat' dir='ltr'><strong>in</strong></span> <span class='ocrx_word' id='word_1_673' title='bbox 2074 5346 2128 5391; x_wconf 89' lang='lat' dir='ltr'><strong>te</strong></span> <span class='ocrx_word' id='word_1_674' title='bbox 2157 5354 2354 5407; x_wconf 84' lang='lat' dir='ltr'><strong>provo—</strong></span> 
     </span>
    </p>
   </div>
   <div class='ocr_carea' id='block_1_104' title="bbox 865 5491 2357 5566">
    <p class='ocr_par' dir='ltr' id='par_1_104' title="bbox 865 5491 2357 5566">
     <span class='ocr_line' id='line_1_104' title="bbox 865 5491 2357 5566; baseline -0.004 -15"><span class='ocrx_word' id='word_1_675' title='bbox 865 5498 1011 5565; x_wconf 74' lang='lat' dir='ltr'><strong>(35l)</strong></span> <span class='ocrx_word' id='word_1_676' title='bbox 1042 5497 1134 5554; x_wconf 88' lang='lat' dir='ltr'><strong>Sic</strong></span> <span class='ocrx_word' id='word_1_677' title='bbox 1174 5498 1231 5552; x_wconf 91' lang='lat' dir='ltr'><strong>in</strong></span> <span class='ocrx_word' id='word_1_678' title='bbox 1269 5496 1535 5566; x_wconf 81' lang='lat' dir='ltr'><strong>integrum</strong></span> <span class='ocrx_word' id='word_1_679' title='bbox 1564 5493 1929 5566; x_wconf 85' lang='lat' dir='ltr'><strong>restituendus</strong></span> <span class='ocrx_word' id='word_1_680' title='bbox 1960 5491 2118 5547; x_wconf 89' lang='lat' dir='ltr'><strong>nobis</strong></span> <span class='ocrx_word' id='word_1_681' title='bbox 2146 5492 2357 5566; x_wconf 70' lang='lat' dir='ltr'><strong>videtur</strong></span> 
     </span>
    </p>
   </div>
   <div class='ocr_carea' id='block_1_105' title="bbox 794 5562 2355 5636">
    <p class='ocr_par' dir='ltr' id='par_1_105' title="bbox 794 5562 2355 5636">
     <span class='ocr_line' id='line_1_105' title="bbox 794 5562 2355 5636; baseline -0.005 -15"><span class='ocrx_word' id='word_1_682' title='bbox 794 5562 1097 5630; x_wconf 72' lang='lat' dir='ltr'><strong>ille&#39;loCus,</strong></span> <span class='ocrx_word' id='word_1_683' title='bbox 1144 5568 1197 5619; x_wconf 91' lang='lat' dir='ltr'><strong>in</strong></span> <span class='ocrx_word' id='word_1_684' title='bbox 1242 5562 1687 5636; x_wconf 46' lang='lat' dir='ltr'><strong>quofperperam</strong></span> <span class='ocrx_word' id='word_1_685' title='bbox 1736 5562 2355 5636; x_wconf 10' lang='lat' dir='ltr'><strong>imtnutatogvcrhorum</strong></span> 
     </span>
    </p>
   </div>
   <div class='ocr_carea' id='block_1_106' title="bbox 788 5631 2359 5704">
    <p class='ocr_par' dir='ltr' id='par_1_106' title="bbox 788 5631 2359 5704">
     <span class='ocr_line' id='line_1_106' title="bbox 788 5631 2359 5704; baseline -0.004 -13"><span class='ocrx_word' id='word_1_686' title='bbox 788 5638 1002 5699; x_wconf 66' lang='lat' dir='ltr'><strong>ordine,</strong></span> <span class='ocrx_word' id='word_1_687' title='bbox 1017 5651 1186 5704; x_wconf 86' lang='lat' dir='ltr'><strong>pauca</strong></span> <span class='ocrx_word' id='word_1_688' title='bbox 1214 5631 1450 5690; x_wconf 72' lang='lat' dir='ltr'><strong>desunt:</strong></span> <span class='ocrx_word' id='word_1_689' title='bbox 1482 5631 1902 5704; x_wconf 12' lang='lat' dir='ltr'><strong>Siniverotquod</strong></span> <span class='ocrx_word' id='word_1_690' title='bbox 1935 5631 2111 5704; x_wconf 71' lang='lat' dir='ltr'><strong>absit!</strong></span> <span class='ocrx_word' id='word_1_691' title='bbox 2167 5639 2359 5704; x_wconf 67' lang='lat' dir='ltr'><strong>nostra</strong></span> 
     </span>
    </p>
   </div>
   <div class='ocr_carea' id='block_1_107' title="bbox 793 5701 2387 5771">
    <p class='ocr_par' dir='ltr' id='par_1_107' title="bbox 793 5701 2387 5771">
     <span class='ocr_line' id='line_1_107' title="bbox 793 5701 2387 5771; baseline -0.003 -14"><span class='ocrx_word' id='word_1_692' title='bbox 793 5701 1171 5760; x_wconf 63' lang='lat' dir='ltr'><strong>.n-‘eortationis</strong></span> <span class='ocrx_word' id='word_1_693' title='bbox 1216 5706 1321 5758; x_wconf 87' lang='lat' dir='ltr'><strong>imo</strong></span> <span class='ocrx_word' id='word_1_694' title='bbox 1354 5703 1598 5771; x_wconf 71' lang='lat' dir='ltr'><strong>prwcepti</strong></span> <span class='ocrx_word' id='word_1_695' title='bbox 1648 5701 1905 5771; x_wconf 72' lang='lat' dir='ltr'><strong>neglector</strong></span> <span class='ocrx_word' id='word_1_696' title='bbox 1953 5702 2239 5765; x_wconf 73' lang='lat' dir='ltr'><strong>exstiteris,</strong></span> <span class='ocrx_word' id='word_1_697' title='bbox 2268 5717 2387 5767; x_wconf 14' lang='lat' dir='ltr'><strong>per,</strong></span> 
     </span>
    </p>
   </div>
   <div class='ocr_carea' id='block_1_108' title="bbox 801 5768 2357 5841">
    <p class='ocr_par' dir='ltr' id='par_1_108' title="bbox 801 5768 2357 5841">
     <span class='ocr_line' id='line_1_108' title="bbox 801 5768 2357 5841; baseline -0.005 -10"><span class='ocrx_word' id='word_1_698' title='bbox 801 5778 1157 5832; x_wconf 56' lang='lat' dir='ltr'><strong>tacti-ritate“.-</strong></span> <span class='ocrx_word' id='word_1_699' title='bbox 1202 5790 1305 5833; x_wconf 76' lang='lat' dir='ltr'><strong>nuc</strong></span> <span class='ocrx_word' id='word_1_700' title='bbox 1339 5768 1464 5825; x_wconf 75' lang='lat' dir='ltr'><strong>data</strong></span> <span class='ocrx_word' id='word_1_701' title='bbox 1494 5768 1569 5825; x_wconf 74' lang='lat' dir='ltr'><strong>est</strong></span> <span class='ocrx_word' id='word_1_702' title='bbox 1604 5768 1838 5841; x_wconf 75' lang='lat' dir='ltr'><strong>apostolo</strong></span> <span class='ocrx_word' id='word_1_703' title='bbox 1870 5768 2046 5837; x_wconf 79' lang='lat' dir='ltr'><strong>Petro,</strong></span> <span class='ocrx_word' id='word_1_704' title='bbox 2098 5787 2187 5823; x_wconf 85' lang='lat' dir='ltr'><strong>nos</strong></span> <span class='ocrx_word' id='word_1_705' title='bbox 2219 5771 2357 5838; x_wconf 73' lang='lat' dir='ltr'><strong>ejus-</strong></span> 
     </span>
    </p>
   </div>
   <div class='ocr_carea' id='block_1_109' title="bbox 2453 4617 4031 4688">
    <p class='ocr_par' dir='ltr' id='par_1_109' title="bbox 2453 4617 4031 4688">
     <span class='ocr_line' id='line_1_109' title="bbox 2453 4617 4031 4688; baseline -0.006 -10"><span class='ocrx_word' id='word_1_706' title='bbox 2453 4622 2602 4679; x_wconf 87' lang='lat' dir='ltr'><strong>ritati</strong></span> <span class='ocrx_word' id='word_1_707' title='bbox 2660 4619 2960 4676; x_wconf 87' lang='lat' dir='ltr'><strong>clamanti:</strong></span> <span class='ocrx_word' id='word_1_708' title='bbox 3015 4617 3123 4683; x_wconf 81' lang='lat' dir='ltr'><strong>Qui</strong></span> <span class='ocrx_word' id='word_1_709' title='bbox 3156 4618 3334 4688; x_wconf 80' lang='lat' dir='ltr'><strong>diligit</strong></span> <span class='ocrx_word' id='word_1_710' title='bbox 3381 4633 3493 4683; x_wconf 84' lang='lat' dir='ltr'><strong>me,</strong></span> <span class='ocrx_word' id='word_1_711' title='bbox 3560 4633 3822 4670; x_wconf 79' lang='lat' dir='ltr'><strong>sermones</strong></span> <span class='ocrx_word' id='word_1_712' title='bbox 3884 4631 4031 4670; x_wconf 80' lang='lat' dir='ltr'><strong>meos</strong></span> 
     </span>
    </p>
   </div>
   <div class='ocr_carea' id='block_1_110' title="bbox 2455 4705 4031 4781">
    <p class='ocr_par' dir='ltr' id='par_1_110' title="bbox 2455 4705 4031 4781">
     <span class='ocr_line' id='line_1_110' title="bbox 2455 4705 4031 4781; baseline -0.005 -13"><span class='ocrx_word' id='word_1_713' title='bbox 2455 4714 2681 4768; x_wconf 84' lang='lat' dir='ltr'><strong>servabit</strong></span> <span class='ocrx_word' id='word_1_714' title='bbox 2707 4710 2897 4781; x_wconf 71' lang='lat' dir='ltr'><strong>(Joan.</strong></span> <span class='ocrx_word' id='word_1_715' title='bbox 2923 4724 3051 4764; x_wconf 73' lang='lat' dir='ltr'><strong>xxrv</strong></span> <span class='ocrx_word' id='word_1_716' title='bbox 3068 4709 3119 4777; x_wconf 86' lang='lat'><strong>);</strong></span> <span class='ocrx_word' id='word_1_717' title='bbox 3150 4717 3206 4764; x_wconf 82' lang='lat' dir='ltr'><strong>et</strong></span> <span class='ocrx_word' id='word_1_718' title='bbox 3226 4708 3354 4762; x_wconf 85' lang='lat' dir='ltr'><strong>alibi</strong></span> <span class='ocrx_word' id='word_1_719' title='bbox 3383 4725 3395 4760; x_wconf 90' lang='lat'><strong>:</strong></span> <span class='ocrx_word' id='word_1_720' title='bbox 3418 4707 3673 4761; x_wconf 77' lang='lat' dir='ltr'><strong>Probatio</strong></span> <span class='ocrx_word' id='word_1_721' title='bbox 3702 4705 4031 4774; x_wconf 77' lang='lat' dir='ltr'><strong>dilectionis,</strong></span> 
     </span>
    </p>
   </div>
   <div class='ocr_carea' id='block_1_111' title="bbox 2454 4794 4049 4869">
    <p class='ocr_par' dir='ltr' id='par_1_111' title="bbox 2454 4794 4049 4869">
     <span class='ocr_line' id='line_1_111' title="bbox 2454 4794 4049 4869; baseline -0.005 -14"><span class='ocrx_word' id='word_1_722' title='bbox 2454 4802 2704 4856; x_wconf 65' lang='lat' dir='ltr'><strong>exhibitio</strong></span> <span class='ocrx_word' id='word_1_723' title='bbox 2743 4810 2819 4853; x_wconf 81' lang='lat' dir='ltr'><strong>est</strong></span> <span class='ocrx_word' id='word_1_724' title='bbox 2843 4800 3035 4869; x_wconf 84' lang='lat' dir='ltr'><strong>operis.</strong></span> <span class='ocrx_word' id='word_1_725' title='bbox 3082 4796 3377 4854; x_wconf 79' lang='lat' dir='ltr'><strong>Sermones</strong></span> <span class='ocrx_word' id='word_1_726' title='bbox 3408 4796 3600 4856; x_wconf 74' lang='lat' dir='ltr'><strong>matris</strong></span> <span class='ocrx_word' id='word_1_727' title='bbox 3624 4802 3731 4848; x_wconf 74' lang='lat' dir='ltr'><strong>tua:</strong></span> <span class='ocrx_word' id='word_1_728' title='bbox 3771 4794 3826 4848; x_wconf 89' lang='lat' dir='ltr'><strong>hi</strong></span> <span class='ocrx_word' id='word_1_729' title='bbox 3861 4804 4049 4869; x_wconf 78' lang='lat' dir='ltr'><strong>sunt,</strong></span> 
     </span>
    </p>
   </div>
   <div class='ocr_carea' id='block_1_112' title="bbox 2456 4888 4027 4961">
    <p class='ocr_par' dir='ltr' id='par_1_112' title="bbox 2456 4888 4027 4961">
     <span class='ocr_line' id='line_1_112' title="bbox 2456 4888 4027 4961; baseline -0.008 -12"><span class='ocrx_word' id='word_1_730' title='bbox 2456 4902 2511 4949; x_wconf 89' lang='lat' dir='ltr'><strong>et</strong></span> <span class='ocrx_word' id='word_1_731' title='bbox 2537 4891 2849 4961; x_wconf 86' lang='lat' dir='ltr'><strong>hujusmodi</strong></span> <span class='ocrx_word' id='word_1_732' title='bbox 2885 4910 2897 4945; x_wconf 91' lang='lat'>:</span> <span class='ocrx_word' id='word_1_733' title='bbox 2944 4890 3176 4945; x_wconf 74' lang='lat' dir='ltr'><strong>Iustitia:</strong></span> <span class='ocrx_word' id='word_1_734' title='bbox 3214 4904 3309 4959; x_wconf 89' lang='lat' dir='ltr'><strong>per</strong></span> <span class='ocrx_word' id='word_1_735' title='bbox 3340 4888 3543 4951; x_wconf 89' lang='lat' dir='ltr'><strong>omnia,</strong></span> <span class='ocrx_word' id='word_1_736' title='bbox 3590 4900 3717 4939; x_wconf 90' lang='lat' dir='ltr'><strong>cum</strong></span> <span class='ocrx_word' id='word_1_737' title='bbox 3755 4893 4027 4954; x_wconf 78' lang='lat' dir='ltr'><strong>Opportu-</strong></span> 
     </span>
    </p>
   </div>
   <div class='ocr_carea' id='block_1_113' title="bbox 2459 4978 4026 5046">
    <p class='ocr_par' dir='ltr' id='par_1_113' title="bbox 2459 4978 4026 5046">
     <span class='ocr_line' id='line_1_113' title="bbox 2459 4978 4026 5046; baseline -0.002 -9"><span class='ocrx_word' id='word_1_738' title='bbox 2459 4998 2589 5037; x_wconf 89' lang='lat' dir='ltr'><strong>num</strong></span> <span class='ocrx_word' id='word_1_739' title='bbox 2640 4990 2745 5046; x_wconf 87' lang='lat' dir='ltr'><strong>est,</strong></span> <span class='ocrx_word' id='word_1_740' title='bbox 2783 4990 2839 5036; x_wconf 91' lang='lat' dir='ltr'><strong>tu</strong></span> <span class='ocrx_word' id='word_1_741' title='bbox 2880 4982 3039 5036; x_wconf 90' lang='lat' dir='ltr'><strong>modo</strong></span> <span class='ocrx_word' id='word_1_742' title='bbox 3081 4982 3337 5037; x_wconf 87' lang='lat' dir='ltr'><strong>insudare</strong></span> <span class='ocrx_word' id='word_1_743' title='bbox 3366 4997 3476 5035; x_wconf 89' lang='lat' dir='ltr'><strong>non</strong></span> <span class='ocrx_word' id='word_1_744' title='bbox 3502 4979 3738 5045; x_wconf 88' lang='lat' dir='ltr'><strong>desinas,</strong></span> <span class='ocrx_word' id='word_1_745' title='bbox 3765 4978 4026 5034; x_wconf 84' lang='lat' dir='ltr'><strong>Ecclesiis</strong></span> 
     </span>
    </p>
   </div>
   <div class='ocr_carea' id='block_1_114' title="bbox 2457 5066 4027 5135">
    <p class='ocr_par' dir='ltr' id='par_1_114' title="bbox 2457 5066 4027 5135">
     <span class='ocr_line' id='line_1_114' title="bbox 2457 5066 4027 5135; baseline -0.003 -8"><span class='ocrx_word' id='word_1_746' title='bbox 2457 5072 2553 5128; x_wconf 89' lang='lat' dir='ltr'><strong>tibi</strong></span> <span class='ocrx_word' id='word_1_747' title='bbox 2582 5072 2650 5125; x_wconf 89' lang='lat' dir='ltr'><strong>ad</strong></span> <span class='ocrx_word' id='word_1_748' title='bbox 2672 5069 3065 5126; x_wconf 77' lang='lat' dir='ltr'><strong>defendendum</strong></span> <span class='ocrx_word' id='word_1_749' title='bbox 3088 5071 3401 5135; x_wconf 86' lang='lat' dir='ltr'><strong>commissis</strong></span> <span class='ocrx_word' id='word_1_750' title='bbox 3416 5070 3494 5123; x_wconf 89' lang='lat' dir='ltr'><strong>sic</strong></span> <span class='ocrx_word' id='word_1_751' title='bbox 3518 5066 3803 5123; x_wconf 83' lang='lat' dir='ltr'><strong>consulere</strong></span> <span class='ocrx_word' id='word_1_752' title='bbox 3844 5074 3908 5119; x_wconf 90' lang='lat' dir='ltr'><strong>ut</strong></span> <span class='ocrx_word' id='word_1_753' title='bbox 3938 5066 4027 5122; x_wconf 83' lang='lat' dir='ltr'><strong>fo-</strong></span> 
     </span>
    </p>
   </div>
   <div class='ocr_carea' id='block_1_115' title="bbox 2459 5160 4022 5230">
    <p class='ocr_par' dir='ltr' id='par_1_115' title="bbox 2459 5160 4022 5230">
     <span class='ocr_line' id='line_1_115' title="bbox 2459 5160 4022 5230; baseline -0.003 -13"><span class='ocrx_word' id='word_1_754' title='bbox 2459 5172 2639 5217; x_wconf 87' lang='lat' dir='ltr'><strong>menta</strong></span> <span class='ocrx_word' id='word_1_755' title='bbox 2681 5162 2871 5218; x_wconf 88' lang='lat' dir='ltr'><strong>salutis</strong></span> <span class='ocrx_word' id='word_1_756' title='bbox 2931 5163 3126 5218; x_wconf 61' lang='lat' dir='ltr'><strong>animae</strong></span> <span class='ocrx_word' id='word_1_757' title='bbox 3171 5170 3277 5215; x_wconf 80' lang='lat' dir='ltr'><strong>tua:</strong></span> <span class='ocrx_word' id='word_1_758' title='bbox 3340 5160 3631 5226; x_wconf 80' lang='lat' dir='ltr'><strong>conﬁcias,</strong></span> <span class='ocrx_word' id='word_1_759' title='bbox 3672 5167 4022 5230; x_wconf 79' lang='lat' dir='ltr'><strong>peccatorum</strong></span> 
     </span>
    </p>
   </div>
   <div class='ocr_carea' id='block_1_116' title="bbox 2460 5248 4025 5318">
    <p class='ocr_par' dir='ltr' id='par_1_116' title="bbox 2460 5248 4025 5318">
     <span class='ocr_line' id='line_1_116' title="bbox 2460 5248 4025 5318; baseline -0.003 -11"><span class='ocrx_word' id='word_1_760' title='bbox 2460 5252 2701 5307; x_wconf 90' lang='lat' dir='ltr'><strong>maculas</strong></span> <span class='ocrx_word' id='word_1_761' title='bbox 2721 5252 2922 5318; x_wconf 89' lang='lat' dir='ltr'><strong>deleas,</strong></span> <span class='ocrx_word' id='word_1_762' title='bbox 2946 5253 3207 5306; x_wconf 81' lang='lat' dir='ltr'><strong>virtutum</strong></span> <span class='ocrx_word' id='word_1_763' title='bbox 3230 5250 3425 5306; x_wconf 91' lang='lat' dir='ltr'><strong>odores</strong></span> <span class='ocrx_word' id='word_1_764' title='bbox 3450 5251 3531 5305; x_wconf 89' lang='lat' dir='ltr'><strong>sic</strong></span> <span class='ocrx_word' id='word_1_765' title='bbox 3558 5250 3655 5304; x_wconf 90' lang='lat' dir='ltr'><strong>tibi</strong></span> <span class='ocrx_word' id='word_1_766' title='bbox 3682 5248 4025 5314; x_wconf 66' lang='lat' dir='ltr'><strong>introducas,</strong></span> 
     </span>
    </p>
   </div>
   <div class='ocr_carea' id='block_1_117' title="bbox 2460 5334 4028 5414">
    <p class='ocr_par' dir='ltr' id='par_1_117' title="bbox 2460 5334 4028 5414">
     <span class='ocr_line' id='line_1_117' title="bbox 2460 5334 4028 5414; baseline -0.003 -19"><span class='ocrx_word' id='word_1_767' title='bbox 2460 5351 2521 5395; x_wconf 91' lang='lat' dir='ltr'><strong>ut</strong></span> <span class='ocrx_word' id='word_1_768' title='bbox 2554 5344 2679 5397; x_wconf 89' lang='lat' dir='ltr'><strong>cum</strong></span> <span class='ocrx_word' id='word_1_769' title='bbox 2722 5340 2983 5414; x_wconf 85' lang='lat' dir='ltr'><strong>Apostolo</strong></span> <span class='ocrx_word' id='word_1_770' title='bbox 3023 5338 3215 5396; x_wconf 87' lang='lat' dir='ltr'><strong>dicas:</strong></span> <span class='ocrx_word' id='word_1_771' title='bbox 3254 5337 3453 5393; x_wconf 79' lang='lat' dir='ltr'><strong>Christi</strong></span> <span class='ocrx_word' id='word_1_772' title='bbox 3484 5334 3804 5404; x_wconf 70' lang='lat' dir='ltr'><strong>bonuspdor</strong></span> <span class='ocrx_word' id='word_1_773' title='bbox 3834 5352 4028 5391; x_wconf 71' lang='lat' dir='ltr'><strong>sumus</strong></span> 
     </span>
    </p>
   </div>
   <div class='ocr_carea' id='block_1_118' title="bbox 2457 5488 3533 5565">
    <p class='ocr_par' dir='ltr' id='par_1_118' title="bbox 2457 5488 3533 5565">
     <span class='ocr_line' id='line_1_118' title="bbox 2457 5488 3533 5565; baseline -0.005 -17"><span class='ocrx_word' id='word_1_774' title='bbox 2457 5496 2577 5565; x_wconf 69' lang='lat' dir='ltr'><strong>dent</strong></span> <span class='ocrx_word' id='word_1_775' title='bbox 2605 5495 2827 5565; x_wconf 65' lang='lat' dir='ltr'><strong>picarias</strong></span> <span class='ocrx_word' id='word_1_776' title='bbox 2858 5488 3261 5565; x_wconf 44' lang='lat' dir='ltr'><strong>[senties],&#39;illos</strong></span> <span class='ocrx_word' id='word_1_777' title='bbox 3285 5500 3459 5565; x_wconf 79' lang='lat' dir='ltr'><strong>autem</strong></span> <span class='ocrx_word' id='word_1_778' title='bbox 3500 5508 3533 5544; x_wconf 90' lang='lat' dir='ltr'><strong>a</strong></span> 
     </span>
    </p>
   </div>
   <div class='ocr_carea' id='block_1_119' title="bbox 2459 5506 4019 5680">
    <p class='ocr_par' dir='ltr' id='par_1_119' title="bbox 2459 5506 4019 5680">
     <span class='ocr_line' id='line_1_119' title="bbox 2459 5506 4017 5565; baseline -0.004 -17"><span class='ocrx_word' id='word_1_779' title='bbox 2459 5506 2574 5548; x_wconf 72' lang='lat' dir='ltr'><strong>rtem</strong></span> <span class='ocrx_word' id='word_1_780' title='bbox 2605 5506 2827 5547; x_wconf 75' lang='lat' dir='ltr'><strong>vicanos</strong></span> <span class='ocrx_word' id='word_1_781' title='bbox 2858 5506 3112 5565; x_wconf 64' lang='lat' dir='ltr'><strong>[senties],</strong></span> <span class='ocrx_word' id='word_1_782' title='bbox 3140 5506 3261 5546; x_wconf 82' lang='lat' dir='ltr'><strong>tuos</strong></span> <span class='ocrx_word' id='word_1_783' title='bbox 3285 5506 3459 5544; x_wconf 84' lang='lat' dir='ltr'><strong>autem</strong></span> <span class='ocrx_word' id='word_1_784' title='bbox 3500 5508 3533 5544; x_wconf 91' lang='lat' dir='ltr'><strong>a</strong></span> <span class='ocrx_word' id='word_1_785' title='bbox 3589 5506 3689 5559; x_wconf 66' lang='lat' dir='ltr'><strong>ago</strong></span> <span class='ocrx_word' id='word_1_786' title='bbox 3727 5506 4017 5556; x_wconf 68' lang='lat' dir='ltr'><strong>servitutis,</strong></span> 
     </span>
     <span class='ocr_line' id='line_1_120' title="bbox 2459 5506 4019 5680; baseline -0.004 -63"><span class='ocrx_word' id='word_1_787' title='bbox 2459 5574 2514 5617; x_wconf 84' lang='lat' dir='ltr'><strong>ut</strong></span> <span class='ocrx_word' id='word_1_788' title='bbox 2541 5563 2647 5648; x_wconf 51' lang='lat' dir='ltr'><strong>[leo</strong></span> <span class='ocrx_word' id='word_1_789' title='bbox 2670 5563 2827 5615; x_wconf 87' lang='lat' dir='ltr'><strong>libere</strong></span> <span class='ocrx_word' id='word_1_790' title='bbox 2841 5564 3091 5644; x_wconf 62' lang='lat' dir='ltr'><strong>serviant,</strong></span> <span class='ocrx_word' id='word_1_791' title='bbox 3117 5578 3225 5615; x_wconf 83' lang='lat' dir='ltr'><strong>esse</strong></span> <span class='ocrx_word' id='word_1_792' title='bbox 3260 5561 3522 5641; x_wconf 66' lang='lat' dir='ltr'><strong>absolutos</strong></span> <span class='ocrx_word' id='word_1_793' title='bbox 3558 5506 3823 5632; x_wconf 60' lang='lat' dir='ltr'><strong>{patebit}</strong></span> 
     </span>
     <span class='ocr_line' id='line_1_121' title="bbox 2529 5627 4019 5680; baseline 0 0"><span class='ocrx_word' id='word_1_794' title='bbox 2529 5632 2709 5680; x_wconf 44' lang='lat'><strong>1.152)</strong></span> <span class='ocrx_word' id='word_1_795' title='bbox 2750 5630 2825 5680; x_wconf 86' lang='lat' dir='ltr'><strong>De</strong></span> <span class='ocrx_word' id='word_1_796' title='bbox 2878 5632 3161 5680; x_wconf 80' lang='lat' dir='ltr'><strong>Gmhelmo</strong></span> <span class='ocrx_word' id='word_1_797' title='bbox 3204 5629 3476 5680; x_wconf 78' lang='lat' dir='ltr'><strong>Marianus</strong></span> <span class='ocrx_word' id='word_1_798' title='bbox 3528 5627 3722 5680; x_wconf 80' lang='lat' dir='ltr'><strong>Scottis</strong></span> <span class='ocrx_word' id='word_1_799' title='bbox 3774 5636 3830 5680; x_wconf 83' lang='lat' dir='ltr'><strong>ct</strong></span> <span class='ocrx_word' id='word_1_800' title='bbox 3907 5642 4019 5680; x_wconf 71' lang='lat' dir='ltr'><strong>tce-</strong></span> 
     </span>
    </p>
   </div>
   <div class='ocr_carea' id='block_1_120' title="bbox 2529 5627 4019 5707">
    <p class='ocr_par' dir='ltr' id='par_1_120' title="bbox 2529 5627 4019 5707">
     <span class='ocr_line' id='line_1_122' title="bbox 2529 5627 4019 5707; baseline -0.005 -20"><span class='ocrx_word' id='word_1_801' title='bbox 2529 5632 2709 5707; x_wconf 55' lang='lat'><strong>(552)</strong></span> <span class='ocrx_word' id='word_1_802' title='bbox 2749 5630 2825 5707; x_wconf 82' lang='lat' dir='ltr'><strong>De</strong></span> <span class='ocrx_word' id='word_1_803' title='bbox 2878 5627 3722 5707; x_wconf 68' lang='lat' dir='ltr'><strong>Guilielrno_b_larianus.___8cotus</strong></span> <span class='ocrx_word' id='word_1_804' title='bbox 3758 5627 3830 5707; x_wconf 50' lang='lat' dir='ltr'><strong>‘ct</strong></span> <span class='ocrx_word' id='word_1_805' title='bbox 3864 5627 4019 5707; x_wconf 74' lang='lat' dir='ltr'><strong>Sige-</strong></span> 
     </span>
    </p>
   </div>
   <div class='ocr_carea' id='block_1_121' title="bbox 2462 5693 4015 5769">
    <p class='ocr_par' dir='ltr' id='par_1_121' title="bbox 2462 5693 4015 5769">
     <span class='ocr_line' id='line_1_123' title="bbox 2462 5693 4015 5769; baseline -0.005 -14"><span class='ocrx_word' id='word_1_806' title='bbox 2462 5693 2642 5757; x_wconf 82' lang='lat' dir='ltr'><strong>bcrtus</strong></span> <span class='ocrx_word' id='word_1_807' title='bbox 2666 5693 2718 5755; x_wconf 81' lang='lat' dir='ltr'><strong>in</strong></span> <span class='ocrx_word' id='word_1_808' title='bbox 2762 5701 3033 5769; x_wconf 81' lang='lat' dir='ltr'><strong>chronico</strong></span> <span class='ocrx_word' id='word_1_809' title='bbox 3066 5699 3192 5752; x_wconf 86' lang='lat' dir='ltr'><strong>anni</strong></span> <span class='ocrx_word' id='word_1_810' title='bbox 3220 5698 3376 5769; x_wconf 71' lang='lat'><strong>1066.</strong></span> <span class='ocrx_word' id='word_1_811' title='bbox 3408 5696 3725 5754; x_wconf 71' lang='lat' dir='ltr'><strong>Guilielmus</strong></span> <span class='ocrx_word' id='word_1_812' title='bbox 3758 5693 4015 5765; x_wconf 63' lang='lat' dir='ltr'><strong>Neubﬁ&#39;.</strong></span> 
     </span>
    </p>
   </div>
   <div class='ocr_carea' id='block_1_122' title="bbox 2462 5768 3394 5838">
    <p class='ocr_par' dir='ltr' id='par_1_122' title="bbox 2462 5768 3394 5838">
     <span class='ocr_line' id='line_1_124' title="bbox 2462 5768 3394 5838; baseline -0.002 -15"><span class='ocrx_word' id='word_1_813' title='bbox 2462 5785 2639 5823; x_wconf 87' lang='lat' dir='ltr'><strong>rerum</strong></span> <span class='ocrx_word' id='word_1_814' title='bbox 2679 5769 2946 5838; x_wconf 83' lang='lat' dir='ltr'><strong>Angliear.</strong></span> <span class='ocrx_word' id='word_1_815' title='bbox 2985 5768 3075 5820; x_wconf 86' lang='lat' dir='ltr'><strong>lib.</strong></span> <span class='ocrx_word' id='word_1_816' title='bbox 3113 5784 3146 5832; x_wconf 86' lang='lat' dir='ltr'><strong>I,</strong></span> <span class='ocrx_word' id='word_1_817' title='bbox 3176 5784 3291 5837; x_wconf 75' lang='lat' dir='ltr'><strong>cap.</strong></span> <span class='ocrx_word' id='word_1_818' title='bbox 3321 5768 3394 5821; x_wconf 55' lang='lat'><strong>1..</strong></span> 
     </span>
    </p>
   </div>
   <div class='ocr_carea' id='block_1_123' title="bbox 3589 5490 4017 5559">
    <p class='ocr_par' dir='ltr' id='par_1_123' title="bbox 3589 5490 4017 5559">
     <span class='ocr_line' id='line_1_125' title="bbox 3589 5490 4017 5559; baseline 0 -18"><span class='ocrx_word' id='word_1_819' title='bbox 3589 5504 3689 5559; x_wconf 73' lang='grc' dir='ltr'><strong>ιιςο</strong></span> <span class='ocrx_word' id='word_1_820' title='bbox 3727 5490 4017 5559; x_wconf 59' lang='grc' dir='ltr'><strong>αῃὶεεεὶε,</strong></span> 
     </span>
    </p>
   </div>
  </div>
