4218 6392
268 396 368 452 ΞΒ

1320 400 1519 455 LIBER
1555 383 1841 455 animus;
1890 426 1944 436 —
1976 397 2191 458 msr.
2230 404 2455 464 Lxxm.

3401 418 3503 472 ’546

245 512 354 576 ‘(Il
380 511 503 568 Cor.
547 512 649 580 ιι).
690 512 960 567 [lonorem
1009 513 1120 575 Dei,
1150 522 1203 569 et
1222 516 1403 569 omnia
1436 531 1559 584 quae
1582 515 1674 568 Dei
1696 521 1840 576 sunt,
1872 510 1915 566 A
1940 526 2351 587 exspectamus,
2402 524 2512 578 imo
2560 530 2667 580 tota
2712 526 2912 581 mentis
2957 527 3229 604 desiderio~
3262 528 3505 608 accipere

273 617 360 661 tuo
400 614 454 660 et
492 607 802 662 mundanis
844 607 1099 663 omnibus
1134 622 1447 676 prmponere
1479 608 1838 671 consulimus,

270 699 632 752 admonemus
679 708 739 753 et
772 713 1103 767 precamur:
1149 713 1275 754 cum
1332 700 1435 754 hoc
1482 714 1547 754 ex
1577 708 1726 755 certo
1766 701 1844 756 sit

270 804 459 853 unum,
490 788 647 858 quod
674 789 978 860 neglectum
1032 791 1230 859 saepius
1256 800 1362 846 tua:
1393 792 1670 863 dignitatis
1692 800 1843 861 pote-

272 891 438 936 states
458 883 604 937 solet
643 884 873 953 perdere
893 892 947 938 et
967 883 1033 937 ad
1062 883 1266 939 inferos
1289 886 1524 939 trudere.
1552 884 1675 940 Haec
1698 886 1837 950 ideo,

269 973 616 1037 cbarissime,
670 975 768 1029 tibi
817 975 1183 1039 inculcamus,
1242 975 1369 1044 quia
1423 976 1563 1030 inter
1598 991 1751 1046 reges
1792 986 1843 1032 te

270 1066 441 1119 solum
466 1066 747 1121 habemus
773 1082 933 1136 quem
949 1082 1059 1136 prae
1080 1068 1201 1121 aliis
1226 1067 1448 1137 diligere
1475 1068 1841 1137 suprascripta

268 1156 562 1209 credimus.
625 1155 842 1212 Statum
885 1173 1072 1212 verum
1105 1152 1352 1211 nostrum
1374 1198 1388 1222 ,
1419 1174 1580 1227 quem
1604 1168 1667 1215 te
1704 1158 1843 1213 scire

267 1246 586 1313 suppliciter
617 1263 780 1313 oras,
805 1240 882 1303 sic
918 1248 1100 1317 accipe
1134 1246 1370 1302 :Navem
1411 1248 1563 1302 inviti
1597 1248 1843 1303 ascendi-

268 1351 407 1397 mus,
433 1352 559 1404 qum
587 1353 691 1407 per
726 1338 994 1393 undosum
1013 1340 1236 1409 pelagus
1263 1339 1518 1394 violentia
1532 1348 1839 1408 ventorum,

268 1436 319 1479 (et
362 1426 571 1496 impetu
630 1430 948 1494 turbinum,
986 1439 1039 1484 et
1082 1429 1337 1484 ﬂuctibus
1384 1431 1451 1485 ad
1498 1446 1622 1486 aera
1669 1446 1844 1500 usque

268 1517 687 1585 insurgentibus
724 1519 777 1572 in
797 1519 1002 1573 incerta
1033 1519 1284 1587 dejieitur
1311 1538 1324 1572 :
1354 1520 1501 1573 saxis
1532 1520 1839 1591 occultatis,

266 1615 318 1659 et
366 1606 490 1660 aliis
538 1622 570 1661 a
608 1608 773 1675 longe
816 1608 871 1662 in
906 1610 1074 1662 altum
1102 1609 1519 1682 apparentibus,
1558 1608 1683 1663 licet
1715 1624 1840 1664 cum

267 1696 528 1764 periculo,
569 1698 761 1753 obviat
795 1708 973 1754 tamen
1007 1708 1060 1754 et
1092 1701 1382 1779 exanimo.
1424 1700 1620 1785 Sancta
1646 1703 1843 1773 quippe

270 1784 513 1841 Romana
546 1787 818 1855 Ecclesia,
854 1792 942 1845 cui
971 1792 1098 1845 licet
1125 1792 1328 1861 indigni
1354 1802 1407 1846 et
1438 1784 1681 1848 nolentes
1704 1810 1842 1863 pra:-

270 1875 508 1930 sidemus
526 1918 542 1941 ,
567 1877 805 1945 diversis
833 1879 1240 1943 tentationibus,
1277 1881 1692 1949 quamplurimis
1718 1899 1841 1952 per-

268 1967 648 2021 secutionibus
679 1968 1084 2037 hypocritarum
1123 1977 1177 2023 et
1216 1970 1592 2026 hrereticorum
1628 1969 1841 2027 insidiis

269 2064 320 2107 et
333 2054 538 2109 dolosis
555 2055 959 2125 objectionibus
971 2057 1226 2113 continue
1248 2067 1303 2113 et
1314 2058 1559 2129 quotidie
1577 2056 1837 2131 quatitur,

272 2141 563 2197 mundanis
598 2158 731 2197 vero
760 2146 1121 2213 potestatibus
1146 2147 1356 2202 occulte
1375 2156 1429 2202 et
1448 2148 1723 2204 evidenter
1746 2166 1842 2219 per
1874 2194 1879 2200 .

271 2232 477 2288 diversa
513 2234 863 2291 distrahitur.
888 2235 1097 2301 Quibus
1130 2238 1384 2293 omnibus
1405 2240 1643 2306 obviare,
1678 2250 1731 2295 et
1757 2242 1841 2297 his

272 2331 323 2375 et
377 2323 801 2393 quamplurimis
850 2324 973 2380 aliis
1038 2341 1383 2396 summopere
1425 2344 1646 2395 cavere,
1716 2324 1842 2399 post

273 2409 470 2478 Deum,
506 2422 563 2467 et
614 2413 755 2467 inter
796 2414 1045 2469 homines
1098 2417 1271 2469 nostri
1308 2424 1362 2470 et
1402 2415 1566 2471 ofﬁcii
1610 2426 1664 2473 et
1696 2434 1840 2475 cura

276 2508 576 2575 specialiter
606 2508 805 2562 horum
841 2522 970 2561 cura
995 2508 1083 2563 die
1104 2518 1376 2580 noctuque
1412 2512 1731 2581 coquimur,
1754 2513 1839 2569 his

275 2606 326 2649 et
348 2599 624 2653 similibus
662 2599 916 2654 continue
945 2599 1271 2666 divellimur,
1312 2602 1436 2657 licet
1472 2618 1572 2672 pro
1597 2612 1839 2676 tempore

278 2686 343 2739 ab
376 2686 538 2755 hujus
563 2688 752 2742 mundi
785 2688 908 2743 ﬁliis
932 2690 1047 2744 hmo
1072 2689 1547 2746 nobis'videantur
1576 2694 1834 2773 arridere.

278 2770 403 2838 Quae
454 2784 636 2829 tamen
673 2777 886 2847 (grates
937 2776 1047 2832 Deo
1079 2778 1396 2848 referimus)
1435 2770 1706 2835 mundana
1747 2796 1838 2835 co-

278 2869 473 2930 guntur
525 2866 687 2921 nobis
733 2865 1035 2935 displicere.
1065 2865 1155 2921 Sic
1178 2868 1432 2933 vivimus,
1468 2876 1552 2934 et,
1590 2870 1700 2924 Deo
1741 2886 1838 2923 an-

280 2964 493 3021 nuente,
528 2956 796 3011 vivemus.
827 2955 1170 3026 Privilegium
1208 2973 1338 3012 vero
1368 2959 1539 3013 sancti
1558 2958 1835 3029 Stephani,

280 3040 343 3094 de
373 3058 481 3111 quo
537 3035 843 3111 mandasti,
878 3046 1075 3101 anima:
1104 3055 1210 3101 tua:
1259 3048 1411 3102 salus
1465 3056 1581 3112 est,
1638 3056 1691 3103 et
1739 3064 1837 3119 pro

278 3133 457 3187 eodem
506 3135 603 3191 tibi
650 3124 989 3192 consulimus
1023 3137 1104 3192 sic
1136 3145 1313 3191 ratum
1348 3145 1409 3227 te
1428 3137 1649 3203 habere,
1676 3147 1835 3207 prout
1861 3170 1905 3227 ϐ

278 3220 431 3291 legati
470 3228 645 3281 nostri
679 3226 873 3282 Petrus
914 3236 969 3281 et
1015 3226 1255 3284 Joannes
1306 3226 1547 3285 Minutus
1572 3231 1832 3287 canonice

281 3310 669 3369 observandum
714 3315 1045 3385 iudicarunt.
1076 3314 1134 3370 Si
1167 3326 1346 3373 tamen
1390 3321 1834 3389 superabundans

280 3398 472 3467 aliquid
508 3403 790 3472 privilegio
825 3404 920 3458 tibi
946 3404 1158 3468 videtur
1192 3407 1544 3479 adscriptum,
1570 3420 1833 3480 quantum

282 3488 425 3555 plura
479 3505 577 3560 pro
633 3491 744 3547 Deo
783 3500 838 3547 et
867 3502 1056 3549 sancto
1114 3496 1293 3563 Petro,
1347 3499 1506 3554 beato
1561 3500 1853 3571 Stephano-

283 3582 643 3648 concesseris,
680 3591 832 3637 tanto
872 3584 1081 3659 majora
1133 3586 1189 3639 in
1250 3588 1604 3644 retributione
1638 3591 1707 3645 ab
1750 3592 1836 3647 his

285 3670 457 3733 procul
489 3672 657 3727 dubio
686 3675 930 3729 habebis.
956 3675 1139 3731 Rebus
1159 3692 1290 3732 vero
1318 3679 1488 3733 sancti
1516 3678 1682 3745 Petri,
1714 3697 1835 3751 qua:

284 3752 336 3808 lu
355 3758 539 3829 Anglia
560 3762 908 3834 colliguntur,
922 3766 1001 3821 sic
1018 3774 1069 3820 te
1083 3768 1261 3822 uttuis
1276 3767 1554 3837 invigilare
1578 3770 1845 3826 admone-‘

286 3858 419 3911 mus,
434 3849 832 3908 sicliberalitati
854 3862 980 3919 tum,
1005 3862 1064 3910 ut
1088 3863 1177 3910 tua
1190 3857 1598 3923 committimus,
1615 3862 1833 3931 utpium

284 3943 334 3987 et
379 3940 670 4007 propitium
705 3944 1005 3997 debitorem
1039 3944 1259 3999 Petrum
1309 3948 1577 4016 reperias,
1613 3961 1667 4007 et
1709 3968 1833 4006 cum

286 4022 373 4077 tibi
404 4040 468 4081 ex
490 4028 676 4083 debito
706 4030 991 4103 subvenire
1012 4032 1325 4102 admoneas,
1349 4052 1511 4107 quem
1543 4041 1644 4096 sibi
1667 4043 1836 4097 multa

286 4122 333 4168 te
356 4116 609 4176 tribuisse
636 4112 746 4177 non
768 4122 973 4185 latebit.

350 4206 475 4299 Data
497 4211 688 4269 Romae
717 4229 757 4270 tt
779 4182 965 4274 Nonas
987 4204 1215 4295 Aprilis,
1242 4181 1447 4299 indiet.
1468 4242 1564 4279 xu.

778 4346 1111 4409 EPISTOLA
1147 4354 1332 4431 LXXI,

533 4453 602 4491 AD
649 4454 956 4499 ιΑτιιιιυῑιι
991 4460 1219 4500 BBGINAI
1260 4458 1559 4505 ANGLOIUI.

833 4498 1218 4601 (Ann01074:
1239 4498 1558 4604 )ni—v'ﬂm
1864 4498 1908 4551 Β

285 4604 612 4695 Commendat
629 4614 744 4695 ejus
760 4616 1113 4695 [tumilitatcm
1136 4629 1187 4695 et
1206 4622 1519 4695 chantatem
1545 4667 1561 4689 ,
1589 4625 1834 4680 hortatur

345 4686 398 4769 ἓ
424 4682 476 4769 ἕξ
497 4682 613 4769 dies
632 4682 698 4765 in
720 4683 1001 4769 hislmogis
1035 4691 1307 4769 proficiat,
1330 4705 1382 4748 et
1397 4696 1465 4769 in
1511 4682 1748 4769 viro‘suo
1771 4714 1833 4750 ea

601 4760 718 4823 qua
755 4753 825 4809 ad
883 4750 1077 4830 citima:
1119 4750 1345 4816 salutem
1390 4764 1446 4816 in
1485 4764 1671 4831 primis
1712 4782 1832 4835 per-

345 4936 642 4998 Guzconms
676 4945 982 5015 episcopus,
1015 4963 1203 5004 servus
1248 4966 1528 5009 servorum
1558 4955 1671 5023 Dei,
1708 4956 1823 5011 ΜΑ-
1852 5017 1866 5031 ⁸

287 5036 446 5117 rium
492 5032 699 5102 reginae
728 5031 1023 5103 Anglorum
1081 5039 1310 5096 salutem
1358 5052 1413 5099 et
1468 5048 1823 5117 apostolicam

285 5109 711 5175 benedictionem.

344 5202 545 5262 Auditis
564 5211 864 5267 nobilitatis
876 5219 984 5269 tua:
1012 5215 1231 5295 litteris,
1258 5222 1633 5281 liberalitatem
1653 5235 1819 5295 tuam,

1942 607 2224 676 cupimus;
2280 620 2369 679 ut,
2406 628 2529 682 quae
2587 616 2786 672 nobilis
2831 632 2892 673 es
2934 617 3217 687 sanguine,
3271 607 3505 673 nobilior
3575 644 3579 647 -

1942 697 2093 754 vivas
2126 710 2437 757 sanctorum
2470 720 2684 772 morum
2708 707 3009 764 honestate.
3041 706 3185 763 lnsta
3219 705 3337 761 viro
3366 716 3460 786 tuo
3486 727 3500 762 :

1943 790 2136 845 animae
2167 794 2319 848 utilia
2365 809 2648 866 suggerere
2694 813 2763 852 ne
2818 799 3056 854 desinas.
3093 798 3312 853 Certum
3356 797 3501 852 enim

1940 890 2025 935 est
2074 890 2154 949 ut,
2181 883 2226 937 si
2255 884 2339 938 vir
2364 886 2594 941 inﬁdelis
2627 902 2722 957 per
2772 889 3053 943 mulierem
3092 888 3318 952 ﬁdelem,
3344 897 3403 941 ut
3428 887 3504 942 ait

1942 972 2233 1042 Apostolus
2277 972 2380 1041 (11
2409 975 2530 1031 Cor.
2559 993 2634 1030 vn
2655 978 2693 1046 ),
2727 978 2986 1048 solvatur,
3037 979 3121 1033 vir
3144 979 3305 1032 etiam
3333 978 3504 1033 ﬁdelis

1940 1079 2037 1133 per
2058 1066 2333 1120 mulierem
2361 1067 2569 1122 ﬁdelem
2603 1070 2657 1123 in
2684 1071 2875 1124 melius
2899 1079 3295 1139 augmentatur.

1922 1205 1927 1210 .
2012 1156 2144 1212 Data
2194 1157 2398 1225 Roma,
2432 1161 2671 1214 secundo
2705 1159 2890 1215 Nonas
2934 1160 3151 1230 Aprilis,
3212 1160 3519 1216 indictione

1940 1247 2279 1303 duodecima.

2422 1357 2754 1413 EPISTOLA
2794 1358 3000 1414 LXXII.

2369 1462 2431 1500 AD
2468 1462 2817 1503 GOTBFREDU!
2856 1463 3029 1503 θυωνῖὶί

2513 1539 2705 1606 (Anno
2741 1539 2933 1610 l07i.)

1939 1622 2125 1693 Arguit
2144 1623 2279 1693 quod
2308 1624 2503 1677 milites
2535 1626 2739 1679 auxilio
2763 1637 2943 1681 sancto
2966 1627 3125 1681 Petro
3152 1644 3253 1682 non
3284 1628 3502 1693 miserit,

2185 1703 2243 1745 ut
2270 1695 2601 1762 promiserat.
2641 1695 2815 1749 Monet
2842 1705 2901 1748 ut
2927 1714 3013 1749 eos
3049 1699 3246 1752 mittat.

2012 1783 2316 1839 Gnscoums
2339 1785 2647 1854 episcopus,
2675 1802 2864 1842 servus
2887 1802 3168 1842 servorum
3189 1788 3303 1853 Dei,
3328 1789 3508 1844 Gorn-

1944 1889 2111 1927 rneno
2173 1873 2531 1947 [Gotil‘redo]
2572 1876 2697 1932 duci
2770 1877 2999 1934 salutem
3047 1886 3102 1933 et
3152 1880 3504 1948 apostolicam

1941 1962 2387 2017 benedictionem.

2010 2049 2067 2104 Si
2093 2050 2171 2105 Sic
2195 2052 2391 2106 mentis
2424 2053 2635 2109 stabilis
2669 2054 2724 2109 in
2756 2057 3124 2126 apostolorum
3150 2058 3409 2129 principis
3446 2059 3507 2113 ﬁ-

1938 2142 2155 2199 delitate
2183 2159 2431 2199 maneres
2460 2143 2602 2199 sieut
2623 2146 2781 2202 nobis
2807 2149 3158 2218 promiseras,
3184 2159 3237 2205 et
3259 2167 3325 2205 ex
3347 2151 3508 2207 corde

1939 2229 2042 2285 sibi
2066 2231 2394 2307 adhrereres,
2422 2234 2591 2287 multa
2618 2235 2711 2289 tibi
2739 2237 2895 2305 quasi
2921 2253 2987 2291 ex
3017 2239 3283 2307 pactione,
3308 2248 3363 2295 et
3382 2256 3509 2296 vera

1937 2322 2200 2377 charitate
2242 2323 2595 2389 deberemus;
2629 2341 2851 2391 verum,
2884 2327 3025 2396 'quia
3055 2337 3236 2382 omne:
3275 2330 3509 2386 declina-

1936 2418 2148 2474 verunt,
2178 2410 2342 2464 δίηται
2390 2412 2606 2467 inutiles
2655 2416 2790 2483 facti
2822 2424 2964 2482 sunt,
3000 2424 3075 2483 et,
3132 2416 3193 2471 ut
3221 2414 3506 2483 Psaqlmista

1899 2570 1916 2577 _
1937 2499 2031 2562 ait,
2064 2515 2167 2552 non
2187 2509 2261 2553 est
2288 2502 2379 2569 qui
2403 2500 2569 2570 faciat
2592 2502 2803 2570 bonum,
2836 2520 2937 2558 non
2960 2515 3038 2559 est
3062 2522 3225 2577 usque
3250 2508 3319 2560 ad
3346 2525 3507 2571 unum

1938 2586 2111 2658 [PsaL
2160 2585 2304 2659 xm],
2332 2588 2478 2663 viam.
2506 2590 2800 2646 multorum
2828 2592 3059 2648 aliorum
3103 2604 3324 2650 secutus
3344 2595 3510 2650 decli-

1937 2675 2112 2731 uasti:
2137 2676 2230 2730 ubi
2274 2683 2358 2729 est
2381 2678 2644 2732 auxilium
2672 2681 2818 2750 quod
2869 2682 3249 2751 pollicebaris?
3277 2684 3507 2738 uhimi-

1937 2764 2059 2818 lites
2092 2779 2231 2832 quos
2264 2764 2331 2818 ad
2382 2765 2643 2820 honorem
2672 2777 2726 2821 et
2746 2768 3051 2824 subsidium
3087 2772 3257 2825 sancti
3286 2771 3427 2827 Petri
3455 2782 3509 2828 te

1934 2853 2224 2907 ducturum
2260 2852 2418 2908 nobis
2466 2855 2813 2923 promisisti?
2873 2857 2977 2913 Sed
3009 2860 3137 2928 quia
3173 2862 3318 2930 quod
3346 2863 3507 2919 beato

1934 2938 2095 2994 Petro
2118 2939 2419 3009 promisisti
2460 2958 2566 2996 non
2598 2944 2923 3014 implevisti,
2956 2962 3056 3002 nos
3108 2949 3233 3003 licet
3258 2948 3461 3019 indigni
3486 2993 3504 3019 ,

1935 3031 2028 3101 qui
2061 3031 2248 3085 vicarii
2271 3032 2390 3102 ejus
2415 3033 2670 3102 dicimur,
2696 3037 2841 3092 nulla
2880 3038 2987 3093 alia
3012 3039 3107 3094 tibi
3145 3041 3508 3110 promissione

1938 3123 2294 3188 adhaeremus,
2332 3125 2438 3202 nisi
2481 3126 2608 3202 quia
2654 3138 2715 3181 ut
2757 3128 3073 3186 Christiano
3096 3133 3189 3187 tibi
3225 3134 3509 3191 consulere

1932 3212 2210 3267 debemus.
2244 3194 2611 3291 Rcmlniscere
2659 3225 2867 3283 patrem
2912 3226 3066 3272 tuum
3103 3222 3270 3275 multa
3306 3232 3509 3279 sancta:

1933 3298 2193 3355 Romanae
2247 3298 2504 3363 Ecclesiae
2540 3304 2907 3371 promisisse,
2963 3321 3085 3375 quae
3126 3308 3172 3362 si
3216 3319 3507 3366 exsecutus

1936 3390 2097 3457 foret,
2120 3392 2277 3461 longe
2303 3392 2459 3446 aliter
2484 3400 2538 3446 et
2573 3392 2799 3448 hilarius
2829 3394 2895 3449 de
2924 3409 2991 3449 eo
3020 3412 3182 3465 quam
3207 3398 3507 3456 sentiamus

1935 3479 2028 3553 [ᾖ.
2060 3479 2348 3551 sentimus]
2378 3490 2557 3537 tecum
2574 3483 2958 3550 gauderemus.
2985 3485 3326 3542 DeSardi'uia
3350 3504 3503 3555 vero,
3535 3480 3542 3487 ’

1934 3568 2062 3638 quia
2112 3568 2378 3623 terminus
2425 3584 2585 3638 quem
2612 3572 2896 3650 posuimus
2922 3573 3035 3641 jam
3082 3575 3317 3641 transiit,
3371 3576 3507 3633 nihil

1934 3655 2079 3709 aliud
2136 3657 2716 3731 mandamuskquam,
2781 3662 2925 3729 quod
2994 3672 3286 3730 prteseutes
3344 3665 3551 3742 simul

1934 3745 2190 3800 diximus.
2240 3744 2499 3815 Denique,
2533 3748 2579 3802 si
2606 3748 2659 3801 in
2690 3749 2777 3803 his
2816 3766 2939 3818 qua!
2986 3752 3144 3806 nobis
3184 3755 3506 3821 promisisti,

1934 3836 2182 3889 videlicet
2216 3846 2404 3890 sancto
2449 3836 2611 3891 Petro
2642 3853 2708 3893 ex
2738 3840 2901 3894 corde
2922 3841 3218 3912 adhaerere,
3253 3844 3507 3898 immobi-

1935 3926 2057 3979 liter
2080 3934 2319 3993 perstare
2354 3926 2595 3984 volueris
2615 3969 2631 3995 ,
2666 3938 2719 3984 te
2751 3930 2892 3985 sicut
2920 3932 3302 3986 charissimum
3335 3934 3503 3988 tilium

1935 4016 2274 4081 habebimus,
2298 4026 2353 4072 et
2387 4027 2442 4072 tu
2474 4034 2597 4089 nos,
2617 4036 2929 4090 quanquam
2952 4021 3255 4088 indignum,
3290 4020 3507 4078 dulcem

1932 4114 2113 4161 tamen
2153 4109 2375 4165 habebis
2399 4119 2628 4179 patrem.

2008 4195 2140 4250 Data
2185 4195 2419 4271 Romae,
2466 4197 2700 4267 septimo
2757 4196 2883 4253 ldus
2927 4198 3164 4270 Aprilis,
3211 4201 3508 4261 indictione

1935 4285 2273 4341 duodecima.
3121 4287 3135 4303 '

2411 4389 2750 4455 EPISTOLA
2784 4400 3013 4457 Lxxm.
3180 4470 3181 4473 γ

2114 4500 2181 4540 ΔΙ)
2222 4501 2559 4543 ιεεπιιειιτωι
2598 4506 2960 4545 PICTAV‘ENSEI
2998 4507 3305 4549 EPISCOPUI.

2503 4578 2697 4649 (Anno
2732 4580 2886 4636 1074.
2902 4581 2921 4652 )
3059 4581 3065 4587 '

1941 4663 2009 4720 Ut
2044 4666 2098 4741 in
2125 4668 2461 4741 ⁸ρυόζῖὶιιιδὶῖιιὶ
2502 4671 2729 4741 concilio
2777 4673 3174 4741 metropolitano
3244 4674 3509 4730 rationem

2006 4735 2192 4816 reddat
2214 4739 2303 4816 nde.
2316 4735 3022 4816 monasterig_il’ob_iliacehs_i
3054 4740 3071 4811 [
3090 4741 3454 4816 Ohilciacensi
3466 4747 3508 4816 ἶ,

2005 4807 2144 4874 quod
2172 4806 2356 4877 clerici
2379 4810 2552 4861 sancti
2604 4809 2805 4863 Hilari:
2830 4827 2921 4877 per
2962 4806 3069 4864 vini
3092 4811 3157 4863 ab
3187 4830 3247 4867 eo
3281 4806 3513 4870 detineri

2005 4876 2394 4951 (gerebantur:
2447 4887 2497 4933 et
2515 4886 2539 4944 ,'
2584 4880 2708 4931 sise
2748 4876 3022 4948 gravatum
3071 4884 3299 4951 sentiat,
3337 4886 3411 4938 ad
3456 4904 3514 4941 se

2007 4942 2227 4997 Romam
2250 4946 2440 4999 veniat.

2003 5052 2307 5109 CBEGOIIUS
2342 5056 2647 5126 epise0pus,
2687 5074 2876 5117 servus
2903 5078 3183 5118 servorum
3211 5062 3329 5131 Dei,
3352 5065 3512 5123 isme-

1929 5157 2101 5195 πεκτο
2126 5141 2438 5199 Pictavensi‘
2458 5145 2735 5218 episeopo.

1998 5229 2190 5284 Clerici
2214 5237 2649 5306 congregationis
2679 5237 2853 5292 sancti
2905 5235 3095 5293 Hilarii
3130 5243 3312 5295 venire
3354 5241 3505 5311 [lege

287 5287 379 5401 {illa
401 5296 616 5363 dilecta,
636 5299 911 5401 dilectioni
939 5314 993 5379 et
1026 5290 1317 5367 humilitati
1362 5314 1638 5384 invigilare
1668 5287 1825 5374 intel;
1929 5319 2157 5391 venere]
2193 5323 2259 5377 ad
2294 5287 2863 5395 n35?

289 5378 543 5479 ierimus,
583 5403 649 5479 ea
691 5392 892 5461 quibus
918 5378 1025 5449 tua!
1056 5400 1247 5457 salutis
1282 5378 1539 5459 indiciu'm
1584 5416 1637 5464 et
1669 5426 1819 5479 spem

287 5477 459 5561 certam
484 5475 730 5533 hilariter
744 5480 1078 5553 accepimus.
1104 5485 1220 5541 Non
1252 5489 1449 5561 quippe
1464 5475 1818 5561 dubitandum

289 5553 343 5647 iis
379 5559 488 5628 ejus
533 5563 707 5619 salute
740 5562 876 5635 sifore
918 5573 1208 5647 credimus,
1264 5553 1401 5645 qua;
1439 5556 1727 5637 humilitati
1767 5594 1821 5639 ct

287 5641 564 5733 dilectioni,
596 5651 655 5706 in
684 5669 794 5723 qua
841 5646 929 5712 lex
949 5674 1013 5713 ex
1045 5669 1163 5713 toto
1204 5641 1531 5733 continetur,
1565 5686 1628 5723 ex
1655 5674 1817 5728 corde

287 5730 517 5822 inservire
556 5740 911 5815 dignoscitur.
959 5747 1183 5805 Munera
1231 5753 1421 5811 haec—ct
1472 5730 1665 5819 similia
1700 5780 1728 5817 a
1768 5773 1815 5817 te

1926 5410 2074 5464 censi
2104 5412 2676 5472 monasterio.;Dicuut
2698 5417 2845 5471 enim
2882 5418 2932 5473 id
2960 5419 3099 5488 juris
3134 5417 3308 5473 sancti
3344 5417 3498 5475 Hila-

1926 5498 1992 5551 rii
2023 5509 2163 5563 esSe,
2215 5510 2269 5553 et
2317 5517 2347 5554 a
2403 5508 2461 5556 te'
2505 5503 2653 5557 nulla
2705 5504 3162 5575 rationejustitize
3212 5506 3438 5562 detineri
3479 5528 3495 5563 :

1926 5589 2066 5641 unde
2120 5590 2282 5643 etiam
2330 5592 2673 5659 prudentiam
2727 5606 2873 5650 tuam
2924 5598 3250 5665 apostolicas
3286 5586 3497 5666 praede-

1862 5736 1867 5742 .
1922 5676 2155 5729 cesseris
2174 5679 2343 5731 nostri
2362 5678 2647 5747 Alexandri
2663 5685 2869 5738 litteras
2885 5685 3187 5755 suscepisse
3203 5695 3498 5753 testantur,

1924 5764 2012 5817 sed
2050 5765 2173 5838 inde
2202 5767 2469 5834 justitiam
2522 5773 2757 5841 recipere
2793 5788 2852 5830 sc
2876 5788 2983 5827 non
3024 5764 3263 5844 potuisse
3304 5776 3493 5829 iterata
