4218 6430
722 446 827 503 547

726 560 1111 615 reclamatione
1134 536 1501 614 manifestam.
1520 559 2017 628 Asseruntquoque
2042 554 2304 625 praedium
2333 556 2380 611 Α

727 648 1149 718 Campaniacum
1178 648 1416 709 nomine.
1438 647 1893 712 teconsentiente,
1912 662 1942 699 a
1958 643 2302 715 pradonibus

729 740 839 794 tuis
870 739 1068 807 injuste
1101 739 1394 793 devastari.
1416 738 1637 791 Addunt
1660 739 1881 807 insuper
1901 728 1959 791 se
1983 750 2048 788 ex
2081 733 2303 801 antiqua

729 826 1119 883 consuetudine
1147 842 1274 882 eum
1298 826 1502 882 sanctis
1532 826 1773 894 reliquiis
1806 832 1860 878 et
1889 822 2043 892 plebe
2065 836 2161 875 sua
2190 834 2306 872 ma-

731 917 921 969 tricem
957 905 1243 969 ecclesiam
1280 916 1333 967 in
1359 914 1737 984 rogationibus
1758 912 1977 974 adiisse,
2004 918 2057 962 et
2081 924 2113 961 a
2138 921 2305 961 cano-

732 1005 870 1059 nicis
895 1005 1003 1058 tuis
1018 1003 1084 1058 ad
1099 1004 1483 1058 contumeliam
1506 996 1608 1058 sibi
1624 1003 1841 1056 clausas
1858 1009 2042 1069 portas
2064 997 2307 1052 ecclesia

730 1103 786 1149 et
820 1092 1100 1147 introitum
1127 1103 1380 1163 negatum
1405 1092 1594 1148 fuisse.
1632 1090 1765 1157 Qua
1791 1090 1837 1143 si
1871 1090 1943 1143 ita
1981 1087 2122 1143 facta
2157 1094 2304 1151 sunt,

732 1183 1029 1253 apostolica
1076 1182 1401 1236 auctoritate
1438 1181 1534 1234 tibi
1561 1180 1905 1250 pracipimus
1942 1186 2001 1231 ut
2023 1186 2075 1230 te
2105 1189 2308 1243 repra—

734 1282 914 1328 st'ntes
970 1273 1024 1325 in
1068 1271 1301 1324 concilio
1350 1270 1730 1339 episeoporum
1781 1253 2075 1337 provincia
2116 1272 2309 1317 vestra

736 1359 1168 1431 metmpolitano'
1208 1370 1323 1425 tuo,
1376 1370 1449 1425 et,
1488 1360 1695 1414 reddita
1743 1373 1906 1426 super
1939 1356 2025 1410 his
2056 1353 2310 1408 omnibus

735 1455 965 1516 ratione.
994 1469 1055 1508 ac
1102 1468 1235 1529 pura
1294 1453 1518 1506 veritate
1564 1451 1845 1513 discussa,
1873 1446 2142 1517 justitiam
2191 1444 2312 1498 inde

738 1553 1135 1613 consequenter
1156 1544 1413 1596 exhibere
1437 1558 1546 1595 non
1571 1542 1973 1611 pratermiltas.
2010 1538 2231 1599 Verum,
2266 1534 2312 1588 si

740 1634 855 1688 hac
905 1634 1085 1702 aliqua
1121 1631 1405 1685 occasione
1455 1630 1721 1694 rcnueris,
1756 1638 1849 1683 aut
1878 1636 1928 1681 te
1952 1627 2150 1696 injuste
2180 1639 2314 1693 pra-

740 1723 953 1792 gravari
975 1721 1317 1791 cognoveris,
1336 1722 1387 1775 in
1411 1719 1704 1775 festivitate
1730 1721 1976 1774 omnium
2000 1724 2314 1773 sanctorum

741 1826 866 1865 eum
889 1810 1096 1879 aliquot
1118 1809 1330 1864 clericis
1360 1810 1532 1864 sancti
1563 1808 1752 1862 Hilarii
1785 1808 1850 1861 ad
1885 1822 1985 1860 nos
2026 1805 2232 1867 venias,
2258 1812 2317 1858 ut

1359 445 1416 500 S.
1453 444 1778 502 GREGORII
1820 443 1909 498 γιι
1945 441 2145 509 ΡΜ)Ᾰῖ
2182 436 2465 495 OPERUM
2506 433 2686 489 PARS
2724 432 2763 487 Ι.
2793 461 2856 473 -
2901 425 3320 486 REGISTIKUM.

3861 417 3974 474 548

2892 541 3227 597 EPISTOLA
3265 537 3473 593 LXXV.

2578 665 2645 703 AD
2688 660 2968 702 PHILIPPUI
2998 660 3017 697 t
3056 650 3232 697 nec“
3269 655 3581 694 I'BANCORUI
3620 638 3789 709 (355).

2973 735 2991 800 (
3010 733 3167 785 Anno
3205 729 3361 784 1074.
3382 730 3401 798 )

2408 828 2581 882 Monet
2612 835 2670 880 ut
2699 808 2898 878 damna.
2924 820 3228 875 Beluaeensi
3247 818 3484 873 ecclesia
3504 816 3663 871 illata
3698 802 3981 880 resarciat,

2470 908 2520 952 et
2551 912 2674 950 suos
2703 904 3051 947 antecessores
3078 891 3315 943 imitetur
3348 889 3405 941 in
3429 886 3766 957 defendendis
3787 893 3838 940 et
3862 903 3985 938 am-

2471 965 2777 1036 pliﬁcandi:
2807 962 3064 1017 ecclesiis.
3232 1026 3235 1029 ὗ

2474 1079 2782 1134 (ἰκεαοιιυδ
2838 1074 3161 1143 episcopus,
3238 1083 3429 1125 servus
3492 1082 3777 1124 servorum
3847 1064 3981 1125 Dei.

2407 1170 2657 1225 Puiuero
2694 1166 2805 1237 regi
2857 1164 3194 1219 Francorum
3230 1161 3463 1217 salutem
3500 1168 3563 1214 ‘et
3620 1158 3985 1229 apostolicam

2408 1261 2855 1318 benedictionem.
2951 1310 2957 1324 ,
3808 1304 3841 1324 ν

2480 1310 3025 1421 έῖέῆἶῆξξέῑίηοίής
3076 1362 3171 1418 per
3204 1346 3411 1400 litteras
3443 1353 3500 1399 et
3520 1343 3727 1413 legatos
3749 1310 3896 1406 tuos,
3934 1348 3990 1395 te

2411 1442 2567 1494 beato
2599 1439 2760 1495 Petro
2780 1439 3152 1509 apostolorum
3175 1435 3404 1507 principi
3426 1434 3617 1490 devote
3637 1447 3702 1488 ac
3731 1431 3993 1488 decenter

2412 1531 2547 1585 velle
2601 1530 2841 1595 obedire,
2877 1539 2932 1584 et
2982 1538 3170 1583 nostra
3204 1528 3259 1580 in
3304 1525 3391 1581 his
3416 1540 3538 1596 qua
3567 1524 3635 1578 ad
3656 1521 3993 1578 ecclesiasti-

2413 1635 2532 1674 cam
2586 1620 2930 1691 religionem
3007 1618 3277 1687 pertinent
3337 1616 3545 1670 monita
3617 1614 3993 1669 desideranter

2415 1708 2603 1762 audire
2635 1717 2799 1777 atque
2825 1705 3102 1775 perﬁcere.
3131 1704 3289 1770 Quod
3326 1704 3372 1759 si
3400 1704 3474 1758 ita
3496 1703 3648 1777 cordi
3684 1713 3781 1758 tuo
3801 1703 3994 1758 divino

2418 1797 2675 1851 instinctu
2706 1793 2928 1850 aflixum
2951 1803 3053 1858 est,
3088 1795 3317 1848 multum
3340 1794 3573 1865 gaudere
3593 1808 3695 1848 nos
3715 1793 3994 1859 convenit,

743 1899 798 1953 in
832 1874 1121 1975 praesentia
1160 1894 1347 1952 nostra
1398 1899 1772 1965 controversia
1827 1907 2005 1951 vestra
2038 1896 2321 1965 diligenter
2352 1874 2394 1928 Β
2423 1887 2568 1956 quo-1
2594 1885 2885 1941 eminentia
2919 1892 3011 1939 lua
3033 1883 3100 1937 ad
3131 1883 3371 1937 diVinam
3406 1898 3581 1953 Prona
3607 1882 3995 1948 NVemmiams

743 1992 1041 2061 perquisita
1056 1999 1107 2045 et
1127 1991 1341 2060 cognita
1360 1990 1658 2061 legitimum
1678 1990 1862 2057 tinem,
1883 1989 1993 2043 lico
2009 1990 2316 2057 adjuvante,

746 2079 1040 2148 suscipiat;
1068 2089 1122 2134 et
1147 2089 1258 2134 tam
1302 2081 1610 2135 sollicitudo
1638 2090 1848 2163 nostra,
1873 2094 1993 2149 qua
2024 2079 2209 2132 multis
2234 2077 2319 2130 in-

742 2170 1160 2251 vigilat,quam
1190 2180 1372 2225 vestra
1421 2171 1490 2225 lis
1539 2171 1796 2240 deinceps
1835 2185 1998 2238 super
2033 2169 2119 2224 bis
2142 2167 2323 2223 causis

748 2262 923 2330 scpita
947 2262 1209 2330 quiescat.
2209 2318 2217 2329 δ

822 2347 957 2404 Data
988 2348 1175 2404 Roma
1200 2349 1440 2404 secundo
1475 2348 1600 2405 ldus
1633 2349 1853 2419 Aprilis,
1884 2348 1994 2403 ind.
2032 2364 2126 2401 xu.

1236 2497 1569 2552 EPISTOLA
1610 2498 1841 2553 LXXIV.

1295 2627 1362 2665 AD
1400 2621 1777 2667 Βεινλεεδεεε.

1326 2682 1520 2791 (Anno
1550 2719 1706 2776 1074.
1728 2723 1746 2793 )

754 2832 989 2888 Absolvit
1018 2847 1103 2885 eos
1139 2834 1203 2886 ab
1226 2834 1788 2886 ‘excommunicatione
1817 2832 2055 2900 precibus
2103 2831 2332 2900 episcopi

825 2919 977 2972 quem
1033 2903 1380 2969 o/fenderant.
1438 2901 1613 2954 Monet
1642 2911 1699 2954 ut
1754 2902 1995 2954 obediant
2021 2942 2037 2967 ,
2072 2910 2121 2953 et
2178 2901 2243 2952 ab
2274 2916 2333 2953 eo

830 2972 1192 3041 penitentiam
1228 2972 1544 3040 suscipiant.

832 3104 1139 3158 Gnscomns
1171 3103 1479 3172 episcopus,
1508 3119 1698 3158 servus
1732 3118 2015 3157 servorum
2046 3102 2161 3168 Dei,
2190 3102 2335 3157 clero

759 3200 813 3246 et
838 3192 1036 3260 populo
1072 3190 1415 3257 Belvacensi,
1451 3192 1498 3245 si
1562 3192 1809 3261 resipuit,
1842 3193 2074 3246 salutem
2121 3200 2175 3245 et
2203 3205 2335 3260 apo-
2365 3206 2407 3263 ο

768 3283 1018 3336 stolieam
1047 3281 1498 3336 lenedictionem.

836 3369 1106 3434 Quoniam
1155 3371 1295 3423 mira
1358 3379 1410 3423 et
1472 3370 1735 3425 hactenus
1800 3368 2043 3424 inaudita
2094 3368 2339 3434 fecistis,

766 3460 1078 3513 detestanda
1125 3469 1179 3514 et
1222 3460 1584 3515 abominanda
1636 3462 2021 3531 perpetrastis,
2074 3471 2129 3515 et
2180 3475 2344 3528 super

769 3561 956 3620 gentes
986 3567 1108 3623 qua
1138 3551 1390 3620 ignorant
1420 3550 1611 3616 Deum,
1638 3552 1909 3606 saviendo
1933 3560 1987 3605 et
2018 3552 2345 3604 inhumanas

768 3641 986 3708 linguas
1011 3639 1345 3703 exacuendo,
1367 3638 1421 3691 in
1446 3638 1616 3692 Deum
1637 3648 1691 3693 et
1709 3640 1762 3693 in
1787 3638 2077 3693 Dominum
2103 3646 2343 3690 vestrum

770 3728 1232 3799 praesumpsistis,
1290 3728 1496 3782 idcirco
1567 3737 1757 3783 sancta
1806 3727 2051 3781 Romana
2109 3725 2346 3781 Ecclesia

773 3819 1094 3872 auctoritate
1136 3816 1396 3883 Patrum,
1449 3818 1729 3872 sanctione
1782 3833 2095 3881 canonum,
2158 3816 2210 3868 in
2251 3831 2350 3869 vos

769 3906 1011 3978 jaculun.
1044 3906 1407 3959 anathematis
1447 3906 1569 3974 jure
1596 3907 1883 3972 contorsit,
1916 3914 1971 3960 et
2000 3892 2098 3975 pro
2141 3904 2351 3957 meritis

777 4000 975 4053 talibus
998 4014 1061 4051 ae
1078 3996 1500 4066 tantisgladium
1520 3998 1574 4050 in
1591 4012 1688 4051 vos
1714 3998 1845 4051 dira
1871 3994 2353 4051 animadversionis

775 4088 1100 4156 evaginavit.
1136 4085 1241 4139 Sed
1288 4097 1575 4156 postquam
1604 4086 1747 4141 tilius
1778 4095 1833 4140 et
1872 4085 2147 4139 confrate‘r
2172 4093 2355 4138 noster

780 4176 1102 4229 Guilielmus
1117 4174 1406 4244 episcopus
1429 4185 1627 4240 vester.
1646 4185 1871 4245 paterna
1897 4175 2096 4244 pietate
2115 4174 2356 4243 rogando

781 4283 880 4338 pro
908 4267 1062 4320 vobis
1096 4265 1382 4333 epistolam
1421 4278 1576 4319 suam
1633 4264 1789 4318 nobis
1822 4265 1875 4316 in
1900 4273 2141 4332 tempore
2167 4262 2356 4333 synodi

782 4356 1020 4419 dir-exit,
1089 4356 1385 4406 sentientes
1428 4369 1553 4406 cum
1607 4370 1731 4423 erga
1778 4369 1876 4407 vos
1922 4353 2239 4406 benevolum
2307 4359 2361 4404 et

783 4444 1104 4499 referentem
1150 4456 1248 4510 pro
1302 4441 1445 4495 malo
1493 4441 1731 4507 bonum,
1780 4440 2032 4511 precibus
2074 4441 2195 4509 ejus
2227 4440 2359 4494 moti

2424 1993 2547 2046 qua
2592 1976 2752 2047 regia
2801 1973 3289 2029 administrationis
3319 1980 3447 2027 sunt
3478 1971 3679 2043 cogitat
3708 1980 3871 2041 atque
3896 1985 3999 2026 co-

2427 2066 2656 2137 gnoscit.
2686 2064 2840 2119 Unde
2874 2064 3211 2119 nobilitatem
3238 2072 3388 2118 tuam
3413 2078 3481 2117 ex
3510 2072 3664 2132 parte
3685 2062 3827 2117 beati
3849 2061 4002 2119 Petri

2428 2157 2815 2221 admonemus,
2857 2162 2912 2209 et
2953 2152 3103 2207 omni
3168 2152 3449 2208 charitatis
3490 2152 3685 2207 aﬂ'ectu
3739 2168 4004 2224 rogamus

2428 2254 2697 2315 quatenus
2719 2242 2887 2298 Deum
2911 2242 3007 2297 tibi
3043 2243 3258 2312 placare
3292 2241 3532 2307 studeas,
3562 2250 3617 2295 et
3637 2241 3777 2301 inter
3805 2251 4001 2296 catera

2429 2351 2552 2405 quae
2600 2344 2753 2388 tuum
2797 2342 2879 2388 est
2940 2333 3241 2403 corrigere,
3274 2347 3370 2401 per
3400 2340 3454 2385 te
3491 2331 3640 2387 illata
3685 2331 4005 2387 Belvacensi

2432 2424 2687 2479 Ecclesia
2714 2423 3035 2477 detrimenta
3066 2438 3167 2493 pro
3213 2422 3588 2492 magnitudine
3632 2421 3712 2477 tui
3762 2419 4007 2475 nominis

2430 2527 2485 2570 et
2517 2518 2744 2572 honoris
2773 2517 3120 2587 aliquatenus
3144 2517 3435 2572 emendare
3465 2532 3577 2571 non
3598 2516 4003 2587 praetermittas.

2432 2604 2719 2660 Attendere
2747 2606 2893 2659 enim
2924 2615 2975 2659 te
3018 2605 3301 2659 nobiscum
3346 2613 3401 2659 et
3431 2604 3714 2676 diligenter
3753 2605 4009 2659 conside-

2434 2707 2557 2746 rare
2587 2693 2856 2759 volumus,
2903 2694 2957 2747 in
2990 2702 3195 2762 quanta
3238 2693 3527 2749 dilectione
3583 2695 3729 2750 sedis
3780 2703 4007 2763 aposto-

2435 2784 2572 2850 lica,
2606 2792 2915 2852 quantaque
2947 2782 3118 2852 gloria
3171 2790 3225 2835 et
3249 2774 3502 2837 laudibus
3536 2781 3649 2838 fere
3694 2798 3789 2853 per
3816 2783 4011 2837 orbem

2437 2884 2703 2929 terrarum
2737 2884 3113 2930 antecessores
3149 2875 3226 2929 tui
3253 2890 3406 2946 reges
3434 2876 3725 2930 clarissimi
3755 2885 3809 2931 et
3828 2876 4012 2931 famo-

2438 2965 2643 3020 sissimi
2671 2966 2839 3020 habiti
2884 2974 3032 3030 sunt,
3056 2965 3185 3020 dum
3222 2965 3442 3019 illorum
3474 2965 3621 3035 regia
3664 2964 3924 3034 majestas
3957 2965 4014 3019 in

2439 3058 2833 3125 ampliﬁcandis
2867 3067 2921 3111 et
2944 3056 3299 3111 defendendis
3325 3056 3585 3113 Ecclesiis
3619 3058 3707 3127 pia
3734 3073 3797 3111 ac
3818 3058 4018 3112 devota

2440 3147 2717 3213 constitit,
2752 3148 2805 3201 iu
2863 3147 3097 3201 tenendo
3120 3147 3392 3216 justitiam
3436 3147 3606 3200 libera
3640 3163 3704 3201 ac
3753 3147 4019 3201 distracL.

2442 3242 2757 3312 permansit.
2798 3241 3092 3309 Postquam
3124 3256 3252 3294 vero
3301 3239 3483 3293 divina
3517 3246 3571 3293 et
3605 3226 3843 3292 humana
3890 3238 4022 3308 jura

2444 3332 2803 3385 subvertendo
2839 3339 2987 3385 tanta
3020 3332 3195 3385 virtus
3225 3331 3281 3383 in
3317 3329 3710 3399 posterioribus
3733 3329 3899 3399 capit
3920 3330 4023 3384 he-

2442 3423 2683 3487 bescere,
2709 3422 2875 3476 totius
2898 3422 3049 3491 regni
3072 3420 3263 3491 gloria,
3288 3420 3476 3485 decus,
3500 3420 3678 3475 honor
3700 3428 3757 3474 et
3777 3420 4025 3489 potentia

2444 3527 2567 3579 cum
2594 3512 2872 3580 perversis
2906 3512 3153 3564 moribus
3178 3511 3464 3563 immutata
3496 3518 3658 3576 sunt,
3687 3517 3741 3563 et
3792 3509 4028 3564 nobilis-

2447 3601 2584 3657 sima
2629 3600 2769 3655 fama
2806 3610 2860 3655 et
2907 3609 3080 3656 status
3102 3602 3253 3669 regni
3280 3615 3310 3654 a
3350 3599 3590 3655 culmine
3621 3615 3735 3654 sua
3757 3600 4029 3656 claritatis

2448 3692 2702 3746 inclinata
2739 3701 2883 3747 sunt.
2913 3690 3038 3746 liae
3057 3692 3275 3761 quidem
3309 3700 3363 3745 et
3384 3692 3492 3745 alia
3525 3690 3653 3745 talia
3684 3688 4026 3759 frequenter.

2449 3789 2519 3846 et,
2558 3782 2603 3834 si
2635 3790 2865 3849 oportet,
2898 3794 3092 3848 aspero
3122 3779 3286 3833 etiam
3319 3794 3573 3833 sermone
3602 3779 3700 3832 tibi
3726 3778 4027 3842 inculcare,

2451 3871 2689 3940 suscepti
2734 3886 2836 3925 nos
2866 3868 3033 3924 oflicii
3087 3884 3219 3923 cura
3262 3868 3538 3938 compellit
3572 3887 3585 3921 :
3614 3868 3875 3938 quoniam
3902 3867 4034 3922 licet

2452 3962 2676 4017 verbum
2718 3959 3117 4030 praedicationis
3145 3960 3479 4014 abscondere
3511 3967 3566 4013 et
3596 3957 3805 4029 uspiam
3848 3966 4036 4012 tacere

2456 4069 2564 4108 non
2591 4055 2661 4108 sit
2691 4054 2850 4107 nobis
2876 4060 3052 4106 tutum
3086 4060 3181 4104 aut
3212 4051 3468 4114 liberum,
3494 4058 3676 4103 tamen
3710 4058 3917 4117 quanto
3948 4047 4040 4102 di-

2457 4142 2635 4214 gnitas
2668 4150 2751 4195 est
2786 4141 3017 4209 amplior
3050 4150 3106 4193 et
3130 4153 3360 4208 persona
3383 4137 3688 4202 sublimior,
3723 4145 3875 4191 tanto
3902 4152 4041 4206 pro—

2460 4234 2765 4303 pensiorem
2796 4248 2986 4287 curam
3028 4242 3082 4284 et
3114 4231 3389 4285 clamoren
3422 4244 3521 4299 pro
3557 4228 3677 4298 ejus
3704 4228 4042 4283 rectitudine

2461 4339 2561 4377 nos
2592 4325 2789 4378 habere
2845 4322 3128 4387 convenit,
3180 4314 3505 4375 admonente
3529 4333 3631 4372 nos
3677 4318 3909 4371 Domino
3939 4332 4043 4385 per

2463 4416 2780 4485 prophetam
2812 4415 3077 4469 dicentem
3108 4431 3121 4467 :
3161 4411 3370 4476 Clama,
3399 4425 3463 4462 ne
3489 4424 3675 4474 cesses,
3698 4408 3851 4477 quasi
3908 4408 4045 4461 tuba

784 4536 943 4591 Sulila
979 4498 1176 4603 pietate
1208 4498 1820 4598 condescendimus;ei,
1854 4548 1948 4600 per
1983 4498 2360 4586 auctoritatem
2393 4530 2436 4583 D
2463 4506 2844 4603 {saliorum
2876 4514 3021 4603 "‘0"?
3045 4502 3179 4603 (l_‘“°
3207 4502 3382 4603 nl");
3406 4499 3678 4603 Ρηξδίνθθ
3700 4512 3826 4602 θιξω
3861 4498 4047 4601 τίτίῩὲ

786 4623 930 4682 beati
962 4620 1105 4675 Petri
1143 4620 1512 4688 apostolorum
1556 4620 1818 4689 principis
1852 4634 1949 4674 vos
1998 4620 2357 4682 absolventes,

789 4714 1053 4768 indultam
1102 4710 1501 4764 absolutionem
1542 4711 1804 4765 continuo
1841 4710 1995 4764 vobis
2028 4724 2124 4778 per
2158 4709 2363 4763 litteras

792 4814 1008 4857 nostras
1039 4801 1348 4872 significare
1370 4800 1781 4855 destinavimus.
1820 4800 2020 4854 Eadem
2056 4799 2218 4867 igitur
2267 4812 2364 4850 au-

790 4894 1041 4948 ctoritate
1076 4892 1360 4945 beatorum
1411 4890 1781 4961 apostolorum
1811 4887 1954 4941 Petri
2000 4896 2054 4942 et
2094 4885 2278 4948 Pauli,
2314 4894 2365 4939 et

795 4990 1005 5045 nostra,
1033 4994 1130 5033 vos
1169 4994 1456 5034 monemus
1482 4988 1752 5050 quatenus
1777 4976 2004 5045 posthac
2038 4976 2139 5030 sibi
2167 4972 2366 5029 subditi

794 5079 850 5125 et
894 5070 1241 5133 obedientes,
1297 5068 1443 5123 sicut
1485 5079 1667 5123 vestro
1722 5068 2011 5139 episcopo,
2064 5076 2119 5121 et
2170 5074 2370 5120 saneta

800 5159 1060 5213 Romanae
1083 5158 1335 5213 Ecclesia
1359 5158 1504 5223 filio,
1538 5158 1657 5211 sitis
1683 5180 1697 5210 ;
1722 5166 1776 5211 et
1817 5158 1884 5212 de
1918 5166 2065 5211 tanta
2092 5163 2370 5225 perpetra-

800 5250 968 5313 tione,
995 5247 1041 5300 si
1074 5247 1445 5316 pmnitentiam
1490 5246 1668 5301 adhuc
1719 5259 1828 5299 non
1858 5242 2085 5311 fecistis,
2128 5244 2373 5313 ejusdem

801 5339 1040 5410 episc0pi
1060 5340 1222 5395 vestri
1246 5340 1450 5395 salubri
1466 5340 1701 5395 consilio
1718 5339 1836 5394 sine
1851 5352 2003 5391 mora
2029 5336 2339 5405 suscipiatis
2357 5354 2371 5401 ;

802 5438 1073 5501 quatenus
1117 5430 1341 5502 spiritus
1374 5439 1550 5485 vester
1572 5432 1758 5486 salvus
1790 5430 1862 5484 sit
1888 5429 1943 5483 in
1968 5427 2056 5481 die
2103 5424 2338 5480 Domini.

877 5516 1011 5572 Data
1064 5516 1249 5575 Roma
1293 5518 1475 5575 Idibus
1520 5517 1758 5588 Aprilis,
1820 5516 2116 5572 indictione
2168 5513 2377 5568 duode-

808 5621 970 5663 ειωε.

2460 4596 2894 4652 Christianorum
2937 4595 3242 4664 principum
3292 4593 3348 4646 in
3380 4591 3626 4661 ejusdem
3662 4590 3805 4661 regis
3840 4589 4049 4655 castris

2463 4689 2528 4741 ad
2547 4687 2848 4743 custodiam
2875 4684 3199 4739 Christiana
3215 4682 3419 4736 militia
3442 4681 3725 4736 nobiscum
3746 4679 4053 4734 convenire

2463 4778 2673 4833 debeat.
2713 4777 2784 4831 Ut
2818 4778 2982 4847 igitur
3032 4789 3223 4828 eorum
3252 4787 3486 4841 quorum
3536 4785 3598 4824 es
3658 4780 3944 4823 successor
3989 4767 4053 4823 in

2466 4882 2634 4939 regno
2668 4865 2964 4921 nobilitatis
3004 4873 3058 4918 et
3091 4864 3276 4934 gloria:
3320 4860 3463 4930 apud
3492 4858 3664 4913 Deum
3698 4865 3753 4912 et
3788 4856 4053 4913 homines

2468 4956 2760 5029 singularis
2783 4966 2838 5010 et
2856 4954 3168 5010 individuus
3192 4952 3365 5007 bares
3390 4948 3614 5014 existas,
3644 4947 3898 5003 virtutem
3921 4944 4054 5001 illo-

2468 5064 2591 5105 rum
2646 5062 2989 5115 summopere
3019 5054 3071 5099 te
3128 5042 3353 5107 imitari,
3383 5049 3455 5105 et,
3483 5038 3751 5109 justitiam
3792 5034 3887 5089 Dei
3915 5037 4056 5094 totis

2470 5140 2677 5193 viribus
2700 5135 3064 5204 exsequendo,
3091 5130 3348 5185 ecclesias
3370 5138 3636 5198 quantum
3659 5133 3813 5196 potes
3833 5134 4056 5181 restan~

2475 5247 2593 5286 rare
2614 5240 2668 5285 et
2680 5227 2966 5285 defendere
2983 5225 3337 5279 exhortamur
3365 5240 3378 5274 :
3406 5229 3675 5290 quatenus
3702 5217 4056 5286 amnipotens

2475 5322 2617 5376 Deus
2650 5310 2868 5375 dextera
2889 5315 3107 5371 virtutis
3134 5328 3266 5379 sua,
3299 5322 3354 5365 et
3374 5312 3464 5365 hic
3495 5307 3648 5380 regni
3667 5307 3747 5385 tui
3772 5308 4055 5379 guberna-

2476 5413 2599 5470 cula
2634 5418 2878 5481 protegat
2900 5418 2953 5464 et
3004 5408 3204 5463 exaltet
3223 5446 3238 5471 ,
3288 5413 3342 5459 et
3392 5391 3651 5461 coronam
3705 5400 4056 5469 sempiterna

2479 5502 2662 5575 gloria
2692 5500 2746 5553 in
2784 5497 2967 5553 futura
2991 5493 3431 5551 remuneratione
3454 5490 3637 5545 donet.

2554 5591 2690 5645 Data
2717 5587 2904 5643 Roma
2932 5585 3115 5641 Idibus
3144 5581 3368 5652 Aprilis,
3394 5576 3689 5635 indictione
3721 5591 3821 5634 xu.

883 5780 1056 5851 (353)
1092 5781 1167 5839 De
1197 5781 1447 5855 Philippo
1476 5779 1495 5835 l
1526 5797 1647 5852 rege
1672 5779 2006 5835 Francorum
2041 5773 2385 5831 continuator
2486 5764 2727 5823 Aimonii
2750 5765 2789 5818 l.
2823 5778 2874 5828 v,
2902 5759 2976 5817 De
3007 5758 3170 5831 gestis
3199 5756 3554 5824 Francorum,
3584 5751 3759 5839 capite
3788 5751 3860 5810 ιε
3889 5760 3949 5809 et
3972 5751 4053 5810 50.
