4218 6382
277 396 369 451 339

758 493 1094 552 EPISTOLA
1135 490 1367 547 LXXVI.

286 616 289 617 ν
368 626 433 665 Δ»
469 622 811 663 ιιυιιιειτυιι
862 618 1237 660 ιυῦυυκεκεεκ
1274 613 1735 656 Αλουιειιιεςοιιυι.

869 713 1049 784 (Anno
1084 710 1266 781 1074.)

270 806 585 875 Episcopum
628 803 1067 875 Matisconensent
1100 798 1446 875 commendat,
1480 806 1529 850 et
1560 796 1629 849 ad
1666 792 1848 848 Eccle-

619 875 827 927 siarum
855 871 1206 939 defensionem
1234 868 1495 920 hortatur.

333 987 647 1043 Caesonius
679 983 991 1054 episcopus,
1021 994 1211 1034 servus
1242 992 1521 1033 servorum
1550 975 1665 1039 Dei,
1693 972 1845 1028 lieu-

270 1092 435 1133 εειτο
460 1072 820 1146 Lugdunensi
852 1069 1258 1139 archiepiscopo
1276 1077 1332 1122 et
1350 1067 1468 1136 ejus
1493 1063 1846 1134 suffraganeis

269 1164 534 1235 episcopis
571 1163 811 1217 salutem
843 1168 899 1213 et
931 1158 1284 1227 apostolicam
1324 1155 1771 1210 benedictionem.

332 1260 685 1315 Confratrem
750 1267 996 1313 nostrum
1051 1251 1340 1327 [vestrum]
1395 1251 1845 1305 Matisconensem

270 1352 601 1420 episcOpum,
653 1364 818 1419 quem
866 1344 1345 1402 intervenientibus
1388 1340 1710 1411 quibusdam
1760 1353 1847 1390 ra-

270 1440 619 1494 tionabilibus
659 1437 842 1493 causis
866 1434 1255 1497 ordinavimus,
1282 1432 1348 1486 ad
1369 1445 1466 1485 vos
1495 1444 1618 1484 cum
1645 1426 1847 1481 nostris

271 1532 458 1586 litteris
492 1539 549 1584 et
584 1527 892 1598 apostolico
933 1525 1109 1595 sigillo
1153 1523 1436 1587 mittimus,
1480 1528 1749 1589 quatenus
1779 1517 1846 1570 de

272 1629 515 1689 suscepto
559 1617 918 1674 sacerdotalis
966 1614 1124 1669 ollicii
1163 1614 1352 1669 ordine
1394 1620 1449 1665 et
1482 1612 1686 1664 honore
1736 1622 1843 1660 non

271 1710 468 1763 incerta
490 1708 657 1762 vobis
679 1701 832 1774 signa
862 1716 916 1759 et
937 1704 1132 1759 indicia
1161 1701 1375 1757 referat.
1407 1699 1507 1754 Cui
1532 1711 1844 1768 quanquam

270 1814 362 1852 vos
385 1798 630 1851 debitam
671 1805 728 1848 et
757 1794 1051 1849 fraternam
1084 1776 1425 1845 dilectionem
1462 1796 1707 1857 prompte
1749 1799 1843 1840 ex-

273 1887 449 1941 hibere
470 1901 594 1964 .non
630 1885 961 1948 dubitemus,
1004 1881 1197 1936 addere
1226 1879 1328 1934 sibi
1359 1889 1537 1935 tamen
1560 1885 1615 1932 et
1640 1884 1839 1931 nostra

272 1974 333 2028 ad
356 1989 449 2028 vos
479 1972 976 2027 commendationis
1016 1971 1173 2039 quasi
1201 1968 1537 2038 privilegium
1589 1974 1839 2035 oportere

274 2064 667 2132 perspeximus,
712 2070 981 2131 quatenus
1011 2060 1242 2114 eitanto
1282 2057 1670 2113 accumulatior
1702 2056 1841 2109 inter

273 2169 363 2209 vos
402 2153 649 2208 charitas
694 2153 989 2216 enitescat,
1030 2159 1257 2219 quanto-
1285 2164 1351 2203 ex
1393 2147 1610 2202 vinculo
1650 2150 1843 2199 vestra

259 2241 627 2319 fraternitatis
648 2250 705 2296 et
729 2249 977 2309 respectu
1021 2238 1330 2307 apostolica
1374 2222 1685 2292 reverentia
1713 2250 1835 2289 con-

273 2334 589 2402 junctionet
623 2332 949 2386 eminentior
974 2344 1099 2383 eum
1124 2343 1285 2382 causa
1308 2328 1671 2383 commendat.
1699 2326 1843 2392 Qua-

274 2428 486 2488 propter
507 2434 772 2488 rogamus
804 2432 920 2481 vos,
954 2425 1007 2471 et
1036 2416 1392 2470 admonemus
1423 2416 1476 2468 in
1511 2414 1759 2478 Domino,
1786 2424 1846 2468 ut

276 2524 392 2562 eum
418 2510 593 2578 plena
616 2507 924 2563 dilectionis
948 2506 1247 2570 affectibus,
1276 2513 1330 2557 et
1355 2505 1515 2574 digna
1557 2512 1866 2576 congratu—V

275 2598 467 2657 Latione
497 2598 831 2667 suscipiatis,
865 2604 920 2651 et
946 2597 1013 2650 ad
1044 2595 1330 2665 regendam
1367 2594 1467 2649 sibi
1500 2592 1845 2647 commissam

278 2690 593 2756 Ecclesium,
623 2690 849 2760 ejusque
874 2690 998 2759 jura
1026 2689 1327 2752 retinenda,
1358 2696 1429 2752 et,
1456 2687 1546 2739 ubi
1574 2701 1710 2753 Opus
1730 2684 1846 2735 fue-

279 2781 364 2844 rit,
412 2777 805 2848 reeuperanda,
852 2793 976 2831 eum
1021 2777 1169 2831 omni
1220 2792 1349 2830 cura
1384 2783 1438 2830 et
1473 2774 1681 2838 studio,
1728 2787 1849 2841 qua

280 2870 496 2938 potestis
521 2869 754 2923 consilia
776 2876 829 2923 et
852 2868 1117 2937 adjutoria
1144 2858 1454 2920 conferatis.
1488 2863 1622 2917 Nam
1644 2870 1849 2932 quanto

282 2960 361 3013 his
378 2952 722 3029 temporibus
745 2973 843 3027 pro
877 2958 1110 3027 peccatis
1144 2955 1348 3029 nostris
1378 2954 1618 3008 Ecclesia
1652 2951 1847 3008 savio-

283 3048 424 3103 ribus
477 3063 872 3118 usquequaque
937 3048 1269 3101 concutitur
1312 3045 1845 3113 perturbationibus,

282 3146 428 3192 tanto
470 3139 761 3192 sollicitius
798 3154 897 3191 nos
942 3137 1008 3190 ad
1051 3135 1418 3190 defensionem
1440 3149 1627 3188 earum
1658 3141 1843 3186 nostra

282 3225 497 3279 consilia
537 3234 593 3279 et
627 3241 765 3294 quas
798 3240 1088 3294 possumus
1112 3225 1253 3279 vires
1286 3224 1525 3278 adunare
1554 3222 1842 3286 debemus;

285 3323 545 3382 quatenus
578 3324 768 3369 contra
816 3323 963 3368 tanta
1006 3315 1240 3382 pericula
1282 3313 1535 3367 fortiores
1564 3311 1618 3364 in
1656 3310 1846 3364 miiitia

284 3402 478 3459 Christi
492 3414 548 3459 et
577 3403 833 3459 fraternis
863 3403 1112 3472 negotiis,
1137 3403 1337 3457 mutuis
1360 3400 1848 3456 sustentationibus

285 3494 565 3559 sustinere,
599 3492 710 3547 Deo
745 3493 1050 3561 adjuvante,
1083 3498 1378 3545 valeamus.

348 3579 481 3636 Data
508 3581 699 3637 Roma
721 3583 930 3640 decimo
955 3582 1183 3651 septimo
1220 3580 1487 3636 Kalendas
1516 3580 1735 3649 Aprilis,
1761 3580 1813 3632 in
1835 3607 1846 3617 -

286 3665 512 3748 dictione
541 3671 883 3743 duodecima.
1400 3652 1415 3660 Α

750 3778 1081 3834 EPISTOLA
1110 3779 1371 3835 LXXVII.

436 3882 502 3922 ut
536 3883 839 3922 BEATBICEI
877 3885 945 3921 ΕΤ
982 3885 1104 3923 Ellis
1140 3886 1317 3922 FILIAM
1357 3885 1682 3923 IATHILDEI.

863 3975 1040 4046 (Anno
1089 3977 1270 4045 1074.)

290 4084 489 4140 Laudat
518 4086 767 4140 humilem
809 4088 1161 4155 paenitentiam
1205 4088 1430 4156 episcopi
1462 4088 1754 4155 Argentini,
1798 4097 1849 4141 et

354 4172 440 4210 eas
468 4157 668 4225 arguit,
700 4156 835 4225 quod
864 4158 1143 4209 venientem
1170 4156 1597 4224 Romuminjuste
1611 4156 1848 4209 detinue-

353 4226 475 4278 rint.
526 4225 753 4295 Mandat
778 4234 833 4278 ut
864 4226 1091 4295 solutum
1131 4225 1484 4295 Mediolanum
1523 4242 1683 4295 usque
1715 4226 1850 4277 diri—

352 4304 493 4362 gant.
543 4294 858 4348 Placentino
909 4305 957 4349 et
1010 4294 1129 4348 aliis
1178 4294 1557 4364 Longobardia:
1594 4297 1849 4363 episcopis

351 4377 443 4428 pro
487 4365 799 4443 necessitate
853 4380 1148 4443 concessam
1192 4365 1537 4432 conﬁrmandi
1581 4364 1848 4418 licentiam

328 4432 557 4509 asserit.
614 4428 804 4484 Reddit
836 4433 1201 4509 nonnullorum
1233 4428 1467 4486 actorum
1503 4451 1737 4499 suorum,
1784 4434 1849 4487 de

353 4498 534 4565 quibus
560 4502 1013 4567 murmurabatur,
1045 4504 1321 4555 rationem.

260 4668 263 4669 ν
354 4586 660 4641 Gneconws
694 4590 998 4657 episcopus,
1036 4584 1223 4647 scrvus
1264 4606 1541 4647 servorum
1580 4590 1695 4655 Dei,
1723 4592 1847 4646 duci

296 4674 537 4732 Bruma
576 4684 634 4731 et
654 4677 772 4745 ejus
797 4678 919 4731 ﬁlia
953 4671 1191 4733 Mathildi
1230 4682 1458 4757 salutem
1498 4688 1553 4733 et
1585 4682 1846 4748 apostoli-

295 4778 401 4817 cam
427 4766 873 4822 benedictionem.

353 4852 486 4907 Cum
534 4854 806 4923 Propheta
829 4861 1056 4907 testetur
1097 4854 1240 4922 quod
1291 4855 1632 4924 omnipotens
1683 4855 1845 4923 Deus,

293 4954 441 5007 quem
465 4944 958 5012 imitarijubemur,
981 4958 1076 4996 cor
1092 4944 1383 4997 contritum
1418 4952 1471 4997 et
1504 4935 1846 5001 humiliatum

295 5042 393 5081 non
426 5042 649 5100 spernat
684 5032 853 5103 (Psal.
892 5033 966 5101 ι),
1004 5048 1101 5086 nos
1149 5033 1366 5102 quidem
1408 5033 1500 5102 qui
1536 5044 1847 5102 peccatores

294 5130 490 5185 sumus,
526 5122 636 5176 etsi
675 5123 1051 5179 contritionem
1074 5124 1314 5178 cordium
1344 5124 1397 5176 in
1420 5124 1539 5177 aliis
1570 5139 1676 5177 non
1714 5125 1847 5178 satis

296 5207 438 5274 plene
486 5210 834 5281 respicimus,
884 5215 1098 5284 cognita
1146 5224 1324 5269 tamen
1377 5213 1748 5279 dissimulare,
1792 5225 1846 5269 et

295 5298 440 5365 quasi
478 5314 582 5370 pro
618 5302 790 5358 nihilo
816 5314 1127 5376 computare
1150 5321 1258 5361 non
1282 5305 1563 5360 debemus.
1602 5304 1844 5362 Guarne-

302 5389 405 5444 ritis
428 5390 837 5463 Argentinensis
858 5396 1161 5466 episcopus,
1192 5407 1477 5467 postquam
1499 5396 1732 5466 peccatis
1766 5396 1846 5451 fa-

301 5477 553 5535 cientibus
582 5480 836 5535 decorem
869 5483 953 5537 sui
983 5485 1188 5540 ordinis
1210 5487 1425 5557 indigne
1451 5485 1721 5552 tractavit,
1746 5502 1845 5541 vo-

304 5575 444 5624 catus
465 5570 529 5625 ad
562 5569 955 5625 correctionem
996 5587 1027 5626 a
1060 5573 1279 5630 domino
1312 5585 1501 5633 nostro
1529 5578 1849 5632 veneranda
1870 5561 1884 5573 ’

307 5660 560 5719 memoria
582 5660 892 5716 Alexandro
915 5677 1069 5731 papa,
1107 5664 1253 5738 solus
1274 5666 1412 5721 inter
1440 5683 1627 5753 omnes
1653 5667 1848 5723 Teuto-

1329 378 1527 435 LIBER
1568 374 1843 433 PRIMUS.
1882 403 1955 414 --
1988 371 2206 427 EPIST.
2246 367 2480 423 LXXVII

1472 476 1475 479 ἰ
1880 486 1925 542 Α
1952 484 2087 538 nica
2136 491 2293 536 terra
2339 480 2654 548 episcopos,
2705 489 2936 544 quorum
2991 473 3146 527 multi
3194 486 3301 527 non
3347 474 3524 528 solum

3421 364 3523 419 550

1951 572 2156 628 carnali
2206 571 2427 635 scelere,
2461 568 2554 622 sed
2598 567 2761 621 etiam
2806 563 3101 619 simoniaea
3153 563 3271 615 labe
3315 561 3520 628 laniati,

1950 666 2134 720 itidem
2172 663 2344 718 vocati
2367 668 2512 724 sunt,
2539 656 2905 728 apostolorum
2937 655 3122 709 limina
3146 654 3320 723 petiit,
3345 654 3521 708 locum

1944 755 2131 827 judicii
2157 755 2210 809 in
2234 750 2554 808 humilitatis
2584 749 2758 804 forma
2780 747 3056 818 pravenit,
3081 755 3133 800 et
3155 745 3358 799 veritus
3388 758 3521 813 apo-

1948 847 2196 902 stolicam
2226 846 2435 914 virgam
2471 838 2843 896 annuntiando
2875 846 2930 892 et
2962 834 3251 906 cogitando
3272 848 3368 903 pro
3395 848 3512 901 pec-

1947 936 2084 991 catis
2114 934 2227 989 suis
2262 933 2317 986 in
2352 932 2548 986 faciem
2584 927 2833 999 procidit.
2880 925 3189 995 Apostolica
3219 924 3382 994 igitur
3408 932 3520 975 tum

1948 1039 2179 1079 censura
2223 1030 2508 1090 correptus
2537 1020 2649 1089 jam
2686 1031 2831 1072 nunc
2860 1014 3213 1085 apostolicam
3254 1012 3401 1069 venit
3429 1026 3524 1065 ex-

1947 1115 2120 1185 pediri
2146 1112 2512 1177 clementiam,
2563 1119 2620 1164 et
2664 1124 2789 1164 cum
2820 1115 2968 1164 tanta
3008 1104 3341 1175 fatigatione,
3382 1102 3523 1156 sicut

1947 1204 2275 1268 audivimus,
2315 1201 2608 1271 jejunando
2657 1200 2877 1270 pariter,
2911 1208 2965 1251 et
2998 1198 3313 1266 plerumque
3361 1194 3522 1263 pedes

1945 1292 2144 1373 eundo,
2196 1291 2667 1361 eompunctionem
2718 1304 2873 1342 suam
2916 1295 2971 1341 et
3018 1285 3377 1340 obedientiam
3424 1283 3521 1338 de-

1948 1382 2287 1447 monstravit,
2314 1389 2373 1435 ut
2402 1380 2702 1435 confratres
2724 1377 2893 1432 nostri
2922 1392 3020 1445 pro
3042 1374 3399 1444 competentia
3424 1375 3523 1427 ho-

1946 1488 2065 1526 rum
2099 1481 2402 1541 temporum
2432 1470 2797 1524 miscrendum
2841 1466 2943 1521 sibi
2979 1467 3093 1520 fore
3122 1467 3343 1536 dignum
3367 1463 3519 1518 asti-

1947 1573 2157 1617 marent
2191 1572 2246 1616 et
2281 1563 2671 1616 decernerent:
2707 1561 2795 1615 cui
2836 1575 3147 1629 quanquam
3199 1556 3523 1626 episcopalis
3560 1556 3561 1563 “

1946 1652 2102 1705 oilieii
2120 1652 2624 1720 redintegrationem
2650 1650 2716 1703 ad
2743 1658 2864 1702 vota
2883 1664 2978 1701 sua
2998 1663 3103 1701 non
3127 1646 3520 1709 concessimus,

1946 1756 2197 1795 exercere
2243 1748 2419 1793 tamen
2454 1740 2507 1792 in
2555 1740 2646 1791 illo
2688 1739 2920 1807 rigorem
2964 1736 3287 1791 canonicum
3328 1736 3430 1792 hoc
3466 1736 3522 1795 in

1876 1823 1917 1876 Β
1947 1840 2186 1899 tempore
2236 1828 2363 1898 quid
2400 1827 2644 1890 referret,
2688 1842 2810 1881 cum
2867 1826 3118 1889 fortasse,
3163 1825 3267 1878 hoc
3316 1835 3519 1889 amoto,

1942 1916 2120 1975 locum
2146 1920 2264 1990 ejus
2287 1934 2394 1975 non
2426 1918 2564 1973 alius
2600 1917 2919 1987 possideret,
2951 1916 3057 1970 nisi
3088 1915 3178 1984 qui
3227 1914 3520 1983 plurimum

1943 2012 2186 2081 pecunia
2212 2012 2342 2066 dare
2363 2010 2588 2080 posset?
2621 2008 2888 2063 Catcrum
2926 2006 3070 2077 quod
3105 2021 3199 2060 vos
3238 2004 3442 2059 fecistis
3464 2005 3520 2057 in

1944 2118 2090 2167 eum,
2124 2116 2287 2171 quam
2330 2101 2676 2154 inhonestum
2706 2099 2878 2163 vobis,
2904 2112 3066 2166 quam
3093 2095 3225 2148 mihi
3255 2108 3519 2149 verecun-

1945 2191 2096 2255 dum,
2123 2204 2394 2258 quamque
2428 2190 2584 2242 beato
2618 2187 2778 2240 Petro
2812 2196 2865 2240 et
2899 2184 3207 2253 apostolica
3251 2183 3363 2237 sedi
3386 2197 3521 2237 con-

1946 2280 2292 2336 tumeliosum
2316 2279 2406 2342 sit,
2430 2292 2637 2347 quaso,
2662 2291 2785 2331 cum
2811 2275 3009 2328 animis
3029 2273 3519 2341 vestrisreputate,

1949 2380 2008 2424 ut
2036 2371 2088 2423 in
2116 2369 2312 2438 quibus
2334 2366 2740 2436 peregrinorum
2767 2365 2854 2418 his
2883 2363 2937 2416 in
2973 2362 3218 2431 partibus
3249 2358 3521 2413 tutissima

1948 2461 2256 2521 debetcsse
2295 2456 2567 2520 defensio,
2618 2454 2893 2523 inopinata
2935 2451 3172 2521 pericula
3205 2449 3427 2511 lateant,
3469 2453 3526 2501 et

1948 2560 2154 2614 nostra,
2187 2549 2278 2618 qui
2312 2548 2412 2601 hoc
2434 2546 2553 2599 aliis
2579 2544 2912 2613 principibus
2942 2541 3315 2611 prohibemus,
3340 2537 3394 2591 in
3423 2536 3526 2590 hac

1949 2658 2008 2696 re
2041 2644 2196 2711 quasi
2224 2650 2583 2695 consentanea
2621 2651 2719 2706 pro
2760 2633 3126 2689 familiaritate
3165 2622 3533 2705 vestradile-

1950 2728 2147 2783 ctionis
2175 2730 2427 2795 voluntas
2450 2733 2709 2795 arguatur
2736 2743 2747 2776 :
2782 2722 3082 2792 prasertim
3119 2735 3242 2774 cum
3273 2717 3522 2772 eumdem

1952 2818 2172 2871 fratrem
2205 2832 2298 2885 per
2332 2816 2538 2868 litteras
2569 2820 2785 2866 nostras
2819 2825 2924 2863 non
2949 2810 3067 2863 sine
3100 2823 3293 2877 magna
3328 2804 3522 2860 ﬁducia

1952 2908 2105 2962 vobis
2150 2902 2727 2961 commendaverimus.
2784 2898 3145 2965 Quamobrem
3191 2894 3523 2974 nobilitatem

1950 3009 2184 3054 vestram
2208 2997 2435 3050 multum
2461 3000 2714 3063 rogamus
2735 3000 2788 3043 et
2817 2990 3170 3043 admonemus
3194 2993 3272 3051 ut,
3298 2984 3525 3053 injurias

1951 3089 2070 3156 ejus
2104 3094 2365 3155 quantum
2398 3083 2623 3152 potestis
2664 3079 3051 3155 demulcentes,
3092 3089 3216 3129 cum
3246 3074 3394 3127 omni
3428 3072 3523 3125 be-

1872 3166 1915 3224 C
1948 3148 2249 3228 nev'olentia
2293 3180 2347 3223 et
2393 3148 2681 3223 manifesta
2715 3148 2997 3225 charitatis
3028 3162 3360 3216 exhibitione
3396 3174 3521 3213 eum

1948 3262 2096 3315 abire
2118 3258 2423 3321 dimittatis,
2454 3265 2526 3321 et,
2562 3258 2703 3309 sicut
2732 3253 2786 3306 in
2818 3266 2979 3321 supra
3012 3247 3326 3303 memoratis
3361 3261 3522 3316 rega-

1948 3352 2125 3403 vimus
2173 3348 2386 3410 litteris,
2439 3355 2613 3398 tutum
2657 3343 2757 3398 sibi
2806 3354 2978 3409 usque
3012 3339 3078 3393 ad
3110 3339 3368 3392 domnum
3418 3335 3520 3389 Er-

1946 3438 2271 3493 lembaldum
2297 3432 2761 3507 [Erbombaldum]
2794 3430 3243 3485 Mediolanensem
3265 3428 3519 3489 ducatum

1946 3526 2229 3594 prabeatis
2258 3543 2269 3577 :
2296 3523 2525 3577 scientes
2554 3537 2676 3574 eum
2707 3535 2801 3589 per
2836 3518 3119 3586 epistolam
3140 3522 3379 3568 nostram
3402 3524 3522 3563 esse

1946 3613 2352 3679 commonitumj
2372 3618 2431 3663 ut
2467 3610 2775 3663 nullatenus
2804 3620 2966 3675 super
2987 3606 3091 3658 hac
3120 3618 3177 3657 re
3200 3608 3389 3655 contra
3421 3612 3522 3651 vos

1948 3712 2041 3756 aut
2065 3710 2275 3756 vestros
2310 3699 2513 3767 aliquid
2536 3696 2791 3750 moliatur
2812 3693 3045 3748 adversi.
3101 3689 3358 3760 Dionysio
3392 3701 3522 3739 vero

1948 3792 2279 3855 Placentino,
2322 3797 2375 3843 et
2415 3787 2535 3841 aliis
2580 3785 2849 3855 episcopis
2886 3780 3291 3852 Longobardia,
3332 3776 3424 3849 qui
3454 3774 3522 3829 ad

1950 3899 2051 3937 nos
2079 3876 2356 3944 venerant,
2390 3879 2524 3932 nihil
2572 3876 2639 3931 de
2686 3873 2979 3943 episcopali
3014 3871 3209 3933 oﬂicio,
3252 3868 3357 3921 nisi
3390 3880 3525 3919 cor.-

1948 3972 2152 4025 firmari
2198 3984 2395 4037 pueros
2442 3982 2540 4035 pro
2590 3965 2912 4019 necessitate
2952 3958 3318 4015 concessimus
3366 3974 3379 4010 :
3426 3956 3521 4009 sed

1948 4058 2114 4111 totius
2138 4056 2335 4125 negotii
2367 4054 2516 4107 frena
2552 4052 2624 4105 ita
2666 4049 2961 4103 retinemus
3003 4047 3058 4100 in
3100 4060 3283 4109 manu,
3328 4049 3387 4095 ut
3427 4048 3522 4094 aut

1948 4145 2208 4199 correctis
2241 4145 2307 4197 de
2339 4143 2514 4205 venia,
2559 4149 2652 4193 aut
2674 4137 3042 4209 pertinacibus
3087 4150 3193 4188 non
3225 4134 3296 4189 sit
3326 4133 3519 4201 despe-

1948 4235 2177 4291 randum
2200 4234 2265 4288 de
2291 4248 2468 4301 pana.
2506 4230 2641 4297 Quia
2666 4245 2795 4283 vero
2823 4244 2886 4283 ex
2918 4226 3203 4288 charitate,
3229 4234 3285 4279 et
3311 4239 3407 4293 pro
3430 4238 3517 4275 re--

1948 4330 2187 4384 verentia
2234 4334 2435 4381 sancta
2470 4325 2725 4379 Romana
2765 4320 3039 4385 Ecclesia,
3074 4334 3171 4372 vos
3215 4317 3282 4370 de
3320 4314 3521 4369 talibus

1919 4420 2232 4473 adversum
2255 4431 2356 4470 nos
2386 4427 2755 4468 murmurasse
2798 4408 3087 4471 credimus,
3122 4417 3389 4459 memores
3421 4402 3520 4455 do-

1882 4500 1925 4553 D
1952 4508 2063 4561 mni
2098 4516 2152 4561 et
2185 4506 2353 4574 patris
2384 4503 2556 4557 nostri
2589 4502 2730 4555 beati
2752 4497 2895 4552 Petri
2921 4494 3288 4566 apostolorum
3313 4488 3517 4558 princi-

1949 4596 2053 4664 pis,
2087 4596 2179 4664 qui
2202 4593 2671 4648 murmurantibus
2716 4590 2999 4644 adversum
3026 4600 3084 4640 se
3107 4577 3388 4658 discipulis
3428 4591 3518 4631 sa-
3552 4603 3556 4607 ~

1948 4684 2199 4738 tisfaeere
2226 4698 2333 4737 non
2360 4681 2680 4750 dedignatus
2702 4686 2803 4740 est,
2828 4674 2979 4727 vobis
3006 4682 3222 4739 quoque
3251 4664 3518 4719 rationem

1949 4774 2015 4828 de
2036 4773 2193 4827 factis
2224 4773 2425 4826 nostris
2457 4785 2563 4824 non
2611 4766 2761 4820 inviti
2806 4760 3101 4823 reddimus,
3134 4756 3188 4809 in
3221 4754 3521 4824 eodemque

1949 4871 2148 4931 quanta
2174 4863 2255 4915 vis
2279 4858 2602 4921 dilectionis,
2633 4869 2737 4922 qua
2772 4852 2924 4906 vobis
2964 4847 3376 4917 adstringimur,
3408 4861 3519 4899 non

1948 4951 2052 5003 alia
2077 4949 2231 5002 vobis
2252 4947 2428 5001 adhuc
2449 4944 2678 4997 certiora
2702 4942 2855 5011 signa
2878 4940 3144 4995 dedimus.
3180 4935 3362 5006 Neque
3388 4949 3520 4986 vero

1948 5053 2049 5091 nos
2087 5035 2222 5105 fugit
2264 5049 2427 5103 quam
2464 5033 2675 5087 diversa
2714 5032 2779 5085 de
2798 5032 2966 5104 .nobis
3001 5029 3281 5084 hominum
3334 5023 3519 5092 opinio

1946 5128 2017 5181 sit
2038 5136 2090 5181 et
2114 5124 2399 5196 judicium,
2436 5124 2563 5179 dum
2590 5123 2642 5175 in
2673 5122 2876 5175 eisdem
2900 5119 3084 5175 causis
3113 5126 3166 5172 et
3184 5116 3394 5170 actibus
3424 5110 3517 5180 alii

1946 5215 2046 5273 nos
2066 5218 2335 5281 credulos,
2362 5212 2454 5269 alii
2479 5214 2707 5268 nimium
2734 5212 2891 5267 mites
2912 5226 3033 5264 esse
3057 5209 3261 5263 dicunt.
3307 5201 3519 5267 Quibus

1948 5309 2207 5379 profecto,
2236 5308 2310 5361 nil
2334 5306 2535 5368 verius,
2569 5303 2644 5357 nil
2679 5302 2878 5356 rectius
2909 5293 3339 5369 respondendum
3374 5290 3521 5344 vidc-

1946 5415 2086 5464 mus,
2110 5412 2272 5467 quam
2307 5394 2450 5464 quod
2480 5394 2557 5447 ait
2575 5391 2864 5461 Apostolus
2890 5407 2903 5442 :
2927 5381 3061 5439 lilii
3090 5389 3264 5435 autem
3287 5394 3383 5449 pro
3409 5380 3516 5432 mi-

1948 5490 2087 5541 nimo
2113 5495 2210 5550 est,
2240 5492 2352 5537 uta
2387 5483 2526 5537 vobis
2549 5482 2777 5551 judicer,
2798 5485 2913 5559 ἀνι
2956 5474 3019 5526 ab
3061 5472 3287 5524 Immone
3334 5470 3420 5522 die
3460 5468 3516 5536 (1

1949 5576 2069 5630 Cor.
2098 5574 2190 5641 ιν).
2232 5572 2374 5626 Deus
2400 5578 2578 5625 autem
2613 5557 2971 5633 omnipotens,
3012 5561 3104 5631 qui
3140 5574 3300 5613 verus
3333 5557 3516 5627 inspe-

1950 5674 2066 5719 ctor
2090 5670 2171 5718 est
2198 5661 2461 5725 cordium,
2489 5660 2676 5712 doceat
2718 5669 2817 5709 nos
2855 5662 2908 5710 et
2933 5668 3027 5707 vos
3059 5650 3234 5706 facere
3265 5649 3515 5706 volunta-

4056 3264 4057 3293 ι

4056 3348 4057 3371 ι

4056 3608 4057 3645 1

4055 3742 4057 3775 1
