4218 6390
325 422 421 479 3‘53

1370 417 1560 470 LIBER
1598 416 1866 470 ιηιωυδ.
1908 446 1975 455 -
2013 416 2223 471 EPIST.
2267 416 2513 471 LXXX".

3420 417 3521 472 δδι

388 533 705 602 Stephanus
726 533 930 587 electus
952 538 1128 584 vester
1162 529 1367 600 [noster
1410 528 1562 591 male,
1596 498 1879 595 credimus]
1908 529 1951 583 Α
1976 528 2280 596 conjunctis
2319 529 2411 580 tibi
2445 526 2793 595 sullraganeis
2817 526 3101 595 episcopis,
3131 526 3375 580 videlicet
3414 526 3520 607 Ile.

321 640 381 679 ea
399 639 505 693 qua
525 622 722 677 debuit
740 621 1086 692 apostolicam
1126 620 1303 673 sedem
1327 617 1625 670 humilitate
1653 616 1879 684 requisi-

323 716 411 779 vit,
432 721 487 767 et
508 728 737 766 manum
760 727 913 766 suam
936 710 1115 763 manui
1137 716 1331 762 nostrae
1350 706 1526 760 dando
1548 722 1605 760 se
1628 706 1879 759 Romana:

323 802 573 858 Ecclesia;
610 801 958 857 obediturum
998 797 1259 867 promisit,
1296 812 1359 850 ac
1395 811 1490 866 per
1524 796 1623 850 hoc
1653 795 1878 865 gratiam
1921 845 1927 852 ,

325 891 457 960 ejus,
483 904 656 959 quam
684 899 841 942 antea
870 888 1019 941 visus
1045 884 1218 939 fuerat
1244 884 1556 953 perdidisse,
1592 896 1877 949 recupera-

327 979 418 1033 vit.
443 977 621 1045 Quem
677 978 805 1047 quia
857 975 1173 1030 Ecclesium
1200 984 1429 1029 vestram
1462 974 1748 1043 prudenter
1780 972 1876 1025 de-

328 1067 580 1131 l’ndisse,
632 1075 691 1120 et
722 1052 1087 1121 Simoniacum
1140 1063 1470 1132 Stephanum
1500 1073 1552 1117 et
1579 1063 1877 1124 invaserem

329 1157 504 1211 studio
537 1169 645 1209 suo
676 1154 947 1223 expulisse
1000 1154 1362 1223 probavimus,
1421 1152 1654 1222 regimen
1715 1149 1880 1203 totius

329 1244 670 1313 episcopatus
698 1244 864 1297 vestri
919 1242 1020 1296 sibi
1049 1242 1438 1305 commisimus,
1482 1256 1548 1293 eo
1582 1249 1764 1293 tenore
1799 1249 1876 1302 ut,

330 1347 614 1402 quousque
652 1332 720 1385 ad
757 1347 856 1386 nos
879 1332 1080 1395 redeat,
1096 1331 1163 1385 de
1180 1331 1466 1399 pontiﬁcali
1490 1330 1664 1383 ofﬁcio
1685 1344 1742 1383 se
1772 1343 1877 1381 non

332 1420 676 1484 intromittat,
722 1421 815 1474 sed
849 1434 1221 1488 quemcunque
1251 1418 1478 1473 voluerit
1507 1419 1877 1487 episcoporum

333 1508 708 1577 religiosorum
759 1509 943 1577 patria:
971 1518 1178 1573 vestae,
1205 1523 1269 1563 ea
1320 1524 1439 1577 qua:
1468 1509 1534 1561 ad
1578 1510 1879 1577 episcopale

332 1596 560 1650 ndicium
626 1597 913 1665 pertinent,
965 1597 1139 1651 facere
1170 1607 1522 1653 commoneat.
1557 1598 1663 1654 Vos
1699 1601 1880 1669 itaque

333 1688 627 1757 apostolica
675 1689 993 1742 auctoritate
1025 1689 1375 1744 admonemus
1415 1698 1473 1743 ut
1510 1690 1612 1743 sibi
1645 1690 1878 1745 debitam

334 1777 385 1831 in
410 1778 669 1834 omnibus
696 1780 1046 1831 reverentiam
1077 1779 1391 1844 exhibeatis,
1431 1788 1484 1833 et
1516 1780 1581 1833 ad
1611 1778 1878 1835 defensio-

1927 626 1933 630 ’
1978 618 2226 672 rimanno
2264 615 2616 687 [Hermanno]
2646 614 2884 677 Meteinsi,
2909 626 2960 668 et
3009 616 3223 686 Popone
3265 614 3523 670 Tullens'v

1976 706 2258 775 prmfatum
2306 704 2615 774 episcopum
2686 704 2750 757 ad
2804 704 3129 773 colloquium
3180 713 3361 757 nostra
3409 704 3527 755 vice.

1977 810 2261 859 convoces,
2298 794 2543 849 indicans
2574 794 2673 855 sibi
2711 808 2810 847 nos
2831 808 2939 846 non
2961 808 3115 861 :equo
3144 793 3325 846 animo
3348 792 3526 861 negle-

1975 895 2116 938 ctam
2142 884 2209 937 ab
2242 898 2307 937 eo
2337 884 2480 937 sedis
2504 884 2810 952 apostolica:
2838 883 3189 937 reverentiam
3217 880 3483 950 accepisse
3510 899 3523 935 :

1976 974 2280 1043 pariterque
2314 988 2437 1027 eum
2478 974 2829 1027 admonemus
2851 981 2911 1025 ut
2950 972 3202 1041 pracdicto
3235 971 3353 1024 loco
3375 986 3526 1024 com-

1976 1062 2289 1115 munionem
2345 1062 2675 1119 sacrosancti
2699 1072 2753 1117 et
2794 1063 2959 1116 divini
3002 1062 3282 1139 ministerii
3319 1062 3571 1139 reddat:

1975 1161 2028 1206 et
2060 1156 2104 1222 si
2127 1153 2253 1222 quid
2277 1152 2497 1220 iustitia:
2526 1167 2584 1206 se
2606 1152 2825 1206 conﬁdit
2853 1154 3068 1217 habere,
3096 1168 3352 1208 concesso
3379 1154 3527 1222 prius

1976 1247 2177 1300 eisdem
2236 1242 2545 1295 hominibus
2608 1250 2757 1295 tanto
2815 1242 3220 1310 tranquillitatis
3266 1252 3524 1311 tempore,

1976 1342 2179 1404 quanto
2207 1345 2271 1383 eo
2297 1328 2557 1381 violenter
2607 1330 2911 1392 adstrinxit,
2945 1340 3126 1399 postea
3154 1340 3246 1383 aut
3293 1331 3346 1383 in
3392 1346 3525 1383 con-

1974 1430 2147 1491 ventu
2183 1420 2553 1489 religiosorum
2599 1420 2991 1489 episcoporum,
3025 1430 3116 1474 aut
3146 1422 3201 1475 in
3244 1422 3527 1491 prtesentia

1978 1490 2202 1563 Romani
2235 1508 2523 1577 pontiﬁcis,
2545 1520 2665 1575 qure
2698 1502 2781 1561 Sui
2819 1510 2960 1577 juris
3006 1512 3254 1577 aestimat,
3278 1513 3528 1566 ordinate

1976 1600 2233 1667 requirat.
2269 1595 2449 1666 Neque
2472 1599 2615 1651 enim
2649 1599 2838 1653 adhoc
2873 1602 3075 1669 przelati
3110 1618 3317 1667 sumus,
3348 1611 3406 1656 ut
3428 1617 3528 1656 no-

1978 1700 2103 1745 strze
2133 1691 2457 1745 commissos
2507 1692 2853 1760 providentia:
2886 1701 3130 1760 potenter
3158 1693 3327 1761 magis
3363 1709 3525 1763 quam

1972 1782 2114 1851 jnste
2144 1789 2454 1835 tractemus.
2495 1779 2564 1833 At
2589 1780 2633 1832 si
2660 1780 2747 1833 ille
2793 1781 2904 1835 luce
2931 1789 3114 1835 nostra
3146 1790 3293 1849 parte
3328 1796 3524 1849 procu-

335 1882 451 1922 ncm
496 1866 754 1923 Ecclesia:
783 1878 972 1924 vestra:
1012 1870 1334 1939 adjutorium
1367 1880 1603 1926 vestrum
1657 1873 1881 1928 ﬁdeliter
1912 1872 1952 1926 B
1978 1873 2140 1926 randa
2182 1871 2385 1924 monita
2424 1870 2711 1938 adimplere
2752 1872 3037 1939 spreverit,
3069 1872 3164 1924 tibi
3196 1871 3527 1941 injungimus

336 1960 698 2028 impendatis:
744 1970 1036 2029 quatenus,
1066 1964 1287 2032 expulsa
1322 1963 1627 2017 simoniaca:
1660 1965 1880 2019 hmresis

336 2049 400 2105 de
420 2052 600 2104 medio
634 2059 872 2105 vestrum
905 2053 1048 2105 omni
1074 2054 1409 2122 contagione,
1454 2054 1672 2122 legalem
1706 2056 1882 2123 ponti-

338 2139 485 2195 licem
510 2138 779 2205 habeatis,
799 2149 853 2194 et
900 2156 1088 2209 puram
1122 2140 1337 2196 Christo
1390 2141 1616 2196 Domino
1675 2152 1879 2209 nostro,

336 2234 388 2281 ct
418 2229 586 2283 beatae
636 2226 817 2285 Mariae
868 2230 1109 2300 genitrici
1150 2230 1286 2299 ejus,
1318 2231 1628 2285 servitutem
1676 2232 1884 2300 impen-

337 2315 493 2369 datis.

407 2404 537 2459 Data
568 2403 756 2461 Romae
798 2409 1007 2463 decimo
1048 2410 1204 2464 tertio
1249 2410 1513 2466 Kalendas
1556 2411 1700 2477 Maii,
1744 2411 1882 2467 indi-

340 2497 513 2552 ctione
535 2498 874 2554 duodecima.

567 2591 573 2597 '
818 2587 1153 2647 EPISTOLA.
1174 2588 1403 2644 LXXXI.

507 2658 575 2726 in
614 2689 817 2729 occasu
852 2691 1210 2730 rnevmexssu
1250 2692 1707 2735 Ancmsrtscorcu.

923 2764 1099 2833 (Anno
1122 2766 1300 2835 nm.)
1682 2772 1687 2777 ’

346 2844 814 2925 l’t-YirduneMigt
840 2853 1130 2925 episcopum
1160 2855 1267 2907 uice
1288 2871 1384 2907 sua
1422 2857 1645 2925 increpet
1687 2861 1749 2908 de
1794 2874 1881 2910 ne-

405 2915 572 2984 glecta
593 2915 891 2995 apostolica:
918 2915 1055 2995 sedis
1076 2925 1405 2995 auctoritate,
1421 2915 1634 2995 eumque
1657 2938 1881 2990 manem,

406 2996 459 3035 tt!
495 2988 866 3040 monasterium
890 2992 1055 3043 sancti
1082 2990 1347 3045 Michaelis
1385 2988 1454 3046 ad
1477 2988 1884 3048 communionem

408 3054 752 3130 restituat._Si
772 3058 896 3125 quid
928 3076 1039 3111 vero
1061 3061 1141 3130 sui
1162 3062 1302 3129 juris
1334 3064 1642 3130 pratendat,
1666 3064 1720 3116 in
1756 3080 1882 3117 con-

408 3132 556 3201 centu
609 3128 979 3201 episcOpornm,
1033 3129 1107 3180 rel
1146 3128 1343 3201 roram‘
1377 3146 1575 3185 summa
1619 3134 1878 3201 pontiﬁce,

410 3194 655 3260 requirat.
681 3194 829 3269 Quod
862 3197 907 3246 si
929 3213 1107 3269 parere
1134 3200 1381 3269 negligat,
1405 3202 1513 3269 ipse
1535 3194 1881 3269 aréltiepisco-
1906 3194 1948 3250 C

408 3276 501 3331 pus
561 3264 871 3331 auctoritate
918 3268 1128 3331 propria
1170 3264 1367 3320 dictum
1408 3264 1779 3322 monasterium
1813 3271 1877 3323 ab

407 3328 681 3381 interdicto
736 3328 987 3396 absolvat,
1011 3328 1072 3384 et
1105 3335 1401 3404 episcopum
1452 3336 1668 3389 Romam
1713 3340 1881 3391 entire

410 3408 727 3449 commoneat
734 3438 746 3450 .
1208 3422 1215 3426 ’

412 3480 713 3537 (ὶιιεοιιυε
732 3485 1033 3554 episcOpus,
1053 3503 1250 3545 servus.
1264 3506 1563 3560 servorum,
1578 3494 1689 3559 Dei.
1711 3495 1879 3551 Unom

348 3565 643 3626 hevirensi
702 3576 1100 3647 archiepiscopo
1158 3568 1386 3649 salutem
1415 3593 1469 3638 et
1530 3586 1877 3655 apostolicam

350 3661 783 3719 bemulietioncm.
1172 3734 1175 3737 _
1472 3686 1475 3687 '

408 3749 692 3806 Confrater
714 3762 895 3808 noster
918 3752 1275 3815 Theodericus
1300 3760 1648 3819 Virdunensis
1669 3766 1877 3835 episeo-

347 3851 549 3905 pus,ut
579 3857 722 3912 saepe
768 3846 927 3900 nobis
976 3849 1198 3904 relatum
1238 3861 1338 3915 est,
1393 3854 1718 3912 habitatores
1775 3860 1879 3914 loci

347 3929 480 3995 apud
500 3935 885 4013 monasterium
920 3938 1184 4013 quoddam
1225 3941 1396 3995 sancti
1437 3942 1707 4001 Michaelis
1741 3948 1877 4003 infra

349 4016 651 4081 parochiam
677 4010 852 4084 suam,
888 4025 952 4075 ad
975 4010 1230 4092 quasdam
1264 4045 1431 4084 novas
1464 4037 1879 4093 consuetudines

348 4115 438 4155 sua
460 4104 657 4159 virtute
680 4115 735 4159 et
768 4112 1001 4175 potentia
1028 4114 1237 4168 ﬂectere
1248 4126 1303 4169 ct
1330 4133 1578 4175 coercere
1595 4124 1686 4177 diu
1712 4141 1878 4182 cona-

350 4197 429 4281 tus
448 4200 549 4255 est,
582 4193 826 4248 videlicet
841 4206 899 4250 ut
920 4214 1041 4253 cum
1067 4202 1266 4258 litaniis
1295 4206 1550 4274 majorem
1576 4212 1875 4281 ecclesiam,

349 4276 444 4374 hoc
466 4289 549 4374 est
580 4297 732 4337 suam
758 4287 1341 4361 episcopalem-sedem,
1374 4298 1533 4351 simul
1581 4276 1875 4373 congrega;

351 4369 413 4419 tis
440 4369 664 4439 singulis
698 4374 852 4427 annis
885 4376 1179 4432 visitarent.
1208 4379 1360 4445 Quod
1395 4400 1515 4438 cum
1544 4386 1617 4440 illi
1646 4369 1875 4444 inusita-

351 4464 476 4553 tum,
516 4477 587 4553 ne
617 4462 755 4518 forte
784 4467 849 4518 ad
892 4470 1111 4526 alterius
1158 4472 1336 4543 [forte,
1367 4468 1418 4530 id
1449 4479 1679 4551 alteriusj
1706 4468 1876 4549 daret,
1912 4499 1955 4553 ι)

349 4541 536 4637 ibam]
561 4565 712 4607 novae
745 4558 1039 4613 esaetionis
1068 4541 1406 4618 Occasionem
1432 4566 1641 4633 darent,
1666 4541 1774 4638 pati
1802 4541 1880 4628 re;

351 4643 588 4718 nictent,
609 4638 850 4694 divinum
867 4644 940 4695 ibi
963 4645 1191 4701 cilicium
1212 4651 1324 4701 ﬁeri
1347 4652 1558 4718 penitus
1582 4656 1873 4713 interdixit.

348 4714 418 4771 Ex
436 4734 541 4789 qua
562 4736 621 4777 re
651 4739 775 4779 eum
811 4731 1092 4799 episcopus
1121 4714 1442 4801 apostolicas
1484 4740 1597 4807 jam
1633 4752 1756 4797 ante
1786 4747 1875 4798 lit-

349 4813 479 4864 teras
499 4812 806 4879 recepisset,
842 4820 1200 4883 commonitus
1230 4832 1289 4877 ut
1339 4826 1515 4879 locum
1542 4829 1871 4899 absolveret;

348 4899 558 4991 “nihil
589 4901 729 4968 inde,
752 4905 856 4959 nisi
889 4910 1031 4975 quod
1053 4910 1371 4984 cgionicum
1400 4926 1453 4971 et
1479 4919 1684 4987 justum
1716 4921 1871 4991 foret,

349 4987 600 5056 exigeret;
632 4992 791 5047 verba
828 4996 1045 5063 quidem
1073 5016 1178 5053 non
1211 5004 1381 5071 plenze
1410 5019 1733 5067 conservata:
1764 4987 1877 5068 ma;

351 5076 483 5130 ια’ὶε
518 5092 706 5146 parum
742 5084 978 5140 modeste
1025 5091 1245 5154 notavit,
1299 5094 1392 5147 sed
1426 5097 1768 5166 voluntatem,
1823 5114 1877 5158 et

349 5166 603 5260 nescitam
620 5172 885 5240 magistra:
904 5173 1071 5244 [fort.,
1094 5182 1311 5253 nostrze]
1334 5185 1641 5244 intentionis
1657 5204 1872 5247 senten-

352 5256 971 5353 liﬂtﬂMpinoneglexit.
999 5265 1147 5323 Unde
1184 5288 1281 5325 nee
1313 5291 1411 5329 nos
1430 5280 1645 5345 quidem
1677 5284 1741 5337 de
1756 5286 1875 5353 ejus

350 5337 655 5414 ohedientia,
680 5352 727 5406 si
751 5356 996 5422 privatim
1021 5355 1306 5428 loquimur,
1343 5337 1568 5421 multum
1599 5337 1871 5427 conﬁdcn;

352 5435 438 5493 tet,
466 5432 853 5499 fraternitatem
904 5456 1046 5502 tuam
1081 5452 1369 5520 apostolica
1411 5461 1729 5515 auctoritate
1759 5480 1873 5517 mo-

350 5529 526 5574 nemus
570 5532 649 5588 ut,
695 5542 762 5582 ex
796 5544 977 5591 nostra
1008 5548 1061 5593 et
1115 5549 1204 5594 tua
1269 5554 1416 5611 parte
1476 5554 1784 5606 convocatis
1821 5565 1873 5608 et

753 5633 852 5720 sibi
882 5645 1006 5699 velit
1036 5646 1136 5702 hoc
1164 5662 1253 5717 per
1295 5652 1463 5720 illum,
1492 5672 1591 5710 nos
1633 5674 1739 5714 non
1785 5662 1869 5714 in-

353 5693 566 5766 telligere
585 5693 833 5758 fatemur.

1980 1970 2057 2026 ut,
2094 1961 2386 2031 apostolica
2436 1961 2603 2015 fultus
2651 1962 2989 2025 auctoritate,
3020 1977 3127 2015 una
3156 1977 3279 2016 cum
3306 1962 3525 2015 eontra-

1979 2054 2153 2107 tribus
2189 2052 2298 2107 tuis
2348 2051 2743 2122 antesignatum
2791 2066 2966 2105 locum
3002 2052 3069 2105 ab
3098 2052 3245 2106 omni
3302 2053 3525 2108 interdi-

1977 2144 2155 2198 ctione
2176 2151 2231 2196 et
2250 2140 2811 2201 excommunicatione
2832 2141 3098 2204 absolvas,
3128 2148 3200 2205 et,
3216 2141 3399 2193 eadem
3426 2157 3525 2194 au-

1978 2232 2225 2285 ctoritate
2247 2230 2574 2300 presbyteris
2617 2216 2811 2283 ibidem
2838 2229 3253 2283 consistentibus
3276 2230 3342 2281 ad
3384 2229 3524 2283 cclc-

1980 2320 2243 2373 brandum
2268 2318 2509 2371 divinum
2544 2317 2776 2371 oﬁieium
2800 2317 3087 2389 roboratis.
3110 2318 3439 2385 episcopum,
3469 2327 3529 2370 nt

1980 2408 2137 2463 nobis
2164 2408 2230 2461 de
2277 2407 2571 2475 pertinacia
2632 2422 2730 2461 sua
2769 2415 2824 2460 et
2854 2415 3161 2475 contemptu
3218 2417 3403 2462 nostro
3438 2423 3527 2461 re-

1978 2498 2257 2565 spondeat,
2281 2511 2347 2549 ex
2372 2504 2523 2563 parte
2574 2494 2712 2548 beati
2744 2494 2908 2559 Petri,
2949 2503 3003 2550 et
3024 2505 3230 2561 nostra,
3374 2497 3525 2550 illum

1896 2628 1899 2632 .
1944 2576 1945 2579 “
1980 2585 2126 2652 (555)
2154 2585 2446 2653 apostolica
2490 2584 2841 2652 praeceptione
2864 2599 3227 2638 commoneas.
3256 2583 3364 2639 llas
3398 2600 3528 2638 vero

1980 2673 2182 2727 litteras
2214 2682 2425 2727 nostras
2449 2673 2649 2727 idcirco
2677 2682 2857 2741 aperte
2880 2674 3168 2743 signiﬁcari
3194 2674 3436 2740 fecimus,
3468 2684 3529 2729 ut

1980 2772 2086 2816 tam
2121 2762 2465 2817 Viridunensi
2500 2756 2872 2834 [YirdunenSil
2900 2779 3064 2834 quam
3086 2766 3294 2829 caeteris
3316 2768 3526 2835 episeo—

1979 2852 2061 2920 pis
2082 2860 2332 2916 ostensa,
2358 2852 2669 2907 commissa!
2699 2853 2793 2907 tibi
2828 2854 3223 2922 procurationis
3250 2863 3305 2909 et
3335 2863 3527 2909 aucto-

1979 2943 2153 2997 ritatis
2176 2944 2550 2996 eertitudinem
2573 2944 2861 3011 praebeant.
3416 3017 3419 3020 ν

2046 3030 2177 3083 Data
2202 3030 2384 3086 Romae
2422 3031 2658 3086 secundo
2685 3030 2867 3087 Nonas
2900 3031 3047 3099 Maii,
3069 3033 3370 3090 indictione
3383 3034 3524 3089 dno-

1977 3120 2204 3174 decima.

2448 3254 2774 3311 EPISTOLA
2809 3256 3057 3313 Lxxxn.
3094 3222 3097 3225 ’

2374 3382 2449 3419 Α»
2470 3382 2751 3422 estvnsos
2772 3369 3131 3425 cnatsrtlnos.

2556 3455 2735 3520 (Anno
2771 3455 2983 3524 ton.)-

1978 3537 2465 3614 Ezgommuniegtos
2486 3540 2760 3594 denuntiat
2775 3560 2962 3614 eum:
3000 3546 3090 3614 qui
3138 3547 3365 3601 detinent
3392 3551 3524 3605 bona

2045 3607 2295 3728 Atatgensia
2324 3607 2470 3676 (556)
2508 3612 2807 3664 monasterii
2859 3607 3050 3667 collata
3094 3616 3157 3669 ab
3188 3617 3395 3672 Alberto
3438 3620 3525 3675 Si-

2045 3692 2091 3727 m
2130 3691 2246 3727 mae
2284 3716 2299 3728 .

2044 3691 2299 3728 νηοηιαεο.

2046 3782 2350 3839 Cnsconttzs
2371 3786 2624 3841 omnibus
2644 3787 2711 3841 ad
2736 3803 2876 3858 quos
2920 3790 3109 3847 littera:
3133 3793 3245 3849 ista:
3266 3812 3524 3865 pervenc-

1976 3873 2104 3937 rint,
2134 3880 2237 3928 etc.
3217 3938 3221 3943 .

2045 3964 2364 4033 Quanquam
2387 3965 2452 4019 ad
2480 3965 2872 4036 propulsandas
2900 3969 3143 4026 omnium
3166 3972 3527 4035 Ecclesiarnm

1976 4064 2030 4107 et
2061 4055 2447 4108 venerabilium
2490 4055 2735 4110 locorum
2780 4058 3026 4127 injurias,
3052 4076 3119 4115 ex
3161 4065 3340 4118 debito
3368 4067 3524 4120 oﬂlcii

1976 4144 2169 4205 nostri,
2201 4153 2255 4197 et
2288 4144 2575 4209 universali
2602 4146 2956 4214 providentia,
2990 4164 3153 4219 quam
3184 4166 3277 4219 per
3307 4154 3521 4209 beatum

1974 4229 2191 4284 Petrum
2240 4232 2605 4299 apostolorum
2632 4234 2926 4305 principem
2968 4237 3094 4293 licet
3117 4240 3317 4310 indigni
3340 4258 3525 4298 susce-

1976 4317 2173 4385 pimus,
2203 4319 2429 4374 sollicite
2467 4320 2624 4376 nobis
2651 4318 3037 4393 invigilandum
3066 4336 3120 4383 et
3140 4328 3524 4385 elaborandum

1976 4423 2095 4463 esse
2120 4425 2440 4479 noscamus;
2468 4414 2552 4469 his
2575 4422 2753 4491 tamen
2790 4418 2921 4475 locis
2954 4424 3258 4491 apostolica:
3285 4424 3523 4478 auctori-

1979 4499 2106 4553 tatis
2130 4514 2284 4569 opem
2313 4510 2367 4556 et
2400 4510 2615 4577 seutqu
2660 4505 2955 4574 impensius
2984 4508 3329 4565 circumferre
3349 4509 3525 4577 dupli-

1976 4588 2112 4643 citer
2138 4591 2535 4659 quodammodo
2556 4593 2945 4661 compellimur,
2975 4610 3095 4663 qua:
3113 4603 3170 4649 et
3212 4596 3265 4650 in
3290 4599 3527 4667 generali

1933 4728 1939 4735 ,
1977 4688 2176 4734 sanctae
2206 4680 2464 4734 Romanas
2494 4681 2743 4736 Ecclesia:
2787 4685 3149 4741 membrorum
3194 4690 3526 4747 continentia

1975 4766 2185 4819 caeteris
2218 4777 2588 4837 coaequantur,
2628 4778 2683 4823 et
2727 4772 3015 4842 singularis
3042 4779 3325 4845 patrocinii
3356 4781 3526 4847 privi-

1974 4848 2108 4918 legia
2134 4866 2242 4919 pra:
2271 4855 2479 4909 cazteris
2501 4858 2819 4913 sortiuntur.
2840 4860 2902 4915 Et
2921 4864 3116 4932 quibus
3135 4867 3387 4933 quoniam
3410 4868 3526 4921 Au-
3568 4874 3569 4877 ‘

1974 4953 2139 5006 gense
2170 4945 2556 4999 monasterium
2590 4940 2716 5002 huic
2741 4959 2938 5004 sanctae
2968 4959 3022 5003 et
3065 4954 3369 5019 apostolicae
3411 4956 3525 5008 sedi

1973 5033 2204 5099 quadam
2236 5036 2516 5107 principali
2547 5050 2602 5094 et
2646 5042 2913 5095 individua
2948 5042 3179 5097 cohaeret
3240 5046 3397 5113 linea,
3458 5052 3528 5103 de

1973 5122 2307 5190 dispersione
2338 5126 2603 5180 bonorum
2635 5128 2752 5195 ejus
2795 5130 2946 5191 valde
2974 5131 3236 5199 dolentes,
3261 5134 3388 5205 quid
3422 5140 3525 5191 dos

1974 5213 2155 5265 minus
2179 5221 2233 5266 et
2269 5223 2580 5271 antecessor
2628 5230 2811 5274 noster
2864 5223 3165 5282 Alexander
3207 5233 3526 5286 venerandm

1973 5301 2245 5354 memoria:
2268 5318 2403 5371 papa
2435 5306 2555 5360 inde
2577 5308 2812 5365 decrevit
2842 5315 3075 5369 recolere
3099 5326 3152 5371 et
3202 5322 3521 5373 sententiam

1970 5396 2169 5443 nostra:
2198 5394 2623 5451 conﬁrmationis
2654 5399 2705 5451 in
2730 5399 2957 5467 idipsum
2992 5407 3260 5468 omnibus,
3284 5407 3348 5458 ad
3382 5422 3525 5473 quos

1969 5473 2130 5542 hujus
2159 5477 2398 5545 epistolae
2428 5490 2625 5537 nostra:
2666 5488 2853 5539 notitia
2889 5492 3164 5555 pervenire
3196 5493 3409 5558 poterit,
3434 5493 3523 5544 de-

1968 5562 2289 5617 stinavimus
2320 5566 2572 5620 indicare.
2616 5568 2905 5639 Postquam
2951 5577 3235 5641 prtedietus
3266 5581 3517 5637 dominus

2037 5670 2184 5753 (55-6)
2214 5672 2852 5753 angiensisscribendum
2884 5684 3038 5736 docet
3068 5688 3160 5753 qui
3214 5688 3347 5741 inira
3401 5707 3519 5743 me-

1968 5747 2207 5790 moratur
2229 5740 2653 5796 (Ionstautiensis
2674 5761 2755 5811 ep.
