4218 6374
672 474 778 534 355

1397 464 1719 527 GRECOBII
1760 464 1846 519 \‘ll
1884 462 2082 518 ΡΑΡᾹΞ
2120 458 2273 516 ΟΡΕΙ

2287 456 2401 512 itu
2441 415 2622 510 mus
2658 453 2678 507 ι
2738 442 2808 493 μ-
2845 446 3260 506 ιιιειςιδτιιυιι.

3799 438 3903 502 556

671 592 857 641 noster
892 595 1028 653 papa
1064 579 1376 653 .Robertum
1404 577 1799 641 Simoniacum,
1840 585 1897 630 et
1931 575 2237 628 invasorem
2267 573 2311 627 Α
2338 564 2605 637 promisit.
2780 570 3002 653 caetero,
3049 560 3308 630 quoniam
3355 556 3421 612 ad
3454 569 3696 653 prmus
3717 556 3905 653 ciuilia

668 679 908 751 ejusdem
950 676 1281 742 monasterii,
1308 668 1473 730 n'ullis
1506 671 1989 737 admonitionibus,
2041 669 2232 724 nullis-

670 784 777 840 que
805 766 988 824 minis
1016 766 1084 820 ad
1117 765 1223 820 hoc
1270 764 1484 818 ﬂectere
1531 762 1726 831 putuit,
1773 768 1831 814 ut
1852 760 1936 813 vel
1961 757 2231 813 abbatiam

671 856 983 921 dimitteret,
1010 862 1105 909 aut
1156 868 1256 922 pro
1285 850 1551 915 reddenda
1596 849 1806 921 ratione
1849 847 1933 902 sui
1979 845 2233 901 introitus

671 944 969 1016 apostolico
997 957 1057 997 se
1084 940 1397 1011 censpectui
1442 945 1813 1008 przesentaret,
1852 934 2068 1006 cognita
2088 934 2231 989 veri-

673 1043 806 1100 tate,
841 1033 985 1105 quod
1007 1029 1192 1086 relicta
1216 1019 1321 1084 alia
1352 1028 1565 1083 abbatia
1604 1027 1669 1082 ad
1696 1027 1837 1081 hanc
1860 1026 2033 1095 pretio
2061 1023 2231 1078 anhe-

671 1122 857 1189 Issset,
918 1119 1161 1192 synodali
1201 1116 1406 1188 judicio
1460 1130 1585 1169 eum
1645 1112 2003 1168 anathematis
2029 1110 2230 1180 jaculo,

674 1212 783 1268 nisi
816 1209 1176 1278 resipiscerct,
1216 1204 1503 1276 percussit,
1551 1211 1606 1258 et
1626 1203 1729 1258 sub
1769 1201 1958 1256 eadem
2001 1214 2232 1255 censura

673 1299 928 1359 omnibus
949 1306 1167 1367 accepta
1187 1295 1257 1351 ab
1285 1310 1351 1350 eo
1374 1293 1634 1349 beneficia
1657 1292 1724 1346 ad
1745 1288 2028 1361 praefatum
2057 1301 2235 1344 coeno-

674 1390 821 1446 bium
846 1387 1172 1458 pertinentia
1227 1373 1456 1455 penitus
1485 1382 1781 1446 interdixit,
1833 1386 2135 1448 cunctaque
2164 1375 2233 1430 ab

678 1494 747 1537 eo
777 1477 1037 1549 disposita
1068 1474 1365 1545 apostolica
1402 1471 1761 1542 praeceptione
1789 1467 2042 1532 cassavit,
2073 1474 2233 1545 atque

673 1568 792 1623 base
821 1566 1026 1629 eadem,
1051 1577 1149 1634 per
1194 1561 1479 1632 epistolam
1521 1559 1774 1629 episcopo
1829 1553 2231 1612 Ceustantiensi
2265 1631 2268 1635 ~

670 1657 885 1727 publice
926 1653 1289 1725 praedicanda,
1321 1660 1376 1707 et
1415 1667 1511 1721 per
1542 1651 1914 1719 episcopatum
1946 1660 2105 1703 suum
2146 1644 2231 1700 di-

675 1747 936 1817 vulganda
959 1744 1255 1799 mandavit.
1290 1742 1496 1812 Itaque,
1541 1742 1837 1796 miserante
1874 1737 2005 1804 Deo,
2027 1735 2230 1792 factum

673 1846 757 1892 est
785 1843 845 1890 ut
866 1835 955 1891 ille
985 1834 1054 1889 ab
1084 1834 1275 1888 insana
1295 1831 1650 1901 occupatione
1674 1829 1902 1885 abbatis:
1924 1827 2230 1905 desisteret,

2332 670 2455 724 quae
2478 640 2993 710 ‘secum'babuimus
3036 650 3263 720 pleniter
3303 646 3554 716 expedire
3573 652 3627 700 et
3648 645 3906 699 determi-

2332 764 2464 804 nare
2492 762 2602 801 non
2647 744 2946 815 potuimus,
2990 743 3058 797 ad
3093 741 3352 796 futuram
3378 741 3647 811 synodum
3682 754 3809 794 eum
3836 738 3905 792 ad

2332 849 2433 889 nos
2464 840 2662 888 iterqu
2692 830 2887 885 reverti
2909 830 3280 905 przecepimus,
3313 826 3369 882 et
3386 842 3551 898 super
3579 827 3683 883 bac
3732 842 3793 881 re
3835 827 3906 882 ab

2332 922 2452 1000 ipso
2496 929 2760 991 promptae
2812 919 3135 974 obedientiae
3172 917 3520 989 sponsionem
3570 919 3902 988 accepimus.

2331 1008 2675 1079 Quapropter
2736 1004 3073 1061 remittentes
3105 1021 3230 1060 eum
3274 1020 3398 1059 cum
3461 1003 3907 1061 litterisnostris

2317 1101 2581 1158 charitati
2603 1107 2798 1156 vestrae
2823 1099 3287 1163 commendamus,
3313 1106 3583 1168 quatenus
3603 1104 3658 1150 et
3673 1111 3773 1151 vos
3795 1110 3907 1152 una

2280 1192 2615 1261 ,nobiscum
2640 1182 2764 1244 eum
2794 1189 3048 1260 diligatis,
3102 1196 3158 1243 et
3200 1202 3387 1243 secum
3414 1196 3578 1256 atque
3612 1184 3755 1239 inter
3804 1178 3906 1239 vos

2329 1283 2548 1338 vinculo
2590 1280 2740 1350 pacis
2772 1278 2993 1349 Christi,
3055 1278 3108 1332 in
3156 1291 3265 1346 quo
3293 1291 3389 1346 per
3433 1276 3610 1345 ipsum
3638 1274 3704 1347 ad
3736 1273 3905 1355 fidem

2330 1376 2488 1440 uniti,
2507 1383 2564 1430 et
2585 1374 2641 1428 in
2671 1379 2873 1428 sortem
2891 1370 3203 1444 hereditatis
3231 1369 3413 1440 gloriae
3450 1367 3545 1422 Dei
3569 1368 3725 1445 electi
3744 1366 3906 1431 estis,

2285 1486 2289 1490 ί
2331 1464 2607 1537 conjuncti
2625 1464 2852 1522 firmiter
2896 1461 3220 1532 persistatis.
3249 1459 3325 1530 Te
3367 1474 3497 1514 vero
3528 1473 3706 1529 regem
3730 1468 3793 1512 ut
3821 1459 3908 1512 di-

2331 1559 2684 1616 lectissimum
2720 1556 2890 1611 lilium
2916 1569 3173 1625 rogamus
3199 1562 3254 1607 et
3278 1553 3632 1608 admonemus
3662 1560 3741 1617 ut,
3763 1566 3905 1607 con-

2331 1648 2596 1712 siderans,
2646 1653 2700 1700 et
2751 1655 2876 1700 ante
2924 1644 3120 1698 mentis
3148 1643 3337 1698 oculos
3386 1637 3594 1712 ponens
3646 1648 3829 1711 quam’
3848 1640 3906 1719 in

2329 1738 2574 1794 districto
2590 1735 2795 1806 judicio
2832 1735 2898 1789 de
2944 1733 3233 1789 commissa
3280 1733 3377 1787 tibi
3435 1732 3913 1787 administratione

2333 1827 2595 1888 rationem
2647 1825 2960 1881 redditurus
2983 1839 3064 1890 es,
3117 1823 3268 1894 regni
3304 1823 3382 1878 tui
3433 1822 3803 1894 gubernacula
3847 1822 3907 1876 iu

675 1931 769 1987 sed
792 1945 903 1986 non
924 1938 987 1985 ut
1015 1927 1255 1982 fautores
1274 1927 1411 1996 ejus,
1443 1934 1631 1981 contra
1657 1923 1829 1979 Deum
1852 1905 1907 1978 et
1941 1902 2230 1992 justitiam,
2332 1915 2561 1971 tenenda
2600 1913 2855 1983 aequitate
2890 1924 3154 1966 exornare
3179 1912 3416 1979 studeas,
3452 1921 3508 1966 et
3533 1912 3662 1967 huic
3683 1913 3908 1983 episco-

675 2032 893 2094 accepm
922 2023 990 2077 ab
1018 2036 1085 2076 eo
1118 2019 1432 2076 monasterii
1470 2020 1627 2074 bona
1652 2018 2053 2088 relinquerent.‘
2086 2014 2236 2082 Qua-

675 2125 914 2188 propter,
938 2115 1194 2186 quoniam
1222 2114 1310 2168 illa
1353 2112 1653 2184 principali
1688 2116 1743 2167 et
1787 2109 2040 2166 haeretica
2085 2117 2238 2180 peste

675 2212 901 2283 depulsa
920 2210 1303 2266 charissimum
1326 2208 1499 2265 sancti
1517 2207 1663 2262 Petri
1686 2206 1857 2267 illium
1881 2187 2145 2261 Ecardum
2170 2215 2237 2259 ex

678 2302 796 2374 ipsa
843 2301 1262 2372 congregatione
1312 2316 1344 2355 a
1396 2299 1758 2358 confratribus
1808 2283 2059 2363 electum,
2107 2306 2163 2352 et
2206 2312 2238 2352 a

658 2398 837 2454 nobis
866 2396 1149 2468 diligenter
1183 2394 1570 2459 examinatum,
1614 2393 1861 2448 abbatem
1896 2393 1993 2458 ibi,
2019 2400 2241 2446 auctore

679 2490 812 2558 Deo,
848 2489 1306 2555 consecravimus,
1333 2488 1612 2562 cupientes
1633 2495 1694 2541 ut
1711 2487 2099 2542 monaSterium
2118 2494 2241 2556 post

678 2578 867 2650 longas
905 2586 959 2632 et
989 2564 1188 2632 multas
1216 2577 1593 2632 tribulationes
1615 2577 1728 2645 jam
1786 2578 1861 2631 ad”
1897 2577 2131 2646 quietem
2187 2585 2242 2630 et

675 2671 990 2728 monasticae
1040 2669 1313 2749 religionis
1368 2670 1574 2725 cultum
1613 2668 1815 2734 redeat,
1869 2668 2031 2723 simili
2081 2667 2240 2720 modo

680 2766 933 2822 omnibus
964 2765 1060 2835 qui
1088 2781 1120 2819 a
1149 2779 1291 2835 saepe
1341 2764 1453 2820 fato
1489 2763 1727 2819 Roberto
1776 2756 1876 2834 pro
1907 2762 2238 2818 defendenda

678 2856 799 2925 ejus
818 2854 1076 2924 nequitia,
1100 2862 1194 2908 aut
1213 2853 1513 2909 exhibenda
1539 2853 1642 2907 sibi
1673 2853 1947 2917 ﬁdelitate,
1981 2852 2121 2906 bona
2145 2852 2230 2905 ab-

604 3011 607 3015 ,
678 2946 840 3001 batiaa
868 2944 922 2999 in
960 2942 1220 2998 beneﬁcia
1254 2942 1432 3012 adepti
1463 2950 1610 3007 sunt,
1648 2942 1752 2997 sub
1770 2942 2127 3009 anathematis
2155 2941 2241 2995 di-

681 3033 960 3091 strictione
982 3041 1036 3087 et
1061 3031 1524 3093 animadversione
1549 3031 1937 3086 interdicimus.
1963 3028 2095 3083 Nam
2117 3045 2242 3086 cum

679 3122 774 3180 ille
804 3115 992 3177 talium
1038 3120 1439 3190 institutionum
1485 3128 1677 3174 auctor
1731 3129 1786 3173 et
1831 3119 2149 3173 distributor
2187 3118 2265 3172 in"

680 3213 805 3268 loco
828 3211 896 3266 ad
920 3226 1081 3281 quem
1139 3210 1389 3295 lueretice
1433 3203 1767 3279 aspiraverat
1794 3221 2113 3276 permanere
2133 3192 2241 3259 non
2270 3233 2312 3289 ε
2348 3201 2366 3272 μ

682 3298 888 3370 patuit;
920 3298 1121 3371 quibus
1167 3294 1393 3366 legibus,
1438 3299 1543 3373 iant
1581 3311 1692 3364 quo
1736 3295 1857 3364 jure
1892 3294 1983 3349 isti
2010 3294 2260 3370 sibimet,
2322 3346 2327 3351 .

584 3408 589 3413 λ
681 3376 1050 3451 vindicabunt,
1094 3376 1924 3475 quod‘sacrilegajconveutioiic
1952 3386 2244 3453 ceperunt?

687 3482 839 3539 Unde
867 3482 1027 3537 etiam
1064 3468 1318 3537 omnibus
1361 3479 1563 3551 Christi
1595 3468 1861 3544 fidelibus,
1891 3479 1984 3550 qui
2007 3480 2122 3534 haec
2151 3496 2267 3535 co-.

686 3570 992 3643 gnoverint,
1024 3569 1317 3638 apostolica
1339 3568 1666 3622 auctoritate
1696 3569 2036 3641 praecipimus
2056 3576 2117 3622 ut
2148 3582 2242 3624 eos

686 3658 744 3713 in
768 3659 916 3714 nulla
948 3660 1160 3727 penitus
1181 3657 1501 3717 Christiana:
1523 3651 1927 3713 communionis
1950 3657 2240 3728 participa-

679 3746 847 3822 tione
899 3746 1162 3814 recipiant
1185 3786 1200 3810 ,
1253 3746 1391 3813 dum
1434 3745 1732 3814 iniquitatis
1775 3754 1830 3800 et
1876 3748 2079 3802 mortis
2134 3762 2245 3801 suae

600 3881 603 3885 ,
679 3820 918 3905 pretium
957 3833 1219 3890 diabolica
1250 3833 1501 3887 aviditate
1524 3841 1579 3887 et
1621 3820 1918 3888 temeritate
1946 3820 2238 3904 possident.

753 3924 885 3980 Data
919 3924 1105 3979 Romae
1132 3931 1321 3981 octavo
1365 3922 1489 3978 ldus
1517 3922 1661 3991 Maii,
1712 3924 2002 3980 indictione
2035 3905 2240 3980 duode-

688 4016 850 4071 cima.
1526 4070 1545 4085 ί
2002 4034 2005 4037 ·
2067 4006 2073 4011 ’

1022 4169 1026 4174 .
1044 4138 1053 4146 '
1141 4124 1467 4179 EPISTOLA
1511 4122 1783 4182 LXXXIII.

940 4250 943 4251 ν
1010 4213 1070 4270 tu
1098 4200 1396 4270 strauisse!
1429 4232 1599 4271 ascen
1624 4202 1925 4273 nasutus.

1271 4305 1450 4376 (Anno
1486 4306 1665 4377 1074.)

694 4410 1032 4487 Commendat
1055 4413 1352 4487 episcopum
1385 4414 1634 4481 Paulum,
1677 4427 2141 4487 quemistuatosum
2165 4420 2249 4474 er?

776 4478 1035 4560 θα
1059 4478 1397 4560 apostolicam
1442 4478 1764 4560 cognouerat.
1795 4486 1964 4541 Monet
1994 4505 2159 4560 regem
2183 4498 2242 4543 ut

774 4553 1046 4618 antiquam
1065 4553 1176 4615 ejus
1199 4553 1523 4618 episcopatus
1553 4553 1723 4611 sedem
1736 4570 1975 4623 reparare
1995 4553 2134 4635 velit.

767 4651 1071 4707 GBBGOIUUS
1089 4652 1393 4723 episcopus,
1420 4664 1622 4712 servus
1665 4674 1944 4715 servorum
1976 4661 2089 4728 Dei,
2118 4652 2245 4717 Ἀιμ-

696 4756 891 4797 rnouso
913 4739 1279 4814 [ldelpbonso]
1319 4745 1430 4815 regi
1461 4744 1745 4816 Hispaniae,
1790 4757 1844 4803 et
1867 4751 2132 4820 episcopis
2159 4769 2247 4806 re-

696 4830 788 4902 gni
852 4830 1015 4897 illius,
1098 4832 1327 4886 salutem
1380 4843 1456 4888 et
1519 4838 1866 4905 apostolicam
1921 4840 2248 4896 benedictio-

698 4934 841 4975 nem.
877 4943 881 4946 ’

762 5009 956 5066 Notum
990 5014 1143 5069 vobis
1161 5030 1280 5070 esse
1294 5016 1562 5083 volumus,
1588 5034 1731 5074 nunc
1758 5019 1977 5076 fratrem
1998 5030 2241 5077 nostrum

698 5107 754 5155 et
801 5101 1107 5171 episcopum
1149 5105 1400 5173 Paulum,
1433 5121 1790 5181 cognomento
1825 5112 2004 5169 Monio
2051 5114 2246 5187 [Moni-

698 5188 801 5262 to],
829 5190 895 5246 ad
916 5195 1278 5261 apostolorum
1311 5200 1493 5255 limina
1540 5212 1596 5257 et
1633 5213 1872 5260 nostram
1908 5207 2244 5277 praesentiam

700 5283 932 5349 venisse,
958 5293 1031 5349 et,
1059 5293 1182 5353 post
1224 5290 1484 5345 redditam
1530 5295 1795 5351 rationem
1832 5313 2021 5353 earum
2065 5315 2243 5358 rerum

699 5370 815 5473 [de]
835 5372 1031 5473 quibus
1079 5387 1202 5427 eum
1239 5372 1642 5473 appellavimus,
1679 5384 1831 5438 sicut
1866 5387 2086 5457 dignum
2110 5398 2244 5457 erat,-

700 5462 754 5515 in
781 5469 1022 5516 nostram
1052 5462 1486 5518 communionem
1532 5475 1586 5520 et
1612 5467 1949 5525 dilectionem
1977 5486 2246 5545 receptum

700 5549 885 5607 fuisse.
911 5549 1217 5621 Romanum
1252 5554 1493 5609 ordinem
1537 5556 1590 5609 in
1644 5557 1835 5614 divinis
1882 5559 2087 5628 ciliciis,
2110 5566 2250 5621 sicut

702 5640 878 5694 ceteri
917 5638 1137 5711 Hispani
1160 5643 1396 5713 episcopi
1438 5646 1529 5715 qui
1554 5647 1760 5716 synodo
1786 5649 2163 5719 interfuerunt,
2190 5671 2248 5710 se

703 5729 1112 5798 celebraturum,
1164 5742 1218 5789 et
1272 5745 1331 5795 ut
1387 5737 1576 5792 melius
1621 5742 1811 5809 poterit
1838 5743 2245 5802 observaturum

2312 2018 2404 2080 .po
2432 2003 2710 2073 antiquam
2757 2002 2843 2058 sui
2903 2003 3244 2072 episcopatus
3311 2003 3493 2057 sedem
3551 2017 3810 2072 reparare
3841 2013 3922 2058 ac'

2334 2093 2575 2149 stabilire
2594 2107 2716 2146 cum
2740 2091 2834 2145 Dei
2860 2092 3130 2161 adjutorio
3177 2090 3350 2146 modis
3375 2090 3627 2145 omnibus
3652 2091 3903 2149 insistas.

2334 2182 2478 2238 Deus
2502 2192 2683 2238 autem
2711 2181 3054 2253 omnipotens
3089 2183 3155 2237 ad
3196 2182 3387 2253 omnia
3424 2198 3544 2253 qua:
3590 2182 3694 2238 sibi
3734 2183 3908 2238 bene-

2334 2272 2529 2342 placita
2562 2275 2689 2329 sunt
2710 2286 2806 2325 cor
2826 2278 2979 2324 tuum
3010 2270 3224 2340 dirigat,
3249 2265 3305 2329 et
3354 2285 3418 2325 ea
3466 2278 3519 2325 te
3563 2270 3617 2324 in
3650 2271 3908 2341 praesenti

2318 2364 2443 2435 vita
2470 2361 2764 2432 promereri
2789 2359 2972 2426 faciat,
3007 2361 3147 2437 unde
3194 2361 3539 2430 postmodum
3568 2361 3909 2431 sempiterna

2336 2450 2617 2504 retribuat.
2918 2466 2921 2470 ·

2414 2538 2545 2593 Data
2570 2536 2755 2593 Romae
2788 2536 3019 2608 septimo
3042 2533 3164 2621 ldus
3194 2534 3340 2603 Maii,
3377 2536 3670 2594 indictione
3689 2538 3906 2595 duode-

2338 2631 2499 2688 cima.
2834 2642 2851 2675 ὲ
2938 2673 2942 2678 .
3127 2622 3131 2629 ’
3792 2623 3800 2630 ’

2531 2797 2561 2838 ρ,
2630 2782 2633 2783 κ
2787 2732 3120 2807 EPISTOLA
3162 2728 3441 2803 LXXXIV.

2513 2856 2579 2895 AD
2605 2855 2943 2895 EERIIANNUI
2973 2854 3256 2894 EPISCOPUI
3290 2852 3699 2894 ιιιιιιειισειιεειι

2784 2946 2789 2950 ’
2879 2999 2884 3003 .
2916 2928 3096 2992 (Anno
3122 2927 3304 2981 1074.)

2339 3020 2615 3091 Signiﬁcat
2642 3035 2698 3091 se
2729 3019 3047 3091 commisisse
3077 3016 3212 3091 uices
3255 3031 3384 3091 suas
3406 3031 3645 3091 episcopo
3682 3015 3909 3091 Helerni

2408 3083 2463 3142 in
2490 3083 2657 3141 causa
2680 3087 2844 3155 ipsius
2867 3085 3094 3155 episcopi
3124 3083 3540 3154 Bambergeptsis.
3570 3083 3746 3140 Monet
3778 3097 3839 3141 ut
3859 3089 3909 3142 ei

2390 3163 2612 3227 pareat,
2637 3164 2685 3209 et
2718 3170 2833 3226 qua
2856 3162 2999 3208 recta
3028 3162 3149 3207 sunt
3177 3161 3318 3223 agat.
3378 3165 3395 3171 '

2412 3255 2716 3323 Caesonius
2735 3257 3042 3336 episcopus,
3060 3254 3257 3320 servus
3279 3279 3561 3320 servon
3586 3265 3705 3331 Dei,
3740 3264 3909 3321 lient-

2343 3368 2514 3425 Ilisxo
2545 3355 2897 3428 Ulermanuo,
2924 3364 2973 3409 et
3004 3356 3083 3409 sic
3108 3354 3330 3427 semper]
3370 3354 3760 3428 Bambergensi
3787 3358 3907 3427 epi—

2339 3438 2505 3515 scopo
2526 3444 2753 3501 salutem
2780 3450 2835 3497 et
2852 3443 3201 3512 apostolicam
3231 3443 3677 3499 benedictionem.

2407 3530 2773 3586 Charissimus
2796 3528 3069 3585 confratcr
3100 3537 3284 3585 noster
3314 3529 3674 3587 Herimannus
3695 3531 3908 3588 Meten-

2338 3625 2416 3680 sis
2437 3624 2744 3694 episcopus,
2780 3621 3064 3676 nobiscum
3113 3635 3208 3691 per
3230 3622 3347 3676 dies
3368 3622 3575 3691 aliquot
3603 3636 3911 3676 commorac

2338 3720 2446 3779 tus,
2473 3712 2700 3767 multum
2742 3725 2843 3765 nos
2896 3725 2994 3779 pro
3018 3719 3069 3771 te
3108 3710 3659 3780 rogavit,multasque
3680 3718 3739 3764 et
3779 3710 3910 3765 inti-

2337 3792 2456 3858 mas
2478 3815 2577 3871 pro
2614 3816 2780 3857 causa
2821 3808 2910 3854 tua
2936 3800 3357 3869 supplicationes
3398 3800 3604 3865 effudit,
3660 3797 3909 3856 referens

2338 3889 2496 3945 nobis
2525 3890 2593 3945 de
2615 3897 2668 3943 te
2686 3889 2965 3948 nonnulla,
2988 3888 3186 3955 quibus
3208 3888 3262 3942 in
3298 3904 3448 3958 spem
3460 3897 3583 3955 ,tua:
3615 3890 3911 3946 correctio.

2168 3975 2205 4021 3'
2263 4037 2270 4043 ε
2338 3978 2424 4032 nis
2439 3993 2557 4034 non
2586 3992 2750 4047 parva
2781 3977 2929 4029 cordi
2965 3985 3153 4029 nostro
3182 3984 3265 4031 est
3307 3979 3496 4031 oborta
3527 3978 3730 4034 latitia.
3755 3975 3905 4046 Qua-

2338 4075 2572 4136 propter
2585 4064 2894 4131 consilium,
2924 4064 3067 4134 quod
3095 4062 3163 4119 ad
3197 4064 3424 4120 salutem
3467 4074 3573 4122 tua:
3600 4075 3657 4121 et
3705 4070 3905 4124 animae

2338 4165 2557 4221 nostrai,
2583 4154 2837 4225 quodque
2883 4154 2951 4209 ad
2987 4155 3269 4231 utilitatem
3301 4154 3555 4212 Ecclesiae
3583 4158 3672 4212 cui
3706 4175 3901 4229 praes,

2296 4258 2300 4262 ·
2338 4241 2856 4318 aptissimumnobis
2883 4244 3057 4298 visum
3081 4253 3185 4311 est,
3239 4244 3294 4299 in
3342 4246 3676 4314 experientia
3707 4234 3906 4302 frater-

2338 4335 2523 4407 nitatis
2554 4324 3003 4407 Istue/posuimus,
3036 4335 3377 4405 iujungentes
3408 4345 3463 4391 et
3499 4340 3903 4405 committentes

2338 4423 2442 4479 sibi
2467 4431 2549 4503 tit,
2573 4423 2867 4494 apostolica
2900 4422 3072 4478 fultus
3100 4425 3441 4492 auctoritate,
3460 4426 3632 4480 vicem
3657 4436 3904 4482 nostram

2275 4553 2319 4606 Β
2341 4513 2396 4606 in
2420 4530 2586 4606 causa
2638 4523 2731 4567 tua
2784 4515 3000 4606 explere
3043 4514 3254 4578 debeat,
3289 4514 3336 4569 si
3375 4516 3537 4570 modo
3559 4516 3630 4570 ad
3652 4517 3907 4572 obedien

2342 4603 2471 4656 dum
2509 4603 2595 4656 his
2621 4618 2743 4671 qua:
2785 4603 2943 4671 quasi
2978 4618 3074 4657 ore
3108 4608 3295 4660 nustro
3339 4604 3435 4661 tibi
3465 4608 3813 4677 proposuerit
3852 4619 3904 4663 te

2340 4700 2587 4759 paratum
2618 4690 2871 4746 inveniat.
2917 4690 2975 4771 In
3007 4694 3164 4763 cujus
3195 4695 3499 4765 prudentia,
3548 4699 3812 4768 quoniam
3835 4700 3903 4756 ad

2293 4768 2305 4779 ’
2340 4784 2475 4837 bene
2497 4784 2819 4839 monendum
2847 4793 2897 4838 te
2921 4769 3224 4856 promptam
3245 4792 3301 4842 et
3324 4788 3673 4846 sufficientem
3706 4792 3904 4847 volun-

2343 4882 2503 4926 tatem
2528 4886 2647 4927 esse
2674 4889 2780 4927 non
2811 4874 3143 4942 dubitamus,
3164 4891 3266 4932 nos
3284 4878 3499 4947 quidem
3520 4895 3553 4935 e
3581 4881 3770 4937 multis
3784 4883 3903 4945 hoc

2341 4963 2663 5018 fraternitati
2684 4974 2792 5021 tua:
2823 4953 3052 5023 sollicite
3075 4970 3455 5031 attendendum
3479 4978 3535 5025 et
3561 4972 3901 5041 pensandum

2342 5051 2650 5116 scribimus,
2693 5055 2837 5122 quod
2889 5056 2956 5110 ad
3010 5057 3172 5112 tinem
3201 5057 3324 5114 vitae
3349 5059 3589 5129 quotidie
3613 5058 3904 5128 appropin-

2343 5154 2501 5207 quas.
2530 5147 2581 5192 et
2613 5149 2909 5196 extremum
2939 5144 3103 5210 diem,
3129 5160 3292 5215 quem
3324 5154 3507 5201 tamen
3535 5145 3716 5200 nescis
3734 5161 3899 5215 quam

2344 5231 2452 5283 cito
2471 5232 2668 5296 veniat,
2700 5241 2879 5289 certus
2909 5244 3204 5305 exspectas.
3231 5235 3483 5305 ideoque,
3509 5233 3696 5301 frater,
3719 5231 3899 5293 debita

2347 5315 2701 5374 sollicitudine
2735 5330 2785 5377 te
2819 5323 3171 5381 admonemus
3216 5332 3280 5378 ut
3315 5324 3640 5392 horrendum
3669 5340 3899 5382 examen

2343 5414 2396 5459 et
2432 5405 2735 5488 inevitabile
2752 5410 3011 5478 judicium
3054 5412 3285 5467 districti
3332 5411 3528 5481 iudicis
3550 5423 3674 5469 ante
3707 5417 3900 5473 oculos

2346 5508 2534 5560 ponas,
2559 5505 2614 5549 ct
2657 5495 2849 5553 faciem
2889 5499 3033 5555 illius
3070 5515 3134 5554 ea
3174 5501 3515 5558 conscientia:
3546 5511 3652 5561 tua:
3677 5506 3895 5563 confes—

2344 5582 2494 5636 sione
2512 5593 2562 5637 et
2592 5600 2814 5654 operum
2831 5589 3232 5644 conversatione
3255 5574 3627 5663 praeoccupare
3651 5596 3893 5664 festines.

2342 5678 2608 5758 quatenus
2630 5674 2683 5727 in
2707 5685 2999 5743 conspectu
3029 5677 3220 5733 divina:
3250 5685 3559 5751 praesentiae,
3592 5688 3751 5758 cujus
3772 5703 3895 5744 ocu-

2343 5757 2407 5810 lis
2438 5763 2616 5817 omnia
2673 5765 2811 5817 nuda
2837 5774 2888 5818 et
2949 5777 3125 5837 aperta
3181 5783 3324 5842 sum,
3376 5790 3483 5832 non
3515 5787 3567 5835 te
3610 5757 3891 5850 culparum

3736 5909 4066 6266 Α
