4218 6382
331 481 422 534 557

1228 482 1242 496 '
1332 473 1528 529 LIBER
1568 470 1842 526 PRIMUS.
1883 497 1952 512 -ι
1991 471 2204 528 EPIST.
2247 470 2498 528 LXXXV.

3438 480 3541 539 358

329 587 499 654 timur,
525 601 581 642 et
616 587 943 642 verecundia
978 585 1387 656 deprimat,‘sed
1437 585 1554 638 beta
1585 578 1885 652 recipienda
1915 584 1960 640 Α
1987 581 2304 650 Beatricem,
2337 599 2436 639 nec
2462 601 2570 639 non
2611 593 2665 639 et
2693 599 3034 642 communem
3087 586 3249 644 filiam
3301 602 3540 648 nostram

331 694 417 748 pro
463 679 622 732 bonis
667 678 881 732 actibus
909 661 1282 730 retributionis
1312 672 1506 730 ﬁducia
1535 671 1878 727 manifestum

329 775 371 819 et
398 764 823 832 imperterritum
854 763 1057 817 reddat.
1508 813 1513 820 .

390 854 515 908 Data
549 854 603 907 in
645 853 982 923 expeditione
1020 852 1085 907 ad
1126 860 1364 906 montem
1421 848 1638 903 Ciminii
1690 847 1881 919 [Cimi-

327 940 514 1014 nium],
543 943 786 998 secundo
817 940 942 996 ldus
958 939 1124 1006 Junii,
1151 938 1440 994 indictione
1459 935 1797 992 duodecima.

772 1061 1103 1115 EPISTOLA
1162 1056 1423 1142 LXXXV.

707 1165 774 1203 AD
811 1164 1050 1202 AGSETEH
1084 1160 1491 1201 ISII‘EBA‘I’RICEI.

899 1238 1078 1303 (Auno
1117 1236 1298 1301 um.)

323 1326 527 1395 Gratias
564 1328 677 1395 agit
717 1326 855 1395 quod
915 1324 1162 1395 Ecclesim
1209 1325 1502 1395 concordia;
1540 1321 1798 1395 consulat,
1832 1332 1882 1376 et

389 1393 676 1448 Henricum
726 1393 892 1460 regem
954 1393 1202 1446 Ecclesiae
1225 1394 1574 1446 conmmuioni
1603 1393 1878 1446 restituen-

384 1464 507 1516 dum
547 1473 714 1516 curet.
753 1462 1012 1516 Hortatur
1052 1472 1104 1515 ut
1140 1463 1408 1531 ρει-δίεισι.
1447 1461 1514 1516 Se
1543 1478 1636 1531 pro
1680 1461 1880 1531 Christi

388 1531 628 1586 Ecclesia
654 1533 805 1585 mlde
827 1533 1066 1585 laborare
1087 1530 1372 1601 signiﬁcat,
1401 1530 1560 1600 eaque.
1584 1531 1637 1584 iu
1670 1548 1721 1583 re
1747 1530 1881 1601 Bea-

385 1603 567 1654 m'cem
635 1612 684 1655 et
773 1602 1081 1654 Mathildem
1137 1599 1323 1652 »ωηο
1393 1599 1494 1654 sibi
1556 1617 1665 1652 esse
1721 1599 1880 1668 adju-

387 1681 577 1723 mento.

384 1758 694 1813 ϐειεςοιιιεδ
713 1758 1017 1827 cpiscopus.
1041 1771 1230 1813 servus
1251 1772 1529 1812 servorum
1546 1756 1661 1822 Dei,
1678 1756 1882 1810 Asse-rt

320 1844 795 1901 Christianissimae
829 1844 1198 1918 [Christianae]
1231 1846 1559 1916 imperatriei
1582 1847 1810 1901 salutem
1831 1855 1885 1900 et

322 1936 669 2004 apostolicam
691 1935 1138 1991 benedictionem.
1365 1944 1371 1949 '

385 2023 699 2081 Gaudemus
718 2033 772 2080 et
793 2025 1128 2079 exsultamus
1155 2023 1207 2077 in
1250 2023 1499 2088 Domino,
1527 2026 1671 2095 quod
1702 2026 1883 2080 lumen

322 2123 506 2168 vestra
525 2113 863 2182 operationis
885 2112 952 2166 ad
985 2126 1085 2166 nos
1107 2127 1280 2181 usque
1310 2113 1658 2181 resplenduit,
1687 2124 1738 2167 et
1767 2114 1885 2168 fru-

320 2209 432 2255 ctus
461 2209 656 2255 vestra:
680 2197 1032 2270 fatigationis,
1053 2200 1158 2254 etsi
1176 2215 1282 2254 non
1304 2200 1370 2254 ad
1383 2205 1506 2254 veta
1529 2210 1705 2254 vestra
1730 2202 1884 2270 plene

321 2288 646 2354 cumulatus,
670 2285 783 2342 Deo
823 2297 1003 2342 tamen
1041 2288 1108 2343 ad
1148 2289 1360 2343 laudem
1385 2298 1439 2342 et
1461 2289 1705 2358 gloriam,
1730 2289 1886 2345 nobis

320 2377 383 2431 ad
405 2376 672 2450 laetitiam,
706 2375 859 2432 vobis
882 2378 948 2433 ad
983 2391 1241 2432 coronam
1286 2376 1537 2447 perfectae
1569 2393 1884 2432 renumera-

323 2467 478 2523 tionis
504 2469 767 2524 excrevit.
794 2467 978 2540 Neque
1001 2470 1146 2523 enim
1193 2479 1376 2523 nostra
1409 2485 1532 2538 spes
1579 2469 1697 2523 ideo
1726 2485 1884 2523 coar-

319 2562 447 2614 ctari
473 2571 569 2614 aut
594 2561 840 2614 submitti
865 2561 1042 2624 debet,
1097 2560 1143 2612 si
1173 2559 1497 2613 desiderium
1526 2569 1716 2612 vestrae
1756 2575 1885 2611 sau-

319 2647 514 2703 etitatis
547 2646 864 2700 facultatem
895 2645 1213 2701 intentionis
1232 2647 1509 2714 explendae
1532 2661 1638 2698 non
1661 2646 1844 2698 habuit
1869 2663 1882 2710 ;

321 2740 572 2808 quoniam
605 2737 751 2808 apud
777 2736 941 2791 Deum
964 2736 1173 2808 perﬁcit
1199 2737 1403 2800 omnia,
1426 2737 1519 2806 qui
1555 2736 1885 2790 voluntatem

321 2843 506 2898 gerens
542 2829 832 2898 integrata,
879 2835 1143 2896 quantum
1185 2825 1361 2895 potuit
1383 2825 1594 2894 operari
1642 2841 1751 2879 non
1789 2825 1886 2879 de-

321 2916 424 2970 siit.
463 2917 684 2972 Scimus
721 2916 970 2986 equidem
1014 2915 1158 2986 quod
1203 2930 1302 2985 pro
1343 2930 1474 2984 pace
1511 2924 1566 2968 et
1600 2914 1887 2968 concordia

321 2993 640 3061 universalis
663 3006 916 3062 Ecclesia:
940 3008 1176 3060 multum
1191 3007 1469 3071 laboratis,
1493 3014 1546 3059 et
1566 3003 1745 3058 omnia
1769 3020 1888 3072 quae

320 3094 694 3169 pontiﬁcatum
719 3103 773 3148 et
795 3094 1079 3163 imperium
1116 3093 1328 3162 glutino
1380 3093 1665 3146 charitatis
1687 3091 1887 3144 astrin-

1980 671 2279 728 Mathildim
2314 675 2405 730 diu
2439 684 2712 745 noctuque
2747 676 2802 730 in
2848 686 3036 732 nostro
3071 680 3299 735 multum
3328 682 3542 751 adjuto-

1981 759 2064 814 rio
2086 761 2370 827 desudare,
2405 771 2588 831 utpote
2612 777 2709 816 vos
2733 774 3038 834 sequentes,
3071 781 3167 821 vos
3196 768 3338 822 sicut
3369 771 3544 824 domi-

1981 864 2106 902 nam
2146 858 2200 902 et
2231 849 2542 920 magistram
2565 850 2844 920 discipulze
2873 852 3098 907 fideliter
3121 853 3412 909 imitantes.
3441 854 3545 912 Per

1981 955 2078 994 vos
2116 940 2297 1009 itaque
2329 955 2526 994 novum
2572 942 2876 1010 exemplum
2921 943 3154 1012 antiqme
3197 945 3411 1009 lzctitiae,
3448 961 3544 1015 per

1981 1043 2097 1092 vos,
2112 1028 2352 1096 inquam,
2379 1029 2481 1082 illa:
2503 1029 2755 1083 mulieres
2777 1030 2904 1084 olim
2927 1041 3228 1099 quzerentcs
3252 1031 3542 1087 Dominum

1983 1118 2036 1172 in
2069 1127 2438 1183 monumento,
2467 1134 2607 1187 smpe
2641 1119 2796 1173 nobis
2828 1121 2894 1173 ad
2936 1121 3250 1178 memoriam
3289 1122 3531 1176 redeunt.

1981 1205 2114 1260 Nam
2141 1207 2281 1261 sicut
2313 1206 2430 1260 istae
2456 1222 2566 1274 pra:
2591 1209 2803 1261 cunctis
2825 1209 3105 1277 discipulis
3139 1209 3205 1263 ad
3243 1211 3541 1279 sepulcrum

1982 1294 2193 1350 Domini
2217 1295 2354 1348 miro
2378 1295 2656 1351 charitatis
2679 1296 2869 1350 ardore
2890 1306 3174 1362 venerunt,
3212 1301 3285 1354 ita
3315 1316 3412 1356 vos
3438 1299 3541 1355 Ec-

1981 1387 2200 1440 clesiam
2236 1387 2455 1450 Christi,
2488 1388 2641 1457 quasi
2687 1389 2739 1442 in
2783 1389 3030 1458 sepulcro
3062 1390 3364 1446 aﬂlictionis
3398 1393 3544 1462 posi-

1981 1485 2113 1541 tam,
2146 1493 2255 1546 prae
2289 1477 2504 1541 multis,
2538 1477 2646 1531 imo
2684 1492 2818 1545 pene
2857 1493 2966 1546 prze
2995 1479 3246 1532 omnibus
3276 1487 3542 1534 terrarum
3637 1532 3639 1534 .

1982 1566 2334 1634 principibus,
2363 1566 2451 1634 pio
2475 1581 2658 1619 amore
2685 1566 2937 1630 visitatis,
2975 1576 3028 1620 et
3061 1576 3118 1620 ut
3159 1568 3223 1621 ad
3251 1577 3449 1622 statum
3477 1570 3544 1622 li-

1983 1655 2204 1707 bertatis
2227 1669 2339 1708 sua:
2365 1662 2628 1723 resurgat,
2652 1654 2780 1708 totis
2805 1653 3010 1708 viribus
3041 1655 3360 1721 aunitentes,
3386 1656 3542 1726 quasi

1983 1746 2239 1815 angelicis
2280 1745 2541 1800 instructa
2574 1746 2852 1814 responsis
2876 1755 3098 1802 caeteros
3139 1748 3203 1802 ad
3228 1747 3540 1817 suﬂ'ragium

1987 1834 2280 1888 laborantis
2312 1833 2562 1887 Ecclesiae
2586 1835 2911 1902 provocatis.
2967 1835 3118 1912 Unde
3158 1847 3211 1893 et
3256 1839 3539 1892 revelatio-

1915 1914 1958 1968 Β
1983 1937 2104 1977 nem
2147 1937 2393 1990 superna:
2435 1924 2638 1992 glorise,
2674 1932 2728 1977 et
2769 1933 2986 1980 aeterna:
3015 1929 3158 1992 vitae,
3205 1943 3326 1996 quae
3359 1937 3442 1982 est
3485 1927 3540 1982 iu

1982 2009 2201 2065 Christo
2227 2009 2376 2076 Jesu,
2411 2027 2518 2066 non
2553 2012 2713 2067 dubie
2745 2015 3141 2081 exspectabitis,
3178 2024 3232 2067 et
3260 2025 3541 2069 consortes

1983 2102 2270 2154 mulierum
2294 2102 2509 2156 illarum
2523 2105 2863 2172 praesentiam
2890 2103 3185 2157 Salvatoris
3208 2104 3376 2158 nostri
3402 2105 3542 2158 inter

1982 2191 2292 2259 angelorum
2326 2192 2537 2260 agmina
2559 2209 2690 2260 pace
2712 2203 2966 2263 perpetua
2992 2193 3246 2259 fruentes,
3271 2195 3387 2261 ipso
3415 2209 3544 2264 pro-

1982 2275 2211 2335 testante
2265 2280 2612 2351 [prastantm
2654 2290 2704 2334 et
2743 2283 2819 2334 sic
2870 2285 2924 2336 in
2964 2281 3195 2354 Malim]
3239 2284 3539 2338 invenietis.

1983 2372 2139 2439 Quod
2181 2381 2362 2426 autem
2403 2373 2470 2426 de
2504 2371 2613 2426 ﬁlia
2653 2382 2831 2428 vestra
2887 2373 3125 2428 Mathildi
3172 2389 3272 2428 nos
3319 2375 3540 2445 rogatis,

1985 2471 2256 2534 gratanter
2291 2465 2623 2532 accepimus,
2661 2465 3028 2519 eollaudantes
3067 2467 3404 2521 sanctitatem
3447 2481 3541 2520 ve-

1985 2565 2151 2609 stram
2187 2555 2330 2622 quod
2367 2564 2512 2608 tanta
2547 2555 2699 2608 vobis
2743 2557 2809 2609 de
2856 2558 3029 2610 salute
3077 2559 3216 2610 illius
3262 2572 3389 2610 cura
3419 2567 3540 2621 cst;

1983 2660 2104 2713 quae
2129 2645 2343 2713 quidem
2377 2646 2431 2698 in
2457 2660 2554 2699 vos
2575 2645 2722 2698 oumi
2752 2645 3016 2699 desiderio
3038 2655 3090 2699 et
3124 2647 3392 2701 lidrlitatis
3414 2649 3542 2700 alle-

1984 2744 2072 2789 ctu
2113 2750 2208 2789 cor
2246 2744 2299 2788 et
2324 2735 2558 2788 animam
2585 2751 2737 2790 suam
2781 2736 3024 2798 cll'undit,
3057 2737 3280 2805 gloriam
3307 2747 3541 2792 vestram

1984 2823 2140 2894 quasi
2176 2823 2370 2899 gaudia
2403 2824 2632 2894 proprixe
2655 2825 2846 2879 salutis
2878 2826 3139 2896 exposcit.
3177 2826 3252 2879 Ac
3275 2819 3393 2880 nos
3422 2825 3544 2895 qui-

1984 2914 2104 2966 dem
2130 2927 2228 2982 pro
2257 2927 2317 2966 ea
2349 2913 2574 2966 libenter
2603 2928 2856 2979 oramus;
2898 2923 2971 2980 ct,
3002 2915 3123 2969 licet
3143 2916 3415 2969 orationes
3442 2930 3542 2968 no-

1985 3009 2127 3054 stras
2147 3009 2332 3054 nostra
2357 3000 2466 3054 Deo
2488 3017 2677 3070 parum
2710 3004 3086 3058 commendent
3109 3006 3318 3066 merita,
3345 3005 3542 3056 suifra-

1984 3097 2140 3158 gante
2170 3094 2348 3141 tamen
2378 3083 2572 3156 pietate
2601 3087 2766 3154 Petri,
2795 3089 2948 3159 cujus
2985 3090 3347 3156 scrvisumus,
3371 3105 3464 3144 eas
3485 3090 3541 3144 in

320 3196 440 3251 gere
471 3181 722 3247 valeant,
758 3181 991 3252 amplius
1019 3196 1184 3252 quam
1228 3179 1334 3235 dici
1366 3180 1535 3250 possit
1558 3179 1890 3249 coucupisci—
1919 3240 1955 3254 Α
1987 3185 2275 3249 conspectu
2305 3178 2516 3234 Domini
2551 3195 2656 3234 non
2688 3180 2911 3234 omnino
2944 3195 3144 3236 vacuas
3171 3196 3288 3254 esse
3311 3179 3540 3235 conlidi-

321 3271 409 3338 tis,
434 3281 488 3326 et
528 3271 800 3327 indefessa
827 3272 1185 3327 sollicitudine
1207 3273 1469 3342 quaeritis.
1502 3272 1744 3338 Quorum
1770 3273 1886 3342 qui-

319 3359 457 3424 dem,
480 3360 629 3429 quod
669 3345 963 3414 maximum
997 3369 1099 3424 est,
1124 3369 1179 3414 et
1212 3361 1402 3413 unitati
1432 3360 1734 3415 dilectionis
1755 3376 1886 3414 con-

316 3447 746 3516 iunctissimum,
787 3447 902 3516 jam
943 3448 1244 3518 peregistis,
1297 3448 1541 3502 videlicet
1571 3450 1738 3502 lilium
1794 3465 1884 3503 ve-

320 3547 487 3592 strum
551 3537 851 3592 Heuricum
935 3552 1116 3609 regem
1192 3539 1560 3594 communioni
1630 3538 1882 3595 Ecclesia

319 3630 549 3691 restitui.
577 3629 852 3700 simulque
880 3645 1106 3700 regnum
1128 3630 1246 3700 ejus
1278 3647 1309 3685 a
1345 3631 1618 3686 communi
1647 3631 1881 3701 periculo

318 3721 530 3778 liberari
573 3741 586 3778 :
621 3723 885 3792 quoniam
911 3723 1003 3777 illo
1031 3732 1182 3778 extra
1204 3725 1640 3780 communionem
1681 3725 1878 3794 posito,

315 3823 414 3865 nos
440 3811 668 3880 quidem
706 3810 873 3863 timor
901 3809 1096 3864 divina:
1131 3811 1350 3866 ultionis
1377 3827 1558 3865 secum
1594 3815 1882 3869 convenire

315 3900 589 3972 prohibuit
615 3918 629 3952 :
657 3899 901 3955 subditos
921 3913 1049 3954 vero
1066 3899 1167 3954 sibi
1196 3901 1435 3971 quotidie
1454 3901 1572 3970 ejus
1599 3903 1879 3971 przcsentia

314 3989 468 4059 quasi
509 3988 815 4044 necessitas
859 3990 1188 4060 quaedamin
1231 3992 1385 4061 culpa
1433 3991 1634 4062 ligavit.
1667 3992 1746 4046 Ad
1777 4008 1880 4048 ca:-

313 4083 426 4131 tera
477 4092 616 4132 vero
684 4092 805 4148 qua
866 4077 1067 4132 leviora
1124 4089 1271 4146 sunt,
1337 4080 1460 4134 licet
1512 4091 1878 4151 paupertatem

314 4162 401 4235 υἱ,
443 4163 733 4236 pietatem]
776 4174 1009 4220 vestram
1065 4178 1368 4235 promptam
1423 4184 1543 4223 esse
1605 4185 1712 4224 non
1775 4173 1877 4226 du-

313 4256 565 4322 bitemus,
637 4270 736 4325 per
788 4255 1038 4311 fiduciam
1107 4265 1286 4312 tamen
1340 4274 1502 4326 quam
1549 4259 1603 4313 iu
1658 4263 1878 4317 Chriéto

314 4345 610 4411 habemus,
658 4344 886 4415 glonam
927 4353 1160 4400 vestram
1203 4355 1262 4400 ut
1291 4347 1492 4416 jugiter
1521 4356 1629 4400 tam
1677 4351 1876 4405 sanctis

312 4433 506 4490 studiis
537 4435 729 4499 instet,
781 4443 998 4504 propter
1043 4435 1420 4488 revelationem
1479 4436 1656 4504 gaudii
1712 4439 1873 4492 vestri

310 4525 720 4598 quodammodo
759 4525 1032 4579 exhortari
1071 4525 1414 4594 impellimus,
1446 4527 1742 4581 scribentes
1774 4544 1872 4582 vo-

310 4589 410 4681 bis,
445 4625 499 4673 et
541 4589 658 4672 sub
703 4615 868 4690 omni
899 4589 1220 4671 certitudine
1265 4617 1605 4673 notiﬁcantes
1653 4619 1874 4689 praefato
1910 4589 1955 4641 θ
1979 4589 3006 4690 ῃνωιξιῖεμιγίιέίίιι*εειειιᾲρτξῇμιίῖείξξεζιςέίξῖ
3030 4603 3153 4690 {in};

862 4669 1075 4750 5074,“;
1426 4669 1870 4750 ᾧξιίζξωτςιᾷξξξ
1914 4700 1922 4708 -
1980 4669 2275 4750 Χῖοι-(μεθῶ
2312 4669 2538 4750 pallium
2555 4686 2676 4724 cum
2704 4669 3003 4750 privilegio,
3029 4678 3083 4723 et
3111 4669 3294 4725 Nacho
3317 4669 3545 4750 conpes-

308 4708 414 4762 lilio
432 4718 619 4762 vestro
641 4716 819 4760 vestra
853 4709 1077 4762 consilia
1110 4717 1393 4777 vestraque
1425 4711 1652 4764 multum
1683 4713 1872 4765 merita

308 4795 596 4866 profuisse,
621 4802 678 4848 et
707 4809 871 4862 quam
894 4795 1310 4851 misericorditer
1335 4813 1457 4852 eum
1493 4799 1672 4852 divina
1705 4800 1872 4868 respi-

307 4885 411 4939 ciat
451 4885 769 4948 clementia,
807 4892 1040 4938 vestram
1100 4887 1275 4941 adhuc
1318 4887 1703 4942 beatitudinem
1747 4904 1870 4943 cum

308 4974 672 5044 gratulatione
698 4974 936 5028 visuram
958 4989 1096 5028 esse.
1131 4973 1241 5031 Hoc
1268 4987 1445 5031 autem
1470 4978 1608 5033 unde
1637 4979 1719 5033 vel
1744 4995 1872 5049 qua-

308 5063 428 5121 liter
451 5062 615 5118 nobis
641 5063 978 5130 compertum
1022 5068 1109 5130 sit,
1136 5081 1258 5120 cum
1299 5078 1553 5135 vestram,
1581 5069 1870 5123 miserante

310 5150 436 5218 Deo,
467 5151 819 5224 praesentiam
860 5152 1173 5219 viderimus,
1220 5165 1459 5225 patenter
1492 5159 1868 5214 indicabimus.

310 5239 380 5294 De
407 5253 610 5298 caetero
643 5257 686 5294 si
708 5242 784 5294 iat
821 5241 1110 5295 eminentia
1147 5253 1324 5298 vestra
1361 5263 1458 5300 nos
1489 5248 1574 5301 his
1617 5252 1872 5318 tempori-

309 5327 407 5384 bus
437 5345 539 5400 ptzo
569 5347 743 5387 causa
771 5329 911 5385 beati
947 5328 1088 5382 Petri
1133 5335 1497 5400 apostolorum
1535 5336 1791 5405 principis
1817 5339 1868 5390 in

308 5419 488 5477 labore
519 5437 634 5476 non
671 5439 843 5492 parvo
879 5423 1112 5493 positos,
1152 5431 1204 5476 et
1245 5435 1476 5480 vestram
1525 5429 1577 5480 iu
1619 5431 1870 5482 omnibus

367 5640 523 5747 ’35?)
544 5639 624 5694 Ex
648 5640 772 5708 ipso
796 5643 1020 5722 registro
1052 5643 1292 5747 tireporii
1318 5642 1425 5704 Vli,
1452 5655 1575 5723 post
1594 5646 1748 5723 epist.
1774 5645 1861 5697 25.

391 5709 516 5747 nm
546 5709 623 5747 πο
654 5709 894 5747 tinuum
1180 5730 1213 5747 η
1249 5713 1267 5747 ι
1291 5730 1352 5747 μη
1396 5714 1652 5747 unum...
1689 5716 1758 5747 ιιι.

390 5709 516 5778 358)
546 5709 623 5765 De
653 5709 894 5767 Roberto
917 5709 1213 5769 Cuiscardo
1248 5713 1352 5768 Leo
1396 5709 1656 5768 ostiensis
1687 5716 1776 5767 lib.
1810 5732 1864 5768 ιη

1989 3285 2128 3324 mus.
2165 3268 2409 3325 Vestram
2443 3270 2605 3339 igitur
2625 3270 3149 3324 commendationem
3185 3271 3348 3340 digna
3381 3284 3544 3324 vene-

1985 3359 2194 3412 ratione
2227 3357 2604 3427 suscipientes,
2639 3359 2820 3412 itidem
2854 3374 2978 3423 vos,
3017 3368 3075 3412 ut
3105 3359 3248 3414 illius
3282 3370 3336 3414 et
3370 3359 3542 3414 nostri

1981 3445 2298 3499 memoriam
2344 3445 2398 3498 in
2435 3448 2630 3502 vestris
2666 3461 2921 3516 rogamus
2947 3447 3282 3501 orationibus
3307 3446 3540 3515 faciatis,

1980 3543 2034 3589 et
2063 3536 2266 3590 mutuis
2288 3550 2388 3589 nos
2416 3536 2555 3604 apud
2579 3533 2746 3589 Deum
2759 3521 3010 3604 juventus
3034 3536 3538 3604 intercessionibus;

1981 3635 2248 3694 quatenus
2277 3625 2363 3681 hic
2393 3626 2447 3680 in
2468 3625 2687 3680 Christo
2729 3641 2972 3680 connexa
3017 3627 3253 3682 charitas
3299 3643 3463 3682 unam
3487 3636 3544 3684 et

1979 3731 2322 3772 communem
2345 3718 2501 3772 nobis
2535 3717 2589 3772 in
2632 3734 2800 3789 regno
2834 3717 3008 3775 Patris
3033 3721 3224 3786 nostri,
3257 3720 3375 3792 ipso
3398 3737 3544 3792 pra“:-

1980 3813 2177 3872 stante,
2203 3808 2384 3862 sedem
2410 3809 2588 3876 pariat
2615 3809 2958 3862 et‘betitiam.

2048 3940 2182 3994 Data
2218 3939 2270 3992 in
2301 3940 2641 4007 expeditione
2665 3940 2730 3994 ad
2745 3923 3016 3995 "Sanctum
3054 3941 3366 3996 Flavianum
3406 3942 3537 4014 [Fa-
3585 3941 3589 3946 ’

1978 4030 2223 4102 bianum]
2249 4030 2459 4085 decimo
2490 4032 2719 4100 septimo
2747 4029 3013 4087 Kalendas
3055 4031 3204 4102 Julii,
3239 4035 3545 4099 indictione

1978 4122 2313 4179 duodecima.

2050 4257 2197 4323 (557)
2234 4255 2288 4309 In
2326 4257 2429 4310 hoc
2462 4255 2638 4324 primo
2677 4269 2822 4308 anno
2865 4255 3212 4323 pontificatus
3265 4254 3371 4317 sui,
3421 4255 3542 4323 ipse

1977 4326 2229 4380 dominus
2275 4323 2582 4393 Gregorius
2605 4339 2738 4391 papa
2790 4324 3072 4376 constituit
3110 4332 3164 4377 et
3203 4326 3544 4393 consecravit

1976 4392 2414 4472 archiepiscopos
2428 4392 2786 4472 et_epis_c0pos
2809 4407 2902 4472 per
2911 4393 3133 4472 diversa
3155 4393 3310 4472 loca;
3411 4392 3542 4472 sar-

1975 4463 2121 4517 diuia
2177 4461 2450 4530 provincia
2482 4461 2741 4515 Jacobum
2776 4462 3241 4532 archiepiscOpum
3272 4463 3540 4521 Calama-

1977 4549 2104 4586 num
2129 4573 2142 4596 ,
2185 4531 2601 4585 Constantinum
2653 4531 3126 4602 archiepiscopum
3167 4533 3540 4599 Turrenscm;

1979 4603 2175 4672 quibus
2199 4603 2353 4670 pallia
2380 4617 2501 4655 cum
2527 4601 3005 4672 privilegiisdedit.
3030 4603 3267 4672 Brunoni
3287 4602 3544 4672 episcopo

1978 4743 2065 4794 sit.
2090 4740 2350 4794 Joannem
2383 4740 2649 4792 Soranum
2675 4740 2984 4807 episcopum
3018 4742 3374 4795 consecravit.
3408 4741 3540 4796 Item

1980 4810 2031 4862 in
2062 4810 2298 4861 marcbia
2336 4808 2587 4860 Firmana
2611 4807 2985 4862 lrasmundum
3023 4807 3363 4873 Valvenscm,
3399 4810 3544 4863 Teu-

1979 4894 2166 4930 zonem
2201 4876 2503 4948 Teatinum,
2541 4875 2774 4931 Leonem
2806 4877 3114 4948 episcopum
3158 4880 3208 4930 in
3244 4878 3541 4948 Qampania

1977 4947 2340 5016 {\quinensem
2371 4988 2383 5009 ,
2433 4945 2711 5016 Hugonem
2782 4945 2855 5002 in—
2888 4945 3194 5016 Burgundia
3252 4945 3540 5013 Dien'sem,

1977 5015 2329 5086 Landericum
2392 5014 2538 5070 item
2577 5016 2628 5069 in
2689 5014 3017 5086 Burgundia'
3048 5014 3492 5086 Matiscouensem
3523 5059 3540 5086 ,

1976 5085 2318 5139 Guilielmum
2392 5087 2444 5139 in
2514 5083 3168 5139 Maritima'Massanum.
3237 5083 3547 5143 Celebravit

1977 5153 2160 5208 Romae
2192 5156 2483 5232 synodum,
2511 5157 2561 5206 in
2586 5171 2711 5232 qua,
2746 5154 2884 5206 inter
2913 5163 3107 5235 cetera
3133 5171 3252 5235 quae
3272 5156 3370 5235 .ibi_
3389 5168 3541 5235 gesta

1977 5235 2124 5287 sunt,
2146 5224 2628 5276 excommunicavit
2655 5233 2813 5291 atque
2838 5224 3307 5278 anathematizavit
3335 5224 3542 5280 Robor-

1977 5304 2088 5345 tum
2147 5292 2501 5371 Ediscat-dum
2554 5293 2927 5371 (358,)‘ducem
2964 5293 3168 5371 Apulia:
3197 5303 3250 5371 et
3274 5294 3541 5350 Calabriae

1976 5371 2135 5429 atque
2163 5361 2377 5441 Siciliae,
2405 5377 2528 5415 cum
2559 5363 2812 5418 omnibus
2835 5361 3133 5417 fautoribus
3164 5364 3299 5429 suis,
3327 5380 3536 5434 quous-

1976 5446 2078 5500 que
2108 5440 2463 5501 resipisccret.

1973 5653 2222 5707 Chronici
2255 5652 2623 5715 Cassinensis,
2670 5667 2718 5704 c.
2773 5651 2865 5714 l5,
2916 5653 3002 5714 Η,
3042 5653 3109 5705 52
3152 5660 3203 5702 et
3245 5649 3348 5713 56;
3406 5648 3533 5706 Οιὲο

1975 5723 2347 5792 h‘risingensis.
2381 5723 2471 5774 lib.
2510 5739 2523 5772 ι
2558 5722 2629 5775 De
2661 5721 2824 5789 gestis
2857 5721 3135 5785 Friderici,
3180 5734 3295 5786 cap.
3331 5719 3381 5771 3.
