4218 6388
241 483 422 546 εει,

244 610 412 654 torum
446 609 716 661 suorum,
762 597 1017 662 superato
1065 589 1247 644 carnis
1291 589 1579 650 desiderio.
1615 586 1810 643 contir-
1840 591 1885 647 Λ

244 689 419 744 mavit.
460 686 686 742 Scimus
709 684 960 754 equidem
1003 680 1262 753 quoniam
1294 689 1440 751 quod
1475 681 1529 734 in
1565 678 1815 750 praesenti
1849 687 1855 692 ‘

241 782 342 835 vita
384 779 551 836 nobis
583 779 748 852 [forte
770 773 948 846 vobis]
981 774 1358 829 dulcissimum
1404 771 1536 837 fuit,
1573 772 1816 842 exigente

237 872 472 942 justitia,
521 868 815 940 reliquisti,
851 867 980 921 dum
1012 880 1110 936 pro
1152 863 1449 918 reverentia
1493 861 1816 916 Christiana:

243 963 512 1036 religionis
535 963 605 1016 ab
630 975 799 1014 uxore
828 966 1028 1021 vestra,
1064 955 1320 1025 quoniam
1357 953 1660 1023 propinqua
1684 967 1815 1004 con-

240 1054 602 1125 sanguinitate
648 1051 802 1106 vobis
843 1056 957 1111 est,
1004 1061 1102 1100 vos
1147 1060 1398 1114 separate
1436 1039 1809 1098 consensistis.

243 1143 437 1199 Verum
471 1151 682 1213 quanto
715 1137 949 1210 graviori
993 1136 1288 1192 certamine
1333 1134 1608 1189 libidinem
1645 1133 1814 1187 animi

241 1236 398 1290 vestri
429 1233 663 1297 vicistis,
691 1241 744 1286 et
766 1231 831 1285 ad
857 1231 1028 1300 legem
1055 1227 1148 1293 Dei
1174 1227 1474 1282 districtius
1507 1242 1604 1280 vos
1634 1225 1815 1279 humi-

242 1327 424 1390 liastis,
457 1335 615 1380 tanto
644 1322 1014 1379 sublimiorem
1053 1320 1278 1390 gloriam
1317 1319 1526 1373 infinita
1564 1333 1814 1372 remune—

241 1417 444 1471 ratione
473 1417 634 1472 vobis
678 1422 921 1484 paratam
967 1426 1088 1466 esse
1135 1410 1323 1480 procul
1373 1409 1541 1464 dubio
1595 1424 1814 1478 sperare

239 1509 458 1563 debetis.
507 1505 852 1576 Quapropter
901 1512 955 1557 et
996 1501 1154 1557 nobis
1184 1502 1354 1555 multo
1386 1501 1606 1555 uberior
1631 1501 1811 1554 Letitia

239 1599 449 1661 crescit,
469 1596 730 1666 quoniam
758 1595 811 1648 in
839 1595 941 1647 hac
966 1592 1300 1646 correctione
1324 1600 1500 1644 vestra
1523 1600 1667 1644 certa
1691 1606 1812 1660 spes

241 1696 424 1742 vestra
468 1687 664 1741 salutis
715 1683 1068 1753 intelligitur,
1122 1691 1176 1736 et
1216 1698 1280 1736 ea
1333 1697 1454 1751 quae.
1495 1697 1708 1750 semper
1756 1682 1811 1735 in

237 1776 394 1834 domo
413 1786 598 1832 vestra
625 1776 744 1840 fuit,
769 1775 1060 1829 miserante
1083 1773 1212 1838 Deo,
1238 1773 1570 1844 generositas
1591 1788 1812 1829 conser—

238 1867 460 1922 vabitur.
502 1868 585 1923 Ex
625 1869 729 1922 hoc
757 1867 901 1920 enim
947 1866 1203 1921 nobilitas
1247 1866 1457 1935 generis
1501 1866 1654 1919 valde
1685 1882 1808 1921 cor-

1326 474 1530 532 LIBER
1569 470 1948 530 secusne-.5.
1983 503 2054 514 _
2087 440 2304 533 msr.
2340 475 2402 531 v.

3381 479 3486 535 365

1984 597 2299 658 prwcepcrat
2325 631 2340 654 ,
2384 588 2887 642 cxcommunimtum
2937 605 3040 642 una
3084 606 3202 643 cum
3247 591 3481 646 criminis

1987 659 2310 711 consortibus
2342 658 2624 712 denuntiet.

1989 770 2294 826 Gnesonics
2326 771 2643 841 episcopus,
2682 765 2872 826 servus
2902 785 3182 826 servorum
3216 768 3339 838 Dei,
3379 774 3484 828 Gn-

1917 874 2106 915 zcuxo
2146 857 2518 930 Burdigalensi
2561 861 2967 930 archiepiscopo
3013 861 3238 916 salutem
3273 871 3324 916 et
3354 879 3482 932 apo-

1917 953 2163 1007 stolicam
2193 953 2643 1009 benedictionem.

1988 1041 2140 1098 Sicut
2164 1044 2218 1098 in
2252 1045 2444 1100 litteris
2479 1046 2594 1100 tuis.
2615 1046 3003 1112 intelleximus,
3036 1043 3359 1102 lsembertus
3394 1046 3483 1102 Pi—

1913 1134 2186 1189 ctavensis
2200 1136 2487 1205 episcopus
2511 1151 2732 1206 magnas
2746 1135 2855 1190 Deo
2875 1138 3230 1207 omnipotenti
3251 1148 3303 1192 et
3325 1139 3483 1194 beato

1915 1220 2076 1276 Petro
2113 1223 2319 1292 tibique
2355 1224 2616 1295 magistro
2642 1240 2740 1278 suo
2772 1224 2999 1292 injurias
3032 1227 3311 1297 irrogavit,
3340 1242 3483 1284 sesc-

1915 1329 2020 1381 que
2050 1314 2208 1367 nobis
2247 1315 2617 1369 adversarium
2643 1316 3070 1384 impugnatorem
3099 1317 3342 1385 justititr,
3386 1321 3482 1374 lio-

1913 1413 2052 1457 stem
2102 1412 2302 1460 sanctae
2352 1403 2638 1468 Ecclesiae,
2683 1415 2926 1474 patenter
2968 1407 3273 1460 ostentavit.
3329 1407 3484 1464 Nunc

1914 1494 2097 1564 igitur,
2135 1485 2391 1566 quoniam
2446 1497 2513 1549 ad
2571 1496 2862 1550 vindictam
2914 1495 3319 1551 malefactorem
3364 1499 3483 1567 ejus

1913 1601 2021 1638 non
2053 1595 2239 1640 nostra
2281 1593 2489 1640 tantum
2526 1586 2620 1639 SL‘tl
2663 1594 2716 1639 et
2753 1594 2845 1640 tua
2892 1603 3027 1656 opus
3060 1595 3140 1642 est
3185 1587 3480 1658 vigilantia,

1914 1669 2302 1727 fraternitatem
2338 1683 2488 1742 tuam
2526 1673 2755 1727 multum
2791 1674 3146 1729 admonemus
3173 1684 3228 1728 ut
3256 1673 3398 1729 nulla
3431 1687 3484 1731 tc

1913 1761 2130 1815 occasio
2159 1761 2212 1814 in
2247 1762 2349 1816 hac
2382 1777 2546 1818 causa
2583 1762 2820 1830 tepidum
2863 1762 2944 1815 vel
2977 1762 3158 1832 aliquo
3191 1765 3351 1818 modo
3384 1782 3481 1819 ne-

1915 1851 2198 1921 gligentem
2234 1851 2440 1915 reddat,
2481 1851 2594 1915 sed,
2625 1850 2672 1904 si
2697 1866 2821 1904 cum
2858 1851 2924 1904 ad
2951 1866 3050 1905 nos
3077 1863 3360 1908 venturum
3392 1869 3480 1909 co-

239 1960 521 2028 rumpitur,
556 1976 684 2015 cum
709 1959 889 2030 proles
920 1958 1119 2012 non‘de
1149 1959 1385 2027 legitima
1426 1959 1662 2028 conjugii
1690 1975 1811 2028 μιν,
1845 1926 1886 1978 Β
1912 1942 2183 2030 gnovcris,
2214 1951 2268 1995 tu
2314 1943 2449 2011 ipsc,
2478 1944 2522 1996 si
2567 1959 2753 2012 queas,
2785 1942 2851 1996 ad
2891 1945 3258 2011 apostolorum
3295 1946 3483 2001 limina

238 2051 484 2106 mistionc
532 2059 841 2122 generatur.
878 2050 1054 2117 Atque
1089 2063 1154 2101 co
1181 2049 1362 2101 minus
1395 2050 1687 2104 eminentia
1717 2068 1808 2106 ve-

239 2147 360 2205 stra,
379 2141 524 2210 quod
549 2151 664 2195 tam
685 2141 881 2194 acriter
903 2138 1055 2194 vobis
1079 2139 1396 2203 institimus,
1415 2139 1602 2192 mirari
1627 2143 1804 2208 debet,

236 2232 486 2299 quoniam
533 2232 776 2286 Romana
826 2229 1096 2295 Ecclesia,
1134 2246 1255 2301 qua:
1289 2231 1511 2286 domum
1547 2243 1803 2299 vestram,

239 2337 346 2388 vos,
373 2332 653 2394 totamque
682 2323 987 2392 prosapiam
1011 2332 1269 2387 vestram,
1295 2323 1559 2392 singulari
1581 2333 1635 2378 et
1655 2341 1808 2396 egre-

237 2414 318 2483 gia
343 2429 558 2485 semper
579 2415 842 2471 charitate
867 2415 1075 2478 dilexit,
1112 2417 1165 2470 in
1192 2424 1345 2470 tanto
1375 2432 1475 2471 vos
1499 2419 1681 2488 jacere
1713 2435 1838 2489 pe-_

239 2505 402 2578 riculo
436 2508 544 2577 pati
595 2523 704 2577 non
757 2507 953 2576 potuit.
1005 2507 1273 2562 Cancrum
1310 2508 1454 2576 quod
1479 2509 1625 2562 domi
1655 2509 1803 2563 illam

241 2596 290 2650 in
320 2608 495 2652 vestra
521 2607 791 2668 potestate
815 2613 989 2667 usque
1024 2597 1091 2652 ad
1120 2596 1361 2652 futuram
1395 2598 1661 2668 synodum
1688 2615 1804 2653 mo-

241 2687 342 2740 rari
363 2689 586 2758 cupitis,
609 2688 734 2744 licet
763 2702 920 2743 soror
955 2697 1154 2754 vestra,
1182 2704 1347 2759 quam
1381 2698 1440 2743 ut
1468 2699 1696 2744 matrem
1722 2691 1804 2745 di-

242 2771 621 2846 ligimus,lindc
647 2795 746 2834 nos
770 2779 1208 2849 interpellaverit,
1233 2780 1543 2834 consentire
1567 2796 1674 2834 non
1706 2796 1804 2835 au-

240 2867 470 2936 demus;
527 2869 763 2925 scientes
813 2869 1136 2926 diabolicam
1193 2869 1438 2924 fraudem
1494 2872 1804 2926 hominibus

241 2958 467 3015 maxime
497 2959 664 3014 vetita
698 2960 926 3029 repertis
959 2960 1341 3015 occasionibus
1385 2962 1652 3029 praecipua
1687 2963 1802 3014 cal-

241 3041 437 3101 liditate
460 3062 763 3118 suggerere.
801 3045 1031 3100 Proinde
1080 3048 1150 3100 ita
1194 3063 1314 3100 eam
1347 3064 1376 3100 a
1409 3057 1592 3102 vestra
1614 3048 1801 3101 vieini-

243 3142 343 3190 tate
372 3137 586 3205 penitus
621 3135 885 3190 removeri
921 3144 976 3189 et
1014 3135 1256 3206 clongari
1307 3136 1494 3202 facite,
1533 3147 1591 3190 ut
1624 3146 1801 3193 vestra

241 3229 516 3293 correctio,
545 3236 598 3281 et
634 3225 812 3280 oblata
852 3224 963 3280 Deo
1009 3227 1329 3292 reverentia,
1362 3227 1614 3285 omnibus
1643 3228 1715 3284 sit
1747 3229 1800 3282 in
1827 3254 1870 3308 ε

240 3317 569 3387 exemplum,
602 3325 658 3372 et
689 3316 917 3371 salutem
952 3325 1187 3370 vestram
1231 3316 1374 3369 nulla
1412 3316 1588 3369 valeat
1615 3317 1802 3370 diabo-

241 3404 320 3460 lus
341 3407 636 3477 sagacitate
667 3406 918 3460 turbare.
960 3403 1035 3460 De
1067 3413 1265 3459 caetero
1295 3405 1488 3460 scitote
1523 3403 1801 3460 Pictaven-

240 3511 347 3551 sem
380 3496 737 3554 lsembertum
772 3499 1118 3568 episcopum,
1152 3497 1257 3552 nisi
1299 3507 1422 3552 ante
1457 3496 1800 3552 festivitatem

240 3588 404 3643 sancti
433 3589 666 3645 Andreae
709 3588 778 3644 ad
829 3604 931 3644 nos
965 3589 1033 3644 de
1061 3589 1480 3658 praasumptione
1511 3603 1610 3642 sua
1637 3589 1802 3643 ratio-

244 3689 357 3732 nem
379 3678 694 3735 redditurus
722 3679 922 3745 veniat,
957 3679 1028 3734 ab
1057 3680 1204 3733 omni
1233 3679 1523 3748 episcOpati
1549 3688 1602 3734 et
1625 3694 1804 3734 sacer-

241 3766 396 3822 dotali
420 3769 618 3835 olIicio,
644 3779 700 3824 et
727 3770 841 3838 ipsa
873 3784 1042 3824 sacra:
1075 3769 1480 3823 communionis
1514 3771 1805 3839 participa-

243 3854 379 3910 tione
398 3869 520 3910 esse
549 3856 839 3927 privatum.
877 3855 1032 3922 Quod
1063 3865 1243 3912 autem
1265 3857 1333 3912 ad
1365 3856 1646 3911 servitium
1679 3873 1804 3913 san-

243 3944 309 4000 cti
340 3945 483 4003 Petri
527 3957 833 4019 promptam
895 3964 992 4004 vos
1036 3949 1236 4004 habere
1284 3950 1614 4006 voluntatem
1647 3965 1804 4006 man-

245 4035 425 4105 dastis,
455 4047 734 4110 gratanter
765 4039 1076 4109 accepimus
1094 4080 1109 4104 ,
1147 4040 1242 4095 sed
1271 4041 1625 4098 determinate
1651 4044 1806 4098 vobis

245 4126 436 4196 aliquid
463 4129 534 4184 de
551 4128 892 4198 expeditione
927 4129 1164 4185 scribere
1188 4129 1256 4184 ad
1278 4146 1517 4200 pmsens
1542 4149 1650 4188 non
1675 4136 1806 4191 satis

247 4214 527 4272 discretum
568 4216 688 4273 fore
711 4218 1090 4288 prtevidimus;
1127 4220 1387 4290 quoniam
1418 4237 1608 4277 rumor
1636 4233 1720 4278 est
1751 4226 1805 4279 in

245 4309 616 4365 transmarinis
651 4307 898 4378 partibus
931 4308 1308 4377 Christianos,
1343 4311 1635 4367 miserante
1665 4311 1804 4380 Deo,

248 4409 570 4468 paganorum
599 4397 757 4470 longe
779 4399 1127 4470 propulsasse
1158 4399 1515 4468 ferocitatem,
1539 4411 1594 4458 et
1617 4418 1719 4459 nos
1741 4404 1808 4459 de

248 4487 446 4560 reliquo
473 4489 609 4562 quid
641 4489 817 4546 acturi
855 4490 1027 4548 simus
1067 4491 1246 4548 adhuc
1279 4493 1482 4552 divinae
1515 4492 1809 4549 Providen-

1909 2029 2241 2101 fatigationis
2264 2048 2485 2086 cursum
2515 2047 2622 2086 non
2649 2031 2901 2102 refugi-as.
2923 2031 3077 2098 Quod
3101 2034 3147 2087 si
3172 2043 3274 2088 tua:
3303 2036 3504 2091 minus

1908 2119 2050 2179 ferre
2091 2131 2346 2266 pofrunt
2400 2126 2804 2192 occupationes,
2847 2125 2980 2179 tales
3030 2140 3321 2194 personas,
3371 2136 3480 2184 tant

1908 2227 1971 2264 ex
2007 2222 2096 2266 tua
2134 2229 2168 2266 n
2205 2222 2304 2266 rte.
2337 2229 2501 2266 ouam
2533 2229 2723 2266 eorum
2753 2215 2846 2266 aui
2874 2214 3060 2266 eadem
3091 2217 3248 2266 nobis
3278 2233 3400 2266 num
3429 2227 3480 2266 ot

1907 2227 1971 2264 ex
2007 2222 2096 2266 tua
2133 2214 2304 2282 pbrte,
2337 2229 2501 2282 quam
2533 2229 2723 2267 eorum
2753 2215 2846 2283 qui
2874 2214 3060 2285 eadem
3091 2217 3248 2270 nobis
3278 2233 3400 2288 qua:
3429 2227 3486 2274 ct

1907 2313 1963 2356 tu
1985 2304 2051 2358 de
2076 2304 2298 2373 praefato
2319 2305 2574 2374 episcopo
2596 2319 2691 2374 per
2714 2304 2920 2359 litteras
2948 2306 3381 2374 notiticaverunt,
3413 2310 3481 2364 ad

1905 2411 2007 2449 nos
2022 2396 2180 2467 dirigi
2219 2412 2326 2452 non
2355 2396 2574 2451 desinas
2602 2410 2896 2464 procurare
2924 2438 2934 2448 .
2969 2397 3062 2466 qui
3091 2386 3369 2452 veritatem
3400 2401 3480 2454 rei

1904 2481 2261 2553 irrefragabili
2288 2484 2594 2537 assertione
2614 2493 2880 2552 praesente
2902 2486 3157 2554 episcopo
3183 2488 3481 2554 approbare

1902 2573 2134 2627 valeant.
2176 2572 2373 2628 Verum
2407 2575 2522 2628 hmo
2556 2588 2664 2627 non
2690 2583 2748 2626 ut
2774 2589 2938 2642 super
2966 2575 3051 2627 bis
3076 2591 3195 2642 qua:
3228 2591 3258 2628 a
3295 2586 3344 2630 te
3380 2593 3471 2631 no-

1902 2661 1986 2715 bis
2041 2661 2340 2732 significata
2390 2671 2519 2717 sunt
2557 2662 2867 2717 dubitemus
2920 2663 3034 2732 hoc]
3064 2663 3251 2718 ordine
3299 2673 3474 2721 trans-

1904 2753 2092 2822 igenda
2130 2753 2479 2822 requirimus,
2514 2753 2608 2808 sed
2643 2760 2722 2817 ut,
2759 2751 2979 2806 Patrum
3025 2762 3337 2808 IlOSli'Ol‘llm
3371 2765 3480 2810 sta-

1903 2851 2019 2896 tuta
2049 2853 2346 2910 servantes,
2381 2845 2563 2898 omnia
2597 2853 2651 2898 et
2680 2841 3070 2899 rationabiliter
3101 2845 3477 2912 discutiamus,

1900 2942 1954 2987 et
1994 2935 2318 2988 auctorabili
2359 2935 2601 3004 judicio,
2639 2934 2751 2989 Deo
2785 2935 3018 3001 favente,
3067 2937 3474 2993 concludamus.

1899 3021 2058 3078 Novit
2085 3024 2227 3077 enim
2253 3024 2534 3093 prudentia
2564 3033 2654 3077 tua
2680 3025 2848 3094 quod,
2874 3026 3120 3094 personis
3141 3025 3474 3093 absentibus,

1901 3111 2300 3166 accusationem
2339 3127 2434 3182 per
2469 3113 2670 3182 scripta
2714 3114 2976 3167 canonica
3014 3129 3122 3167 non
3159 3115 3348 3183 probet
3380 3130 3481 3169 aue

1902 3204 2144 3268 ctoritas,
2177 3219 2294 3272 nec,
2329 3203 2534 3272 absque
2564 3205 2799 3272 partium
2846 3204 3236 3273 disceptatione
3286 3217 3478 3276 perco—

1903 3286 2072 3366 gniia,
2120 3297 2172 3348 in
2205 3295 2608 3350 examinatione
2642 3296 2865 3363 recipiat
2893 3312 3106 3350 causas.
3143 3293 3479 3369 Quapropter

1901 3400 2041 3453 θωνα
2083 3383 2251 3436 fatum
2303 3384 2618 3452 episcopum
2649 3383 2718 3436 ad
2749 3384 3102 3450 apostolicam
3149 3383 3478 3440 audientiam

1902 3473 2004 3526 sub
2037 3474 2130 3526 tali
2158 3471 2499 3546 districtione
2533 3487 2628 3540 per
2672 3471 2954 3539 epistolam
2989 3481 3230 3526 nostram
3261 3475 3478 3528 vocavi-

1902 3576 2046 3625 mns,
2088 3569 2174 3624 ut,
2227 3559 2330 3616 nisi
2374 3559 2718 3628 prtesentiam
2760 3572 2916 3613 suam
2960 3566 3087 3612 ante
3133 3558 3476 3616 festivitatem

1901 3649 2076 3704 sancti
2127 3649 2354 3704 Δηὼ-επ
2390 3657 2576 3703 nostro
2605 3650 2919 3718 conspectui
2966 3646 3288 3716 exhibuerit,
3329 3653 3479 3708 omni

1902 3741 2195 3811 episcopali
2215 3749 2270 3794 et
2284 3735 2618 3796 sacerdotali
2636 3741 2877 3810 privatus
2907 3736 3102 3806 otlicio,
3123 3743 3287 3796 etiam
3314 3755 3482 3799 sacra:

1901 3831 2303 3885 communionis
2353 3830 2423 3884 sit
2466 3830 2876 3898 participatione
2933 3829 3196 3887 secluSus.
3249 3832 3307 3886 Si
3352 3848 3481 3905 ergo

1902 3921 2165 3991 pertinaci
2221 3920 2505 3976 induratus
2553 3921 2898 3976 contumacia
2945 3923 3091 3978 circa
3141 3922 3479 3994 praelibatum

1904 4010 2194 4066 terminum
2219 4017 2418 4066 nostra:
2439 4013 2739 4082 praesentiae
2762 4027 2822 4068 se
2843 4006 3188 4081 subtraxerit,
3215 4018 3481 4085 prolatam

1905 4103 1960 4157 in
1989 4118 2114 4157 eum
2145 4101 2466 4158 sententiam
2489 4103 2761 4173 divulgata
2789 4105 3170 4173 pmdicatione
3196 4105 3478 4171 denuntia,

1903 4203 1960 4248 et
1991 4195 2366 4250 sieutinimiei
2421 4193 2514 4247 Dei
2566 4195 2820 4248 omnibus
2879 4195 3054 4248 modis
3100 4194 3394 4265 nequitiam
3427 4206 3483 4250 et

1907 4283 2294 4356 impudentiam
2343 4286 2463 4354 ejus
2519 4284 2849 4340 confundere
2903 4302 3010 4342 non
3061 4287 3312 4344 desistas.
3373 4287 3484 4345 Eos

1907 4393 2125 4451 quoque
2153 4393 2292 4449 quos
2335 4379 2451 4449 ipse
2503 4379 2570 4434 ad
2616 4387 2826 4436 tantum
2876 4380 3086 4439 facinus
3133 4385 3483 4454 perturbandi

1908 4477 2232 4524 conventum
2255 4477 2494 4524 vestrum
2528 4471 2806 4541 applicuit,
2835 4480 2944 4526 tam
2978 4473 3146 4528 laicos
3179 4488 3344 4542 quam
3371 4475 3486 4528 cle—

249 4577 637 4636 ιίεοοηείιίωη
663 4587 1062 4650 exspectamus.
1099 4579 1266 4637 vobis
1297 4589 1477 4637 tamen
1505 4591 1560 4638 ει
1579 4584 1647 4638 de
1668 4584 1808 4638 bona
1842 4597 1886 4651 υ
1909 4562 2086 4628 ricos,
2132 4577 2421 4633 quousque
2451 4563 2516 4618 ad
2559 4563 2983 4645 satisfactionem
3024 4566 3264 4632 veniant,
3302 4582 3332 4620 a
3363 4581 3487 4638 eor-

251 4667 512 4724 voluntate
531 4667 691 4738 plena
710 4667 852 4737 apud
875 4665 1044 4722 Deum
1067 4669 1432 4723 remuneratio
1447 4672 1805 4739 estrcposita;

253 4755 398 4814 nobis
418 4767 624 4825 autem,
648 4756 695 4814 si
725 4772 945 4814 necesse
973 4757 1155 4827 fuerit,
1190 4758 1246 4813 in
1280 4759 1476 4815 vestris
1500 4761 1804 4829 promissis,

256 4847 386 4904 sicut
407 4849 463 4906 in
494 4850 694 4911 dilecto
734 4848 903 4917 fratre
937 4859 993 4908 et
1027 4850 1160 4918 filio,
1199 4859 1346 4907 certa
1380 4866 1594 4922 semper
1627 4852 1812 4908 existit

257 4940 457 5083 “illi:
481 5026 673 5084 Tiburi
702 5019 1060 5100 quartolldus
1097 5029 1428 5100 Septembris
1450 5073 1464 5098 ,
1516 5031 1810 5096 indictione

261 5113 454 5174 decima
479 5120 660 5177 tertia.

805 5271 1138 5328 EPISTOLA
1165 5275 1251 5330 IV.

361 5401 424 5442 Α»
452 5402 750 5443 ωηωιυι
783 5401 1225 5441 Αιειηειιιεεορῦι
1256 5403 1683 5444 ιυιιυιωιεκεειι

833 5497 1012 5552 «Anno
1043 5495 1222 5551 1074.l

274 5641 431 5698 Horret
450 5645 751 5702 utRomam
781 5644 974 5713 veniat,
999 5642 1076 5696 vel
1097 5641 1262 5696 alium
1298 5642 1493 5709 mittat,
1526 5647 1614 5713 qui
1647 5639 1816 5697 Item-

333 5713 522 5784 bertum
543 5714 843 5784 episcopum
856 5712 937 5784 ναι(
950 5729 1007 5784 se
1028 5724 1264 5766 vocatum
1285 5712 1590 5784 prmsentern
1612 5724 1817 5765 accuset

334 5783 391 5837 de
411 5781 622 5853 injuriis
657 5797 786 5861 git-as
809 5783 873 5861 ali
898 5781 990 5861 illo
1024 5798 1077 5834 se
1106 5781 1320 5861 passum
1350 5800 1440 5852 per
1473 5782 1674 5861 litteras
1697 5799 1819 5861 qne-

337 5848 573 5918 rtuﬂest.
613 5848 680 5904 et'
712 5848 1080 5913 Isembertum,
1107 5848 1217 5904 nisi
1242 5854 1311 5906 ad
1345 5848 1398 5907 se
1425 5852 1646 5907 venerit.
1685 5848 1820 5904 sicut

564 5967 838 6030 Parnm.
888 5963 1218 6028 CXLVIII.

1912 4668 2044 4725 pore
2076 4662 2132 4708 et
2171 4654 2434 4724 sanguine
2479 4653 2776 4726 Domini‘et
2808 4654 2878 4708 ab
2907 4655 3056 4708 omni
3086 4655 3273 4711 divino
3308 4656 3486 4712 oliicio

1913 4745 2209 4814 apostolica
2241 4745 2563 4800 auctoritate
2616 4745 2866 4814 repulsos
2895 4762 3018 4802 esse
3057 4749 3214 4805 scias.
3253 4747 3406 4812 Quod
3437 4751 3485 4802 si

1911 4837 2220 4905 episcopus,
2258 4835 2399 4890 sicut
2425 4835 2479 4890 in
2513 4835 2706 4891 litteris
2736 4838 2939 4893 nostris
2969 4839 3208 4910 districte
3237 4850 3483 4892 comm0¢

1913 4925 2060 4978 nitus
2087 4931 2189 4990 est,
2226 4926 2482 4981 omnibus
2526 4926 2765 4983 indicare
2815 4925 3145 4995 neglexerit,
3196 4934 3253 4979 tu
3305 4929 3485 4997 palam

1915 5016 2024 5070 illis
2055 5015 2233 5073 facere
2264 5018 2575 5074 nullatenus
2606 5016 3004 5086 praetermittas.

1987 5105 2336 5178 Data'l'iburi
2385 5116 2580 5176 quarto
2632 5103 2754 5159 Idus
2802 5103 3155 5176 Septembris,
3194 5107 3486 5162 indictione
3535 5130 3544 5135 -

1919 5199 2126 5254 decima
2152 5198 2326 5250 tertia.

2479 5294 2814 5360 EPiSTOLA
2857 5306 2917 5358 Υ.

2333 5413 2399 5450 AD
2435 5411 2712 5451 EPISCOI’OS
2745 5410 3076 5450 FBANCOBL’M.

2494 5485 2672 5556 (Anno
2729 5483 2911 5554 l07l.)

1924 5579 2082 5650 Regni
2120 5576 2366 5650 Francia:
2398 5576 2747 5650 calamitates,
2784 5578 2990 5650 etrcgis
3029 5573 3254 5642 nefanda
3291 5576 3484 5650 scelera

1995 5644 2218 5716 narrat”
2247 5644 2490 5716 Increpat
2519 5648 2785 5716 episcopo:
2807 5647 2871 5716 de
2884 5644 3066 5716 genum
3092 5653 3273 5696 contra
3295 5644 3486 5716 _Imjus-

2004 5715 2144 5768 modi
2189 5712 2407 5768 scelera
2431 5712 2813 5770 taciturnitate.
2845 5712 3064 5765 Munda:
3094 5721 3150 5765 ut
3199 5714 3304 5780 regi
3349 5715 3483 5765 resi-

1996 5792 2135 5836 stant
2171 5800 2186 5834 :
2214 5785 2310 5852 qui
2336 5787 2380 5837 .ίὶ
2408 5793 2757 5852 obtemperare
2791 5782 3036 5847 noluerit,
3070 5791 3234 5834 totum
3269 5798 3482 5849 regnum

1992 5851 2241 5906 interdici
2277 5856 2458 5908 iubet
2498 5863 2546 5908 et
2578 5851 2640 5906 'si
2677 5853 2764 5906 ille
2797 5853 3216 5922 perseeerarerit,
3263 5851 3325 5903 de
3371 5852 3485 5918 ejus

3107 5966 3168 6027 12
