4218 6434
237 499 332 550 1'33
1333 483 1530 538 LIBER
1573 480 1955 538 SECUNDL'S.
1999 510 2067 519 -—
2093 477 2306 530 lil‘lST.
2353 475 2434 526 \‘l.

3309 516 3311 518 .
3385 466 3484 515 :t'ii

233 623 376 666 suam
411 618 464 662 et
502 609 694 680 populi
742 608 992 671 saiutem,
1032 603 1087 657 in
1132 599 1332 655 duritia
1364 598 1544 652 cordis
1571 596 1656 650 sui
1689 612 1809 665 per-
1841 596 1885 652 Λ
1912 592 1997 646 60.
2039 570 2107 643 lii
2144 589 2276 642 ."Nt-
2311 603 2492 640 "ﬁt???"
2519 581 3312 654 ὠθεῖ-1Ρϊτὶῖξ-κξττῖορῖδοορο.
3335 579 3480 648 {VM

233 700 444 764 stiterit,
481 699 800 769 apostolica:
827 688 1316 749 animadversionis
1343 685 1582 756 gladian
1613 699 1812 754 nequa-

230 806 390 861 quam
419 806 547 845 cum
577 788 784 842 diutius
821 785 1054 852 effugere
1086 794 1247 850 posse
1282 776 1439 846 quasi
1481 790 1546 828 ex
1573 789 1666 826 ore
1711 790 1812 827 no-

231 893 340 936 stro
370 881 475 934 sibi
504 878 798 932 notiticate.
828 869 1226 942 Propterquod
1269 875 1323 920 et
1356 882 1474 928 vos,
1519 863 1813 932 apostolica

229 973 555 1026 auctoritate
590 966 906 1024 commoniti
941 972 1106 1032 atque
1132 956 1446 1018 constricti,
1475 966 1699 1009 matrem
1725 971 1815 1007 ve-

231 1073 400 1117 stram
434 1068 683 1113 sanctam
718 1055 1020 1108 Romanam
1054 1059 1108 1104 et
1128 1047 1484 1119 apostolicam
1519 1043 1814 1098 licelesiam

229 1150 414 1203 debita
476 1148 581 1201 fide
639 1155 693 1198 et
737 1141 1044 1197 obedientia
1090 1137 1398 1202 imitemini,
1459 1143 1532 1198 et,
1584 1133 1652 1186 ab
1697 1133 1816 1202 ejus

228 1255 327 1294 vos
377 1237 648 1306 obsequio
677 1243 841 1304 atque
878 1229 1267 1287 communione
1302 1225 1521 1297 penitus
1553 1239 1815 1292 separau-

230 1339 334 1392 tes,
363 1343 461 1396 per
490 1325 798 1379 universam
828 1320 1111 1374 Franciam
1136 1331 1299 1372 omne
1313 1314 1554 1369 divimnn
1581 1312 1815 1366 ollictum

229 1419 448 1489 publice
499 1413 762 1469 celebrari
815 1410 1137 1464 inter-dicite.
1186 1405 1339 1472 Quod
1388 1405 1434 1457 si
1480 1419 1575 1456 nec
1625 1401 1817 1468 hujus-

231 1509 383 1563 modi
439 1505 781 1560 districtione
828 1500 1060 1553 voluerit
1109 1497 1446 1565 resipiscere,
1504 1493 1634 1546 nulli
1680 1493 1817 1544 clam

230 1609 330 1654 aut
362 1598 590 1651 dubium
620 1609 742 1649 esse
783 1592 1036 1646 volumus
1069 1589 1200 1658 quin
1236 1586 1412 1640 modis
1443 1584 1698 1636 ontnibus
1733 1599 1820 1634 re-

239 1705 415 1761 gnum
440 1684 783 1740 Franeize‘de
804 1683 924 1752 ejus
954 1679 1338 1748 occupatione,
1365 1675 1651 1743 adjuvante
1689 1671 1819 1734 Deo,
1862 1700 1883 1709 ι.

230 1787 514 1833 tentemus
542 1773 772 1845 eripere.
801 1771 943 1826 Sane
968 1770 1013 1822 si
1051 1769 1105 1822 in
1141 1769 1242 1821 hoc
1280 1774 1430 1819 tanto
1461 1773 1678 1831 tamque
1724 1776 1820 1814 ne-

231 1870 482 1925 cessario
512 1866 728 1936 negotio
747 1863 966 1932 tepidos
996 1875 1094 1912 vos
1122 1856 1556 1928 cognoverimus,
1584 1868 1687 1905 non
1707 1851 1821 1920 jam

233 1963 475 2032 amplius
501 1960 814 2015 dubitantes
845 1955 974 2024 quin
1007 1961 1185 2006 vestra
1224 1948 1417 2003 ﬁducia
1450 1946 1616 1999 fultus
1639 1945 1819 1997 incor-

233 2052 440 2121 rigibili
472 2049 753 2119 perduret,
777 2061 876 2098 vos
902 2044 1049 2112 ipsos
1086 2041 1227 2094 sicut
1259 2037 1437 2092 socios
1461 2045 1512 2090 et
1533 2034 1823 2103 compliccs

237 2143 511 2196 scelerum
536 2139 679 2207 ejus,
704 2132 996 2204 episcopali
1033 2131 1272 2199 privatos
1301 2125 1475 2180 ollieio
1503 2125 1618 2194 pari
1645 2122 1821 2176 vindi-

235 2241 344 2286 cta:
374 2229 560 2299 jaculo
610 2225 890 2279 feriemus.
928 2220 1110 2274 Testis
1153 2218 1296 2272 enim
1341 2214 1498 2268 nobis
1548 2221 1629 2266 est
1659 2211 1822 2273 Deus,

237 2331 296 2376 et
346 2319 568 2391 propria
617 2314 975 2376 conscientia,
1009 2311 1155 2380 quod
1206 2309 1321 2362 haec
1353 2322 1526 2374 neque
1577 2303 1827 2372 precibus

237 2427 422 2482 neque
453 2411 627 2480 pretio
653 2407 882 2476 alicujus
913 2404 1056 2458 ducti
1093 2401 1345 2460 dicimus,
1376 2412 1472 2450 nec
1506 2395 1558 2448 iu
1585 2394 1824 2447 animum

237 2504 599 2567 indusimus;
639 2500 731 2555 sed
769 2499 886 2552 solo
916 2496 1102 2550 dolore
1133 2493 1262 2546 tacti
1305 2489 1654 2550 intrinsecus,
1683 2486 1827 2554 quod

236 2607 358 2649 tam
393 2593 573 2648 nobile
603 2599 852 2661 regnum,
876 2597 933 2640 et
957 2575 1065 2639 tam
1104 2583 1348 2636 inﬁnitus
1373 2579 1694 2648 populorum
1731 2590 1828 2628 nu-

241 2661 448 2740 merus
471 2685 637 2738 unius
669 2677 1025 2751 perditissimi
1077 2673 1313 2735 hominis
1359 2670 1512 2738 culpa
1556 2668 1827 2735 depereat,

241 2775 483 2829 tacendo
507 2770 850 2826 dissimulare
905 2781 1003 2820 nec
1053 2776 1347 2833 possumus
1405 2775 1501 2812 nec
1549 2757 1826 2827 debemus.

242 2862 519 2915 Memores
553 2860 718 2929 igitur
767 2857 912 2909 illius
953 2855 1148 2906 divina:
1193 2851 1319 2904 dicti
1361 2849 1650 2929 Sapientia!
1687 2865 1697 2902 :
1730 2846 1833 2910 Qui

243 2953 398 3006 (iure!
422 2947 832 3012 Ιιοιιιὶιιριιι,ει·ἰιο
855 2951 1081 3005 corruet,
1104 2951 1151 2994 et
1189 2941 1278 3010 qui
1309 2947 1481 3007 spera!
1505 2927 1559 2988 in
1585 2934 1830 2995 Donaino,

242 3040 610 3101 subierabitur
642 3036 823 3107 (Prov.
881 3033 1031 3101 nix)
1065 3050 1078 3084 :
1131 3032 1202 3084 ita
1235 3030 1398 3096 agite,
1435 3027 1508 3080 ita
1543 3040 1638 3077 vos
1665 3022 1832 3076 babe-

242 3140 385 3195 tote,
417 3139 478 3182 ut
507 3141 672 3198 quam
700 3127 772 3181 sit
803 3124 959 3178 vobis
989 3122 1339 3176 libet-amens
1365 3125 1415 3170 et
1440 3116 1620 3184 lingua
1655 3122 1835 3166 osten-

242 3221 394 3275 datis
433 3239 446 3273 :

216 3313 474 3367 ruinam
511 3309 814 3380 patiamini,
867 3306 961 3362 sed
1006 3301 1296 3366 confortati
1341 3300 1394 3352 in
1428 3297 1658 3352 Domino
1687 3303 1741 3347 et
1781 3293 1832 3344 in

243 3403 499 3470 potentia
531 3401 752 3452 virtutis
791 3399 930 3465 ejus,
965 3395 1105 3449 sicut
1131 3391 1339 3446 strenui
1384 3390 1582 3442 milites
1609 3386 1832 3445 Christi,

246 3498 319 3552 ad
347 3491 730 3550 celsitudinem
764 3484 1047 3556 praesentis
1081 3480 1353 3556 ct-futura:
1376 3478 1560 3546 gloria:
1587 3475 1833 3529 subleve—

246 3585 413 3642 mini.
475 3561 737 3634 Prieterea
798 3576 1028 3629 multum
1082 3561 1340 3649 rogamus
1382 3576 1436 3622 et
1482 3565 1836 3619 admonemus

212 3673 608 3730 -dileetionem
643 3674 878 3725 vestram
925 3670 1213 3732 quatenus,
1263 3656 1611 3710 Limzelinmn
1647 3651 1836 3704 Belva-

245 3776 482 3821 censem
511 3757 734 3812 militem
765 3732 1169 3813 eouvenicnt’es,
1208 3757 1268 3802 ut
1300 3745 1603 3800 l-‘oleerium
1635 3741 1840 3796 Carno-

247 3865 475 3909 teusem
525 3847 758 3913 ﬁdelem,
788 3851 1057 3903 nostrum,
1113 3853 1273 3908 quem
1339 3835 1407 3888 ab
1469 3833 1837 3903 apostolorum

248 3941 550 3998 liminibus
570 3925 928 3991 revertEntem
961 3931 1121 3998 cepit,
1149 3927 1283 3981 nihil
1317 3927 1382 3979 de
1417 3924 1575 3978 bonis
1609 3924 1727 3992 ejus
1752 3937 1837 3975 re-

249 4035 469 4092 tinens,
493 3997 1038 4085 illaesum'dintittat’,
1083 4036 1148 4073 ex
1199 4026 1360 4087 parte.
1397 4016 1537 4070 beati
1585 4014 1751 4078 Petri,
1787 4021 1841 4065 et

247 4129 456 4175 nostra
491 4115 788 4184 apostolica
820 4113 1139 4166 auctoritate
1165 4109 1579 4164 eommoneatis.
1607 4106 1762 4174 Quod
1795 4106 1840 4160 si

252 4211 447 4264 facere
497 4202 906 4272 contempserit,
962 4199 1337 4268 spiritualibus
1379 4206 1434 4250 et
1487 4197 1842 4252 molaribus

252 4298 438 4354 armis
465 4310 591 4348 eum
623 4275 834 4362 insequi
865 4298 936 4343 ἐι
974 4303 1168 4358 urgere
1211 4302 1318 4341 non
1364 4286 1517 4355 prius
1543 4285 1838 4349 desistatis,

252 4404 457 4462 quam,
499 4385 689 4440 relicto
721 4381 893 4438 sancti
930 4379 1073 4433 Petri
1120 4378 1423 4448 peregrino,
1450 4377 1611 4430 etiam
1643 4376 1690 4429 si
1713 4374 1842 4444 quid

253 4494 364 4550 pro
417 4473 788 4542 redemptione
833 4471 975 4524 illius
1005 4467 1235 4550 accepit,
1283 4475 1375 4521 aut
1417 4465 1634 4535 pepigit,
1683 4463 1843 4518 simul

255 4546 497 4621 reddere
527 4570 622 4615 aut
647 4559 880 4616 refutare
912 4559 1137 4629 cogatis.
1234 4546 1235 4550 “

338 4618 480 4703 flata
508 4647 698 4701 Tiburi
727 4655 937 4716 quarto
974 4618 1099 4700 idus
1147 4643 1499 4714 Septembris,
1553 4618 1845 4698 indictione

253 4739 485 4798 deeima
527 4737 706 4789 tertia.

826 4859 1157 4913 EPlSTOLA
1207 4860 1292 4914 Ἠ.

490 4988 557 5026 ΔΙ)
609 4985 922 5024 (τιειιολιιοωι
974 4987 1276 5027 ιιιιιῡεκδειι
1324 4987 1630 5028 EPISCOPUI.

866 5080 1045 5152 (Anno
1080 5078 1263 5149 ιιι-ιι.)
1419 5065 1422 5068 ’

265 5204 471 5272 Αιῃιιὶι
495 5201 560 5272 de
598 5197 1240 5272 contempta_auct_oritate
1265 5195 1568 5272 apostolica
1600 5201 1760 5261 sedis,
1787 5190 1864 5252 de.

351 5265 576 5323 mentita
618 5269 740 5339 ﬁde,
787 5267 847 5320 de
895 5265 1234 5339 [raudulenta
1288 5268 1627 5339 occupatione
1677 5282 1849 5320 reruni

349 5339 584 5408 (νήει-ορί
618 5334 981 5408 'Horarensis;
1017 5352 1147 5408 quas
1195 5334 1429 5408 ιἰειςιίιιιίΔ
1446 5335 1614 5408 jubet,
1647 5346 1695 5387 ct
1733 5352 1850 5388 eum

353 5403 579 5460 Romam
621 5423 739 5460 cum
772 5407 912 5460 dicto
945 5403 1183 5476 episcopo
1218 5403 1287 5456 ad
1328 5403 1688 5476 deliniendam
1721 5420 1849 5476 cau-

348 5489 474 5528 sam
506 5477 714 5539 venire;
751 5476 816 5529 de
847 5472 1130 5530 mendaciis
1162 5483 1342 5526 contra
1381 5472 1562 5524 ducem
1590 5472 1852 5526 Bohemiw

351 5544 461 5623 sibi
489 5548 746 5623 suggestis
770 5560 788 5597 :
811 5547 1016 5623 deorum
1032 5544 1100 5623 με
1131 5543 1662 5623 excommunicationi:
1685 5542 1738 5594 in
1761 5541 1855 5593 lao-

354 5613 526 5666 mines
554 5611 784 5680 ejusdem
807 5613 956 5666 ducis
989 5614 1180 5684 absque
1209 5612 1366 5683 legali
1385 5611 1590 5679 judicio
1616 5611 1746 5664 lata.

354 5723 675 5778 GREGORIUS
705 5724 1022 5794 episcopus,
1055 5741 1245 5783 servus
1284 5740 1563 5781 servorum
1610 5723 1728 5788 Dei,
1755 5721 1861 5776 Cr.-

281 5807 606 5880 noanoo[f.,
627 5806 915 5877 Jsaoxtno,
932 5820 988 5864 ut
1005 5827 1163 5868 supra
1192 5814 1284 5868 lib.
1302 5831 1320 5868 ι
1352 5814 1503 5866 mist.
1529 5814 1615 5877 Η,
1638 5821 1687 5866 et
1707 5811 1859 5880 epist.

1918 698 2024 734 non
2049 687 2306 743 meretur,
2340 677 2567 730 salutem
2590 684 2641 727 ιι
2668 673 3016 744 apostolicam
3041 671 3484 724 lzetuulietiom-m.

1987 801 2303 855 Vrnientem
2344 810 2394 853 te
2437 801 2539 853 hoc
2570 813 2713 851 anno
2753 795 2864 866 [ad]
2894 794 3244 868 apostolicam
3283 793 3487 851 sedent,

1918 891 2212 960 apostolica
2254 899 2465 944 utentes
2517 887 2947 948 numsuettuline,
2992 886 3162 938 multo
3206 884 3492 952 benignius

1920 984 2197 1052 qultoqne
2257 981 2443 1034 mitius
2493 995 2654 1048 quam
2715 978 2853 1031 facta
2900 987 2989 1028 tua
3041 984 3401 1035 nu-rercntur,
3442 983 3490 1025 te

1919 1071 2258 1140 suscepimus
2309 1077 2469 1138 atque
2520 1067 2914 1122 tractavimus:
2968 1066 3058 1118 sel
3104 1075 3158 1116 tu
3202 1080 3352 1115 more
3398 1071 3492 1116 tuo

1921 1162 2119 1214 malum
2150 1177 2247 1228 pro
2275 1160 2419 1212 bono
2450 1158 2698 1217 reddens,
2733 1165 3036 1224 contempta
3087 1164 3270 1206 nostra
3307 1152 3488 1202 chari-

1923 1261 2027 1304 late
2062 1263 2112 1304 ct
2167 1250 2460 1318 apostolica
2515 1248 2856 1307 auctoritate,
2902 1255 3090 1298 contra
3149 1241 3491 1296 interdictum

1922 1354 2188 1405 nostrum,
2225 1341 2290 1393 de
2325 1341 2480 1393 bonis
2508 1349 2556 1391 et
2590 1340 2750 1392 rebus
2788 1337 2928 1390 un-le
2973 1337 3111 1388 inter
3147 1343 3197 1387 te
3225 1343 3278 1386 et
3321 1333 3491 1386 Joan—

1922 1449 2043 1486 nem
2079 1432 2390 1500 episcopum
2431 1430 2798 1482 .‘doravcuisem
2851 1427 2917 1479 lis
2957 1435 3058 1482 est.
3117 1436 3166 1477 te.
3220 1423 3490 1476 intromit-

1921 1532 2034 1576 tere
2064 1539 2230 1574 ausus
2265 1538 2324 1573 es
2353 1541 2364 1573 :
2405 1530 2450 1572 et
2486 1520 2652 1588 (quod
2694 1519 2848 1571 val-.le
2884 1517 3042 1571 nobis
3073 1517 3356 1568 molestum
3390 1519 3493 1573 est)

1925 1622 2108 1666 nostra
2134 1615 2483 1665 concessione
2512 1618 2580 1661 ,ιιι
2630 1609 2682 1677 id
2727 1607 2921 1662 fecisse
2975 1607 3231 1659 mentitus
3271 1621 3349 1658 es.
3389 1603 3497 1656 Nos

1923 1704 2170 1773 equidem
2229 1703 2577 1756 meminimus
2628 1700 2706 1752 sic.
2740 1699 3063 1760 decrevisse,
3116 1705 3173 1749 ut
3211 1697 3499 1764 epismpus

1925 1792 2259 1846 Moravensis
2295 1800 2517 1852 terram,
2549 1799 2599 1842 et
2635 1790 2736 1841 alia
2777 1789 2843 1849 de.
2877 1788 3076 1855 quibus
3105 1787 3243 1838 inter
3272 1800 3370 1837 vos
3395 1785 3502 1836 (is-

1926 1883 2107 1935 cordia
2138 1891 2274 1946 erat,
2314 1895 2487 1949 usque
2522 1880 2586 1932 ad
2628 1879 2867 1932 futuram
2899 1879 3165 1948 synodum
3192 1894 3316 1929 cum
3351 1877 3499 1929 onmi

1927 1990 2058 2045 pare
2083 1983 2134 2026 et
2169 1973 2348 2041 quiete
2386 1980 2566 2023 tenere
2591 1970 2828 2022 deberet.
2862 1967 2971 2019 lloc
3004 1967 3056 2020 iu
3087 1967 3276 2020 litteris
3302 1970 3503 2019 tto-tris

1927 2064 2080 2117 fratri
2113 2073 2204 2115 ttto
2241 2062 2365 2114 duri
2413 2075 2667 2128 cspressr
2702 2058 3151 2127 signiﬁcavimus.
3200 2057 3310 2110 Iioe
3356 2067 3411 2110 tu
3447 2066 3503 2107 ι.ι

1927 2155 2236 2207 nullatenus
2285 2151 2593 2219 impedires,
2644 2149 2697 2202 in
2733 2166 2954 2202 manum
3004 2158 3243 2201 nostram
3277 2150 3504 2217 promit-

1929 2241 2088 2294 tendo
2127 2239 2395 2292 firmasti:
2441 2239 2534 2290 sed
2584 2246 2643 2290 ut
2692 2239 2914 2290 verbmn
2961 2238 3084 2291 inde
3145 2247 3502 2298 mutaremus,

1930 2331 2051 2393 hoc,
2090 2345 2214 2382 cmn
2257 2328 2486 2380 multum
2528 2327 2782 2388 instat-es,
2830 2341 3000 2394 neque
3044 2326 3295 2394 peeeibus
3329 2340 3505 2393 neque

1929 2421 2103 2490 pretio
2152 2421 2442 2487 impetrare
2512 2417 2755 2485 potuisti.
2819 2415 2988 2468 l‘orro
3059 2416 3112 2468 in
3153 2416 3503 2485 ,ιιιιιίδδίιιιὶ--.

1930 2511 2085 2580 quasi
2137 2510 2400 2578 quasdam
2452 2522 2618 2560 novas
2672 2506 2923 2574 querelas
2973 2522 3136 2573 super
3195 2503 3358 2576 fratre
3414 2512 3509 2555 tu.)

1932 2599 2224 2652 “'ratislao
2280 2597 2416 2650 duce
2466 2595 2612 2663 quod
2663 2593 3032 2647 framlult-nter
3090 2594 3508 2657 coneludaulm',

1933 2689 2023 2743 sed
2059 2688 2243 2741 urbem
2279 2694 2545 2738 terrarum
2576 2683 2642 2735 ad
2676 2682 3003 2736 discordiam
3049 2682 3339 2736 multarum
3375 2700 3506 2751 gen-

1934 2779 2068 2833 tium
2094 2788 2146 2831 et
2171 2786 2219 2830 te
2257 2775 2450 2830 fecisse
2487 2789 2631 2827 nunc
2665 2774 3047 2841 cognovimus:
3081 2789 3334 2826 aswrcns
3356 2773 3507 2826 γλίσ-

1935 2870 2059 2924 licet
2080 2869 2145 2922 de
2169 2868 2404 2936 quodam
2443 2873 2624 2918 castro
2656 2863 2829 2917 sancti
2863 2862 3079 2918 Venzlai
3124 2863 3266 2915 etde
3301 2878 3508 2930 [)[ﬂ'pn-

1936 2959 2106 3013 situra
2127 2956 2394 3025 justitiam
2423 2965 2572 3008 tuam
2602 2954 2696 3006 tibi
2725 2953 3115 3006 contradicere.
3149 2950 3262 3005 Hoc
3301 2959 3507 3006 tantum

1935 3048 2181 3110 effecisti,
2238 3056 2296 3098 ut
2349 3062 2474 3098 eum
2535 3045 2589 3098 in
2640 3044 2864 3111 epistola
2924 3051 3109 3097 nostra
3165 3046 3511 3095 maneremus

1936 3149 2223 3210 quatenus,
2258 3137 2302 3189 si
2347 3153 2402 3188 se
2454 3135 2709 3202 iujuriatzt
2755 3133 2847 3186 tibi
2897 3132 3090 3202 fecisse
3139 3141 3509 3201 cognoscat.

499 3235 597 3274 nec
642 3219 894 3272 [imputes
945 3213 1218 3303 hominem
1267 3207 1594 3303 ἰιιῐιιτιὲιξιιιξ
1643 3213 1905 3303 vestrmc
1939 3250 2036 3303 pro
2074 3240 2282 3292 nostro,
2333 3230 2442 3281 imo
2488 3238 2674 3278 amore
2731 3225 2845 3288 Dei,
2899 3225 3043 3293 quod
3094 3239 3308 3292 (equum
3348 3235 3510 3284 esset,

1939 3323 2060 3374 inde
2087 3321 2302 3373 faceret.
2332 3317 2441 3370 liae.
2482 3317 2644 3385 igitur
2674 3316 2964 3369 occasione
3001 3323 3052 3367 et
3081 3315 3146 3368 de.
3173 3315 3328 3366 nobis
3357 3328 3510 3365 men-

1937 3409 2154 3463 dacium
2199 3407 2423 3468 tinxisti,
2457 3413 2524 3456 et.
2547 3413 2733 3457 nostra
2767 3405 2985 3462 decreta
3016 3403 3345 3456 subvenisti.
3385 3399 3514 3465 Sed.

1925 3510 2145 3564 .quzeso,
2178 3509 2287 3546 non
2319 3491 2619 3554 erubescis,
2670 3498 2764 3543 aut
2819 3506 2928 3543 non
2985 3491 3166 3552 tTmes,
3222 3490 3366 3559 quod
3417 3505 3516 3560 pm

1941 3585 2138 3638 talibus
2166 3581 2348 3636 causis
2387 3596 2494 3634 non
2529 3581 2704 3633 solum
2737 3579 2944 3632 ordinis
2975 3578 3054 3632 tui
3091 3579 3389 3646 perieuium
3419 3580 3513 3634 tibi

1937 3675 2207 3743 imminet,
2242 3672 2334 3726 sed
2380 3685 2445 3725 ex
2493 3669 2734 3723 fraterno
2765 3669 2890 3722 odio
2938 3685 3036 3722 nec
3086 3668 3544 3743 Clu-isti:ttiita\tis\

1940 3763 2159 3832 quidem
2187 3762 2241 3814 in
2276 3769 2328 3814 te
2376 3767 2628 3828 suscepta
2661 3758 2834 3828 gratia
2891 3757 3118 3811 manet?
3163 3757 3514 3825 l’ra‘cipimus

1940 3867 2070 3920 ergo
2115 3851 2210 3904 tibi
2253 3866 2318 3903 ex
2361 3858 2513 3918 parte
2540 3847 2681 3900 beati
2713 3845 2880 3921 Petri,
2913 3852 2968 3898 et
2999 3853 3185 3898 nostra
3216 3845 3512 3920 apostolica

1943 3917 2285 4001 auctoritate,
2332 3917 2392 3991 ut
2425 3945 2664 3991 castrum
2696 3917 2842 4004 quod
2872 3942 2982 3988 tam
3030 3917 3399 3989 fraudulenter
3422 3951 3512 3988 ce-

1943 4031 2091 4100 pisli,
2116 4038 2170 4081 et
2201 4027 2302 4082 alia
2333 4028 2512 4080 omnia
2542 4041 2664 4095 quae.
2697 4025 2748 4078 in
2782 4025 2872 4079 lite
2912 4032 3059 4086 sunt,
3089 4023 3311 4093 praefato
3336 4024 3516 4078 Mora-

1943 4121 2092 4173 vensi
2120 4119 2375 4188 episcopo
2402 4117 2612 4180 reddas,
2646 4123 2697 4168 et
2726 4125 2779 4168 tu
2803 4115 2869 4169 ad
2897 4111 3262 4169 difliuiendam'
3292 4127 3512 4165 causam

1946 4207 2111 4274 (sicut
2139 4214 2402 4259 statutum
2437 4209 2540 4270 est)
2575 4213 2668 4256 aut
2720 4205 2834 4270 ipse
2885 4200 3112 4253 Romam
3163 4189 3368 4269 venias,
3421 4207 3514 4252 aut

1945 4292 2170 4346 idoneas
2211 4293 2418 4360 legatos
2474 4290 2697 4342 mittas:
2746 4298 2908 4357 atque
2943 4289 3046 4340 hoc
3093 4288 3163 4340 ita
3201 4287 3517 4356 tempestive

1945 4380 2249 4435 Moravensi
2273 4381 2528 4449 episc0po
2563 4378 2829 4442 notifices,
2856 4386 3123 4447 quatmus
3146 4387 3195 4431 et
3229 4378 3342 4447 ipse
3367 4379 3530 4448 pari;

1946 4477 2028 4522 ter
2059 4485 2115 4523 se
2151 4469 2235 4522 vel
2273 4469 2478 4539 legatos
2529 4485 2660 4522 suos
2719 4468 2783 4522 ad
2835 4470 2936 4522 iter
2974 4484 3276 4540 rrmpaiare
3323 4470 3514 4523 valeat.

1879 4557 1920 4610 Ι)
1948 4561 2232 4622 Ριωιρτυιι,
2268 4561 2407 4614 sicut
2441 4559 2596 4614 nobis
2623 4561 2850 4614 relatum
2881 4569 2984 4626 est,
3021 4560 3206 4630 pacem
3233 4577 3353 4629 qum
3380 4561 3522 4614 inter

1949 4661 2001 4705 te
2028 4661 2082 4705 et
2111 4651 2330 4704 fratrem
2368 4659 2520 4703 tuum
2567 4651 2762 4704 ducem
2806 4650 3077 4715 convenit,
3117 4649 3302 4704 multis
3346 4649 3520 4722 modis

1951 4743 2268 4812 perturbare
2291 4755 2400 4793 non
2433 4740 2659 4805 desinis,
2690 4740 2960 4809 praecipue
2994 4755 3118 4794 eum
3151 4755 3280 4793 suos
3314 4726 3525 4812 absque.

1951 4833 2210 4886 canonica
2235 4831 2389 4900 culpa
2406 4839 2459 4884 et
2484 4832 2636 4900 legali
2654 4822 2861 4900 judicio
2882 4816 3338 4885 excommunicas.
3362 4827 3483 4894 Quo
3504 4830 3520 4884 Ι

1952 4925 2168 4993 quidem
2220 4922 2317 4975 tibi
2369 4922 2603 4975 maxime
2648 4921 3009 4994 periculosum
3062 4926 3186 4971 est:
3240 4920 3521 4988 quoniam,

1953 5016 2095 5068 sicut
2133 5015 2322 5067 beatus
2371 5010 2664 5079 Gregorius
2714 5009 2866 5070 dicit,
2922 5009 3013 5076 qui
3074 5008 3319 5064 insontes
3372 5005 3522 5080 ligat,
3568 5014 3573 5020 ’

1954 5105 2057 5158 sibi
2083 5103 2186 5172 ipsi
2225 5107 2544 5180 potestatem
2588 5098 2783 5166 ligandi
2813 5107 2974 5167 atque
3005 5099 3248 5154 solvendi
3271 5116 3539 5155 corrum-

1951 5195 2050 5263 pit.
2091 5191 2245 5244 Unde
2285 5197 2337 5240 te
2372 5186 2729 5242 admonemus
2776 5197 2834 5242 ut
2878 5190 3236 5244 anathematis
3288 5191 3521 5259 gladium
3562 5243 3566 5247 ,

1953 5292 2232 5347 nunquam
2276 5275 2456 5329 subito
2505 5291 2677 5345 neque
2724 5285 2922 5331 temere
2953 5277 3007 5330 in
3055 5278 3287 5346 aliquem
3310 5277 3524 5329 vibrare.

1951 5383 2273 5438 praesumas,
2299 5368 2393 5423 sed
2420 5368 2632 5437 culpam
2647 5369 3079 5438 uniusdujusque
3100 5365 3342 5434 diligenti
3373 5367 3526 5434 prius

1952 5457 2351 5512 examinatione
2384 5459 2646 5514 discutias
2674 5478 2683 5509 :
2716 5467 2796 5521 et,
2842 5459 2887 5512 si
2931 5456 3060 5525 quid
3094 5463 3179 5508 est
3207 5455 3351 5523 quod
3386 5453 3528 5508 inter

1955 5553 2008 5599 te
2029 5555 2082 5599 et
2107 5547 2357 5610 homines
2390 5545 2627 5616 saepefati
2659 5537 2843 5599 fratris
2871 5545 2948 5597 tui
2972 5541 3273 5604 emerserit,
3307 5557 3429 5595 cum
3462 5558 3528 5597 eo

1961 5636 2016 5689 in
2065 5637 2256 5707 primis
2289 5644 2348 5689 ut
2381 5652 2511 5690 suos
2554 5637 2621 5690 ad
2663 5635 2930 5709 justitiam
2963 5633 3248 5702 compellat
3281 5631 3529 5689 frateune

1963 5733 2018 5780 et
2041 5723 2395 5778 amicabiliter
2439 5740 2600 5793 agas;
2641 5732 2695 5776 et
2737 5722 2783 5776 si
2813 5722 3123 5790 equitatem
3164 5722 3259 5775 tibi
3295 5721 3528 5794 denega-

1966 5813 2122 5876 verit,
2146 5819 2237 5864 aut
2256 5812 2615 5876 temeritatem
2649 5822 2872 5865 suorum
2894 5811 3072 5878 aliqua
3100 5810 3529 5865 dissimulatione
