4218 6408
188 487 266 544 διὶὲ
352 532 361 535 -
1263 482 1457 536 LIBER
1500 480 1804 536 SECUNDI'

1851 487 1876 532 ι.
1904 508 1969 517 -ο-
1995 476 2207 529 ι-ῑιιιετ.
2251 474 2313 527 Χ.
3314 462 3414 511 ῗῖῖη

239 600 420 668 qude
445 614 620 652 causa
654 615 708 652 se
730 596 946 651 Romam
974 612 1178 657 rorassc
1215 596 1525 665 f’apiensem
1551 605 1599 648 et
1631 593 1748 647 .lln-
1782 596 1819 648 Α
1852 600 2038 644 notum
2084 589 2235 641 vobis
2282 594 2364 639 est
2413 582 2777 635 Inarrbionem
2823 584 3057 632 .\l.ttt.t'lll
3106 580 3156 631 in
3214 576 3416 647 synodo

244 671 491 726 timent
522 670 813 743 episcopos.

242 779 553 837 CIEGOIIUS
595 780 906 851 episcopus,
931 795 1120 833 servus
1151 793 1430 833 servorum
1468 776 1582 841 Dei,
1609 775 1745 828 lim-

189 886 314 925 τικι
337 870 491 937 duci,
516 880 573 925 et
598 870 860 942 cjusﬁlia:
885 869 932 922 31
944 884 1176 935 ιτιιιιιιι,
1202 868 1429 923 salutem
1454 876 1504 921 et
1531 875 1748 936 aposto-

189 960 331 1014 licam
359 958 845 1015 benedictionem.

245 1051 358 1107 Non
382 1066 489 1107 nos
508 1051 645 1124 fugit
665 1052 851 1109 varios
868 1066 1008 1123 smpe.
1030 1050 1097 1108 ad
1122 1064 1218 1108 vos
1240 1050 1307 1107 de
1328 1050 1483 1104 nobis
1506 1064 1753 1103 rumores

187 1143 377 1209 :tferri,
401 1144 552 1199 sicut
577 1160 695 1199 mos
714 1160 903 1199 eorum
926 1145 1116 1215 estqui
1145 1144 1443 1199 amicorum
1476 1140 1751 1197 dilectioni

187 1233 419 1287 invident
454 1242 517 1289 et
552 1234 917 1290 unanimitati.
963 1232 1028 1289 Et
1069 1233 1288 1305 quidem
1339 1234 1386 1288 si
1418 1249 1520 1289 nos
1556 1232 1754 1287 talibus

184 1339 337 1379 aures
377 1322 555 1393 (quod
596 1324 789 1395 absit!)
826 1324 1097 1379 acclinare
1130 1324 1410 1389 vellemus,
1449 1338 1558 1377 non
1598 1320 1752 1375 ιιιιιΙιί

187 1425 308 1470 sunt
347 1415 403 1473 in
440 1416 650 1487 quibus
695 1418 921 1474 sincera:
962 1418 1268 1475 dilectionis
1300 1418 1551 1474 allectum
1598 1415 1755 1472 nobis

185 1512 358 1574 patere
386 1500 760 1562 crederemus.
800 1506 904 1561 Sed
930 1522 1053 1573 nos,
1085 1507 1217 1562 nihil
1246 1506 1357 1563 fere
1388 1505 1568 1575 potius
1590 1517 1754 1573 quam

186 1603 499 1664 suspectum
523 1594 767 1650 animum
800 1595 1088 1667 fugientes,
1133 1597 1187 1651 in
1230 1596 1454 1650 veritate
1487 1593 1641 1648 vobis
1676 1592 1757 1647 lo-

186 1686 402 1756 quimur
435 1687 591 1756 quod
640 1687 694 1742 in
740 1686 906 1742 nullis
930 1696 1195 1743 terrarum
1232 1687 1567 1758 principibus
1588 1684 1758 1738 tutius

188 1792 342 1845 quam
374 1777 430 1831 in
456 1786 635 1831 vestra
660 1778 941 1833 nobilitate
962 1779 1287 1834 confidimus
1324 1798 1335 1832 :
1372 1777 1630 1848 quoniam
1654 1776 1757 1830 hoc

188 1866 366 1932 verba,
393 1867 504 1922 hoc
526 1866 690 1935 facta,
718 1869 819 1923 hoc.
841 1868 942 1939 pia:
964 1868 1268 1923 devotionis
1288 1869 1487 1933 studia,
1513 1870 1614 1922 hoc
1635 1866 1756 1921 lidei

1849 683 2004 737 nobis
2035 679 2383 751 promisisse,
2432 686 2487 731 ct
2519 678 2676 729 Iidem
2712 676 2763 727 in
2798 690 3016 728 manum
3051 680 3289 725 nostram
3323 670 3415 720 ιιι·-

1847 774 2019 838 disse,
2073 787 2131 826 se
2174 772 2226 824 in
2269 778 2513 823 nostram
2560 767 2933 837 pra-sentiam,
2986 765 3422 834 qnamlm-nnqne

1847 876 1971 914 cum
2003 872 2492 920 commoneremus,
2519 872 2617 925 pro
2646 854 2912 907 reddenda
2944 853 3154 906 ratione
3182 850 3263 903 sui
3293 866 3415 902 ren-

1845 950 1978 1021 jugii
2004 956 2310 1004 venturum.
2346 945 2411 998 Et
2443 961 2541 999 nos
2566 944 2786 1013 quidam
2819 944 2918 996 bar.
2949 942 3013 994 de
3044 956 3207 994 causa
3248 940 3418 1007 ipsun.

1852 1040 2183 1093 vocavimus.
2220 1035 2567 1089 Guilielnnnn
2617 1032 2933 1101 l'apiensem
2988 1030 3328 1099 epist-«mutu,
3374 1035 3424 1079 et

1854 1127 2192 1184 llcribcrlum
2240 1125 2619 1189 Mutinensem,
2671 1124 2761 1192 qui
2817 1123 3273 1192 propinquitatem
3308 1136 3442 1185 ttttt-i

1853 1221 2002 1276 lieris
2041 1219 2241 1285 sciunt,
2298 1218 2363 1270 a.l
2410 1232 2507 1269 nos
2538 1216 2719 1269 venire
2754 1232 2849 1284 per
2896 1215 3157 1283 epistolas
3207 1223 3428 1267 nostras

1856 1310 2223 1369 invitavimus,
2250 1316 2539 1377 quatenus,
2578 1307 2651 1359 rei
2678 1308 2902 1358 veritate
2928 1304 3257 1372 pt't'engtlila,
3282 1302 3427 1371 quod

1853 1405 2059 1475 justum
2097 1402 2285 1461 fuerit,
2325 1399 2434 1451 Deo
2470 1400 2793 1467 adjuvaate,
2835 1406 3160 1450 statuamus.
3188 1397 3429 1464 Quapro—

1858 1503 1977 1564 pter
1998 1495 2219 1563 dignnm
2248 1492 2404 1545 nobis
2428 1491 2638 1544 videtur
2666 1499 2723 1543 ut
2755 1487 2977 1559 praefato
3007 1486 3307 1541 marchioni
3341 1502 3433 1556 per

1858 1593 2065 1639 Certum
2120 1592 2358 1636 vestrum
2413 1582 2661 1634 nuntium
2712 1578 2977 1633 mandetis
3022 1588 3293 1648 quatenus
3344 1594 3436 1647 per

1861 1686 2059 1731 terram
2084 1682 2317 1729 vestram
2356 1674 2408 1726 in
2436 1672 2616 1725 eundo
2637 1680 2689 1725 et
2712 1671 2985 1724 “ﬂetuum
3007 1685 3233 1724 securus
3258 1678 3435 1723 trans-

1862 1768 1939 1821 ire
1970 1767 2160 1835 possit,
2184 1781 2269 1829 ne,
2326 1763 2612 1817 occasione
2642 1762 2807 1814 vestri
2840 1762 3051 1815 timoris
3077 1762 3130 1814 in
3162 1762 3261 1814 bac
3288 1771 3439 1828 parte

1859 1858 2071 1929 justitia
2106 1854 2427 1909 Christianae
2459 1854 2590 1921 legis
2618 1840 2999 1904 detrimeutmn
3038 1852 3252 1904 sentiat.

3436 1147 3447 1185 ι

189 1967 377 2013 vestra:
408 1959 672 2028 ιιι-πάδη
698 1976 796 2013 nos
824 1959 1131 2013 constantia
1160 1960 1482 2014 (ιυςυρηιηι,
1510 1957 1617 2013 Nec
1660 1958 1762 2012 (tu-
1795 1944 1835 1997 Β
1943 1948 2075 2002 Data
2100 1947 2285 2002 llomze
2329 1946 2540 1999 decimo
2572 1954 2765 1998 octavo
2799 1943 3064 1998 kalendas
3100 1941 3435 2003 Novembris,

189 2045 425 2100 bitamus
454 2047 590 2117 quin
613 2058 790 2102 vestra
824 2047 876 2101 in
903 2048 1058 2102 nobis
1088 2064 1213 2103 vera
1238 2048 1467 2103 nitescat
1498 2050 1758 2109 charitas,

190 2156 307 2194 cum
334 2156 436 2213 per
463 2139 685 2196 Petrum
711 2158 920 2208 servus,
948 2152 1002 2197 et
1026 2142 1220 2197 Petrus
1242 2143 1294 2196 in
1316 2158 1473 2201 servo
1498 2142 1758 2211 diligitur.

193 2228 262 2284 De
306 2243 512 2286 cauere
558 2232 751 2287 scitote
808 2249 927 2295 nos,
964 2241 1159 2302 pneter
1193 2248 1340 2302 spem
1378 2231 1621 2304 omnium
1669 2230 1765 2300 qui

194 2319 481 2375 nobiscum
533 2330 717 2385 erant,
751 2314 1121 2376 infirmitatem
1176 2320 1421 2391 corporis
1482 2318 1762 2384 evasisse,

190 2421 241 2465 et
280 2413 396 2481 jam
458 2413 657 2468 bonam
708 2414 1066 2468 valetudinem
1116 2413 1423 2483 recepisse:
1472 2410 1613 2465 unde
1662 2428 1763 2483 uno

192 2500 272 2555 bis
314 2502 615 2568 dolendum
652 2502 832 2572 potius
868 2519 1033 2572 quam
1068 2503 1409 2575 gaudendum
1445 2517 1565 2557 esse
1607 2511 1763 2571 puta-

193 2605 331 2646 mus.
378 2588 662 2645 Tendebat
712 2592 855 2645 enim
895 2592 1079 2647 anima
1114 2603 1332 2657 nostra,
1378 2602 1431 2647 et
1469 2600 1580 2645 toto
1618 2590 1765 2651 desi-

193 2677 341 2732 derio
377 2677 449 2731 ad
497 2677 644 2732 illam
694 2678 924 2748 patriam
956 2678 1271 2743 anhelabat,
1319 2679 1374 2739 in
1413 2694 1519 2748 qua
1551 2678 1639 2732 illo
1674 2676 1766 2747 qni

194 2769 436 2823 laborem
474 2778 528 2823 et
561 2768 803 2823 dolorem
849 2770 1187 2835 Considerat,
1234 2770 1394 2824 lassis
1445 2770 1680 2843 quietem
1716 2780 1771 2823 et

195 2862 535 2933 refrigerium
592 2872 831 2931 praistat.
893 2861 1089 2918 Verum
1147 2863 1405 2917 reservati
1467 2863 1642 2918 adhuc
1703 2862 1770 2916 ad

194 2962 489 3008 consuetos
556 2954 769 3008 labores
830 2962 886 3008 et
940 2954 1178 3008 intinitas
1228 2953 1653 3016 sollicitudines,
1718 2954 1770 3006 in

195 3044 444 3114 singulas
469 3044 656 3111 bonis,
683 3043 839 3115 quasi
882 3045 1233 3113 parturientis
1269 3045 1486 3100 dolores
1516 3054 1571 3100 (τι
1600 3061 1772 3113 angn-

191 3138 326 3193 stias
360 3137 801 3208 patimur,rdum
841 3152 977 3208 pene
1009 3136 1060 3190 in
1095 3136 1270 3209 oculis
1312 3136 1513 3190 nostris
1548 3134 1771 3189 naufra-

194 3237 412 3296 gantctn
431 3227 727 3283 Eeclesiam
746 3228 894 3281 mllio
915 3228 1157 3285 valemus
1168 3227 1242 3283 eri
1250 3244 1375 3299 pere
1386 3226 1767 3299 gubernaculo.

195 3315 304 3373 Lex
337 3318 494 3373 enim
528 3325 584 3373 et
612 3317 801 3387 religio
830 3318 1144 3385 Christiana
1177 3320 1249 3373 ita
1295 3318 1407 3374 fere
1440 3320 1639 3389 ubique
1674 3320 1769 3372 de-

196 3406 374 3475 periit,
432 3413 493 3460 ut
534 3403 813 3474 Saraceni,
860 3406 1173 3494 etﬁquili/bet
1203 3406 1423 3477 Pagani,
1455 3392 1585 3462 suos
1636 3408 1774 3461 ritus

195 3495 409 3551 firmius
446 3504 667 3552 teneant
707 3511 871 3566 quam
902 3496 981 3551 illi
1028 3497 1123 3567 qui
1160 3496 1531 3551 Christianum
1577 3513 1771 3550 nomen

150 3608 155 3613 -
196 3592 548 3655 acceperunt,
572 3583 668 3656 [et,
690 3586 967 3655 quibusin
992 3601 1158 3672 regno
1178 3583 1356 3640 Patris
1381 3601 1473 3653 per
1496 3584 1777 3639 Christum

193 3675 491 3731 hereditas
523 3684 577 3729 ct
610 3684 825 3731 aztcrna‘.
855 3676 975 3731 vitae
1011 3676 1181 3746 gloria
1218 3684 1405 3745 parata
1440 3686 1543 3741 est,
1579 3676 1775 3731 divinze

196 3766 330 3836 legis
358 3767 618 3822 mandata
640 3767 975 3840 custodiant]
1002 3768 1171 3839 (561).
1198 3768 1318 3834 Quo
1360 3768 1539 3823 minus
1566 3769 1772 3822 miran—

197 3858 325 3913 dum
367 3866 460 3914 est
486 3858 533 3913 si
557 3858 722 3928 hujus
754 3859 892 3915 lucis
920 3875 1196 3917 terurnnas
1229 3876 1323 3929 spe
1342 3875 1603 3929 superine
1644 3875 1776 3914 con-

198 3946 490 4003 solationis
520 3947 709 4017 fugere
727 3949 999 4018 cupimus,
1028 3952 1146 4019 qui,
1178 3950 1233 4005 in
1259 3950 1345 4005 his
1375 3950 1560 4021 positi,
1586 3950 1637 4004 in
1660 3950 1774 4005 sola

200 4035 517 4119 cognitione
578 4036 958 4091 inundantium
1010 4038 1375 4107 periculorum
1438 4041 1774 4113 singulorum

201 4142 395 4197 pinnas
430 4124 655 4181 luimus.
700 4125 963 4199 Praeterea
986 4129 1178 4184 scitote
1202 4129 1501 4186 Robertum
1519 4132 1777 4187 Gniscar—

200 4216 329 4270 dum
363 4230 512 4287 stupe
537 4210 807 4286 supplices
827 4218 1033 4288 legatos
1054 4219 1123 4273 ad
1150 4235 1250 4275 nos
1282 4220 1513 4286 mittere,
1538 4230 1594 4275 et
1618 4220 1791 4277 tanta:

202 4308 487 4363 fidelitatis
522 4309 868 4389 securitatem
903 4328 961 4366 se
992 4310 1046 4365 in
1075 4327 1271 4367 manus
1291 4322 1505 4367 nostras
1529 4314 1647 4368 dari
1682 4328 1778 4369 cu-

202 4414 352 4467 pere,
392 4407 456 4454 ut
478 4396 640 4454 nemo
666 4416 905 4470 unquam
954 4401 1179 4456 lirmiori
1212 4404 1540 4474 obligatione
1572 4420 1632 4458 se
1660 4406 1778 4459 cui-

203 4491 336 4546 libet
370 4491 602 4556 domino
643 4491 835 4547 debeat
864 4492 945 4547 vel
975 4493 1148 4563 possit
1186 4495 1501 4564 astringere.
1540 4493 1645 4550 Sed
1677 4511 1778 4549 nos

204 4594 314 4632 non
358 4579 603 4635 incertas
633 4579 872 4636 rationes
914 4597 1014 4636 cur
1060 4582 1189 4637 illud
1221 4582 1292 4637 sit
1319 4583 1495 4638 adhuc
1524 4583 1779 4639 dill‘eren-

204 4670 335 4725 dum
368 4670 801 4735 considerantes,
836 4688 1083 4741 superna:
1124 4674 1544 4747 dispensationis
1566 4684 1619 4730 et
1646 4691 1779 4745 apo-

204 4759 418 4815 stolica:
445 4760 847 4829 procurationis
876 4764 1103 4818 consilia
1138 4765 1531 4834 praestolamur.
1563 4766 1643 4821 Ad
1673 4769 1784 4821 lucc

206 4853 442 4907 alteram
472 4861 715 4906 vestrum
746 4852 851 4908 hoc
896 4854 949 4908 in
990 4866 1231 4933 tempore
1267 4858 1782 4927 transalpinaturam

208 4941 611 5006 intelleximus;
662 4942 754 4998 sed
776 4945 954 5013 prius,
1008 4946 1056 5001 si
1101 4947 1216 5002 licri
1261 4958 1466 5018 posset,
1501 4950 1784 5002 ambarum

208 5029 493 5107 collaquio
520 5032 599 5086 uti
630 5033 862 5087 multum
884 5035 1259 5109 desideramus
1285 5056 1298 5091 :
1322 5038 1582 5107 quoniam
1608 5046 1785 5090 vestra

210 5119 469 5190 consilia,
491 5124 637 5180 sicut
654 5138 907 5180 sororum
932 5135 1264 5193 nostrarum,
1287 5137 1342 5183 et
1361 5129 1595 5183 ﬁliarum
1615 5130 1790 5184 sancti
1866 5136 1873 5147 '

210 5209 387 5274 Petri,
402 5207 456 5265 ili
465 5214 713 5270 causiset
725 5214 956 5285 negotiis
968 5217 1173 5271 nostris
1190 5217 1386 5271 habere
1395 5216 1785 5271 desideramus.

215 5296 291 5352 De
306 5297 474 5353 nobis
489 5316 619 5357 vero
638 5302 900 5373 quidquid
924 5318 1019 5372 per
1038 5302 1269 5358 Deumet
1292 5312 1437 5360 recte
1465 5304 1711 5373 sapimus
1737 5314 1793 5358 ct

215 5389 499 5456 valemus.
533 5391 587 5449 in
618 5395 769 5449 omni
808 5394 1092 5450 charitatis
1129 5395 1461 5450 exhibitione
1495 5394 1652 5448 vobis
1696 5410 1793 5463 pa-

216 5489 335 5537 tere
356 5480 633 5551 confidite,
654 5495 709 5540 et
731 5485 1049 5540 memoriam
1078 5495 1314 5540 vestram
1345 5487 1397 5540 in
1421 5486 1624 5541 nostris
1652 5501 1792 5555 quo-

219 5572 357 5626 tidie
383 5571 726 5631 orationibus
763 5575 981 5643 haberi,
1026 5586 1081 5631 et
1108 5578 1441 5647 (quanquam
1484 5584 1796 5647 peccatores

220 5661 428 5730 simus)
464 5661 670 5717 intente
698 5666 812 5721 Deo
848 5668 1217 5723 commendari
1270 5670 1480 5723 scitote.
1531 5667 1795 5722 Pncterca

294 5859 457 5928 (56!)
500 5828 666 5916 [ιωίἒ
694 5824 899 5919 inclusa
929 5862 1124 5917 desunt
1153 5864 1206 5917 in
1240 5865 1424 5921 .\lutin.

1866 2038 2164 2101 indictione
2189 2036 2397 2091 decima
2429 2036 2603 2088 tertia.

2427 2122 2759 2175 tzrtsrot..\
2798 2121 2861 2193 Χ.

2036 2213 2102 2249 Μ)
2135 2212 2344 2251 ῑυιικωι
2394 2209 2758 2246 ἰιικγιιιιῑκεωι
2802 2203 3268 2243 Αιι(;ιιιιη;ι·ιε(;υιϊιι.

2456 2275 2634 2340 (Anno
2673 2272 2850 2324 lilii.)

1867 2355 2137 2411 Commitit
2172 2355 2219 2406 ci
2250 2363 2298 2405 et
2332 2354 2571 2419 episcopo
2620 2349 2837 2401 Metensi
2884 2358 3097 2419 causam
3142 2364 3260 2419 mue
3306 2356 3443 2419 inter

1941 2423 2234 2477 Tullensem
2268 2416 2567 2487 episcopum
2612 2427 2661 2470 et
2714 2419 2989 2487 (ptemdam
3036 2416 3149 2487 ejus
3194 2416 3441 2469 clericum

1938 2493 2263 2547 rcrsnbutur.
2294 2484 2467 2542 Monet
2498 2498 2552 2541 ιιι
2584 2484 2734 2539 illuni
2765 2496 2933 2539 tutum
2962 2484 3166 2546 reddat,
3191 2495 3238 2539 ct
3266 2486 3443 2539 onmiu

1938 2564 2118 2617 abluta
2151 2564 2201 2615 ei
2234 2560 2439 2613 restitui
2460 2559 2642 2627 jubeat
2673 2573 2689 2608 :
2730 2567 2861 2619 tuin,
2895 2558 3191 2627 ronrocutis
3234 2554 3445 2627 Tellen—

1889 2658 1897 2663 -
1938 2636 2084 2687 sibus
2130 2631 2371 2692 clericis,
2412 2625 2641 2698 inquiunt
2693 2628 2756 2679 de
2806 2628 3034 2698 moribus
3080 2625 3330 2693 episcopi,
3382 2626 3445 2677 de

1939 2704 2127 2774 quibus
2157 2702 2349 2755 certior
2376 2696 2488 2752 ιιιΙὶ
2515 2698 2629 2765 [ieri
2652 2707 2771 2749 tmte
2797 2696 3073 2764 synodum.

1941 2796 2249 2851 (intra)an
2263 2793 2571 2863 epist-Opus,
2599 2806 2789 2843 servus
2816 2804 3098 2844 servorum
3128 2788 3240 2852 "ei,
3273 2786 3442 2842 Uoosr

1874 2888 2219 2942 Trevirorum
2255 2882 2693 2952 archiepiscopo,
2732 2880 2963 2933 salutem
3002 2888 3056 2933 et
3085 2878 3442 2948 apostolicam

1873 2976 2323 3031 benedictionem.
2538 3032 2545 3037 ι

1942 3065 2248 3119 Admonere
2281 3071 2351 3127 te,
2391 3060 2575 3124 frater,
2611 3068 2667 3112 ut
2692 3075 2751 3112 ea
2780 3073 2901 3127 qu:e
2925 3058 3019 3110 tibi
3056 3058 3448 3111 committimus

1875 3158 2100 3212 fideliter
2130 3173 2259 3224 agas
2294 3173 2357 3208 ex
2386 3155 2671 3216 cbaritate,
2700 3161 2758 3206 ut
2779 3169 2906 3205 vero
2929 3151 3204 3227 velociter,
3225 3168 3288 3206 ex
3313 3168 3445 3205 eor»

1826 3293 1838 3305 .
1876 3249 2110 3311 siderata
2146 3264 2438 3300 causarum
2474 3248 2554 3300 vei
2580 3257 2883 3316 temporum
2916 3248 2973 3299 lit
3005 3245 3364 3313 competentia
3397 3255 3453 3299 et

1876 3340 2197 3395 necessitate
2228 3358 2239 3391 :
2269 3354 2389 3405 qua!
2416 3336 2633 3404 quidem
2663 3348 2893 3401 utraque
2930 3331 2981 3385 in
3018 3332 3326 3401 subscripto
3349 3330 3447 3386 ne-

1872 3426 2020 3496 gotio
2054 3426 2127 3478 ita
2160 3434 2211 3477 tc
2254 3423 2546 3491 observare
2578 3422 2849 3484 volumus,
2884 3427 2961 3481 ut,
2993 3420 3451 3486 quemadmodum
3471 3476 3485 3487 K

1872 3497 2164 3581 credimus,
2212 3513 2377 3568 fidum
2412 3523 2463 3567 te
2492 3522 2546 3567 et
2573 3496 2903 3565 indefessum
2951 3511 3108 3565 nobis
3131 3518 3454 3580 conm-rato-

1874 3622 1986 3661 rem
2020 3619 2439 3675 cognoscamus.
2471 3602 2659 3657 Frater
2698 3602 2797 3655 istc
2824 3597 3115 3663 Tullensis,
3152 3611 3206 3652 nt
3231 3600 3459 3663 fatetur.

1874 3696 2102 3751 clericus
2128 3696 2194 3749 ad
2232 3711 2331 3749 nos
2372 3695 2614 3757 veniens,
2649 3699 2981 3759 conquestus
3004 3699 3087 3743 est
3123 3691 3279 3743 nobis
3315 3708 3451 3761 quo—

1876 3787 2019 3841 niam
2054 3788 2318 3840 iratnssit
2352 3785 2401 3837 ei
2420 3783 2673 3837 dominus
2697 3798 2856 3843 suns,
2886 3780 3133 3835 videlict-t
3157 3778 3446 3837 Tullensis,

1877 3888 1937 3933 ut
1955 3879 2173 3941 dicitur,
2199 3876 2508 3946 episcopus,
2528 3891 2584 3929 se
2609 3876 2848 3927 exsulem
2873 3872 3097 3936 factum,
3122 3881 3175 3926 et
3197 3870 3449 3924 omnibus

1877 3971 2038 4024 rebus
2060 3969 2176 4022 suis
2207 3967 2589 4036 exspoliatum,
2624 3964 2937 4035 supplicans
2974 3970 3031 4014 ut
3052 3960 3194 4035 apud
3229 3972 3447 4032 aposto-

1876 4062 2036 4117 licam
2067 4060 2320 4133 pietatem
2348 4072 2622 4115 tantarum
2658 4059 3001 4111 miseriarum
3020 4056 3263 4129 aliquam
3299 4054 3446 4105 inve.-

1878 4152 2017 4206 niret
2045 4151 2497 4205 consolationem.
2543 4146 2709 4199 Nobis
2740 4160 2868 4199 vero
2897 4160 2998 4199 cur
3026 4145 3145 4198 hoc
3172 4143 3277 4197 sibi
3308 4144 3447 4197 aeri-

1874 4242 2014 4296 derit
2045 4240 2330 4308 diligenter
2360 4238 2780 4307 inquirentibus,
2814 4236 2995 4290 retulit
3018 4251 3078 4291 se
3107 4235 3177 4290 ab
3196 4234 3463 4305 episcopo

1876 4329 2168 4400 quamdam
2216 4328 2502 4383 ecclesiam
2549 4327 2873 4396 “ululasse,
2927 4342 3051 4397 qua
3100 4326 3166 4381 ad
3215 4325 3452 4380 olllcium

1878 4420 2141 4475 custodia:
2169 4419 2315 4489 quod
2359 4419 2577 4472 tenebat
2618 4420 2774 4495 legali
2823 4416 3212 4473 constitutione
3253 4416 3455 4471 dicitur

1879 4514 2125 4568 attiner‘e.
2175 4511 2293 4578 Qua
2341 4512 2410 4566 de
2448 4526 2507 4565 re
2552 4498 2860 4565 connnotns
2894 4507 3202 4577 cpiscopus,
3243 4523 3368 4563 cum
3402 4506 3451 4557 ei

1788 4622 1859 4677 -ῃ
1884 4618 1991 4657 non
2013 4603 2188 4656 solum
2214 4603 2352 4656 hanc
2378 4601 2669 4669 denegaret
2691 4598 2997 4662 ecclesiam,
3025 4598 3117 4653 sed
3145 4588 3316 4655 totum
3339 4592 3454 4647 οἷα]-

1886 4692 2030 4748 cium
2055 4708 2149 4761 per
2163 4705 2431 4745 snnunam
2459 4689 2796 4742 interdiceret
2822 4686 3455 4761 obedientiam,respou-

1883 4781 1963 4834 dit
1989 4760 2175 4834 senon
2206 4778 2399 4831 debere
2430 4776 2533 4831 sibi
2557 4775 2879 4829 obedientim
2907 4760 3287 4840 reverentiam,
3314 4760 3456 4840 quo-

1888 4871 2030 4923 niam
2066 4869 2567 4929 archidiaconatus,
2598 4861 3035 4917 consecrationes
3074 4854 3455 4923 ecclesiarum,

1886 4970 1941 5014 ct
1986 4962 2131 5029 ipsas
2174 4958 2429 5015 ecclesias
2474 4954 2773 5016 vendendo,
2809 4950 3348 5020 Simonimgphmmsi
3400 4968 3459 5004 5,,

1889 5048 2365 5109 commaculassct;
2412 5042 2536 5097 cum
2564 5034 2812 5095 nulliere
2862 5043 3099 5111 quadatn
3143 5030 3197 5094 in
3243 5040 3458 5109 publica

1890 5135 2243 5190 fornicatione
2256 5134 2478 5202 jaceret,
2503 5132 2569 5187 de
2597 5149 2702 5200 qua
2732 5132 2900 5185 lilimn
2928 5132 3225 5200 genuisset,
3257 5145 3452 5198 quam—

1889 5241 1995 5295 que
2028 5241 2216 5280 rumor
2239 5233 2381 5279 esset
2409 5232 2749 5278 sacramento
2767 5231 2825 5277 et
2846 5220 3264 5289 desponsatione
3286 5216 3456 5271 laico-

1894 5332 2013 5371 rum
2036 5332 2187 5373 more
2208 5317 2310 5370 sibi
2332 5300 2638 5384 copulasse,
2664 5323 2716 5369 et
2744 5322 3000 5381 pneterea
3030 5307 3175 5377 quod
3206 5305 3453 5359 nonnulli

1891 5424 2015 5462 eum
2043 5410 2109 5463 ad
2140 5408 2509 5477 episcopatum
2534 5404 2783 5474 pactione
2812 5399 3013 5471 praemii
3040 5394 3351 5467 pervenisse
3375 5395 3457 5449 di-

1895 5508 2099 5553 cerent.
2146 5496 2240 5551 llis
2270 5495 2471 5549 auditis
2504 5495 2813 5562 episcopus,
2847 5488 3005 5557 quasi
3048 5487 3115 5539 de
3163 5483 3470 5540 manifestis

1896 5586 2069 5654 culpis
2096 5584 2381 5653 ptrnitens,
2414 5590 2465 5634 et
2495 5581 2561 5633 de
2587 5595 2682 5633 sua
2710 5575 3042 5631 correctione
3074 5584 3186 5626 tum
3212 5587 3335 5624 cum
3365 5573 3467 5623 hoe

1900 5675 2034 5734 solo,
2070 5683 2184 5724 tum
2238 5686 2359 5721 eum
2391 5670 2600 5722 (‘tl‘lct‘is
2652 5666 2909 5718 fratribus
2953 5666 3212 5732 loquens,
3250 5668 3467 5717 tandem
