4218 6424
741 503 837 557 571

1370 497 1435 552 S.‘
1464 496 1789 587 GREGORll
1828 497 1919 554 VH
1954 487 2155 554 ΡᾹΡᾸ)
2193 497 2477 574 OPERUM
2515 499 2694 554 PARS
2730 499 2752 553 l
2813 473 2881 538 4-
2919 499 3338 574 REGlSTRUM.

3881 506 3991 570 si:

741 615 1430 686 manifestajndignatione
1475 624 1530 668 et
1557 615 1636 668 ira
1673 621 1839 684 ‘super
1887 615 2054 669 istum
2094 613 2304 667 inflam-
2333 616 2376 670 Α
2403 613 2631 667 libenter
2664 613 2936 668 intellectu
2989 614 3231 684 capiunt,
3283 622 3337 668 et
3379 622 3562 668 tenere
3617 615 3987 670 contendunt.

741 718 921 765 matus
943 716 1045 764 est.
1069 705 1408 777 Egressoque
1438 706 1506 759 ab
1535 705 1666 758 urbe
1694 704 1966 774 cpisc0po,
1997 703 2160 773 paulo
2180 711 2305 773 post

742 797 944 853 milites
973 796 1111 865 ejus,
1136 803 1320 864 utpote
1346 810 1453 848 non
1499 795 1811 863 ignorantes
1840 792 2172 870 voluntatem
2201 791 2302 845 do-

740 885 896 950 mini,
933 885 1058 938 buic
1079 897 1294 938 onmem
1339 882 1671 936 teetiritatem
1697 881 2046 952 abnegaverc,
2076 888 2132 934 et
2161 880 2304 934 intra

738 978 1039 1030 claustrum
1063 975 1111 1028 ei
1148 974 1334 1028 minati
1371 984 1498 1028 sunt
1522 973 1574 1026 in
1599 972 1812 1028 faciem.
1840 963 1989 1037 Quos
2018 986 2143 1025 cum
2171 970 2304 1025 insi—

737 1067 877 1140 diari
905 1067 1024 1120 vita:
1055 1082 1164 1120 sua:
1189 1075 1243 1119 et
1268 1065 1461 1118 bonori
1487 1065 1835 1135 intelligeret,
1861 1065 2000 1118 clam
2029 1063 2302 1137 discessit,

737 1173 801 1219 ut
829 1179 929 1218 sua
963 1161 1208 1216 absentia
1239 1165 1563 1230 temperaret
1585 1157 1930 1214 severitatem
1963 1155 2126 1227 hujus
2153 1153 2304 1211 furo-

738 1257 836 1312 ris.
860 1255 1157 1325 Episcopus
1199 1269 1330 1309 vero
1359 1253 1646 1308 confestim
1693 1248 1792 1309 sua
1835 1254 2015 1308 omnia
2057 1252 2216 1322 diripi
2251 1259 2306 1306 et

737 1345 1003 1417 )ublicari
1031 1345 1302 1416 praecepit,
1332 1353 1387 1399 et
1412 1345 1486 1398 ita
1520 1344 1621 1398 iste
1643 1344 1884 1398 exsulem
1918 1359 1976 1398 se
1998 1353 2053 1398 et
2074 1358 2302 1414 egenum

737 1434 851 1507 jam
880 1437 973 1490 diu
999 1425 1576 1503 faisseionqueritur;
1607 1449 1795 1488 verum
1819 1434 1936 1489 hate
1969 1433 2126 1488 nobis
2157 1433 2304 1488 inor-

736 1530 925 1586 dinata
953 1539 1006 1584 et
1044 1529 1196 1586 valde
1243 1517 1429 1600 iniqua
1463 1528 1740 1596 videntur,
1787 1527 2079 1598 quoniam',
2125 1528 2170 1583 si
2213 1528 2330 1601 illa,

738 1635 865 1677 vera
902 1631 1050 1687 sunt,
1084 1623 1400 1691 episcopus,
1429 1621 1539 1675 imo
1579 1620 1956 1691 oxepiscopus,
1992 1636 2101 1676 non
2132 1622 2300 1688 hunc,

737 1713 836 1767 sed
870 1713 1257 1788 conscientiam
1281 1721 1436 1777 suam
1462 1712 1644 1766 odisse
1663 1721 1716 1766 et
1738 1713 1986 1782 persequi
2011 1713 2300 1778 debuerat;

740 1801 826 1857 sin
853 1814 983 1854 vero
1002 1785 1164 1868 falsa,
1188 1785 1243 1855 et
1277 1801 1483 1855 utinam
1532 1801 1694 1856 falsa!
1733 1818 1843 1856 non
1874 1813 2053 1858 tamen
2084 1800 2301 1868 milites,

741 1889 834 1942 sed
870 1889 1214 1958 disciplinam
1248 1905 1553 1957 canonum,
1598 1891 1760 1945 istum
1809 1892 2084 1961 corripet'c
2119 1902 2173 1946 et
2208 1893 2304 1954 tia;

741 1977 936 2048 gellare
958 1995 1173 2048 aequum
1210 1978 1403 2033 fuerat.
1432 1978 1698 2044 Quocirca
1731 1960 2124 2037 fraternitatem
2158 1990 2304 2036 tuam
2342 1960 2382 2014 Β

741 2069 1034 2136 apostolica
1071 2061 1392 2124 auctoritate
1415 2072 1804 2126 commonitam
1829 2083 1884 2127 et
1915 2073 1967 2126 in
2004 2073 2106 2128 bac
2139 2089 2304 2128 causa

741 2157 1016 2214 suffultam
1055 2172 1176 2215 esse
1205 2162 1478 2229 volumus,
1512 2172 1598 2228 ut,
1631 2174 1932 2219 convocato
1963 2174 2018 2220 et
2049 2165 2307 2234 adjuncto

727 2245 1065 2314 tibidilccto
1099 2241 1373 2305 confratré
1419 2251 1611 2306 nostro
1651 2251 1982 2308 Herimanno
2011 2255 2306 2308 venerabili

742 2340 998 2411 episcopo
1043 2341 1287 2409 Met-snsi,
1324 2327 1632 2400 Tullensem
1677 2345 2034 2413 conveniatis,
2075 2345 2308 2416 eumque

742 2439 808 2485 ut
833 2429 1088 2486 clericum
1121 2432 1285 2486 istum
1334 2434 1452 2489 sine
1481 2436 1629 2489 omni
1652 2436 1894 2504 periculo
1916 2436 2041 2492 vitae
2064 2445 2119 2491 et
2151 2453 2310 2492 secu-

653 2569 660 2576 ,
737 2535 867 2601 ἰίωι
894 2521 964 2574 ab
1005 2521 1152 2574 omni
1185 2523 1514 2584 contumelia
1559 2523 1612 2581 in
1653 2524 1952 2579 claustrum
1978 2541 2138 2580 suum
2167 2525 2306 2582 reci-

727 2601 878 2679 piat,
899 2621 955 2664 ct
982 2612 1214 2666 cilicium
1242 2613 1504 2668 custodia:
1530 2631 1652 2670 cum
1685 2617 1910 2672 ecclesia
1931 2633 2094 2688 quam
2119 2629 2309 2688 postu-

745 2703 895 2770 lavit,
931 2705 976 2758 si
1002 2705 1148 2774 juste
1181 2705 1390 2772 attinet,
1440 2723 1564 2761 cum
1614 2709 1823 2764 exteris
1847 2692 2116 2765 'omnibus
2144 2710 2309 2780 justis

744 2788 1087 2867 pertinentiis
1115 2783 1188 2849 let
1232 2795 1555 2852 utilitatibus
1599 2797 1741 2862 suis,
1787 2807 1842 2851 et
1893 2799 2308 2868 pratposituram

745 2899 923 2948 suam,
960 2893 1014 2939 et
1045 2883 1278 2939 officium
1305 2886 1636 2953 scholarum,
1662 2903 1760 2942 nec
1783 2903 1890 2942 non
1926 2890 2110 2965 omnia
2131 2890 2308 2944 ablata

731 2970 852 3027 sibi
872 2974 1035 3040 bona,
1060 2983 1114 3029 et
1137 2983 1246 3029 tam
1279 2975 1719 3033 irrationabiliter
1752 2978 1898 3033 illata
1923 2980 2120 3034 damna
2153 2981 2310 3035 resti-

748 3070 888 3128 tuat,
921 3064 1234 3130 apostolicis
1262 3065 1600 3133 jussionibus
1631 3051 2042 3125 commoneatis.
2084 3068 2306 3136 Deinde,

659 3205 666 3210 .
749 3153 1064 3210 convocatis
1096 3155 1442 3213 Tullensibus
1467 3161 1680 3217 clericis
1719 3178 1815 3232 per
1847 3178 2031 3217 veram
2063 3179 2159 3218 eos
2187 3163 2311 3217 obe-

748 3240 1030 3312 dientiam,
1065 3243 1175 3299 imo
1196 3245 1298 3303 sub
1317 3247 1735 3307 comminatione
1765 3251 2144 3317 anathematis,
2173 3268 2307 3306 con-

750 3334 1026 3404 stringito,
1061 3344 1119 3391 nt
1163 3337 1424 3406 quidquid
1459 3339 1526 3394 de
1557 3339 1784 3398 introitu
1829 3350 1884 3394 et
1925 3348 2038 3395 vita
2071 3326 2308 3410 episcopi

751 3425 968 3497 sciunt,
997 3426 1151 3481 vobis
1201 3428 1471 3497 aperiant;
1509 3439 1564 3483 ct
1593 3416 1714 3496 vos,
1757 3431 1994 3503 undique
2032 3432 2309 3501 explorata

751 3516 996 3582 veritate,
1032 3519 1161 3588 quid
1195 3519 1351 3578 nobis
1381 3520 1504 3575 inde
1528 3521 1854 3576 credendum
1884 3523 1972 3587 sit,
2003 3523 2057 3577 in
2102 3525 2308 3594 synodo

753 3605 982 3660 velante
1007 3608 1272 3676 synodum
1293 3625 1457 3677 quam
1505 3612 1561 3664 in
1586 3604 1759 3679 prima
1783 3611 2118 3668 bebdomada
2163 3614 2309 3680 Qua-

753 3693 1069 3770 dragesimze
1096 3695 1417 3749 celebraturi
1461 3713 1682 3762 sumus,
1722 3714 1818 3768 per
1844 3700 2054 3757 litteras
2099 3713 2308 3760 vestras

753 3784 1034 3840 notificare
1056 3775 1364 3842 nullatenus
1393 3789 1802 3856 praetermittite.
1842 3788 1996 3855 Quod
2024 3792 2069 3846 si
2101 3791 2310 3859 episco-

669 3943 672 3946 ἢ
751 3887 875 3949 pus,
913 3884 969 3928 ut
995 3882 1266 3944 optamus,
1294 3877 1554 3932 innocens
1590 3877 1657 3932 de
1692 3887 1769 3932 tot
1791 3894 1855 3932 ac
1880 3879 2045 3936 tantis
2068 3877 2312 3935 crimini-

749 3965 854 4022 bus
881 3967 1208 4035 apparuerit,
1232 3968 1375 4037 quod
1403 3968 1630 4023 clericus
1655 3972 1858 4041 temere
1876 3970 2138 4043 peccavit,
2169 3985 2308 4039 quo-

752 4057 899 4124 niam
940 4056 1015 4117 ad
1062 4069 1304 4120 nostram
1331 4062 1475 4119 venit
1522 4061 1874 4131 audientiam,
1911 4063 2145 4134 qualiter
2165 4061 2310 4133 juste

753 4153 1074 4224 corrigatur,
1117 4154 1226 4209 Deo
1255 4156 1548 4224 a'spirante,
1597 4156 2026 4226 procurabimus.
2077 4153 2133 4210 Si
2180 4169 2308 4209 vero

658 4302 660 4304 τ
752 4239 1038 4308 episcopus
1053 4257 1115 4295 ea
1135 4259 1256 4317 qua:
1269 4244 1371 4304 sibi
1387 4227 1736 4300 intimduntur
1754 4245 2014 4300 veraciter
2035 4258 2310 4300 removere

757 4343 866 4388 non
900 4330 1125 4397 poterit,
1174 4327 1321 4386 nullo
1363 4335 1534 4398 modo
1570 4333 1849 4390 ferendum
1893 4345 1978 4391 est
2003 4335 2198 4402 nobis,
2226 4334 2310 4393 vel

755 4415 929 4483 vobis,
960 4426 1020 4471 ut
1045 4417 1222 4472 locum
1245 4421 1486 4488 pastoris
1509 4423 1671 4490 lupus
1703 4425 1961 4482 obtineat.
1992 4423 2102 4480 llas
2127 4413 2313 4482 autem

753 4507 966 4585 litteras
994 4508 1195 4564 idcirco
1224 4519 1406 4578 aperte
1435 4511 1654 4580 sigillari
1684 4517 2055 4583 pmeepimus,
2085 4526 2150 4571 ut
2185 4532 2307 4572 cer-

753 4599 950 4663 tiorem
972 4599 1126 4654 vobis
1150 4599 1521 4654 auctoritatem
1551 4602 1902 4657 traderemus.

775 4707 778 4710 ’
825 4689 958 4746 Data
1002 4689 1186 4748 Ruunt!
1205 4691 1414 4744 decimo
1438 4693 1664 4760 septimo
1687 4690 1952 4748 Kalendas
1972 4693 2308 4762 Novembris,

721 4771 725 4776 ⁷
755 4766 1047 4836 indictione
1068 4781 1278 4837 decima
1305 4783 1483 4839 tertia.

1305 4915 1632 4974 EPISTOLA
1667 4917 1776 4975 Χ1.’

964 5017 1022 5054 ιυ
1054 5007 1328 5075 unum
1357 5019 1611 5079 COItTEM,
1640 5031 1708 5068 er
1739 5031 1860 5070 ειυς
1885 5030 2114 5070 exeant.

1335 5097 1512 5174 (Anno
1544 5103 1724 5175 1074.)

759 5181 967 5240 Laudat
990 5182 1144 5250 ﬁdem
1180 5192 1234 5266 et
1265 5183 1563 5266 religionem
1597 5209 1793 5266 eorum,
1831 5196 2190 5260 Quorumdam
2215 5215 2321 5266 ept—

684 5296 688 5301 .
726 5303 737 5330 ,l
827 5267 1099 5333 scaporum
1130 5253 1692 5333 sceleralrepreltendit.
1720 5253 1907 5333 Δξηιιῖιέ
1929 5276 1984 5316 ut
2008 5253 2314 5333 pet-sistant,

733 5327 737 5330 ’
827 5331 875 5373 et
902 5322 1106 5376 decreta
1138 5322 1440 5392 apostolicae
1461 5327 1596 5380 sedis
1622 5330 1684 5382 de
1710 5322 2024 5386 Simoniacis
2067 5345 2118 5386 et
2136 5322 2318 5390 incon-'-

760 5451 762 5454 ν
830 5391 1112 5452 ιὶηεηεὶῥαδ
1133 5391 1488 5449 sacerdotibus
1519 5400 1791 5452 retineant.
1851 5437 1853 5440 ι

829 5503 1132 5561 Caesonius
1147 5509 1451 5578 episcopus,
1466 5526 1654 5566 servus
1672 5524 1951 5566 servorum
1972 5511 2086 5577 Dei,
2101 5513 2318 5569 Alberto

764 5592 1027 5647 comiti‘et
1050 5597 1166 5666 ejus
1220 5601 1374 5654 uxori
1412 5603 1645 5668 salutem.
1677 5614 1730 5657 et
1766 5605 2116 5672 apostolicam
2154 5605 2318 5660 bene-

765 5682 1076 5740 dictionem.
1139 5716 1150 5722 -

836 5772 1050 5828 Gratias
1076 5777 1182 5832 Deo
1213 5781 1497 5854 referimus
1527 5787 1669 5854 quod
1717 5787 1796 5838 vel
1834 5787 1954 5840 laici
1985 5795 2038 5840 ct
2069 5787 2321 5840 mulieres
2418 5772 2684 5867 justitiam
2710 5772 3008 5848 deserunt.
3042 5772 3171 5852 Tute
3196 5772 3377 5866 igitur
3408 5772 3843 5871 unanimantemr
3861 5793 3947 5847 fra-

767 5864 830 5922 τιὰ
867 5863 1152 5947 Dominum
1197 5881 1402 5956 mentes
1425 5877 1668 5959 erigunt,
1716 5887 1767 5933 et
1803 5880 2005 5934 cultum
2049 5879 2324 5951 religionis
2423 5863 2692 5938 ternitatis
2723 5883 2898 5939 debita
2919 5896 3040 5939 cum
3066 5863 3419 5957 gratulatione
3441 5863 3947 5964 suscipientesﬂtlnq

2404 701 2538 758 Nam
2565 704 2638 758 illi
2669 705 2763 775 qui
2801 713 3018 775 propter
3044 705 3333 779 lucrandas
3374 705 3586 760 animas
3618 705 3858 775 episcopi
3888 721 3992 773 vro:

2404 795 2509 849 cati
2543 803 2595 849 et
2637 796 2918 850 constituti
2975 803 3122 862 sunt,
3167 804 3222 850 et
3267 791 3513 850 subditos
3554 811 3686 850 suos
3730 797 3903 852 verbo
3934 806 3990 851 et

2403 888 2650 957 exemplo
2684 888 2826 942 viam
2876 887 3121 942 veritatis
3153 887 3350 942 docere
3383 887 3662 954 deberent,
3719 889 3806 943 his
3839 898 3990 944 tem-

2405 978 2630 1046 poribus
2652 979 2860 1033 seducti
2892 996 2921 1033 a
2943 979 3180 1045 diabolo,
3210 995 3318 1032 non
3342 979 3518 1032 solum
3563 979 3738 1050 legem
3761 979 3858 1034 Dei
3883 981 3990 1035 de-

2404 1052 2616 1138 serunt,
2648 1070 2741 1126 sed
2794 1070 3115 1142 impugnare
3147 1077 3202 1126 et
3235 1069 3385 1133 omni
3412 1079 3610 1124 conatu
3660 1071 3992 1125 subvertere

2406 1175 2514 1214 non
2548 1161 2841 1218 desistunt.
2895 1163 3015 1230 Quo
3070 1163 3726 1232 minusvmirandumcst
3775 1163 3822 1217 si
3877 1163 3989 1233 ipsi

2402 1252 2686 1310 inferiores
2706 1254 2928 1310 ordines
2950 1270 2981 1308 a
3021 1254 3217 1309 delicto
3266 1269 3376 1309 non
3407 1253 3715 1332 prohibent,
3741 1269 3987 1323 quorum

2404 1354 2498 1398 aut
2522 1344 2792 1399 ordinatio
2812 1344 2915 1399 fuit
2935 1345 3210 1411 bteretica,
3235 1354 3330 1399 aut
3362 1344 3472 1398 vita
3501 1343 3652 1409 omni
3686 1343 3991 1413 immundi-

2405 1434 2477 1488 tia
2502 1443 2558 1488 et
2594 1433 2927 1490 facinoribus
2951 1444 3204 1504 cooperta
3233 1454 3247 1488 :
3275 1425 3389 1504 qui,
3413 1435 3544 1488 dum
3577 1432 3634 1488 in
3671 1435 3990 1504 semetipsis

2404 1525 2620 1594 propria
2642 1526 2845 1581 scelera
2874 1541 2974 1580 nec
3001 1526 3283 1596 corrigunt
3309 1541 3411 1580 nec
3453 1525 3763 1592 attendunt,
3788 1527 3989 1588 subdig

2405 1625 2584 1670 torum
2627 1617 3117 1688 quoque'criniina
3164 1626 3259 1672 aut
3308 1633 3404 1688 per
3453 1617 3840 1688 negligentiam
3891 1629 3990 1672 aut

2407 1707 2598 1762 timore
2619 1709 2853 1779 propria;
2873 1707 3223 1763 conscientia:
3251 1717 3488 1778 portant.
3512 1707 3588 1762 De
3608 1708 3811 1778 quibus
3837 1718 3992 1765 recte

2403 1812 2500 1866 per
2522 1796 2845 1867 Propltetam
2880 1798 3124 1853 dicitur:
3177 1798 3534 1876 obscurentur
3585 1799 3724 1852 oculi
3775 1810 3987 1866 eorum,

2408 1903 2469 1940 ne
2493 1888 2725 1952 rideant,
2772 1897 2822 1940 et
2849 1889 3065 1942 dorsum
3106 1905 3285 1942 eorum
3315 1905 3522 1959 semper
3547 1889 3765 1942 incurva
3802 1889 3998 1960 (Paul;

2409 1980 2617 2049 LSVItt).
2661 1979 3000 2050 Quapropter
3058 1980 3321 2050 quidquid
3378 1979 3454 2033 illi
3503 1990 3693 2038 contra
3724 1996 3845 2048 vos,
3875 1981 3987 2035 imo

2407 2079 2596 2124 contra
2616 2070 2884 2139 justitiam
2903 2071 3167 2142 garriant,
3199 2081 3254 2126 et
3274 2087 3377 2142 pro
3415 2070 3752 2127 defendenda
3788 2075 3987 2143 nequi,

2408 2160 2479 2214 tia
2503 2177 2602 2215 sua
2625 2161 2801 2227 vobis,
2827 2162 2923 2230 qui
2944 2161 3179 2216 illiterati
3204 2163 3360 2236 estis,
3381 2161 3661 2232 objiciant,
3688 2178 3787 2218 vos
3809 2163 3866 2217 in
3886 2179 3988 2233 pu-

2409 2251 2566 2304 ritate
2585 2260 2638 2305 et
2670 2252 2976 2306 constantia
3023 2252 3146 2306 fidei
3173 2244 3368 2308 vestrae
3410 2261 3814 2321 permanentes,
3863 2269 3988 2324 qua:

2407 2343 2474 2396 de
2501 2342 2771 2412 episcopis
2799 2352 2853 2398 et
2873 2343 3245 2398 sacerdotibus
3277 2342 3628 2410 Simoniacis,
3658 2353 3754 2397 aut
3773 2345 3828 2399 in
3873 2343 3988 2399 for-

2411 2432 2678 2487 nicatione
2708 2432 3037 2502 jacentibus,
3084 2434 3152 2496 ab
3184 2434 3482 2503 apostolica
3518 2434 3645 2489 sedc
3673 2435 3986 2505 acoepistis,

2374 2584 2376 2586 τ
2407 2523 2634 2578 firmiter
2653 2525 2857 2580 credite
2885 2534 2940 2579 et
2967 2535 3165 2580 tenete.

2335 3302 2378 3359 C

2477 2613 2610 2669 Data
2647 2614 2831 2670 Planta:
2877 2617 3107 2686 septimo
3153 2616 3423 2674 Kalendas
3450 2615 3804 2687 Novembris,
3844 2617 3987 2673 indi-

2409 2706 2589 2762 ctione
2608 2706 2819 2762 dccima
2845 2707 3021 2762 tertia.

2944 2813 3282 2876 EPISTULA
3312 2821 3428 2879 XII.

2720 2927 2784 2966 Δί)
2816 2927 3328 2981 Ιιειι.ιιεῐιςτιιιιεκςειι
3362 2930 3670 2969 ιειθιειῖοιιιή.

3006 3002 3187 3074 (Anno
3206 3003 3386 3072 l074.)
3441 3031 3456 3036 -

2412 3092 2619 3147 Laudat
2644 3094 2756 3164 ejus
2785 3111 2908 3166 erga
2937 3095 3231 3166 Romanam
3252 3095 3544 3151 Ecclesium
3572 3097 3978 3162 observantiam,

2479 3179 2637 3237 quam
2675 3180 2741 3218 ea:
2788 3165 2900 3237 ejus
2933 3166 3110 3237 patrimi
3142 3165 3322 3220 dolore
3354 3176 3706 3237 perspexerat,
3735 3169 3878 3237 quod
3903 3169 3975 3222 ιε-

2478 3234 2590 3302 gati
2621 3235 2906 3305 apostolici,
2925 3235 2978 3289 in
2999 3234 3094 3290 illo
3130 3253 3283 3306 regno
3318 3234 3420 3290 non
3442 3234 3502 3291 eo
3528 3253 3632 3306 quo
3654 3234 3871 3291 decebat
3889 3239 3976 3290 Ito-

2480 3320 2604 3367 nore
2639 3308 2866 3378 suscepti
2909 3306 3172 3378 fuissent;
3227 3323 3385 3378 quam
3425 3322 3532 3360 rem
3579 3307 3664 3378 eis
3705 3308 3977 3378 contigisse

2479 3373 2696 3493 mavult
2739 3373 2918 3445 quanti
2949 3373 3250 3445 αροέιοιὶεαὲ
3277 3377 3414 3452 sedis
3459 3377 3831 3431 auctoritatem
3851 3373 3975 3430 ἰ-ἰο-

2502 3458 2636 3493 asse.
2811 3467 2814 3471 -
3074 3469 3083 3482 κ

2405 3483 2409 3488 .
2479 3458 2636 3495 "1888.
2811 3467 2814 3471 ‘
3074 3469 3083 3482 ’

2477 3532 2783 3589 Caesonius
2805 3517 3114 3605 episcopus,
3136 3550 3327 3590 servus
3357 3550 3640 3590 servorum
3660 3534 3776 3602 Dei,
3801 3519 3973 3591 llalbi-

2407 3625 2629 3679 stetensi
2653 3623 2996 3696 [Buncmnno
3025 3624 3445 3698 Alberstatensi]
3472 3626 3728 3697 episcopo
3747 3627 3971 3682 salutem

2406 3723 2461 3768 et
2485 3715 2838 3783 apostolicam
2866 3715 3321 3772 benedictionem.
3445 3725 3450 3729 '

2421 3831 2423 3835 ι
2477 3803 2749 3868 Ostendis,
2786 3805 2971 3869 frater,
2996 3815 3047 3858 te
3071 3811 3317 3859 sanetam
3352 3791 3655 3859 Rominam
3679 3805 3969 3861 Ecclesiam

2409 3893 2626 3946 sincero
2648 3893 2840 3948 affectu
2867 3895 3111 3970 diligere,
3139 3894 3358 3964 quando
3380 3895 3442 3948 id
3471 3902 3652 3971 movet
3672 3909 3766 3949 cor
3790 3904 3846 3950 et
3859 3896 3970 3951 ani-

2411 3998 2557 4037 mum
2581 3992 2755 4059 tuum,
2789 3975 2994 4054 legatos
3018 3983 3162 4038 sedis
3185 3984 3496 4054 apostolicae
3522 3984 3581 4038 in
3605 3999 3774 4055 regno
3797 3995 3968 4042 vestro

2411 4089 2517 4130 non
2539 4089 2605 4147 eo
2633 4068 2743 4145 quo
2765 4075 3006 4144 oportuit
3034 4075 3243 4128 honore
3266 4084 3548 4145 susceptos
3569 4074 3757 4142 fuisse,
3783 4091 3882 4132 nec
3908 4091 3965 4130 ea

2407 4165 2848 4238 qumChristiana
2864 4167 3054 4238 religio
3075 4167 3404 4237 postulabat,
3433 4159 3488 4222 et
3507 4167 3688 4222 adhuc
3715 4167 3964 4237 postulat,
4044 4201 4045 4234 ξ

2409 4255 2570 4328 prout
2612 4273 2832 4316 necesse
2867 4256 3026 4323 foret,
3079 4257 3287 4312 edicere
3327 4257 3591 4327 potuisse.
3631 4255 3831 4311 Verum
3871 4271 3964 4321 nos

2409 4349 2580 4403 multo
2606 4340 2780 4419 magis
2809 4349 2925 4403 haec
2953 4349 3062 4407 illis
3095 4345 3358 4430 accidisse
3395 4348 3670 4435 volumus,
3707 4362 3884 4413 quam
3911 4354 3964 4398 ut
4042 4405 4043 4435 ἲ

2409 4439 2532 4509 ipsi,
2560 4438 2872 4494 hominibus
2894 4438 3066 4508 magis
3095 4453 3259 4507 quam
3295 4437 3407 4492 Deo
3433 4431 3646 4524 placere
3677 4437 3960 4506 cupientes,
4042 4431 4043 4443 ¹

2409 4530 2688 4584 veritatem
2713 4538 2768 4584 et
2795 4529 3098 4584 libertatem
3141 4529 3286 4583 illius
3311 4543 3435 4599 qua:
3469 4529 3525 4582 in
3567 4528 3652 4582 eis
3682 4542 3961 4596 mprmsen-

2341 4641 2385 4694 ι)
2411 4622 2626 4676 labatur
2653 4621 3010 4676 auctoritatis
3043 4620 3223 4691 aliqua
3259 4620 3606 4694 simulatione
3658 4619 3956 4704 violassent.

2411 4710 2545 4764 Nam
2592 4713 2640 4767 si
2677 4713 3013 4782 principibus
3051 4721 3107 4767 et
3155 4713 3414 4768 divitibus
3452 4721 3609 4774 terra:
3652 4705 3959 4766 vesti-tere-

2312 4830 2316 4840 ι
2411 4817 2576 4868 gnaro
2594 4761 2941 4882 prorllbidirne
2964 4812 3018 4858 et
3054 4805 3322 4872 justitiam
3369 4804 3464 4858 Dei
3514 4783 3959 4867 conculeareﬁa-
4038 4761 4039 4851 ι

2416 4890 2508 4944 citi
2519 4890 2840 4946 consentire
2852 4892 3135 4958 vellemus,
3150 4895 3394 4963 profecto
3408 4894 3699 4971 amicitias,
3724 4908 3955 4957 munera,

2418 4981 2801 5051 subiectiones,
2854 4983 3088 5049 laudem,
3122 4993 3178 5037 et
3204 4984 3534 5054 magnificas
3563 4984 3634 5039 ab
3655 4985 3736 5040 eis
3757 4983 3957 5038 bonozi-

2420 5071 2661 5128 fieentias
2711 5072 2907 5129 habere
2959 5088 3261 5143 possemus.
3291 5075 3448 5140 Quod
3479 5067 3608 5158 quia
3631 5068 3765 5152 19w
3788 5072 3954 5141 inquo

2417 5178 2609 5217 sumus
2651 5172 2706 5218 et
2744 5163 2918 5218 cilicio
2964 5165 3108 5234 quod
3146 5174 3392 5220 tenemus
3440 5163 3667 5229 minime
3707 5163 3950 5234 congruit,

2417 5254 2552 5308 nihil
2585 5263 2670 5309 est
2700 5255 2846 5324 quod
2867 5271 2968 5310 nos
3003 5271 3031 5308 a
3073 5256 3336 5310 charitate
3377 5254 3605 5320 Christi,
3655 5253 3769 5323 ipso
3796 5262 3950 5324 proteo
4034 5239 4035 5256 ‘

2415 5354 2590 5420 gente,
2611 5361 2862 5416 separare
2885 5346 3056 5423 possit
3079 5367 3091 5400 :
3117 5348 3316 5417 quibus
3342 5345 3480 5400 mori
3507 5345 3679 5400 tutius
3699 5353 3797 5412 est,
3810 5361 3949 5416 quam

2415 5436 2592 5505 legem
2608 5437 2727 5506 ejus
2745 5437 3139 5507 derelinquere,
3163 5444 3258 5490 aut
3270 5433 3368 5506 pro
3387 5433 3575 5518 mundi
3595 5437 3762 5507 gloria
3782 5437 3951 5506 impio-

2418 5542 2539 5578 rum
2574 5528 2774 5598 potius,
2808 5529 2854 5582 si
2889 5526 3000 5582 sint
3025 5535 3289 5596 potentes,
3313 5544 3479 5598 quam
3507 5542 3694 5583 eorum
3719 5541 3949 5599 personas
4030 5565 4031 5599 ἦ

2420 5617 2705 5686 respicere,
2727 5615 2842 5689 qui,
2877 5618 3001 5672 licet
3023 5618 3132 5670 sint
3169 5631 3468 5687 pauperes,
3488 5618 3655 5689 legem
3681 5619 3766 5674 sui
3787 5616 3950 5675 condi-

2421 5705 3137 5776 torisexqﬁmnt,mandat_a
3159 5708 3408 5778 diligunt,
3431 5699 3591 5764 vitam
3615 5711 3794 5780 potius
3809 5717 3945 5798 quam

4019 5577 4032 5658 Δ
