4218 6382
279 430 390 491 3⁵13

282 647 345 691 ιιι
382 656 443 693 ιιι
472 656 536 694 ea
561 657 736 711 quam
761 659 886 716 erga
925 653 1168 698 sanctam
1214 653 1267 698 et
1309 647 1656 715 apostolicam
1693 647 1874 702 Eccle-

282 727 432 783 siatn
465 730 673 786 habere
701 721 911 803 cmpisti
943 734 1227 788 dilectione
1253 736 1524 803 proficias,
1571 724 1720 806 spem
1746 753 1874 790 vero

283 815 343 868 in
372 825 572 872 nostra
614 820 901 884 charitate,
939 821 1226 876 imo‘bcati
1263 820 1410 876 Petri
1441 824 1774 892 protectione
1822 833 1872 877 et

282 896 412 970 ejus
464 907 769 974 apostolica
821 907 1187 965 indubitanter
1240 908 1630 977 benedictione,
1678 911 1876 966 habere

281 991 567 1046 conﬁdas.
1201 1010 1206 1014 ‘

358 1079 503 1134 Data
549 1080 738 1138 Itonia:
781 1101 852 1138 vn
889 1083 1155 1140 Kalendas
1197 1069 1535 1153 Novembris,
1585 1089 1874 1144 indiCtione

282 1158 508 1224 decima
549 1171 728 1226 tertia.

837 1313 1167 1374 EPISTDL-A
1204 1315 1337 1369 Xlll.

588 1441 657 1479 ΔΙ)
689 1440 996 1480 ελιοιιοκςιι
1026 1441 1196 1480 REGE)!
1222 1442 1590 1481 lll'NGABOBL'N.

874 1536 1073 1606 ‘(Anno
1107 1536 1284 1606 lim.)

288 1642 562 1716 atteritur
583 1646 723 1716 quod
749 1662 864 1698 cum
894 1645 1183 1716 IIangaritc
1208 1662 1419 1715 regnum
1443 1647 1585 1715 juris
1614 1647 1682 1700 sit
1705 1650 1874 1700 sancti

357 1713 552 1786 Petri,
579 1713 612 1767 ἀ
649 1713 1046 1786 Teutonicorum
1081 1732 1194 1784 rege
1224 1713 1279 1767 in
1331 1713 1632 1783 beneﬁcium
1663 1733 1874 1786 accepe-

358 1785 458 1856 rit.
493 1784 674 1856 Monet
703 1794 760 1837 ut
785 1784 946 1848 illud,
984 1793 1213 1838 correcta
1237 1801 1411 1838 errore
1436 1802 1550 1850 suo,
1583 1786 1646 1839 ab
1673 1784 1878 1856 apoSto-

362 1852 478 1906 lica
505 1855 630 1908 aede
654 1855 1003 1924 recognoscat.

1349 444 1548 498 LlBER
1589 445 1965 502 SECUNDUS.
2006 477 2076 486 —
2113 447 2328 502 EPIST.
2367 448 2500 502 XIV.

281 547 569 603 ﬂatnmatn
607 550 666 604 in
700 560 918 620 pectore
940 562 1032 607 tuo
1063 569 1275 624 semper
1318 572 1560 610 crescere
1608 559 1877 627 cupimus,
1910 561 1954 614 Α
2016 586 2020 589 ·

3430 449 3531 502 574

2505 525 2845 612 nrtsrom.
2861 556 2996 610 x1v.

1977 690 2042 727 ΑΙ)
2074 692 2408 730 ῦυλιικειιιυιι
2440 691 2867 730 ΑΒΟΕΝΤΙΝΕΝΕΕΒΙ
2899 692 2967 728 ΕΤ
3002 691 3346 729 ιιυιιειιιιηυωι
3393 691 3536 729 ΒΑΜ-

2466 761 2696 799 LEEXSEH
2728 760 3019 800 EPISCOI‘OS.

2555 853 2730 921 (Anno
2767 851 2947 922 1072.)

1981 963 2046 1017 l't
2097 979 2276 1015 curam
2337 963 2624 1016 advocatio:
2670 962 2973 1014 monasterii
3021 959 3229 1014 Sanctw
3276 959 3460 1012 Crucis
3503 976 3536 1011 (ι

1999 1087 2003 1092 ,
2045 1031 2212 1084 Leone
2245 1031 2327 1082 IX
2356 1033 2661 1094 constructi,
2687 1031 2843 1099 jua‘ta
2869 1029 3099 1097 ejusdem
3130 1030 3394 1099 pontiﬁcis
3416 1045 3539 1080 con-

2043 1101 2385 1164 stitntionem,
2453 1098 2694 1153 Gerardo
2775 1099 2886 1166 ejus
2937 1099 3107 1165 nepoti
3153 1098 3342 1165 majori
3411 1107 3538 1150 netu

2043 1170 2366 1239 ndjudicent,
2393 1179 2440 1222 et
2475 1169 2747 1239 Hngonem
2771 1169 2833 1220 ab
2859 1185 2918 1220 ea
2952 1166 3251 1220 excludant.

2045 1298 2352 1359 Gneconws
2372 1305 2675 1373 cpiscopus,
2701 1319 2889 1358 servus
2912 1317 3085 1356 servm
3102 1317 3190 1354 um
3214 1299 3326 1363 Dei,
3356 1297 3535 1352 Gmn-

1975 1410 2132 1450 Mznto
2173 1395 2555 1464 Argentineusi
2610 1403 2660 1447 et
2717 1393 3035 1447 Brutumne
3091 1391 3383 1446 Basilccnsi
3432 1392 3539 1460 cpi-

1975 1486 2154 1556 scopis
2177 1487 2403 1541 salutem
2428 1495 2480 1539 et
2505 1484 2853 1554 apostolicam
2879 1484 3324 1538 bene-dictionem.

2043 1594 2161 1649 Non
2205 1595 2453 1666 ignorare
2499 1608 2610 1650 vos
2639 1594 2910 1648 credimus
2963 1593 3240 1648 dominum
3289 1600 3554 1644 nostrum

1976 1685 2145 1738 beata:
2168 1683 2443 1737 memoriae
2485 1681 2718 1734 Leonem
2752 1697 2945 1749 papam
2989 1680 3376 1734 monasterium
3411 1677 3542 1732 San-

1975 1782 2076 1828 cta:
2103 1772 2297 1836 Crucis
2347 1772 2399 1825 in
2449 1780 2589 1825 terra
2639 1771 2966 1825 litereditatis
2990 1786 3102 1824 sua:
3136 1770 3438 1834 fundatum,
3478 1784 3541 1822 ac

1907 1901 1949 1954 Β
1976 1866 2209 1935 propriis
2231 1864 2423 1933 opibus
2453 1864 2570 1933 ejus
2615 1871 3007 1925 constructum,
3047 1872 3247 1915 sancta:
3283 1853 3541 1915 Romana:

301 1978 309 1984 ·
359 1961 688 2017 Caesonius
705 1963 1011 2032 episcopus,
1036 1979 1224 2017 servus
1245 1976 1526 2027 servorum
1560 1962 1652 2017 Dei
1669 2006 1683 2028 ,
1706 1963 1874 2018 Suo.
1907 1941 1949 1954 υ
1973 1957 2243 2023 Ecclesiae,
2272 1956 2477 2022 euipie
2501 1963 2553 2007 ct
2579 1963 2762 2008 sancte
2803 1953 3139 2022 prmsitlt'liat,
3175 1952 3228 2004 in
3261 1941 3560 2020 proprium.

287 2064 420 2103 noxi
451 2049 608 2118 (562)
637 2052 749 2121 regi
787 2050 1185 2122 liungarorum,
1237 2054 1467 2106 salutem
1510 2062 1564 2107 et
1610 2055 1871 2123 apostoli-

287 2155 416 2193 cam
457 2140 912 2196 benedictionem.

305 2246 310 2251 '
359 2226 592 2284 Litterae
619 2237 725 2284 tute
757 2230 823 2284 ad
863 2246 966 2285 nos
1005 2231 1156 2286 tarde
1189 2241 1410 2302 propter
1455 2248 1662 2287 moram
1699 2235 1872 2288 nuntii

290 2317 372 2371 tui
407 2317 595 2372 allatae
629 2326 794 2372 sunt:
821 2333 959 2387 quas
1006 2320 1222 2387 quidem
1262 2313 1431 2374 multo
1453 2321 1740 2390 benignius
1760 2338 1875 2375 ma-

289 2423 400 2462 nus
428 2416 625 2478 nostra
649 2405 995 2475 suscepisset,
1033 2409 1079 2462 si
1107 2418 1199 2462 tua
1244 2411 1460 2464 incauta
1493 2411 1733 2465 conditio
1765 2427 1872 2466 non

289 2497 433 2552 adeo
456 2497 681 2550 beatum
723 2495 942 2549 Petrum
980 2497 1306 2552 oﬂ‘endisset.
1355 2497 1511 2564 Nam,
1542 2490 1682 2554 sicut
1705 2516 1735 2553 a
1759 2515 1874 2554 ma-

287 2585 513 2654 joribus
537 2586 727 2654 patriae
748 2592 858 2639 tute
879 2599 1207 2654 cognoscere
1243 2597 1416 2655 potes,
1461 2602 1685 2656 regnum
1720 2581 1873 2641 Hun-

293 2677 464 2747 gat-ia:
501 2685 706 2730 sanctae
756 2675 1012 2730 Romana:
1061 2675 1314 2732 Ecclesiae
1370 2679 1648 2747 proprium
1674 2689 1783 2746 est,
1842 2697 1873 2734 a

294 2780 425 2829 reae
454 2765 736 2834 Stephano
789 2764 935 2834 (365)
967 2765 1095 2819 olim
1142 2767 1302 2822 beato
1335 2767 1496 2823 Petro
1543 2785 1668 2823 eum
1725 2770 1874 2823 omni

290 2855 419 2924 jure
445 2863 505 2908 et
559 2862 827 2922 potestate
871 2870 967 2909 sua
1002 2855 1240 2909 oblatum
1270 2864 1326 2910 et
1355 2858 1545 2910 devote
1593 2857 1870 2910 traditum.

294 2943 571 2998 Praeterea
602 2941 866 2997 Henricus
889 2943 1037 3011 (564)
1063 2943 1164 3012 piae
1185 2947 1456 2998 memoria:
1491 2945 1784 3014 imperator
1805 2947 1874 3001 ad

295 3031 571 3087 honorem
599 3031 771 3088 sancti
793 3029 940 3084 Petri
967 3047 1192 3101 regnum
1215 3033 1347 3087 illud
1371 3049 1710 3105 expugnans,
1734 3035 1874 3091 victo

297 3128 534 3188 rege,pet
559 3119 701 3172 facta
733 3120 977 3185 victoria,
1027 3120 1094 3174 ad
1127 3135 1324 3191 corpus
1364 3124 1506 3178 beati
1564 3123 1708 3178 Petri
1752 3126 1873 3179 lan-

299 3223 455 3261 ceam
481 3222 850 3276 coronamque
887 3209 1206 3278 transmisit,
1222 3220 1274 3264 et
1301 3226 1398 3281 pro
1420 3213 1589 3282 gloria
1616 3216 1871 3284 triumphi
1899 3243 1944 3302 ρ

301 3297 392 3353 sui
417 3298 551 3351 illuc
573 3297 726 3367 regni
755 3298 952 3351 direxit
979 3298 1233 3368 insignia,
1260 3317 1368 3370 quo
1405 3302 1762 3373 principatum
1790 3306 1874 3359 di-

300 3388 532 3458 gnitatis
565 3388 683 3457 ejus
725 3389 1254 3460 attinere'eognovit.
1291 3392 1423 3458 Quae
1454 3409 1578 3452 eum
1627 3396 1700 3450 ita
1742 3397 1870 3463 sint,

301 3487 362 3532 tu
394 3488 605 3546 tamen,
643 3481 698 3534 in
725 3481 935 3536 caeteris
959 3496 1177 3552 quoque
1207 3498 1236 3536 a
1268 3468 1414 3556 regia
1444 3485 1643 3540 virtute
1663 3495 1721 3542 et
1754 3504 1873 3542 mo-

303 3569 463 3624 ribus
485 3569 648 3640 longe
694 3569 1006 3636 discedens,
1023 3571 1116 3641 jus
1137 3580 1192 3626 et
1222 3572 1482 3629 honorem
1537 3577 1711 3631 sancti
1732 3576 1876 3632 Petri

303 3667 576 3729 quantum
605 3659 673 3712 ad
715 3659 1136 3727 te,,imminuisti
1179 3669 1234 3714 et
1276 3660 1554 3729 alienasti,
1597 3664 1726 3718 dum
1759 3666 1877 3733 ejus

303 3764 538 3820 regnum
563 3765 592 3802 a
611 3763 736 3819 rege
755 3747 1172 3804 Teutonicorum
1187 3751 1242 3804 in
1264 3752 1604 3819 beneﬁcium,
1621 3754 1760 3808 sicut
1780 3770 1878 3807 au-

284 3838 568 3909 divimus,
613 3838 918 3908 suscepisti.
971 3838 1128 3904 Quod
1171 3841 1221 3895 si
1276 3856 1466 3895 verum
1493 3851 1594 3907 est,
1650 3843 1878 3911 qualiter

307 3929 544 3998 gratiam
569 3928 712 3981 beati
737 3927 900 3992 Petri,
930 3935 1025 3981 aut
1048 3935 1290 3983 nostram
1311 3930 1733 3985 benevolentiam
1759 3948 1879 4002 spe-

307 4031 435 4070 rare
454 4015 680 4080 debeas,
705 4023 763 4068 tu
785 4015 918 4082 ipse,
956 4015 1287 4084 sijustitiam
1338 4018 1420 4072 vis
1441 4021 1736 4085 attendere,
1769 4035 1877 4074 non

307 4107 559 4177 ignoras,
587 4105 832 4161 videlicet
851 4115 904 4160 te
932 4121 1042 4160 non
1073 4107 1231 4161 aliter
1259 4124 1379 4163 eam
1411 4108 1743 4176 habiturum,
1781 4126 1879 4166 nec

307 4195 431 4250 sine
455 4195 753 4264 apostolica
776 4179 1246 4270 animadversione
1263 4198 1355 4252 diu
1380 4207 1748 4268 regnaturum,
1773 4200 1880 4254 nisi

311 4294 592 4356 sceptrum
641 4285 792 4356 regni
837 4287 984 4356 quod
1030 4296 1202 4352 tenes,
1258 4296 1503 4341 correcto
1545 4303 1729 4362 errore
1763 4299 1878 4358 tuo,

308 4377 650 4446 apostolicae,
682 4391 791 4430 non
831 4377 1011 4447 regiae,
1056 4376 1354 4445 majestatis
1375 4376 1694 4432 beneﬁcium
1730 4395 1882 4434 reco-

311 4482 548 4539 gnoscas
574 4484 589 4531 ;
620 4481 795 4534 neque
823 4467 968 4519 enim
1011 4481 1112 4520 nos
1151 4465 1367 4533 timore,
1402 4467 1488 4522 vel
1531 4482 1735 4532 amore,
1787 4477 1882 4522 aut

1965 2045 2058 2113 jus
2105 2042 2412 2106 tradidisse,
2460 2050 2728 2111 quatenus
2765 2041 3086 2094 venerabilis
3142 2040 3229 2092 ille
3254 2039 3405 2092 locus
3436 2037 3559 2090 sub!

1972 2135 2072 2189 alis
2102 2134 2273 2188 sancti
2309 2133 2452 2187 Petri
2482 2132 2647 2186 tutior
2673 2142 2726 2185 et
2747 2131 2969 2185 liberior
2991 2131 3044 2183 in
3069 2130 3254 2184 divino
3278 2129 3539 2182 famulatu

1970 2227 2272 2298 proficeret.
2314 2225 2534 2292 Verum,
2562 2227 2702 2281 sicut
2731 2241 2832 2279 nos
2867 2233 3011 2278 certa
3049 2223 3310 2290 relatione
3332 2239 3542 2291 compe-

1971 2317 2164 2379 rimus,
2201 2323 2425 2383 nepotes
2467 2314 2630 2378 illius,
2678 2312 2830 2382 Hugo
2882 2312 3127 2365 videlicet
3160 2320 3214 2364 et
3265 2311 3540 2364 (lerat-dus

1971 2421 2069 2460 sua
2095 2405 2277 2475 potius
2300 2420 2462 2473 quam
2489 2419 2610 2472 qua:
2652 2402 2744 2456 Dei
2781 2410 2907 2456 sunt
2951 2409 3273 2470 qumrentes,
3302 2416 3399 2453 nec
3429 2408 3538 2454 tan;

1971 2495 2299 2549 sanctissimi
2326 2494 2426 2547 viri
2450 2476 3068 2547 excommunicationem
3098 2491 3371 2553 timentes,
3407 2491 3537 2544 dum

1972 2577 2113 2640 inter
2144 2600 2202 2639 se
2230 2584 2296 2638 de
2339 2581 2619 2637 advocatia
2650 2581 3002 2644 contendunt,
3047 2577 3364 2631 monasterii
3395 2578 3558 2633 bona

1971 2677 2252 2746 diripiunt,
2274 2685 2328 2729 et
2353 2690 2473 2743 quae
2502 2674 2568 2727 ad
2618 2673 3064 2728 sustentationem
3093 2671 3411 2725 ancillarum
3444 2670 3540 2724 Dei

1971 2767 2267 2821 constituta
2337 2773 2465 2819 sunt
2524 2764 2802 2833 sacrilegis
2866 2763 3237 2817 invasionibus
3280 2763 3541 2817 militibus

1971 2856 2087 2911 suis
2113 2855 2344 2924 praedam
2371 2852 2593 2907 faciunt.
2644 2852 2982 2922 Quapropter
3023 2850 3415 2906 fraternitatem
3448 2867 3540 2904 ve-

1972 2955 2142 3001 stram
2192 2946 2422 3001 multum
2471 2958 2728 3013 rogamus
2782 2950 2836 2995 et
2889 2941 3261 3006 admonemus,
3318 2948 3398 3004 ut,
3441 2955 3540 3009 pro

1973 3051 2157 3091 amore
2177 3045 2232 3090 et
2257 3035 2437 3091 debita
2479 3043 2668 3088 saneto
2692 3031 2852 3086 Petro
2896 3030 3221 3095 obedientia,
3268 3030 3458 3084 ambos
3483 3029 3538 3082 in

1973 3129 2154 3183 locum
2176 3123 2409 3197 aliquem
2444 3135 2626 3180 vestro
2659 3124 2949 3179 eonventui
2985 3132 3166 3192 aptum
3213 3123 3538 3185 convocetis,

1973 3226 2045 3282 et,
2081 3232 2298 3271 causam
2347 3214 2929 3282 utrinque-diligenter
2969 3213 3324 3280 inquirentes,
3378 3210 3539 3262 tinem

1973 3304 2305 3359 contentioni
2343 3318 2532 3357 eorum
2559 3304 2835 3370 imponere
2867 3297 3208 3368 summopere
3257 3299 3537 3361 studeatis,

1975 3394 2029 3447 in
2063 3393 2213 3448 nullo
2255 3393 2472 3462 quidem
2509 3385 2586 3460 ab~
2623 3407 2688 3445 ea
2721 3407 2841 3460 qua:
2867 3390 2919 3443 in
2963 3390 3240 3466 privilegio
3277 3389 3541 3458 prmlibati

1973 3483 2152 3539 Patris
2183 3483 2358 3538 nostri
2389 3480 2760 3551 Leonis‘papzc
2781 3481 3049 3550 descripta
3090 3489 3174 3534 est
3197 3480 3563 3535 constitutio»

1975 3588 2046 3627 ne
2071 3581 2126 3626 et
2152 3555 2599 3627 determinatione
2645 3570 3024 3639 digredientes.
3081 3569 3159 3623 lbi
3209 3571 3352 3622 enim
3403 3569 3544 3622 inter

1975 3671 2170 3715 etetera
2205 3661 2322 3728 ejus
2379 3659 2674 3728 apostolica
2722 3658 3002 3712 sanctione
3034 3658 3310 3712 decretum
3343 3665 3445 3720 est,
3481 3667 3540 3708 ut

1976 3750 2068 3818 qui
2089 3750 2154 3802 de
2163 3748 2418 3818 progenie
2431 3748 2595 3801 suain
2612 3754 2793 3801 castro
2807 3746 3152 3817 Egeneschen
3167 3743 3540 3818 [Engcsheim]

1975 3838 2199 3910 ueteris
2226 3837 2400 3906 major
2444 3845 2576 3907 natu
2618 3835 2780 3890 fuerit
2817 3829 3004 3892 curam
3059 3835 3348 3890 advocatia:
3389 3835 3542 3889 solus

1975 3935 2177 3993 teneat,
2207 3928 2336 3981 etin
2363 3943 2577 3981 omnem
2610 3928 2977 4000 posteritatem
3011 3926 3129 3994 ejus
3181 3925 3393 3994 generis
3427 3925 3543 3981 haec

1976 4023 2216 4085 potestas
2259 4017 2332 4070 ita
2385 4017 2658 4086 procedat.
2711 4015 2871 4069 Juxta
2911 3997 3086 4083 qnam
3141 4013 3540 4069 ordinationem

1978 4105 2276 4161 Gerardum
2325 4107 2541 4176 quidem
2595 4103 2838 4173 justitias
2894 4109 3168 4174 agere,.ct
3205 4105 3542 4161 advocationi

1979 4201 2152 4270 magis
2196 4200 2390 4253 merito
2417 4213 2578 4266 quam
2635 4194 2913 4267 Hugonem
2961 4195 3340 4252 administrare
3384 4206 3541 4267 puta-

1980 4306 2122 4353 mus,
2159 4288 2286 4356 quia
2317 4293 2473 4340 aetate
2510 4285 2742 4354 priorem
2769 4301 2890 4340 esse
2913 4286 3290 4342 intelleximus.
3316 4285 3468 4359 Quod
3491 4285 3540 4339 si

1979 4387 2033 4432 et
2053 4393 2148 4431 vos
2173 4378 2242 4430 ita
2269 4392 2389 4431 esse
2425 4376 2806 4447 cognoveritis,
2837 4392 2904 4431 ex
2948 4384 3098 4444 parte
3127 4376 3270 4435 beati
3293 4368 3458 4441 Pelii,
3487 4384 3540 4431 et

1981 4476 2167 4522 nostra
2193 4469 2506 4537 apostolica,
2550 4476 2730 4521 vestra
2776 4467 2936 4520 etiam
2963 4465 3254 4535 episcopali
3297 4468 3539 4522 auctori-

311 4557 495 4630 aliqua
520 4555 795 4625 personali
816 4555 1147 4624 acceptione,
1171 4565 1431 4624 quantum
1462 4557 1574 4611 Deo
1594 4558 1881 4625 adjuvante
1912 4577 1956 4630 ι)
1983 4568 2110 4626 tate,
2139 4559 2350 4630 Hugoni
2381 4558 2682 4613 interdicite
2735 4573 2802 4611 ne
2851 4557 3078 4613 ulterius
3132 4559 3244 4614 ullo
3283 4560 3445 4615 modo
3471 4561 3539 4614 de

313 4645 638 4718 poterimus,
672 4644 908 4698 debitum
961 4645 1222 4699 honorem
1257 4647 1396 4715 ejus,
1428 4647 1582 4714 cujus
1618 4647 1759 4700 servi
1792 4661 1880 4701 su-

314 4750 459 4808 mus,
514 4733 888 4803 irrequisitum
951 4733 1337 4808 delinquemus.
1404 4732 1603 4788 Verum
1663 4735 1709 4788 si
1764 4737 1880 4792 lucc

316 4802 730 4892 emendareaet
770 4826 934 4880 vitam
970 4802 1137 4915 inani,
1172 4834 1229 4878 ut
1284 4840 1462 4895 regem
1498 4826 1667 4892 decet,
1723 4829 1879 4883 insti-

318 4927 470 4972 tuere
502 4925 579 4982 et,
604 4916 716 4969 Deo
745 4916 1056 4980 miserante,
1091 4915 1357 4968 adornare
1396 4915 1652 4982 volueris,
1689 4918 1877 4986 procul

319 5006 484 5061 dubio
533 4996 874 5061 dilectionem
906 5003 1108 5058 Sancta:
1149 5001 1406 5058 Romanae
1440 4999 1690 5060 Ecclesia:
1739 4993 1898 5059 sicut

253 5142 256 5143 ν
320 5094 511 5148 matris
537 5094 765 5149 dilectus
789 5092 953 5158 ﬁlius,
978 5103 1032 5146 et
1075 5103 1318 5172 nostram
1346 5094 1399 5147 in
1441 5093 1879 5149 Christo‘amici-

320 5182 636 5256 tianyplene
658 5182 853 5236 habere
880 5181 1099 5250 poteris.

389 5269 524 5326 Data
552 5268 738 5325 Roma:
757 5269 1076 5332 v_b'alendas
1096 5267 1434 5333 Novembris,
1458 5269 1750 5323 indictione
1774 5270 1875 5323 dc-

324 5359 461 5415 cima
486 5358 666 5414 tertia.

332 5538 348 5594 έ
398 5513 546 5582 (362)
579 5511 966 5594 pe_S_alomerie
989 5528 1110 5582 rege
1157 5512 1530 5584 Hungarorum
1562 5510 1880 5566 Lambcrtus

330 5582 385 5636 in
404 5581 551 5635 anno
587 5581 742 5636 1074.
792 5585 796 5592 ’
1057 5581 1066 5582 “
1291 5581 1302 5584 ⁷

399 5650 547 5720 (565)
573 5649 649 5721 De
669 5659 856 5704 sancto
874 5650 1144 5721 Stephano
1164 5651 1186 5704 Ι
1206 5651 1582 5720 liungarorum
1603 5665 1726 5721 rege
1750 5651 1880 5705 lier-

330 5717 563 5773 mannus
593 5717 918 5775 Contractus
949 5717 1003 5774 in
1031 5719 1304 5785 Chronico
1329 5717 1457 5774 anui
1491 5722 1625 5774 1038
1654 5717 1684 5787 ;’
1704 5722 1877 5776 Char—

333 5789 517 5847 tuitius
548 5788 836 5854 episcopus
868 5789 916 5843 in
969 5789 1085 5858 ejus
1130 5788 1246 5843 Vita
1281 5793 1435 5859 ‘apud
1469 5790 1687 5844 Surium
1731 5803 1878 5849 tome

1977 4651 2164 4706 eadem
2215 4649 2496 4704 advocatia
2539 4653 2598 4702 se
2640 4649 2987 4716 inti-omittat,
3041 4667 3212 4720 neque
3268 4659 3540 4704 monaste-

1936 4795 1941 4800 _
1979 4740 2141 4804 rium,
2169 4746 2262 4793 aut
2283 4739 2423 4792 bona
2445 4737 2585 4806 ejus,
2611 4739 2986 4808 cujuscunque
3009 4739 3150 4792 modi
3204 4739 3330 4803 sint,
3356 4739 3538 4808 aliqua

1975 4819 2197 4882 lzcsione
2227 4829 2309 4882 vel
2343 4829 2722 4883 contrarietate
2767 4830 3004 4896 impetat,
3049 4827 3289 4898 alioquin
3313 4831 3448 4885 sciat
3480 4847 3540 4886 se

1978 4919 2258 4989 apostolici
2281 4920 2441 4990 gladii
2468 4921 2634 4973 ictum
2666 4918 2972 4972 nullatenus
3011 4919 3238 4973 evadere
3272 4936 3452 4990 posse,
3485 4933 3540 4978 et

1980 5027 2088 5065 non
2119 5011 2294 5064 solum
2329 5026 2359 5062 a
2383 5009 2552 5077 gratia
2585 5008 2724 5061 beati
2754 5006 2919 5075 Petri,
2969 5009 3062 5064 sed
3095 5025 3124 5064 a
3154 5012 3536 5067 communione

1978 5100 2147 5153 totius
2173 5097 2424 5153 Ecclesiae
2439 5098 2645 5166 judicio
2669 5087 2842 5154 sancti
2893 5100 3124 5168 Spiritus
3162 5109 3217 5154 et
3241 5102 3536 5171 apostolica

1978 5187 2242 5242 sententia
2262 5187 2786 5242 excommunicatum
2803 5204 2865 5240 ac
2879 5188 3302 5243 condemnatum.
3321 5190 3535 5257 penitus

1913 5357 1917 5360 .
1979 5280 2247 5358 separari.
2289 5281 2559 5354 Quidquid
2607 5281 2769 5348 igitur
2802 5280 2928 5333 inde
2969 5279 3168 5335 factum
3205 5279 3401 5360 fuerit,
3440 5298 3535 5348 per

1983 5369 2187 5425 litteras
2220 5355 2430 5424 vestras
2453 5352 2608 5422 nobis
2631 5368 2955 5436 quantocius
2981 5369 3216 5422 indicare
3236 5352 3436 5422 eui-ate.
3465 5423 3470 5427 _

1979 5532 2204 5592 quarto;
2231 5522 2340 5575 Leo
2366 5520 2627 5592 Ostiensis
2651 5518 2790 5574 lilro
2836 5519 3090 5581 secundo,
3120 5514 3292 5584 capite
3318 5527 3533 5585 septua-

1979 5590 2182 5662 gesimo
2209 5605 2384 5662 no_no;
2411 5599 2464 5641 ct
2498 5590 2605 5662 alii.

2051 5661 2197 5726 (564)
2268 5653 2728 5726 ῡθίοκρριῑιιὶοιιρ
2800 5657 3011 5726 llenriei
3082 5653 3123 5706 ll
3190 5655 3529 5726 imperatoris

1977 5724 2496 5797 contra'llungaro's
2562 5728 2896 5781 ll(.'rmannus
2954 5724 3273 5778 Contractus
3327 5724 3381 5775 in
3431 5736 3543 5783 ari--

1980 5813 2050 5850 no
2089 5797 2236 5854 [Oi-1.
3507 5815 3513 5820 ’
