4218 6424
1358 473 1421 528 s;
1458 471 1782 530 cneoonu
1816 469 1906 526 vu
1944 470 2144 526 eam
2181 467 2463 527 orsum
2501 431 2682 522 rans
2716 463 2756 518 ι.
2796 493 2862 503 -
2905 458 3319 517 necrsmou.

3846 460 3954 514 684

727 602 885 644 nenst
910 594 966 643 et
983 585 1203 643 Gtraldo
1241 584 1477 641 Ostiensi
1512 585 1804 655 episcopis,
1839 600 1980 655 quos
2002 584 2069 639 ad
2106 591 2288 655 partes
2317 582 2363 639 Α
2385 576 2462 635 Nc
2488 578 2652 650 igitur
2681 575 2894 631 mireris
2919 573 3062 644 quod
3091 574 3273 642 plures
3292 586 3357 626 es
3383 569 3635 640 parochia
3663 580 3755 624 tua
3789 585 3954 639 quam

727 677 850 735 illas
882 677 951 733 ad
985 675 1041 733 id
1072 675 1488 743 destinavimus,
1530 684 1592 731 ut
1623 677 1679 730 in
1714 690 1884 729 unum
1919 664 2290 745 archiepisco-

726 765 832 836 pis,
859 764 1153 835 episcopis,
1184 763 1472 820 abbatibus
1500 763 1879 835 religiosisqne
1918 763 2131 819 clericis
2159 778 2292 819 con-

726 854 960 922 vocatis,
989 854 1108 910 vice
1130 862 1185 910 et
1211 854 1534 910 auctoritate
1555 863 1745 910 nostra
1781 854 1921 922 fulti,
1953 870 2077 927 qua:
2116 854 2292 911 corri-

2388 684 2454 725 ex
2501 667 2623 724 aliis
2656 664 3025 730 iuvitavimus,
3057 678 3183 718 cum
3216 671 3308 717 tua
3342 660 3575 731 amplior
3615 660 3687 716 sit
3720 659 3955 724 caeteris,

2388 768 2442 816 et
2476 758 2531 813 in
2557 771 2621 813 ea
2647 757 2758 813 sint
2782 754 3004 826 quidam
3037 748 3145 807 nun
3177 750 3458 806 laudanda
3482 748 3774 821 opinionis.

2458 848 2594 904 Data
2620 846 2803 902 Romae.
2835 844 3077 902 secundo
3097 842 3282 899 Nonas
3306 840 3636 908 Decembris,
3664 840 3920 897 indiction

728 944 902 1015 genda
938 952 1125 999 essent
1172 943 1534 1015 eorrigerent,
1582 960 1706 1016 qum
1748 944 1997 1016 religioni
2045 945 2303 1003 addenda.
2390 940 2599 996 decima
2628 937 2804 994 tertia.

725 1042 913 1091 essent
940 1033 1218 1099 adderent,
1243 1048 1341 1103 pro
1364 1033 1572 1089 viribus
1598 1034 1887 1108 impedisti.
1911 1034 1992 1090 Ad
2016 1035 2131 1090 lucc
2154 1043 2215 1089 ut
2241 1044 2297 1090 et

728 1124 1022 1180 concilium
1048 1122 1202 1179 fleret
1234 1124 1579 1193 prohibuisti.
1621 1125 1934 1182 Ab'eisdem
1979 1126 2142 1182 etiam
2187 1126 2298 1182 Ro-

732 1227 878 1268 mam
907 1221 1151 1280 vocatus,
1169 1214 1235 1268 ad
1258 1214 1564 1270 institutum
1601 1215 1915 1282 terminum,
1950 1215 2297 1273 festivitatem

731 1300 938 1358 scilicet
965 1304 1141 1359 sancti
1185 1303 1435 1371 Andreae,
1476 1320 1588 1359 non
1633 1306 1831 1361 venisti
1866 1306 2034 1378 (366).
2061 1306 2143 1362 Ad
2184 1307 2299 1365 lucc

666 1384 685 1405 ⁹
731 1391 898 1465 igitur
919 1403 975 1448 et
997 1395 1322 1466 quamplura
1350 1395 1512 1450 etiam
1544 1395 1648 1451 alia
1680 1398 1998 1468 corrigenda
2029 1398 2095 1453 ad
2116 1400 2299 1469 prosi-

731 1497 880 1539 mam
905 1482 1193 1554 synodum,
1226 1499 1349 1554 quae
1369 1485 1629 1554 proximae
1650 1485 2093 1558 Quadragesimte
2120 1488 2296 1560 prima

734 1572 1068 1629 hebdomada
1107 1575 1488 1644 celebrabitur,
1524 1577 1636 1633 Deo
1677 1588 1971 1647 annuente,
2004 1582 2299 1651 apostolica

732 1664 1058 1722 auctoritate
1108 1667 1206 1722 tibi
1262 1669 1446 1724 venire
1489 1670 1832 1740 precipimus
1875 1678 1931 1727 et
1982 1672 2296 1728 invitamus.

731 1750 1013 1811 Pradictis
1055 1756 1219 1811 etiam
1267 1757 1478 1814 delictis
1512 1760 1672 1815 nobis
1720 1762 2192 1833 persuadentibus,
2230 1762 2299 1818 ab

725 1843 885 1899 'omni
904 1846 1210 1917 episcopali
1245 1848 1422 1905 ollicio
1454 1851 1709 1921 praedicta
1746 1853 2092 1925 auctoritate,
2128 1853 2301 1910 donec

735 1933 804 1990 ad
834 1950 937 1991 nos
963 1937 1172 2005 venias,
1200 1946 1255 1993 te
1279 1940 1685 2009 suspendimus.

802 2023 936 2080 Data
968 2024 1153 2083 Romae
1192 2029 1432 2084 secundo
1464 2029 1590 2088 ldus
1627 2030 1807 2105 [[οτιι,
1836 2031 2043 2107 Nonas]
2078 2033 2303 2090 Decem-

734 2113 870 2183 bris,
901 2116 1193 2173 indictione
1224 2119 1434 2175 decima
1464 2122 1643 2178 tertia.

1232 2248 1567 2305 EPISTOLA
1603 2251 1793 2309 XXIX.

873 2352 939 2391 AD
976 2352 1303 2407 SIGEFBEDUI
1328 2352 1680 2400 ‘OGUN'I'INUI
1710 2360 2175 2402 ARCHIEPISCOPL'I.

1252 2469 1267 2481 -
1314 2452 1502 2525 (anno
1528 2455 1711 2529 1074.)

742 2537 996 2621 Queritur
1022 2558 1077 2596 se
1111 2543 1426 2621 frustratum
1464 2563 1528 2601 ea
1562 2563 1651 2617 spe
1684 2558 1839 2621 atque
1877 2551 2117 2621 opinione
2148 2568 2307 2621 quam
2364 2556 2367 2559 ’

806 2609 871 2663 de
888 2627 959 2689 εο
989 2609 1310 2689 conceperatt
1346 2616 1521 2689 Monet
1546 2609 1605 2689 ut
1635 2618 1703 2689 ad
1736 2609 1993 2689 synodum
2033 2609 2173 2674 cum'
2196 2622 2309 2674 suis

810 2679 1162 2759 saﬁ'ragaueis
1196 2685 1403 2759 veniat;
1427 2685 1525 2750 vel,
1637 2679 1788 2754 forte'
1801 2689 2138 2757 impediatur,
2172 2708 2310 2743 nun-

808 2750 923 2822 tios
956 2750 1155 2815 mittat,
1192 2753 1281 2822 qui
1326 2762 1437 2806 tum
1487 2750 1704 2821 reditus,
1741 2750 2055 2812 turn'mores
2095 2750 2309 2815 suorum

807 2818 1262 2889 suﬂ‘raganeoru'm
1288 2823 1524 2879 indicare
1542 2818 1761 2895 possint.

815 2930 1124 2993 ῦιεῦοιιιυε
1151 2938 1461 3017 episcopus,
1484 2958 1673 2998 servus
1702 2959 1982 2999 servorum
2009 2944 2123 3011 Dei,
2152 2944 2309 3002 Sics-

744 3036 917 3079 rnsno
960 3024 1108 3096 (367)
1163 3027 1479 3098 Moguntina
1511 3032 1941 3103 archiepiscopo,
1985 3037 2214 3091 salutem
2259 3046 2314 3091 et

745 3113 1099 3196 apostolicam
1122 3115 1573 3174 benedictionem.
2252 3118 2257 3125 ’

814 3199 1107 3258 Recordari
1164 3208 1437 3264 credimus
1480 3208 1872 3268 fraternitatem
1922 3202 2092 3283 tuam,
2147 3233 2312 3287 quam

746 3304 886 3361 puro
913 3309 1100 3351 amore
1122 3305 1247 3381 ante
1262 3298 1426 3369 hujus
1456 3310 1656 3358 nostra:
1679 3303 2168 3363 administrationis
2195 3324 2315 3364 sar-

746 3384 925 3479 cinam
1074 3387 1383 3479 dileximus,
1417 3400 1473 3447 et
1520 3396 1795 3464 quomodo
1842 3398 2086 3479 ejusdem
2138 3402 2311 3455 nostri

747 3474 953 3533 amoris
986 3477 1185 3553 intuitu
1215 3474 1548 3557 secretorum
1582 3493 1801 3541 tuorum
1832 3474 1989 3544 nobis
2016 3490 2314 3560 paucisque

750 3563 873 3619 aliis
900 3568 1221 3640 commisisti
1254 3574 1563 3630 consilium.
1592 3575 1761 3648 Cujus
1785 3580 1863 3633 rei
1892 3580 2063 3651 gratia
2101 3582 2226 3637 licet
2247 3598 2314 3637 ex

748 3669 819 3710 eo
855 3659 1265 3728 tempore‘bene
1314 3662 1382 3717 de
1426 3674 1479 3719 te
1524 3670 1883 3738 speravimus,
1917 3687 1984 3726 ex
2024 3689 2091 3727 eo
2132 3682 2313 3728 tamen

744 3746 899 3818 quod
949 3746 1295 3835 Cluniacensi
1336 3759 1670 3813 monasterio
1719 3760 1987 3831 reliquum
2049 3763 2172 3817 vitae
2210 3755 2317 3819 tua:

745 3836 1000 3897 conferre
1027 3840 1266 3907 voluisti,
1304 3844 1565 3914 majorem
1603 3863 1669 3903 ex
1716 3849 1979 3919 religione
2013 3858 2105 3905 tua
2156 3851 2315 3920 ﬁdem

747 3930 1126 4000 suscepimus;
1157 3946 1369 4002 verum,
1404 3935 1559 4004 juxta
1586 3939 1947 4017 quorumdam
1978 3940 2315 4007 relationem,

750 4023 909 4078 aliter
959 4039 1123 4095 quam
1169 4026 1523 4093 sperabamus
1573 4035 1626 4082 te
1676 4027 1854 4099 egisse
1913 4044 2314 4099 comperimus:

749 4115 899 4183 quod
932 4116 979 4171 si
1013 4119 1743 4190 negligenter'irrequisitum
1777 4108 2008 4177 transire
2047 4122 2317 4192 permitti-

750 4215 899 4270 mus,
923 4206 1222 4264 fraternum
1247 4210 1345 4279 tibi
1379 4224 1620 4265 amorem
1649 4210 1831 4266 minus
1856 4211 2167 4282 impendere
2207 4229 2315 4271 non

754 4292 879 4346 sine
902 4308 1101 4364 magno
1123 4296 1527 4354 taciturnitatis
1546 4300 1787 4368 periculo
1810 4302 2123 4372 probamur.
2172 4303 2317 4370 Qua-

754 4390 976 4452 propter
999 4386 1295 4454 apostolica
1334 4388 1656 4443 auctoritate
1688 4384 2002 4472 religionem
2037 4401 2185 4446 tuam
2222 4394 2317 4447 ad-

754 4484 1066 4539 monemus,
1090 4481 1151 4528 ut
1176 4476 1243 4531 ad
1267 4472 1562 4549 synodum,
1578 4478 1762 4547 quam,
1798 4474 1906 4531 Deo
1937 4489 2229 4546 annuente,
2262 4480 2317 4533 in

2909 1056 3244 1113 EPISTOLA
3276 1055 3443 1112 XXX.

2708 1166 2774 1206 AD
2799 1165 3063 1206 ιιεκιιιεωι
3092 1164 3266 1204 REGE!
3303 1163 3640 1203 κοκλκοιιυι.

2971 1238 3153 1309 (Anno
3197 1236 3378 1307 1074.)
3425 1282 3429 1291 .

2394 1329 2642 1402 Lctatur
2667 1328 2807 1402 quod
2848 1329 3047 1399 legatos
3084 1327 3411 1402 apostolicos
3435 1328 3649 1397 benigne
3679 1326 3962 1402 θεωρεῖ-ει,

2463 1408 2513 1455 et
2542 1399 2643 1453 sibi
2672 1397 2870 1454 (iocoue
2901 1397 3171 1454 servitutis
3204 1398 3503 1468 obsequium
3544 1397 3871 1468 prostiterit,
3908 1403 3965 1468 et

2465 1470 2551 1540 det
2583 1484 2813 1540 operam,
2840 1478 2897 1522 ut
2931 1469 2985 1540 in
3026 1484 3181 1540 regno
3215 1482 3312 1540 suo
3336 1466 3579 1540 'Sintonia
3604 1476 3654 1521 et
3679 1466 3966 1540 fornicatio

2466 1536 2775 1593 clericorum
2817 1536 3155 1608 exstirpetir.
3204 1536 3377 1608 Monet
3418 1537 3553 1608 ﬁdos
3591 1552 3664 1608 ac,
3684 1536 3970 1608 prudentes

2467 1608 2801 1664 consiliarios
2834 1609 2935 1663 sibi
2958 1604 3244 1673 adsciscat,
3288 1604 3973 1661 Nediolauensi‘fc'cdesic

2457 1678 2550 1749 jus
2574 1695 2729 1732 suum
2752 1680 3015 1749 restituat,
3029 1688 3079 1732 et
3103 1676 3369 1749 episcopos
3391 1686 3595 1749 vocatos
3619 1676 3687 1730 ad
3708 1676 3971 1745 synodum

2464 1747 2636 1803 uenire
2660 1756 2825 1815 curet,
2857 1748 3164 1819 quibuscum
3190 1748 3419 1818 legatum
3452 1747 3648 1819 mittat.

2467 1847 2774 1917 Cosconius
2802 1860 3110 1932 episcopus,
3146 1875 3337 1916 servus
3368 1873 3648 1915 servorum
3676 1854 3791 1920 Dei,
3820 1852 3977 1908 ":34

2332 1926 2377 1981 Β
2404 1966 2527 2006 luco
2556 1949 2670 2022 regi
2692 1926 2922 2005 salutem
2947 1926 3005 2004 et
3027 1948 3380 2019 apostolicam
3408 1944 3857 2002 benedictionem.

2474 2038 2818 2110 Quanquam,
2842 2039 2919 2095 liii
2964 2038 3304 2103 charissimc,
3331 2051 3552 2092 causam
3603 2033 3975 2092 Mediolanen-

2404 2133 2480 2189 sis
2508 2130 2763 2188 Ecclesiae.
2802 2145 2912 2185 non
2962 2131 3036 2185 ita
3074 2129 3464 2198 eoinposueris,
3513 2124 3976 2198 quemadmodum

2402 2222 2706 2279 litterarum
2739 2221 2807 2276 ad
2853 2235 2957 2275 nos
2997 2220 3289 2274 missarqu
3335 2217 3505 2272 series
3546 2214 3979 2286 pollicitatioque

2404 2312 2747 2378 continebat;
2782 2318 2988 2377 tamen,
3016 2309 3142 2379 quia
3174 2306 3364 2377 legatis
3388 2305 3593 2361 nostris
3637 2314 3689 2359 te
3731 2304 3977 2358 benevo-

2403 2403 2518 2458 lum
2542 2400 2986 2470 tractabilemque
3010 2396 3305 2468 praebuisti,
3332 2410 3632 2465 eorumque
3664 2395 3977 2449 interventu

2405 2490 2672 2561 quasdam
2716 2504 2806 2543 res
2847 2486 3244 2543 ecclesiasticas
3283 2482 3623 2539 laudabiliter
3663 2478 3977 2544 correxisti,

2408 2581 2567 2637 nobis
2592 2592 2808 2651 quoque
2829 2594 2925 2649 per
2948 2594 3043 2634 eos
3063 2592 3301 2647 congrue
3327 2572 3673 2630 salutationis
3693 2580 3747 2627 et
3765 2572 3981 2627 devota:

2408 2671 2683 2730 servitutis
2714 2668 3104 2725 eshibitionem
3154 2664 3523 2730 trausmisisti,
3572 2670 3847 2735 gratanter
3877 2676 3978 2717 ac-

2408 2763 2671 2833 cepimus.
2700 2761 2803 2817 Sed
2826 2769 2880 2816 et
2902 2759 3031 2815 illud
3062 2758 3205 2828 quod
3230 2756 3331 2828 piae
3354 2756 3630 2812 memoriae
3654 2756 3834 2825 Agnes
3857 2767 3982 2806 ma-

2409 2860 2493 2907 tcr
2520 2862 2614 2907 tua
2644 2850 2960 2922 impcratrix
2986 2849 3227 2918 Augusta
3259 2847 3401 2918 apud
3432 2862 3531 2901 nos
3556 2851 3871 2902 constanter
3897 2852 3983 2899 te.

2410 2943 2640 2998 stilicata
2660 2948 2766 3006 est,
2791 2939 3060 3009 iidemque
3092 2938 3255 3008 legati
3285 2936 3525 3006 episcopi
3559 2934 3795 2989 attestati
3824 2940 3981 2999 sunt,

2413 3030 2779 3087 Simoniacam
2808 3028 3013 3086 scilicet
3045 3029 3292 3083 hmresim
3320 3026 3562 3081 funditus
3588 3025 3653 3080 de
3686 3038 3855 3095 regno
3869 3030 3984 3097 .tuo

2413 3122 2735 3191 exstirpare,
2786 3130 2841 3176 et
2888 3121 3241 3176 inveteratum
3296 3120 3546 3174 morbum
3600 3116 3985 3173 fornicationis

2412 3210 2737 3267 clericorum
2762 3219 2883 3289 toto
2911 3211 3103 3266 adnisu
3147 3211 3418 3279 corrigere
3444 3209 3597 3289 velle,
3633 3208 3985 3270 vehementer

2416 3318 2525 3367 nos
2547 3284 2814 3357 hilaravit.
2852 3290 3001 3357 Filiae
3030 3307 3247 3374 quoque
3290 3309 3489 3357 nostra
3513 3286 3844 3370 ﬁdelissimae
3886 3313 3985 3352 vc-
4030 3374 4042 3381 Q

2414 3403 2540 3450 strte
2566 3393 2779 3449 Beatrix
2806 3394 3101 3459 eomitissa,
3138 3401 3192 3449 et
3236 3392 3343 3448 ﬁlia
3373 3392 3493 3462 ejus
3537 3386 3830 3457 Mathildis,
3864 3404 3985 3443 non

2414 3486 2623 3540 modice
2652 3501 2754 3541 nos
2783 3486 3138 3552 laetificavere,
3177 3485 3475 3540 scribentes
3503 3484 3660 3540 nobis
3686 3483 3755 3538 de
3780 3480 3984 3539 amid-

2416 3576 2489 3630 tia
2518 3584 2572 3630 et
2605 3575 2819 3631 sineera
2865 3576 3156 3631 dilectione
3188 3584 3400 3639 vestra;
3432 3573 3580 3644 quod
3623 3570 3987 3626 libentissime

2414 3670 2722 3737 accepimus
2750 3688 2763 3722 ε
2797 3684 3028 3738 quarum
3055 3668 3305 3731 consilio,
3339 3666 3433 3721 scd
3463 3674 3517 3720 et
3546 3676 3810 3734 persuasu
3842 3659 3992 3717 dilcz

2414 3758 2671 3813 ctissime
2702 3758 2892 3812 matris
2914 3763 3105 3811 vestra:
3136 3753 3621 3825 Augustaaad/boc
3650 3750 3855 3817 inducti
3877 3765 3983 3827 su-

2414 3862 2539 3901 mus
2562 3854 2624 3899 ut
2651 3845 2753 3901 has
2774 3846 2929 3900 vobis
2951 3845 3160 3899 litteras
3185 3845 3566 3907 scriberemus.
3589 3841 3981 3908 Quamobrem,

2414 3935 2543 3992 licet
2570 3944 2839 4005 peccator,
2868 3933 3205 3990 "memoriam
3256 3934 3334 3988 tui
3386 3932 3526 4008 inter
3562 3933 3852 3987 missarum
3882 3945 3989 3989 sv)—

2415 4029 2615 4085 lemnia
2648 4042 2811 4098 super
2855 4043 3085 4097 corpora
3111 4026 3480 4097 apostolorum
3509 4033 3564 4081 et
3602 4024 3767 4080 habui
3790 4031 3846 4080 et
3881 4022 3987 4079 ha-

2415 4119 2573 4185 bebo,
2607 4118 2923 4189 suppliciter
2948 4117 3244 4172 obsecrans
3275 4124 3335 4171 ut
3360 4114 3502 4171 Dens
3533 4114 3898 4184 onmipotens,
3922 4118 3983 4167 et

2414 4210 2531 4265 haec
2572 4208 2672 4264 tibi
2722 4208 2864 4263 bona
2888 4207 3148 4273 slabiliat,
3183 4214 3237 4261 et
3273 4205 3341 4260 ad
3384 4203 3690 4275 profectum
3725 4201 3983 4259 Ecclesia

2413 4316 2528 4355 sua;
2548 4282 2812 4369 ampliora
2845 4297 3125 4353 concedat.
3159 4295 3355 4351 Moneo
3374 4303 3557 4348 autem
3599 4301 3672 4358 te,
3701 4291 3777 4345 illi
3800 4285 3983 4346 excel-

2414 4388 2733 4452 lentissime,
2762 4395 2816 4440 et
2843 4378 3056 4440 sinCera
3100 4383 3363 4437 charitate
3400 4382 3680 4445 exhortor,
3708 4387 3772 4433 ut
3810 4378 3865 4432 in
3891 4376 3985 4450 his

2416 4478 2578 4531 rebus
2607 4478 2745 4530 tales
2790 4477 2884 4530 tibi
2912 4475 3258 4531 consiliarios
3287 4474 3565 4541 adhibeas,
3594 4472 3689 4543 qui
3718 4486 3829 4527 non
3864 4478 3983 4538 tua,

670 4628 673 4641 η
752 4560 931 4630 prima
953 4563 1261 4632 septimana
1275 4564 1713 4639 Quadragesimae
1741 4566 2068 4622 celebraturi
2101 4584 2313 4635 sumus,
2347 4599 2392 4654 Β
2417 4567 2510 4622 sed
2539 4566 2943 4636 tecliligant,.et
2969 4565 3129 4619 saluti
3159 4574 3286 4629 tuae,
3316 4579 3425 4618 non
3465 4564 3621 4619 lucro
3654 4578 3757 4619 suo
3782 4575 4005 4642 consu-

750 4666 883 4708 cum
898 4654 1253 4725 suﬂraganeis
1274 4657 1399 4723 tuis,
1417 4659 1665 4713 videlicet
1682 4657 1876 4715 Ottone
1890 4659 2315 4729 Constantieusi,

744 4739 1059 4799 Guarnerio
1100 4744 1535 4818 Strazburgensi,
1585 4746 1819 4805 Henrico
1855 4750 2121 4819 Spirensi,
2162 4750 2319 4807 Heri-

757 4850 961 4891 manno
981 4836 1383 4913 Bambergensi,
1407 4840 1639 4897 Imbrico
1680 4836 2031 4913 Augustensi,
2054 4844 2318 4899 Adelbcro

760 4922 1206 4995 Guetzpurgensi,
1230 4930 1275 4985 si
1298 4940 1471 5000 potes,
1489 4932 1694 4988 venias.
1715 4930 1872 4999 Quod
1894 4932 1939 4987 si
1965 4932 2145 5003 aliqua
2168 4932 2319 4988 inﬁr—

757 5012 965 5079 mitate,
1002 5010 1151 5083 quod
1183 5020 1350 5087 absit,
1394 5023 1721 5093 praepeditus
1756 5021 1947 5079 venire
1990 5022 2317 5094 nequiveris,

754 5102 894 5157 tales
915 5102 983 5157 ad
1005 5118 1108 5179 nos
1129 5107 1347 5164 studeas
1366 5113 1585 5171 nuntios
1603 5113 1854 5185 dirigere,
1878 5128 2111 5185 quorum
2134 5127 2325 5169 secure

755 5191 987 5247 Consilio
1017 5193 1196 5262 inniti,
1224 5203 1283 5253 ut
1311 5211 1544 5269 quorum
1563 5202 1876 5257 testimonio
1903 5202 2058 5271 quasi
2080 5216 2321 5271 praesen-

756 5278 846 5338 tire
872 5286 980 5339 tute
1003 5284 1224 5341 credere
1246 5300 1559 5356 possumus.
1588 5287 1656 5341 Et
1678 5289 1782 5344 hoc
1817 5291 2323 5361 perdiliputissimc

757 5368 1067 5429 fraternitas
1094 5382 1185 5429 tua
1216 5376 1531 5447 perpendat,
1568 5384 1628 5430 ut
1651 5392 1831 5447 neque
1852 5377 2124 5445 intibus,
2146 5394 2323 5447 neque

756 5464 939 5531 gratia
966 5465 1197 5536 alicujus
1223 5468 1486 5537 dimittas,
1530 5466 1660 5538 quin
1704 5467 1987 5523 introitum
2012 5473 2067 5520 et
2092 5479 2322 5523 celaver-

760 5555 1028 5612 sationem
1057 5560 1439 5629 praedictorum
1482 5560 1862 5631 episcoporum
1910 5556 2323 5629 diligentissime

757 5638 1023 5715 inquiras,
1044 5659 1099 5705 et
1117 5666 1215 5721 per
1234 5652 1453 5707 eosdem
1478 5652 1699 5706 nuntios
1724 5659 1846 5705 tuos
1876 5650 2033 5705 nobis
2055 5647 2317 5705 insinues.

852 5732 957 5808 366
1008 5736 1139 5794 Vide
1154 5740 1508 5797 Lambertum
1533 5742 1586 5796 in
1614 5757 1757 5796 anno
1782 5740 1933 5795 lO‘M.

852 5739 979 5879 367$
1013 5808 1086 5863 De
1113 5809 1390 5879 Sigcfredo
1417 5812 1739 5867 Lambertus
1769 5827 1911 5866 anno

2419 4657 2535 4711 lant
2566 4676 2578 4711 :
2610 4656 2811 4726 quibus
2852 4655 2899 4711 si
2944 4653 3423 4723 obtemperat-eris,
3453 4651 3742 4708 Dominum
3786 4649 3983 4717 Deum,

2421 4749 2580 4818 cujus
2612 4764 2833 4803 causam
2892 4746 2988 4802 tibi
3036 4753 3351 4818 suggerunt,
3388 4754 3752 4817 protectorem
3791 4741 3982 4816 propi-

2419 4841 2667 4909 tiumque
2702 4839 2945 4895 habebis.
2995 4836 3166 4893 Porro
3192 4838 3261 4893 de
3281 4852 3447 4893 causa
3492 4825 3899 4904 Mediolanensi,
3932 4834 3987 4893 si

2419 4931 2569 4985 viros
2595 4930 2881 5001 religiosos
2912 4939 2968 4986 et
3008 4930 3302 5001 prudentes
3334 4929 3401 4984 ad
3444 4920 3548 4984 nes
3575 4927 3809 4991 miseris,
3835 4939 3987 4996 quo-

2422 5034 2545 5073 rum
2577 5019 2787 5075 ratione
2832 5026 2889 5075 et
2937 5020 3257 5076 auctoritate
3301 5020 3566 5075 clarescat
3618 5024 3817 5076 sancta
3865 5011 3983 5072 ιιοε

2411 5124 2599 5183 mante
2625 5109 2879 5166 Ecclesiae
2904 5112 2988 5167 bis
3015 5112 3263 5182 synodali
3285 5112 3493 5182 judicio
3525 5098 3797 5165 ﬁrmatum
3818 5122 3986 5179 posse

2422 5209 2517 5256 aut
2538 5201 2733 5257 debere
2758 5212 2969 5258 mutare
3011 5203 3309 5269 decretum,
3331 5204 3495 5273 justis
3520 5212 3708 5257 eorum
3735 5200 3988 5258 consiliis

2455 5309 2531 5347 on
2558 5295 2904 5365 gravabimur
2927 5296 3291 5365 acquiescere,
3314 5304 3369 5347 et
3393 5292 3633 5365 animum
3654 5292 3723 5348 ad
3746 5292 3987 5353 rectiora

2421 5381 2714 5449 inclinare;
2760 5384 2850 5438 sin
2896 5393 3076 5439 autem
3114 5383 3448 5457 impossibile
3490 5397 3608 5437 esse
3653 5379 3989 5449 constiterit,

2420 5472 2623 5541 rogabo
2675 5482 2731 5527 et
2783 5462 3083 5530 obsecrabo
3131 5471 3720 5556 sublinritatemiluum,
3772 5482 3833 5528 ut
3878 5487 3989 5542 pm

2421 5573 2608 5637 amore
2636 5562 2731 5617 Dei
2753 5570 2809 5616 et
2831 5561 3135 5617 reverentia
3156 5563 3329 5617 sancti
3356 5561 3498 5617 Petri
3521 5563 3699 5620 eidem
3722 5561 3988 5620 Boebeia

2424 5664 2582 5704 suum
2608 5651 2701 5720 jus
2736 5652 2902 5707 libere
2945 5652 3201 5709 restituas
3233 5673 3242 5683 ·
3283 5661 3336 5711 et
3382 5661 3508 5709 tunc
3529 5653 3749 5723 domum
3774 5652 3983 5732 regiam

832 5799 979 5879 (367)
1013 5808 1086 5863 De
1113 5809 1390 5879 Sigcfredo
1417 5812 1739 5867 Lambertus
1769 5827 1911 5866 anno
1964 5810 2116 5877 l059,
2165 5808 2319 5876 1072,
2344 5816 2399 5863 et
2421 5799 2545 5862 clibi
2570 5802 2795 5871 passim.
