4218 6402
377 438 485 494 585

1401 429 1604 484 LIBER
1639 425 2021 484 SECUNDUS.
2050 456 2116 465 -
2153 424 2369 480 El‘lS‘l‘.
2416 426 2601 480 XXXI.
3522 439 3623 492 381'.

378 557 705 622 potestatem
735 530 901 605 recte.
924 529 1117 619 [forte,‘
1148 550 1291 600 recte
1336 550 1406 597 te.
1445 542 1538 615 ll.]
1583 543 1831 597 obtinere
1853 555 1948 595 eo-
1982 545 2022 600 Α
2052 537 2369 607 pneparatis
2410 554 2507 593 sua
2542 538 2757 608 possint
2798 550 3016 610 captare
3042 543 3346 611 commoda,
3382 563 3478 600 sua
3509 560 3626 617 pat-

378 656 637 714 gnoscas,
678 640 725 694 si
754 638 867 709 regi
911 651 1102 707 regum
1130 634 1354 690 Christo
1390 634 1456 688 ad
1498 634 1950 689 restaurationem

379 733 865 800 defensionemque
895 729 1245 785 ecclesiarum
1275 742 1499 781 suarum
1528 725 1829 781 faciendam
1850 726 1950 779 do-

383 823 703 879 minationis
730 830 837 877 tua:
861 820 1196 876 altitudinem
1218 818 1470 883 inclinas,
1502 826 1557 871 et
1586 817 1746 871 verba
1782 816 1955 886 ipsius

382 915 616 972 dicentis
638 928 766 968 cum
792 922 1028 967 tremore
1066 908 1372 978 recogitas:
1413 906 1525 977 Ego
1566 906 1843 975 diligentes
1875 921 1955 959 me

384 1006 553 1075 diligo
577 1003 884 1075 (Ps-omn",
902 1002 1011 1071 Π),
1034 1010 1082 1055 et
1103 1001 1508 1069 honoriﬁcantes
1532 1015 1611 1052 me
1634 997 1952 1066 honoriﬁco:

384 1098 480 1167 qui
509 1106 682 1149 autem
719 1111 798 1148 me
832 1103 1163 1148 contemnunt
1194 1102 1346 1147 erunt
1382 1092 1635 1164 ignobiles
1660 1090 1713 1163 (I
1736 1091 1859 1161 Reg.
1893 1106 1952 1156 ll,

386 1186 502 1257 δῦ).
535 1186 797 1241 Praeterea
827 1185 1038 1240 noverit
1076 1181 1424 1240 sublimitatis
1458 1192 1565 1239 tua:
1585 1183 1825 1254 dignatio
1855 1196 1955 1237 nos

389 1276 660 1349 Sigefrido
690 1274 1009 1346 Moguntino
1033 1275 1442 1345 archiepiscopo
1480 1275 1687 1329 litteras
1713 1272 1952 1340 misisse,

387 1373 680 1421 cv'ocantes
720 1379 847 1419 eum
888 1364 956 1419 ad
994 1364 1282 1435 synodum,
1326 1380 1513 1434 quam,
1551 1363 1662 1417 Deo
1710 1372 1953 1429 auctore,

390 1458 653 1529 proxima:
684 1457 1120 1529 Quadragesimae
1143 1457 1317 1527 prima
1348 1458 1682 1512 hebdomada
1714 1458 1956 1513 celebra-

390 1548 502 1601 turi
531 1563 739 1602 sumus.
780 1546 935 1613 Quod
963 1547 1009 1602 si
1037 1548 1222 1601 venire
1251 1549 1547 1617 uonfpossc
1576 1549 1831 1617 patuerit,
1871 1556 1955 1602 ta-

391 1639 472 1695 les
503 1640 682 1693 mittat
724 1639 947 1708 legatos,
980 1639 1073 1708 qui
1110 1640 1281 1691 vicem
1322 1637 1442 1706 ejus
1485 1639 1721 1693 concilio
1753 1654 1955 1707 reprae-

390 1735 625 1782 sentent.
693 1725 950 1781 Similiter
1016 1726 1495 1797 Bambergensem,
1563 1726 1957 1798 Strazburgcn-

392 1834 508 1874 sem
536 1818 845 1888 Spirensem
880 1818 1068 1873 adesse
1112 1817 1475 1887 praecipimus,
1502 1817 1757 1881 introitus
1783 1818 1868 1873 sui
1902 1827 1956 1873 et

2053 628 2185 681 liare
2209 628 2360 693 vitia,
2389 629 2589 699 quibus
2612 630 2749 684 iram
2782 630 2875 683 Dri
2909 641 2963 686 et
2994 633 3230 702 gladium
3274 638 3447 692 sancti
3486 637 3631 694 Petri

2052 727 2241 772 contra
2274 734 2332 773 se
2356 717 2550 775 insana
2582 730 2761 774 mente
2783 732 3098 791 provocant.
3129 722 3320 778 Moneo
3345 726 3525 796 itaque
3554 738 3628 795 te,

2053 820 2107 865 et
2136 812 2342 878 hortor,
2380 811 2704 867 eharissime
2736 813 2831 880 fili,
2856 816 2925 868 ab
2958 815 3044 871 his
3067 832 3227 871 aures
3271 825 3390 872 tuas
3426 829 3627 887 averte,

2054 910 2109 954 et
2132 902 2213 956 eis
2237 903 2483 957 auditum
2513 903 2882 959 indubitanter
2905 908 3102 975 prmbc,
3126 908 3217 977 qui
3248 924 3357 962 non
3390 925 3509 976 sua,
3535 913 3629 965 sed

2054 1009 2176 1063 qua:
2204 1003 2331 1048 sunt
2358 993 2485 1049 Jesu
2513 994 2715 1050 Christi
2750 1006 3001 1066 quierunt
3036 999 3087 1066 (Ι
3121 1001 3242 1053 Cor.
3280 1003 3422 1070 xui),
3455 1017 3630 1072 neque

2055 1081 2317 1137 honorem
2352 1099 2513 1138 suum
2562 1086 2644 1139 vel
2682 1086 2893 1140 lucrum
2933 1086 3158 1156 justitizc
3202 1100 3539 1160 prielmuunt,
3573 1100 3634 1147 ut

2052 1187 2243 1226 eorum
2267 1174 2497 1228 consilio
2522 1173 2685 1243 hujus
2710 1176 2831 1229 vita:
2861 1177 3090 1246 gloriam
3125 1193 3231 1231 non
3270 1180 3507 1244 amittas,
3534 1181 3628 1233 sed

2055 1274 2173 1314 eam
2211 1277 2332 1330 quae
2363 1272 2449 1316 est
2484 1262 2537 1316 in
2580 1262 2799 1318 Christo
2828 1263 2956 1320 Jcsu
2999 1264 3319 1322 liducialiter
3355 1270 3624 1338 aequis-as.

2056 1348 2320 1403 Prmterea
2356 1350 2537 1406 indico
2579 1361 2685 1407 tua:
2729 1356 3106 1425 magnitudini,
3143 1358 3268 1426 quia
3311 1359 3629 1426 Christiani,

2055 1455 2121 1494 ex
2148 1442 2393 1510 partibus
2429 1444 2567 1497 ultra
2608 1445 2859 1511 marinis,
2896 1462 3129 1516 quorum
3162 1448 3395 1502 maxima
3439 1465 3562 1519 pars
3600 1465 3631 1503 a

2057 1533 2285 1602 paganis
2306 1534 2545 1589 inaudita
2571 1537 2721 1592 clade
2754 1539 3073 1605 destruitur,
3103 1550 3158 1595 ct
3187 1558 3337 1596 more
3365 1546 3630 1613 pecudum

2057 1623 2299 1690 quotidie
2338 1626 2622 1692 occiditur,
2666 1643 2908 1697 gensque
2941 1628 3249 1685 Christiana
3293 1634 3360 1686 ad
3403 1634 3631 1688 nihilum

2057 1713 2341 1781 redigitur,
2385 1716 2451 1769 ad
2500 1732 2585 1771 me
2627 1719 2903 1773 humiliter
2934 1722 3220 1785 miserunt,
3274 1723 3441 1777 nimia
3483 1739 3633 1778 com-

2056 1800 2195 1867 pulsi
2224 1802 2444 1856 miseria
2472 1804 2845 1874 implorantes,
2885 1818 2943 1862 ut
2977 1811 3153 1864 modis
3192 1812 3389 1881 quibus
3414 1827 3632 1882 possem

390 1910 518 1964 vim
544 1886 813 1963 ratione":
850 1908 1142 1979 posituros.
1174 1886 1348 1974 Qui'si
1376 1908 1533 1974 forte,
1567 1918 1627 1963 υι
1664 1918 1749 1964 ρει
1777 1909 1958 1963 homi-
1991 1886 2033 1939 Β
2059 1890 2258 1944 eisdem
2293 1891 2553 1948 fratribus
2580 1896 2783 1950 nostris
2808 1914 3204 1966 succurrcrcm,
3236 1918 3303 1955 ne
3324 1902 3632 1959 Christiana

392 2017 526 2056 nam
574 2001 872 2071 protervia,
915 2001 1097 2055 venire
1142 2000 1470 2067 distulerint,
1513 2002 1674 2072 regia:
1708 2012 1813 2057 tuae
1856 2018 1957 2073 po-

394 2090 607 2144 testatis
649 2089 887 2160 impulsu
931 2089 1164 2158 petimus
1195 2090 1469 2145 uta’venire
1500 2098 1803 2160 cogantur:
1835 2108 1959 2146 cum

392 2179 596 2248 quibus
624 2179 875 2232 volumus
910 2194 940 2231 a
983 2177 1151 2231 latere
1198 2186 1292 2231 tuo
1343 2178 1550 2249 legatos
1592 2180 1728 2234 tales
1778 2190 1959 2234 trans-

392 2268 556 2334 mitti,
586 2270 679 2338 qui
705 2284 805 2324 nos
843 2267 1069 2322 ﬁdeliter
1095 2268 1327 2322 doceant
1353 2277 1407 2323 et
1439 2270 1506 2323 de
1528 2269 1774 2340 ingressu
1811 2278 1864 2324 et
1896 2271 1962 2325 de

391 2362 503 2418 vita
537 2378 727 2418 eorum
756 2381 769 2418 ;
800 2378 1034 2433 quorum
1072 2363 1330 2418 relatione
1368 2364 1583 2435 cognita
1617 2366 1862 2429 veritate,
1896 2365 1965 2420 ad

392 2451 659 2522 liquidum
691 2453 892 2507 certius
936 2452 1211 2521 possimus
1254 2454 1321 2508 de
1360 2454 1677 2509 indubitatis
1720 2453 1966 2523 proferre

386 2541 675 2612 judicium.

464 2625 597 2686 Data
642 2632 830 2688 Romae
858 2636 1087 2703 septimo
1115 2633 1241 2690 ldus
1290 2634 1620 2703 Decembris,
1669 2636 1962 2691 indictione

392 2724 602 2780 decima
635 2727 813 2781 tertia.

883 2818 1218 2875 EPISTOLA
1252 2821 1423 2875 XXXI

1007 2928 1072 2965 AD
1111 2929 1346 2967 εωιῡειι.

990 3002 1168 3073 (Anno
1194 3002 1374 3072 1074.)

393 3086 668 3143 Summum
688 3091 756 3165 in
776 3106 1179 3165 eumamoremL
1200 3101 1437 3165 testatur.
1472 3094 1640 3165 Rogat
1669 3104 1727 3149 ut
1756 3106 1959 3151 avertat

415 3210 422 3215 .
464 3175 617 3213 aures
644 3161 709 3215 ab
732 3160 812 3212 his
836 3163 923 3229 qui
953 3161 1272 3215 discordiam
1300 3164 1433 3217 inter
1462 3181 1515 3218 se
1550 3160 1599 3217 ὶι
1624 3166 1775 3219 illum
1802 3170 1955 3221 semi-

2064 1981 2251 2050 religio
2285 1986 2486 2039 nostris
2518 1988 2874 2056 temporibus,
2903 1992 3055 2058 quod
3095 1993 3255 2056 absit,
3284 1994 3508 2048 omnino
3540 1996 3634 2048 de-

2062 2072 2280 2139 periret.
2310 2073 2421 2142 Ego
2452 2083 2633 2129 autem
2662 2078 2834 2132 nimio
2858 2080 3046 2134 dolore
3070 2090 3267 2147 tactus,
3292 2092 3347 2137 et
3373 2100 3546 2154 usque
3568 2086 3635 2140 ad

2063 2161 2254 2213 mortis
2298 2163 2625 2217 desiderium
2657 2167 2876 2233 ductus,
2914 2170 3089 2239 magis
3129 2173 3275 2225 enim
3313 2175 3500 2227 vellem
3536 2191 3636 2246 pro

2063 2249 2149 2305 his
2182 2252 2418 2306 animam
2451 2270 2627 2309 meam
2654 2272 2856 2325 ponere
2882 2276 3047 2333 quam
3080 2276 3175 2315 eos
3212 2264 3487 2333 negligens
3514 2267 3637 2320 uni-

2063 2354 2222 2393 verso
2259 2342 2377 2394 orbi
2418 2343 2485 2396 ad
2538 2344 2748 2399 libitum
2792 2331 2977 2402 carinis
3018 2348 3303 2418 imperare,
3350 2357 3637 2422 procuravi

2064 2428 2407 2485 Christianos
2428 2447 2676 2503 quosque
2706 2437 2772 2488 ad
2815 2436 2920 2490 hoc
2954 2453 3268 2506 provocare,
3299 2441 3366 2494 ad
3391 2443 3494 2497 hoc
3531 2444 3634 2497 im-

2062 2519 2282 2588 pellere,
2309 2530 2367 2573 ut
2401 2530 2677 2590 appetant,
2701 2524 3039 2581 defendendo
3072 2528 3239 2599 legem
3266 2530 3491 2598 Christi,
3518 2534 3638 2587 aui-

2064 2623 2207 2661 mam
2241 2623 2395 2662 suam
2436 2626 2533 2678 pro
2567 2610 2828 2669 fratribus
2868 2630 3070 2685 ponere
3115 2617 3303 2689 (Joan.
3341 2620 3405 2690 ι)
3452 2630 3507 2675 et
3539 2638 3640 2676 no-
3672 2696 3675 2697 ν

2062 2697 2324 2753 bilitatem
2359 2700 2592 2755 ﬁliorum
2630 2702 2721 2756 Dei
2753 2705 2872 2759 luce
2900 2706 3104 2761 clarius
3133 2717 3423 2765 ostentare.
3461 2711 3635 2778 Quam

2062 2789 2490 2844 admonitionem
2541 2790 2711 2847 Italici
2760 2803 2815 2848 et
2861 2798 3270 2864 nltramontaui,
3314 2800 3425 2857 Deo
3464 2804 3638 2873 inspi-

2061 2888 2236 2945 rante,
2268 2888 2327 2933 ut
2373 2896 2515 2945 reor,
2543 2882 2654 2937 imo
2681 2886 2845 2939 etiam
2882 2887 3107 2941 omnino
3144 2888 3376 2957 allinno,
3409 2892 3639 2949 libenter

2060 2978 2403 3036 acceperunt,
2435 2979 2489 3023 et
2513 2972 2625 3039 jam
2662 2974 2803 3028 ultra
2825 2975 3221 3046 quinquaginta
3249 2981 3414 3035 millia
3439 2983 3505 3036 ad
3534 2984 3638 3039 hoc

2040 3072 2116 3110 'se
2152 3067 2479 3137 praeparant,
2520 3069 2577 3113 ut
2606 3061 2653 3115 si
2694 3078 2781 3117 me
2814 3074 3044 3132 possunt
3075 3067 3129 3120 in
3164 3070 3507 3138 expeditione
3536 3089 3637 3143 pro

2061 3147 2197 3201 duce
2221 3162 2283 3200 ac
2324 3148 2578 3216 pontiﬁce
2610 3151 2830 3219 habere,
2864 3164 3073 3210 armata
3110 3161 3272 3212 mau'u
3306 3158 3494 3216 eontra
3532 3163 3639 3217 iui-

463 3239 610 3283 nant.
643 3227 887 3312 Recenset
920 3231 1339 3322 Christianorum
1380 3234 1730 3322 calamitates,
1771 3239 1860 3307 qui
1903 3240 1957 3322 in
1986 3227 2026 3283 C
2061 3237 2230 3290 micos
2256 3236 2348 3291 Dei
2392 3240 2581 3293 volunt
2615 3241 2917 3314 insurgere,
2951 3254 3005 3301 el.
3035 3264 3209 3319 usque
3234 3251 3300 3306 ad
3329 3254 3637 3322 sepulcrum

467 3301 843 3372 transmarinis
873 3302 1176 3372 partibusra
1229 3305 1451 3372 paganis
1500 3301 1823 3360 vexabantur
1844 3324 1863 3361 :
1888 3308 1957 3361 ad

465 3382 592 3435 quos
617 3368 1037 3421 subfwandos'se
1072 3368 1400 3443 Caristianos
1429 3388 1604 3427 omnes
1631 3392 1957 3443 provocasse,

463 3447 619 3503 aqua
642 3445 885 3503 paratum
912 3453 1021 3490 esse
1051 3440 1316 3506 afﬁrmat:
1350 3449 1458 3493 tum
1484 3459 1543 3494 ea
1564 3440 1724 3496 causa
1749 3461 1808 3497 eo
1831 3440 1959 3498 con?

454 3506 691 3644 unda;
731 3515 840 3567 tum
880 3516 938 3558 ut
972 3504 1243 3561 orientalis
1258 3504 1517 3565 Ecclesia:
1558 3528 1677 3565 cum
1721 3513 1959 3567 Romana

468 3590 594 3627 nmo
665 3585 793 3629 erat.
1110 3596 1111 3599 η
1240 3590 1249 3615 r‘

469 3664 775 3737 Caesonius
807 3666 1112 3735 episcopus,
1137 3682 1325 3739 servus
1360 3682 1640 3724 servorum
1675 3670 1791 3737 Dei,
1815 3670 1959 3729 Hex-

390 3770 520 3811 nteo
544 3756 783 3827 glorioso
820 3751 951 3827 reg'i,
987 3758 1213 3813 salutem
1252 3767 1306 3812 et
1349 3762 1699 3829 apostolicam
1736 3764 1959 3819 benedi-

389 3847 652 3903 (sionem.

472 3937 702 3994 Si'Deus
735 3939 897 3996 modo
930 3940 1115 4010 aliqua
1153 3957 1266 3997 suae
1303 3943 1517 4014 pietatis
1546 3946 1865 4000 concederet
1899 3956 1963 4007 ,ut

391 4040 557 4082 tuens
591 4032 713 4081 mea
738 4028 835 4081 tibi
870 4037 1096 4097 pateret.
1140 4030 1509 4103 indubitanter
1540 4034 1675 4099 seio,
1703 4049 1801 4091 sua
1851 4038 1961 4091 lar-

391 4114 578 4185 giente
596 4116 790 4183 gratia,
816 4116 1077 4172 nullus’te
1100 4110 1271 4181 afmea
1293 4122 1581 4195 dilectione
1604 4132 1790 4191 posset
1808 4141 1963 4195 sepa-

393 4217 542 4260 rare.
584 4204 832 4284 Attamen
875 4204 944 4267 de
974 4206 1117 4262 illius
1154 4209 1367 4263 confido
1403 4212 1798 4280 misericordia,
1835 4218 1959 4284 quia

385 4283 728 4367 grandiaque
763 4295 1008 4363 clarabit,
1034 4298 1179 4367 quod
1210 4306 1262 4355 te
1292 4301 1502 4356 sincera
1538 4302 1801 4359 cbaritate
1834 4283 1961 4361 dili-

392 4374 546 4457 gam.
588 4387 669 4443 Ad
702 4386 807 4451 hoc
843 4388 989 4444 enim
1032 4406 1119 4445 me
1158 4406 1445 4449 commune
1482 4405 1807 4467 praeceptum
1843 4414 1963 4453 om-

391 4477 557 4533 nium
576 4477 1013 4536 Christianorum
1049 4482 1251 4555 dirigit,
1290 4485 1357 4541 ad
1398 4486 1503 4542 hoc
1531 4488 1694 4542 etiam
1725 4489 1960 4560 impera-

392 4570 602 4626 rataria
644 4571 924 4639 majestas,
951 4582 1005 4628 et
1036 4550 1345 4645 apostolicae
1370 4577 1513 4633 sedis
1548 4550 1829 4636 mansueta
1860 4598 1961 4652 po-
1989 4550 2039 4609 θ

362 4712 366 4715 Α
395 4666 569 4712 testas
594 4659 846 4735 impellit;
881 4663 1009 4730 quia
1040 4654 1084 4719 si
1119 4673 1193 4731 te,
1221 4676 1280 4720 ut
1308 4676 1539 4737 oportet,
1575 4685 1681 4724 non
1707 4671 1871 4745 diligo
1906 4673 1971 4730 in'

393 4761 602 4801 vanum
633 4747 699 4801 de
720 4748 1088 4807 misericordia
1120 4753 1234 4819 Dei,
1262 4757 1469 4812 meritis
1496 4758 1636 4813 beati
1662 4758 1806 4815 Petri
1831 4777 1963 4817 con-

395 4834 530 4891 fido.
572 4832 678 4890 Sed
699 4835 828 4905 quia
861 4836 949 4891 die
975 4844 1243 4909 nocteque
1276 4843 1334 4897 in
1372 4844 1526 4899 vinea
1559 4845 1777 4903 Domini
1809 4850 1961 4905 labo-

397 4938 546 4990 rare,
573 4939 670 4994 per
692 4924 859 4979 multa
888 4926 1122 4995 pericula
1141 4930 1304 4985 etiam
1331 4948 1505 5002 usque
1526 4936 1595 4990 ad
1618 4947 1849 4994 mortem
1869 4941 1963 4996 de-

396 5013 616 5083 sidero,
646 5029 756 5071 non
785 5016 962 5071 solum
988 5017 1109 5083 tibi,
1138 5035 1302 5088 quem
1337 5008 1482 5077 Deus
1509 5025 1565 5078 in
1596 5041 1813 5083 summo
1845 5033 1962 5087 cul-

397 5104 549 5160 mine
582 5119 764 5160 rerum
797 5108 996 5176 posuit,
1032 5124 1127 5178 per
1165 5124 1325 5178 quem
1361 5111 1515 5165 multi
1548 5125 1777 5181 possunt
1807 5128 1901 5173 aut
1928 5134 1963 5174 a

430 5202 554 5248 octo
586 5196 801 5252 tramite
826 5198 1095 5266 aberrare,
1124 5210 1218 5254 aut
1250 5199 1614 5257 Christianam
1647 5206 1961 5275 religionem

396 5282 715 5352 observare,
748 5289 843 5344 sed
867 5290 1029 5347 etiam
1058 5291 1283 5347 minimo
1311 5290 1643 5360 Christiano,
1670 5296 1965 5366 adjuvante

401 5370 537 5437 Deo,
572 5389 787 5445 semper
816 5381 1044 5436 studebo
1078 5392 1321 5438 sanctam
1346 5393 1401 5439 et
1428 5385 1752 5456 condignam
1783 5388 1965 5441 chari-

399 5471 571 5519 tatem
602 5467 892 5531 custodire.
934 5470 1047 5528 liae
1088 5474 1234 5529 enim
1270 5476 1387 5530 sine
1416 5484 1562 5529 veste
1603 5478 1811 5547 regales
1859 5494 1961 5532 nu-

398 5557 545 5630 ptias
577 5557 729 5612 adire
766 5560 869 5632 qui
907 5567 1212 5631 tentaverit,
1255 5568 1487 5623 dedecus
1521 5568 1756 5622 immane
1797 5570 1961 5623 susti-

400 5648 572 5703 nebit.
618 5644 755 5714 Heu,
795 5650 931 5717 prob
956 5652 1140 5709 dolori
1188 5659 1304 5713 htec
1342 5659 1587 5728 vigilanti
1632 5661 1815 5712 animo
1852 5676 1960 5714 non

400 5738 709 5802 attendunt,
740 5738 833 5806 qui
862 5738 1187 5805 discordiam
1222 5749 1490 5802 seminare
1526 5750 1663 5803 inter
1695 5765 1794 5805 nos
1821 5765 1959 5818 quo-

402 5826 533 5884 tidie
571 5827 891 5898 disponunt,
928 5838 989 5884 ut
1022 5831 1105 5887 his
1143 5836 1347 5893 retibus
1387 5839 1655 5895 diabolica
1700 5840 1957 5897 instinctu

2064 3328 2300 3394 Domini,
2330 3329 2449 3399 ipso
2476 3333 2729 3400 ducente,
2764 3339 3065 3404 pervenire.
3095 3339 3228 3396 Illud
3261 3345 3423 3399 etiam
3451 3362 3537 3402 me
3568 3348 3639 3403 ad

2064 3420 2166 3473 hoc
2194 3435 2332 3491 Opus
2366 3423 2699 3489 permaxime
2730 3425 2971 3494 instigat,
3006 3432 3150 3497 quod
3178 3430 3639 3508 Constantinopo-

2058 3508 2228 3563 litana
2256 3509 2500 3564 Ecclesia
2534 3512 2600 3566 de
2635 3523 2826 3568 sancto
2863 3514 3066 3584 Spiritu
3090 3534 3120 3573 a
3154 3522 3312 3577 nobis
3342 3524 3663 3592 dissidens,’

2062 3601 2406 3657 concordiam
2450 3598 2760 3671 apostolica:
2808 3606 2953 3660 sedis
2990 3621 3268 3678 exspectat
3317 3612 3571 3685 [:expctat
3602 3620 3634 3690 |.

2039 3689 2284 3745 -Armeni
2312 3693 2475 3747 etiam
2505 3691 2615 3747 fere
2641 3709 2833 3750 omnes
2861 3712 2892 3751 a
2923 3699 3191 3755 catholica
3221 3701 3325 3757 fide
3359 3706 3635 3774 aberrant.

2062 3786 2118 3831 et
2142 3779 2291 3848 {pene
2330 3780 2569 3837 universi
2610 3784 2900 3839 orientales
2931 3789 3312 3857 praestolamur
3340 3794 3468 3864 quid
3504 3798 3639 3854 fides

2064 3870 2293 3937 apostoli
2319 3870 2462 3925 Petri
2494 3873 2636 3928 inter
2659 3875 2901 3930 diversas
2925 3878 3210 3947 opiniones
3231 3896 3420 3938 eorum
3446 3885 3636 3942 decer-

2064 3966 2175 4013 nat.
2210 3958 2381 4015 Instat
2408 3964 2554 4017 enim
2578 3973 2768 4020 nostro
2796 3974 3039 4037 tempore
3071 3978 3131 4024 ut
3170 3971 3457 4042 impleatur
3490 3978 3636 4048 quod

2063 4048 2186 4117 pius
2218 4047 2545 4122 Redemptor
2567 4056 2785 4123 speciali
2822 4061 2995 4128 gratia
3018 4050 3274 4132 dignatus
3291 4048 3389 4120 est
3413 4047 3636 4137 aposto-

2064 4138 2242 4193 lorum
2275 4143 2507 4213 principi
2542 4145 2786 4202 indicare
2818 4164 2883 4204 ac
2911 4153 3223 4221 praecipere,
3258 4156 3485 4213 dicens:
3522 4158 3637 4231 Ego

2063 4244 2158 4296 pro
2181 4239 2229 4285 te
2261 4233 2459 4301 rogavi,
2498 4233 2675 4301 Pure,
2698 4234 2766 4289 at
2793 4254 2895 4291 non
2927 4240 3143 4309 deﬁciat
3174 4245 3303 4313 ﬁdes
3343 4255 3454 4315 tua,
3486 4258 3537 4304 et
3580 4259 3639 4307 tu

2063 4315 2352 4388 aliquando
2372 4336 2644 4376 conversus
2662 4325 3131 4398 conﬁrma'fratres
3156 4340 3273 4387 tuos
3296 4334 3449 4406 (Luc.
3475 4340 3635 4411 mi).

2064 4407 2130 4462 Et
2154 4411 2280 4480 quia
2306 4419 2491 4481 patres
2516 4415 2712 4481 nostri,
2742 4433 2979 4487 quorum
3010 4423 3239 4494 vestigia
3272 4426 3399 4482 licet
3432 4407 3639 4503 indigni

2065 4502 2217 4572 sequi
2260 4512 2534 4573 optamus,
2569 4517 2775 4578 partes
2796 4512 2917 4569 illas
2941 4530 3040 4585 pro
3070 4517 3175 4573 ﬁde
3209 4521 3475 4576 catholica
3504 4502 3639 4579 cou-

2068 4594 2331 4651 ﬁrmanda
2360 4614 2503 4668 sazpe
2529 4600 2799 4669 adierunt,
2837 4618 2939 4660 nos
2978 4608 3141 4663 etiam
3182 4611 3352 4681 adjuti
3386 4614 3639 4685 precibus

2065 4686 2312 4740 omnium
2333 4686 2792 4759 Christianorum,
2816 4694 2863 4748 si
2879 4694 3101 4753 Christo
3120 4699 3257 4755 duce
3278 4701 3361 4755 via
3382 4704 3635 4771 patuerit,

2066 4774 2194 4844 quia
2222 4790 2331 4830 non
2352 4786 2435 4832 est
2464 4779 2551 4833 via
2572 4780 2813 4840 hominis
2840 4785 2893 4839 in
2917 4802 3083 4842 manu
3110 4791 3248 4859 ejus,
3276 4799 3331 4845 et
3352 4789 3639 4848 aDomino

2066 4881 2287 4935 gressus
2311 4867 2871 4942 hominisdiriguntur
2893 4875 3065 4950 (Psal.
3091 4875 3639 4945 uxvr);lilluctrans-

2067 4954 2145 5011 ire
2201 4972 2301 5026 pro
2348 4958 2536 5014 eadem
2589 4961 2693 5015 dde
2736 4970 2791 5016 et
2839 4961 3275 5020 Christianorum
3320 4966 3640 5027 defensione

2066 5044 2462 5113 compellimur.
2515 5046 2621 5100 Sal
2662 5048 2790 5124 quia
2841 5063 3035 5118 magna
3073 5066 3160 5109 res
3196 5070 3396 5126 magno
3437 5057 3640 5131 indiget

2040 5133 2297 5211 consilio
2325 5142 2380 5188 et
2399 5148 2721 5204 magnarum
2748 5136 2973 5204 auxilio,
3002 5140 3048 5195 si
3085 5143 3189 5197 hoc
3214 5143 3357 5202 Deus
3389 5161 3477 5203 me
3508 5163 3635 5218 per-

2064 5219 2275 5274 miserit
2308 5221 2564 5291 incipere,
2607 5240 2638 5278 a
2676 5234 2726 5280 te
2764 5242 2952 5297 quaero
2990 5235 3281 5289 consilium
3321 5243 3396 5303 et,
3432 5247 3494 5293 at
3537 5227 3655 5294 tibi

2062 5308 2257 5376 placet,
2301 5312 2594 5380 auxilium,
2631 5318 2758 5386 quia
2811 5320 2857 5373 si
2890 5320 3016 5377 illuc
3051 5321 3262 5379 favente
3301 5325 3412 5380 Deo
3460 5325 3633 5389 ivero.

2063 5402 2188 5462 post
2228 5395 2398 5453 Deum
2438 5401 2533 5479 tibi
2578 5402 2877 5462 Romanam
2923 5406 3219 5466 Ecelesiam
3265 5412 3532 5483 relinquo,
3575 5426 3637 5471 ut

2067 5500 2189 5540 eam
2224 5498 2275 5543 et
2303 5486 2445 5547 sicut
2468 5504 2711 5549 sanctam
2735 5508 2962 5553 matrem
2985 5503 3278 5566 custodias,
3310 5511 3363 5556 et
3383 5505 3501 5573 ejus
3535 5506 3634 5559 bo-

2070 5590 2256 5632 norem
2284 5580 2560 5637 defendas.
2593 5583 2732 5649 Quid
2756 5587 2851 5640 tibi
2876 5604 3039 5657 super
3062 5589 3147 5643 his
3168 5590 3393 5663 placeat,
3426 5602 3480 5646 et
3500 5595 3631 5663 quid

2068 5668 2351 5734 prudentia
2407 5679 2497 5723 tua
2552 5673 2811 5730 divinitus
2867 5678 3101 5745 aspirata
3159 5679 3438 5747 decernat,
3494 5685 3630 5738 mihi

2065 5757 2389 5822 quantocius
2422 5767 2573 5826 potes
2604 5761 2865 5815 remittas.
2911 5762 3045 5817 Nam
3084 5766 3128 5820 si
3161 5768 3227 5821 de
3259 5776 3309 5821 te
3342 5770 3629 5839 plusquam

2067 5844 2283 5909 plurimi
2336 5855 2523 5914 putent
2575 5864 2682 5901 non
2726 5866 3018 5922 sperarem,
3065 5856 3224 5911 verba
3270 5858 3381 5912 lucc
3428 5858 3629 5912 flustra
