4218 6400
302 437 406 491 539

1224 442 1236 454 '
1279 441 1481 496 LIBER
1522 440 1900 496 SECUNDUS.
1939 469 2006 480 —
2041 439 2255 496 EPIST.
2297 441 2580 496 XXXVIII.

3446 450 3551 510 590

305 563 357 608 te
378 569 542 626 posse
566 553 828 620 retinere,
851 553 1070 609 studeas
1096 535 1189 610 cas
1217 570 1314 623 pro
1338 571 1524 609 amore
1552 555 1723 610 sancti
1743 553 1886 608 Petri
1919 559 1960 610 Α
1987 557 2078 622 qui
2108 554 2280 608 eidem
2317 571 2495 610 causa:
2531 555 2640 610 inte
2676 552 2911 625 fuerunt,
2933 555 3190 627 poterunt
3209 549 3305 615 iibi
3321 547 3545 616 referre.

304 661 368 698 ac
390 654 586 700 nostro
623 645 954 715 quantocius
998 645 1249 701 Ecclesia:
1276 647 1520 713 reddere,
1558 663 1654 701 nec
1681 662 1789 701 non
1817 647 1886 701 ah

304 736 429 790 aliis
458 736 666 805 injuste
695 743 901 790 retenta
926 751 1265 806 recuperare.
1290 735 1523 792 Nuntios
1549 753 1764 807 quoque
1786 752 1887 791 no-

303 834 454 879 stros
483 825 554 879 ad
575 834 762 894 partes
787 834 905 880 tuas
931 833 1205 890 venturos,
1234 825 1375 880 sicut
1399 828 1570 881 sancti
1595 825 1740 880 Petri
1763 841 1885 895 gra-

306 913 440 966 tiam
483 922 848 984 nostrumque
885 915 1208 990 beneﬁcium
1253 915 1450 970 habere
1485 916 1781 982 desideras,
1818 930 1886 968 ne

302 1002 546 1058 desistas
570 1004 624 1056 in
663 989 918 1059 omnibus
941 1004 1218 1072 adjuvare.

377 1091 517 1146 Data
559 1091 745 1148 Romze
775 1092 956 1148 idibus
985 1093 1314 1160 Decembris,
1352 1093 1646 1150 indictione
1675 1094 1884 1150 decima

304 1186 487 1240 tertia.
1099 1242 1112 1254 ,

806 1277 1143 1334 EPISTOLA
1189 1265 1409 1332 XXXV.

560 1385 625 1422 AD
657 1383 981 1424 συιιιειδιωι
1019 1382 1304 1422 Ρλιιιεκεειι
1333 1381 1636 1438 ΕΡΙΞΩΟΡΕᾉΙ.

901 1457 1080 1529 (Anno
1100 1529 1102 1531 ῠ
1120 1456 1301 1527 1074.)

306 1546 502 1617 Arguit
555 1544 693 1617 quod
742 1547 812 1600 ad
861 1563 914 1601 se
968 1553 1180 1600 vocatus
1215 1561 1316 1598 non
1359 1545 1573 1617 venerit.
1632 1543 1887 1617 Prwcipit

379 1614 443 1668 ut
475 1614 691 1670 accedat
723 1617 792 1669 ad
827 1616 1127 1678 concilium,
1163 1616 1217 1667 in
1237 1631 1338 1684 quo
1362 1616 1408 1668 ei
1439 1615 1600 1668 datur
1623 1614 1768 1666 locus
1791 1614 1886 1666 ἀεσ-

378 1686 632 1754 {cadendi
663 1686 962 1755 conjugium
988 1685 1184 1738 sororis
1214 1701 1325 1738 sua:
1349 1701 1468 1737 cum
1501 1685 1697 1755 Acone,
1733 1699 1892 1753 quem

377 1755 532 1809 illius
568 1753 1010 1825 consanguineum
1031 1770 1140 1808 esse
1173 1762 1326 1807 testes
1355 1753 1704 1822 afﬁrmabant.

378 1846 692 1902 ϐιιεοοιιιυδ
724 1848 1034 1916 episcOpus,
1066 1851 1256 1902 servus
1300 1859 1582 1902 servorum
1625 1842 1719 1898 Dei
1752 1841 1884 1897 Gur-

310 1954 510 1994 ιιεωιο
535 1937 803 2020 χΡεψίίξῐιδί
841 1937 1115 2006 episcopo,
1169 1935 1395 1990 salutem
1438 1942 1492 1988 et
1531 1927 1882 2004 apostolicam

309 2028 769 2084 benedictionem.

380 2117 535 2172 Licet
559 2123 750 2171 contra
792 2127 893 2167 nos
919 2112 972 2166 id
998 2113 1174 2182 egisse
1200 2111 1455 2177 videaris,
1493 2119 1551 2165 ut
1580 2126 1680 2165 nec
1718 2111 1878 2168 etiam

307 2206 668 2276 apostolicam
698 2203 1129 2259 benedictionem
1157 2202 1254 2257 tibi
1287 2203 1502 2256 mittere
1539 2202 1881 2267 deberemus,

307 2297 540 2362 scilicet,
581 2296 709 2366 quia
738 2296 805 2349 ad
834 2295 1189 2350 constitutum
1213 2294 1306 2348 tibi
1347 2294 1640 2348 terminum
1667 2308 1767 2348 nec
1788 2308 1881 2348 ve-

309 2389 464 2454 nisti,
497 2404 596 2443 nec
638 2387 862 2458 legalem
903 2385 1309 2441 excusationem
1353 2384 1570 2448 misisti,
1613 2383 1885 2437 malumus

308 2487 497 2533 tamen
524 2478 590 2532 de
611 2477 826 2547 pietatis
854 2474 1118 2530 modestia
1151 2473 1492 2543 reprehendi,
1525 2488 1686 2541 quam
1719 2487 1886 2526 cano-

309 2586 446 2622 num
481 2569 711 2638 rigorem
743 2566 1020 2636 sequendo
1046 2564 1466 2618 inobedientiam
1500 2570 1648 2615 tuam
1688 2562 1890 2615 acriter

308 2659 522 2713 ulcisci.
546 2657 882 2730 Quapropter
908 2654 1202 2724 apostolica
1229 2652 1322 2706 tibi
1350 2651 1669 2705 auctoritate
1696 2652 1886 2721 princi-

308 2752 494 2821 pimus
536 2759 597 2802 ut
639 2747 706 2822 ad
741 2747 1028 2817 synodum,
1061 2759 1248 2815 quam,
1275 2742 1384 2796 Deo
1413 2751 1706 2807 annuente,
1741 2743 1883 2798 cele-

309 2842 523 2897 braturi
567 2857 759 2896 sumus
803 2839 978 2908 prima
1026 2835 1362 2891 hebdomada
1412 2833 1881 2904 Quadragesimze,

309 2934 501 3002 venias
538 2941 594 2986 et
630 2931 697 2985 de
735 2946 901 2986 causa
951 2928 1156 2983 sororis
1200 2935 1306 2981 tum
1340 2926 1687 2996 respondeas.
1736 2925 1886 2978 Licet

307 3019 460 3078 enim
499 3021 862 3076 clarissimum
903 3020 974 3074 sit
1011 3033 1130 3072 eam
1174 3019 1475 3072 Guidmem
1515 3016 1882 3070 marehionem

309 3112 782 3183 consanguineum
836 3109 1036 3163 Amnis
1093 3108 1423 3162 marehionis
1476 3106 1731 3161 maritum
1782 3106 1883 3161 ha-

1989 639 2138 698 Unde
2181 645 2309 714 quia
2349 643 2588 699 Azonem
2632 645 3000 701 marehionem
3037 659 3375 705 sacramento
3413 667 3548 707 eon-

1983 732 2322 800 strinximus,
2379 735 2583 788 nullam
2633 735 2886 806 deinceps
2935 737 3052 793 sine
3093 738 3308 793 licentia
3362 751 3549 797 nostra

1984 822 2284 876 maritalem
2308 826 2486 877 tecum
2517 826 2982 881 conversationem
3015 827 3234 896 habere,
3260 830 3356 883 tibi
3386 831 3550 884 etiam
3616 812 3633 830 '.

1982 928 2048 967 ex
2077 920 2230 982 parte
2268 914 2408 968 beati
2438 913 2586 984 Petri
2623 917 2987 986 puecipimus,
3020 927 3079 973 ut
3116 935 3147 973 a
3179 919 3455 976 consortio
3497 930 3553 975 et

1983 1005 2381 1060 cohabitatione
2421 1023 2518 1060 sua
2552 1008 2775 1062 omnino
2817 1017 2866 1063 te
2905 1011 3138 1076 auferas,
3174 1020 3227 1065 et
3262 1013 3328 1067 de
3355 1027 3551 1083 perpe—

1983 1102 2124 1148 trata
2147 1094 2431 1165 iniquitate
2454 1097 2526 1151 ita
2547 1097 2703 1167 digne
2725 1099 3008 1168 pmniteas,
3036 1111 3303 1171 quatenus
3325 1104 3552 1173 gratiam

1986 1183 2079 1238 Dei
2123 1185 2302 1241 valeas
2335 1202 2674 1256 recuperare,
2715 1197 2768 1242 et
2811 1190 2944 1243 tanti
2991 1198 3211 1261 tamque
3253 1193 3552 1262 turpissimi

1986 1276 2223 1332 incestus
2254 1276 2533 1332 infamiam
2564 1280 2851 1335 declinare.
2879 1280 3032 1346 Quod
3067 1283 3113 1336 si
3149 1281 3379 1338 fortasse
3411 1299 3552 1353 prm-

1983 1365 2246 1434 judicium
2284 1375 2334 1421 te
2367 1368 2474 1436 pati
2501 1369 2800 1436 existimas,
2837 1380 2891 1425 et
2924 1371 3228 1426 testimonia
3264 1380 3425 1441 atque
3459 1388 3554 1427 sa-

1986 1466 2263 1511 cramenta
2293 1458 2358 1512 de
2379 1460 2846 1528 consanguinitate
2868 1471 3043 1516 vestra
3068 1462 3372 1532 improbare
3394 1476 3554 1530 posse

1986 1546 2232 1613 conﬁdis,
2259 1547 2450 1602 damus
2485 1548 2578 1602 tibi
2605 1549 2932 1604 audientiam
2961 1551 3013 1604 in
3041 1549 3553 1620 proxima'Romana

1987 1637 2212 1708 synodo,
2255 1638 2366 1703 ubi,
2421 1637 2532 1692 Deo
2581 1640 2904 1704 auxiliante,
2955 1656 3128 1709 neque
3165 1641 3232 1694 ad
3275 1641 3554 1694 dexteram

1987 1741 2162 1795 neque
2189 1726 2256 1780 ad
2291 1727 2569 1781 sinistram
2607 1728 2662 1782 in
2697 1729 3041 1784 exsecutione
3065 1729 3287 1798 justitite
3313 1729 3554 1784 declina-

1988 1815 2188 1879 bimus,
2218 1815 2312 1869 sed
2332 1815 2476 1886 quod
2501 1816 2712 1884 justum
2743 1827 2826 1872 est
2856 1809 3175 1873 statuemus.

1917 1895 1960 1949 Β
2054 1905 2189 1960 Data
2221 1905 2408 1961 Romae
2431 1923 2542 1959 xvn
2578 1905 2694 1960 Kal.
2731 1906 2995 1974 Januarii,
3025 1910 3316 1965 indictione
3342 1925 3463 1966 xm.

2435 1994 2789 2066 ._EPlSTOLA
2821 1996 3080 2051 xxxv".

2438 2081 2502 2119 AD
2542 2082 2829 2120 UNIYERSOS
2864 2083 3099 2121 FIDELES.

2571 2135 2750 2203 (Anno
2787 2135 2968 2205 1074.)

1985 2210 2249 2298 Hortatur
2263 2224 2331 2298 ad
2356 2224 2705 2298 defensionem
2719 2225 3176 2298 Christianorum,
3197 2229 3358 2298 quiin
3383 2237 3558 2282 trans-

2078 2339 2085 2346 .
2111 2295 2332 2348 marinis
2358 2295 2595 2363 partibus
2622 2296 2685 2348 ab
2710 2297 3010 2365 infidelibus
3045 2295 3430 2367 premebantur.

2055 2383 2362 2460 Caesonius
2385 2385 2694 2460 episcopus,
2724 2402 2913 2442 servus
2936 2404 3214 2442 servorum
3244 2387 3357 2453 Dei,
3385 2388 3562 2442 enmi-

1983 2472 2087 2527 bus
2119 2455 2366 2527 ﬁdelibus
2391 2473 2578 2526 Sancti
2621 2457 2789 2540 Petri,
2836 2476 3070 2530 maxime
3101 2475 3272 2546 [deest
3302 2473 3561 2546 maxime]

1983 2549 2422 2629 ultramontanis,
2472 2565 2702 2618 salutem
2724 2573 2780 2617 et
2822 2565 3174 2634 apostolicam
3224 2565 3560 2621 benedictio-
3629 2554 3631 2558 ’

1983 2668 2130 2707 nem.
2638 2683 2640 2685 ’
2848 2665 2852 2669 ’

2045 2745 2128 2799 Ad
2160 2759 2258 2830 vos
2285 2745 2400 2815 jam
2431 2748 2742 2816 pervenisse
2775 2749 3046 2805 credimus
3085 2746 3218 2818 quae
3252 2749 3324 2803 sit
3373 2755 3568 2803 nostra,

1949 2853 1951 2855 ί
1985 2837 2256 2904 voluntas,
2287 2847 2342 2892 et
2375 2838 2506 2908 quid
2537 2855 2603 2894 ex
2651 2847 2806 2910 parte
2852 2839 3036 2895 Sancti
3089 2839 3235 2895 Petri
3265 2838 3563 2894 dixerimus

1986 2924 2334 2999 [direximus]
2365 2930 2430 2982 de
2452 2930 2726 2996 adiutorio
2754 2930 3001 2984 faciendo
3027 2929 3286 2984 fratribus
3338 2929 3562 2996 nostris,

1985 3016 2079 3084 qui
2107 3017 2250 3070 ultra
2275 3033 2426 3070 mare
2450 3017 2504 3071 in
2545 3017 3147 3088 Constantinopolitano
3190 3020 3418 3088 imperio
3461 3019 3562 3072 ha-

1985 3106 2181 3172 bitant,
2212 3123 2352 3181 quos
2377 3106 2631 3163 diabolus
2654 3125 2749 3178 per
2773 3125 2830 3164 se
2872 3110 3050 3179 ipsum
3084 3125 3114 3164 a
3157 3109 3260 3164 ﬁde
3296 3108 3563 3164 catholica

309 3209 521 3272 buisse,
561 3203 692 3270 illud
728 3201 891 3258 etiam
921 3199 1274 3257 sacramentis
1299 3209 1351 3253 et
1393 3200 1619 3255 testibus
1655 3198 1710 3252 in
1741 3214 1881 3268 prae—
1909 3225 1950 3281 ο
1985 3207 2214 3254 conatur
2238 3207 2500 3280 avertere,
2546 3209 2601 3254 et
2654 3217 2751 3270 per
2785 3199 3025 3256 membra
3075 3218 3174 3257 sua
3227 3217 3338 3256 non
3388 3210 3567 3257 cessat

307 3301 489 3356 scntia
523 3305 709 3352 nostra
743 3295 1030 3364 probatum
1063 3294 1151 3358 sit,
1175 3307 1295 3347 eam
1313 3294 1420 3345 Icm
1456 3305 1700 3347 sororem
1731 3299 1879 3344 tuam

307 3400 477 3461 atque
508 3389 748 3441 Azonem
775 3370 1029 3467 quartam
1062 3382 1480 3452 propinquitatis
1521 3382 1717 3435 lineam
1746 3396 1885 3434 non-

307 3483 443 3536 dum
474 3477 762 3542 excedere;
791 3474 1042 3530 dabimus
1075 3480 1257 3528 tamen
1285 3472 1438 3527 vobis
1463 3471 1796 3527 audientiam
1827 3471 1882 3526 in

307 3570 538 3642 prmfata
581 3567 808 3640 synodo,
849 3573 1122 3637 quatenus
1156 3565 1204 3620 si
1247 3564 1474 3635 legalem
1513 3562 1883 3619 defensionem

306 3677 410 3717 vos
446 3659 648 3714 habere
681 3657 950 3712 conﬁditis
1008 3655 1406 3721 ettestimonia
1444 3663 1498 3710 et
1543 3665 1882 3712 sacramenta

309 3763 441 3808 ante
469 3766 573 3805 nos
601 3749 743 3804 facta
771 3748 1078 3816 improbare
1123 3746 1389 3814 poteritis,
1416 3747 1732 3816 conjugium
1765 3747 1886 3801 illo-

309 3860 436 3898 rum
468 3847 802 3912 permaneat.
837 3838 1112 3908 Alioquin,
1145 3837 1190 3892 si
1231 3838 1337 3893 hoc
1375 3845 1506 3893 tunc
1547 3838 1724 3894 facere
1774 3856 1882 3894 non

308 3935 580 4007 poteritis,
596 3934 677 3988 vel
695 3950 724 3987 a
742 3932 992 4003 praedicta
1015 3932 1222 4003 synodo
1233 3947 1330 3988 vos
1343 3932 1737 4000 subtraxeritis,
1764 3935 1884 3988 nul-

308 4030 420 4084 lam
451 4026 709 4094 deinceps
748 4023 872 4080 inde
907 4023 1022 4077 ﬁeri
1056 4024 1412 4092 quaastionem
1457 4024 1751 4092 apostolica
1782 4040 1882 4078 au-

307 4117 565 4172 ctoritate
590 4114 916 4167 inhibemus.
951 4111 1102 4166 Unde
1137 4113 1191 4166 in
1219 4122 1578 4178 sacramento,
1609 4131 1719 4184 quo
1749 4131 1885 4184 μω-

306 4207 516 4262 dictum
549 4203 790 4256 Azonem
819 4201 1265 4266 eonstrinxinius,
1302 4202 1373 4254 ita
1409 4203 1553 4254 cauti
1575 4202 1798 4270 fuimus,
1826 4215 1887 4259 ut

308 4313 439 4354 eum
475 4294 694 4350 licentia
728 4304 934 4356 nostra,
964 4292 1008 4346 si
1039 4292 1278 4347 rationes
1304 4301 1495 4345 vestrae
1528 4291 1734 4347 idonea:
1767 4292 1885 4348 fue-

309 4389 442 4452 rint,
466 4385 584 4456 ipse
606 4385 778 4456 possit
808 4399 929 4438 eam
957 4381 1212 4437 reducere
1234 4378 1400 4452 atque
1437 4383 1490 4434 in
1531 4397 1752 4436 uxorem
1783 4384 1882 4437 ha-

292 4481 494 4538 'bere..
545 4525 568 4544 ,-

1983 3292 2223 3370 quotidie
2249 3291 2484 3370 pecudes
2504 3307 2731 3346 enecare
2746 3294 3054 3348 crudeliter.
3088 3292 3192 3348 Sed
3214 3294 3342 3364 quia
3366 3293 3567 3361 invidet

1981 3384 2142 3438 bonis
2163 3368 2482 3456 desideriis,
2519 3391 2712 3451 tentat,
2741 3384 2787 3436 si
2820 3391 3015 3452 potest,
3055 3399 3155 3439 nos
3195 3385 3456 3454 impedire
3499 3399 3566 3436 ne

1983 3470 2058 3524 illi
2093 3471 2266 3541 gratia
2297 3471 2481 3527 divina
2517 3472 2780 3542 largiente
2808 3473 3125 3544 liberentur,
3159 3482 3214 3528 et
3258 3489 3358 3528 nos
3387 3475 3565 3534 dando

1981 3562 2195 3616 animas
2252 3569 2468 3618 nostras
2494 3546 2591 3633 pro
2641 3561 2904 3618 fratribus
2961 3564 3164 3619 nostris
3217 3580 3563 3623 coronemur.

1983 3638 2214 3706 Proinde
2248 3667 2310 3706 ex
2343 3661 2498 3722 parte
2544 3639 2688 3709 beati
2712 3652 2859 3707 Petri
2882 3668 3158 3723 rogamus,
3208 3668 3492 3710 monemus
3514 3648 3570 3709 ει

1983 3739 2277 3795 invitamus
2303 3749 2362 3794 ut
2393 3758 2458 3796 eo
2483 3743 2849 3812 modo,\quem
2873 3744 3105 3812 portitor
3131 3745 3325 3798 horum
3349 3745 3565 3811 dixerit,

1983 3831 2050 3884 ad
2074 3847 2175 3884 nos
2205 3833 2424 3900 quidam
2468 3842 2711 3886 vestrum
2743 3835 3007 3898 .veniant,
3056 3836 3150 3904 qui
3197 3835 3579 3900 Christianam

1983 3923 2142 3976 ﬁdem
2174 3923 2336 3976 vultis
2373 3922 2680 3986 defendere,
2705 3933 2760 3978 et
2789 3925 2996 3979 caelesti
3032 3927 3143 3996 regi
3192 3928 3448 3994 militare,
3507 3933 3571 3983 ut

1983 4026 2107 4066 cum
2138 4011 2219 4065 eis
2249 4011 2392 4064 viam
2430 4011 2666 4081 (favente
2722 4013 2853 4083 Deo)
2896 4029 3266 4085 praeparemus
3309 4017 3568 4073 omnibus

1984 4104 2078 4174 qui
2101 4091 2376 4158 emlestem
2399 4105 2735 4160 nobilitatem
2759 4106 3098 4162 defendendo
3149 4125 3245 4182 per
3290 4125 3390 4164 nos
3426 4111 3567 4164 ultra

1986 4211 2135 4250 mare
2157 4195 2344 4250 volunt
2375 4196 2629 4260 transire,
2659 4197 2879 4264 etquod
2922 4196 3024 4259 Dei,
3060 4205 3188 4250 sunt
3213 4197 3327 4262 ﬁlii,
3362 4212 3472 4250 non
3497 4196 3567 4250 tio

1985 4294 2135 4340 ment
2157 4283 2690 4352 ostendere.,ltaque,
2722 4283 2918 4339 fratres
2948 4284 3274 4353 charissimi,
3295 4274 3473 4342 estote
3497 4287 3565 4348 ad

1984 4375 2334 4445 pugnandum
2361 4372 2645 4427 fortissimi
2676 4389 2775 4442 pro
2811 4374 2969 4429 laude
2991 4375 3080 4429 illa
3111 4373 3189 4430 et
3213 4374 3406 4445 gloria,
3445 4392 3568 4446 quae

1985 4477 2146 4517 omne
2170 4461 2498 4516 desiderium
2527 4471 2804 4531 superant,
2830 4463 2923 4532 qui
2957 4463 3221 4520 hactenus
3263 4463 3432 4519 fortes
3456 4464 3566 4518 fui«

379 4571 522 4626 Data
555 4568 742 4624 Roma:
782 4567 993 4622 decimo
1030 4567 1261 4636 septimo
1310 4565 1577 4621 Kalendas
1617 4564 1880 4635 Januarii,

1985 4552 2084 4608 stis
2111 4567 2351 4623 pugnare
2386 4567 2487 4621 pro
2518 4553 2681 4607 rebus
2703 4570 2840 4622 quas
2874 4570 2983 4607 non
3016 4542 3245 4632 petestis
3299 4549 3563 4633 detinere,

309 4663 611 4717 indictione
631 4661 839 4715 decima
869 4660 1046 4721 tertia.

747 4795 750 4799 λ
799 4745 1134 4820 EPISTOLA
1169 4766 1407 4822 xxxvn.

718 4873 782 4912 AD
806 4872 1123 4913 COIITISSAH
1155 4873 1482 4913 IATHILDEII.

737 5027 740 5029 Α
905 4947 1084 5036 (anno
1122 4949 1303 5019 1074.)

311 5041 571 5112 Praecipit
605 5047 664 5091 ut
698 5055 729 5090 a
753 5033 1014 5112 consortio
1047 5038 1243 5112 Azonis
1273 5056 1328 5092 se
1352 5040 1593 5108 sejungat
1620 5055 1637 5092 :
1669 5041 1807 5109 quod
1839 5043 1884 5094 si

380 5108 539 5165 illum
584 5123 746 5177 suum
777 5108 1230 5177 consanguineum
1278 5123 1380 5160 non
1425 5126 1535 5161 esse
1577 5108 1797 5177 probare
1833 5127 1886 5164 se

379 5195 533 5249 posse
575 5176 834 5249 conﬁdat,
879 5176 933 5227 in
968 5176 1552 5249 proximo'conciliose
1578 5176 1707 5248 ejus
1761 5197 1887 5233 cau-

380 5247 501 5303 iam
535 5247 893 5318 cogniturum.
1469 5247 1477 5255 ’

381 5358 696 5415 Caesonius
725 5358 1031 5427 episcopus,
1066 5369 1258 5409 servus
1301 5368 1584 5409 servorum
1620 5356 1735 5423 Dei,
1772 5357 1886 5413 MA-

313 5466 521 5517 τιιιωι,
557 5449 786 5503 salutem
812 5457 866 5503 et
885 5446 1236 5519 apostolicam
1262 5446 1707 5512 benedictionem.

378 5542 632 5609 Qualiter
694 5541 920 5596 testibus
973 5547 1028 5593 et
1081 5537 1436 5594 sacramentis
1493 5538 1547 5591 in
1598 5543 1882 5608 prmsentia

313 5641 503 5687 nostra
539 5629 829 5702 probatum
857 5630 928 5685 sit
957 5637 1010 5684 te
1058 5628 1314 5683 habuisse
1341 5626 1517 5681 virum
1552 5631 1881 5699 consangui-

315 5737 478 5777 neum
503 5719 732 5785 Azonis,
766 5727 817 5788 te
856 5721 1015 5774 etiam
1057 5729 1110 5775 ct
1138 5722 1376 5775 Azonem
1423 5720 1790 5774 marchioncm
1827 5721 1880 5775 in

319 5819 514 5884 quarta
535 5808 957 5880 propinquitatis
978 5812 1117 5866 linea
1141 5805 1575 5882 consanguineos
1587 5820 1732 5890 βεδε,
1751 5811 1870 5884 ipsi,

1990 4661 2088 4701 nec
2118 4645 2236 4700 sine
2260 4645 2446 4699 dolore
2468 4645 2764 4715 possidere.
2803 4643 2938 4698 Nam
2974 4660 3070 4714 per
3123 4636 3563 4707 momentaneum

1988 4734 2076 4804 (II
2117 4735 2264 4802 σωκ,
2294 4733 2367 4802 iv)
2413 4734 2653 4786 laborem
2695 4741 2956 4787 aeternam
3011 4736 3236 4804 potestis
3284 4734 3565 4804 acquirere

1987 4826 2309 4880 mercedem.
2361 4821 2715 4892 Omnipotens
2768 4823 2931 4892 Deus,
2984 4827 3076 4895 qui
3129 4840 3344 4877 onmem
3390 4823 3564 4893 legem

1986 4915 2219 4968 suamin
2242 4921 2509 4983 przecepto
2534 4914 2868 4968 abbreviavit
2924 4911 3226 4974 charitatis,
3280 4910 3369 4963 det
3409 4911 3566 4966 vobis

1969 5015 2045 5057 ‘se
2082 5010 2195 5057 toto
2230 5004 2412 5069 corde,
2440 5012 2552 5058 tota
2601 5003 2800 5066 anima,
2837 5009 2946 5053 tota
2979 5000 3174 5053 virtute
3217 4999 3461 5070 diligere,
3506 5012 3567 5057 ut

1986 5094 2265 5167 proximos
2292 5104 2507 5149 vestros
2536 5095 2676 5148 sicut
2697 5101 2794 5144 Vos
2828 5091 2974 5158 ipsos
3010 5091 3297 5160 diligentes
3354 5108 3566 5148 merca-

1987 5186 2142 5252 mini,
2170 5185 2215 5240 si
2240 5183 2558 5253 Oportuerit,
2583 5197 2681 5250 pro
2703 5181 2784 5235 eis
2807 5181 3017 5236 animas
3072 5191 3280 5235 vestras
3339 5197 3560 5252 ponere.

2059 5274 2190 5329 Data
2223 5273 2406 5327 Roma:
2431 5265 2540 5326 xvii
2575 5271 2692 5326 Kal.
2719 5271 2983 5336 Januarii,
3012 5272 3306 5348 indictione
3331 5289 3449 5327 xm.

2438 5361 2768 5416 EPISTOLA
2806 5359 3070 5414 XXXVIII

2107 5449 2170 5486 AD
2215 5449 2459 5487 υθειιτωι
2497 5447 2752 5495 εΟὶΙΙΤΕδΙ,
2793 5446 2860 5482 ET
2899 5447 3109 5485 CLERL’M
3147 5443 3432 5483 FIRMANUM.

2571 5519 2751 5589 (Anno
2787 5518 2970 5590 1074.)

1989 5607 2331 5663 Utauxilium
2353 5616 2597 5677 prtesteut
2618 5609 3010 5672 archidiacono,
3029 5609 3113 5660 cui
3134 5607 3558 5677 procurationem

2051 5676 2377 5748 episcopatus
2401 5677 2644 5730 Firmani
2666 5681 3015 5743 commiserat,
3065 5677 3226 5729 donec
3269 5678 3332 5730 de
3372 5676 3558 5731 idoneo

2048 5755 2261 5815 pastore
2287 5748 2645 5814 providentur.
3221 5766 3230 5772 ν
3333 5812 3376 5815 __
3538 5767 3545 5773 -

2054 5812 2356 5871 Caesonius
2372 5817 2679 5887 episcopus,
2703 5833 2889 5874 servus
2911 5831 3187 5871 servorum.
3203 5815 3319 5880 Dei,
3333 5812 3558 5870 Unam.
