4218 6444
619 676 830 739 comiti.
862 685 916 731 et
939 674 1194 730 universo
1221 673 1386 736 clero,
1425 674 1733 742 populoque
1754 670 2030 732 Firmano,
2060 668 2114 722 in
2136 667 2201 722 ii-
2234 668 2276 723 Α
2306 679 2426 718 rum
2449 662 2696 734 partibus
2725 661 2909 718 divina
2942 662 3278 731 dispensatio
3302 669 3502 715 terram
3526 668 3765 718 vestram
3789 679 3882 736 pa-

619 768 839 824 delitate
874 755 1056 821 Sancti
1085 763 1228 819 Petri
1255 765 1694 833 persistentibus,
1736 763 1965 818 salutem
1989 772 2044 818 et
2070 777 2202 833 apo-

621 858 874 912 stolicam
908 854 1360 910 benedictionem.

691 944 1016 1014 Quanquam
1041 944 1296 1014 pleraque
1323 941 1480 998 nobis
1506 942 1571 996 de
1611 942 1997 998 archidiacono
2022 950 2202 996 vestro

619 1036 1065 1106 reprehensibilia
1090 1037 1257 1090 relata
1281 1034 1502 1100 fuerint,
1528 1045 1786 1090 eotamen
1803 1038 1856 1090 in
1871 1045 2055 1089 nostra
2075 1052 2202 1105 prm-

619 1127 792 1180 sentia
815 1127 1014 1196 posito,
1047 1135 1100 1179 et
1126 1125 1413 1194 diligenter
1439 1142 1603 1196 super
1626 1127 1711 1181 his
1756 1128 1956 1196 quibus
2001 1142 2198 1195 argue-

619 1217 779 1271 batur
802 1218 1082 1286 inquisito,
1125 1217 1255 1271 nihil
1281 1217 1383 1271 nisi
1411 1217 1556 1288 quod
1583 1218 1648 1271 ad
1673 1217 1881 1271 ﬁdelem
1934 1207 2200 1287 pertinere

619 1306 902 1360 videbatur
927 1307 1292 1362 obedientiam
1320 1308 1374 1362 in
1422 1307 1539 1378 ipso
1579 1307 1981 1377 depreln-ndere
2022 1307 2200 1376 potui-

617 1412 760 1451 mus.
790 1397 1213 1464 Coxisiderantes
1235 1412 1367 1469 ergo
1411 1399 1790 1459 necessitatem
1827 1398 2057 1452 viduata:
2095 1397 2198 1451 lic—

614 1489 812 1554 clesi:e,
841 1489 1277 1558 procurationem
1307 1489 1475 1544 totius
1497 1489 1842 1560 episcopatus
1887 1489 2102 1544 interim
2149 1489 2197 1543 ei

614 1580 1011 1642 commisimus,
1035 1579 1205 1634 donec
1225 1579 1403 1633 divina
1419 1579 1734 1649 providente
1751 1581 2057 1643 clementia,
2074 1594 2198 1632 eum

617 1679 800 1723 nostra
830 1671 1212 1736 sollicitudine,
1239 1682 1352 1725 tum
1382 1673 1527 1742 regis
1562 1673 1815 1736 consilio,
1843 1683 1894 1726 et
1917 1673 2199 1742 dispensa-

614 1759 762 1812 tione
787 1761 977 1816 idonea
994 1763 1066 1816 ad
1100 1761 1389 1831 regendam
1417 1761 1717 1817 Ecclesium
1745 1773 1798 1817 et
1837 1763 2196 1832 episcopalem

611 1849 928 1918 d'gnitatem
963 1865 1195 1920 persona
1226 1852 1545 1920 reperiatur.
1571 1852 1912 1929 Quapropter
1937 1855 2197 1908 admone-

613 1957 735 1995 mus
770 1956 887 2006 vos,
919 1951 973 1996 et
1021 1943 1320 2012 apostolica
1374 1947 1702 1999 auctoritate
1747 1945 2091 2016 pia-cipimus
2138 1953 2195 1998 ut

613 2032 943 2086 unanimiter
975 2033 1077 2087 sibi
1109 2034 1176 2088 ad
1231 2035 1345 2089 haec
1381 2037 1683 2105 peragenda
1743 2046 1919 2089 vestra
1966 2037 2190 2090 consilia

610 2133 663 2176 et
689 2125 956 2192 aljutoria
983 2126 1291 2196 przebcatis,
1317 2135 1370 2179 et
1393 2145 1455 2179 ea
1481 2143 1603 2196 qua:
1637 2127 1702 2180 de
1737 2128 1892 2181 bonis
1940 2126 2194 2182 Ecclesiae

611 2213 855 2282 dispersa
883 2224 936 2267 et
971 2213 1196 2270 confusa
1221 2223 1347 2269 sunt
1375 2232 1695 2286 recuperare
1716 2227 1770 2271 et
1793 2218 2081 2271 salubriter
2104 2233 2195 2271 or~

609 2304 801 2358 dinarc
834 2306 1008 2360 Inodis
1032 2322 1156 2360 cum
1187 2307 1443 2362 omnilnls
1481 2307 1764 2377 adjuvetis.
1801 2307 1856 2360 Si
1898 2307 2022 2377 quis
2067 2321 2194 2360 vero

611 2403 801 2448 contra
831 2393 1112 2464 pra-ratam
1137 2394 1435 2450 Ecclesiam
1457 2397 1659 2465 aliquid
1687 2397 1947 2465 injuriose
1968 2397 2196 2450 commi-

612 2485 706 2546 sit,
745 2493 838 2536 aut
867 2482 1043 2539 facere
1065 2494 1318 2549 conatur,
1343 2485 1550 2555 absque
1603 2485 1860 2540 dilatione
1905 2484 2194 2538 emendare

607 2583 662 2626 et
693 2575 976 2628 restituere
1007 2575 1238 2629 studeat.
1265 2575 1420 2642 Quod
1450 2577 1493 2630 si
1526 2591 1632 2646 qua
1661 2575 1966 2630 temeritate
2013 2574 2194 2644 negle-

600 2663 768 2727 xerit,
798 2666 937 2718 sciat
979 2681 1037 2719 se
1061 2681 1123 2719 ex
1154 2667 1454 2734 apostolica
1497 2669 1821 2722 auctoritate
1858 2667 1910 2718 in
1952 2665 2192 2720 bannum

607 2770 864 2807 casurum
887 2769 1028 2818 esse,
1075 2755 1116 2808 si
1155 2756 1305 2810 dives
1353 2766 1456 2820 est,
1502 2766 1719 2810 centum
1770 2757 2064 2821 librarum;
2108 2757 2193 2810 sin

608 2860 737 2899 vero
762 2845 826 2898 de
851 2845 1234 2910 mediocribus,
1263 2847 1316 2898 in
1340 2847 1725 2900 detrimentum
1749 2847 1916 2901 totius
1941 2848 2192 2901 substan-

607 2937 698 2990 tiae
729 2953 858 2991 suze.
888 2937 1042 3005 Agite
1071 2953 1200 3007 ergo
1231 2946 1285 2992 ut
1319 2949 1577 3008 appareat
1617 2956 1714 2994 vos
1747 2939 2010 3009 ingenuos
2043 2947 2093 2992 et
2124 2939 2192 2992 ti-

609 3027 756 3082 deles
779 3043 900 3083 esse
928 3038 1120 3082 vestrae
1163 3030 1354 3083 matris
1411 3029 1662 3084 Ecclesiae
1706 3030 1867 3094 ﬁlios,
1916 3038 1970 3084 et
2007 3030 2190 3083 omnia

609 3133 731 3186 qum
766 3118 832 3169 ad
865 3117 1128 3171 honorem
1172 3130 1224 3170 et
1280 3119 1566 3171 utilitatem
1597 3119 1716 3185 ejus
1771 3119 2062 3186 pertinent,
2118 3119 2190 3170 ita

606 3207 804 3260 vestris
835 3207 1028 3261 studiis
1057 3207 1159 3262 sub
1183 3207 1527 3276 providentia
1550 3207 1918 3262 archidiaconi
1973 3215 2192 3261 strenue

608 3305 953 3365 pet-agantur,
984 3306 1040 3349 ut
1065 3297 1453 3365 omnipotentis
1478 3295 1572 3350 Dei
1595 3297 1845 3365 gratiam,
1881 3305 1935 3350 ct
1968 3304 2189 3364 aposto-

607 3386 726 3440 licze
746 3385 1136 3440 benedictionis
1165 3386 1393 3440 salutem
1420 3387 1753 3440 mereamini.

678 3473 810 3547 Data
842 3474 1028 3530 Roma:
1061 3476 1301 3531 secundo
1347 3474 1452 3548 [si]
1487 3474 1755 3530 Kalendas
1800 3473 2070 3539 Januarii,
2103 3473 2187 3528 in-

606 3565 844 3622 dictione
871 3567 1080 3622 dccima
1118 3566 1296 3620 tertia.

1045 3725 1048 3728 ~
1094 3696 1430 3754 EPISTOLA
1455 3696 1696 3753 XXXIX.

875 3801 942 3839 AD
977 3801 1151 3840 θυαε]
1184 3802 1252 3841 ετ
1285 3802 1525 3843 ιιοιιιςιυιι
1556 3803 1912 3843 \‘ENETIARL'II.

1203 3878 1382 3949 (Anno
1408 3878 1588 3948 um.)

613 3964 1032 4041 Testatursuam
1066 3970 1119 4023 in
1152 3986 1237 4025 eos
1263 3969 1618 4024 dilectionem.
1660 3969 1921 4024 Hortatur
1976 3983 2033 4024 ut
2084 3989 2182 4041 pa-

678 4039 924 4110 triarcha:
951 4041 1114 4092 nimia
1145 4050 1371 4110 egestate
1394 4056 1635 4110 oppresso
1661 4058 1778 4110 qua:
1799 4051 1918 4095 sunt
1949 4039 2185 4095 necessa-

678 4108 762 4159 rio
786 4108 1039 4181 adcitum
1067 4108 1319 4168 tuendam,
1336 4108 1434 4179 pro
1452 4108 1688 4164 decentia
1713 4121 1876 4164 tuitur:
1905 4113 2184 4181 dignitatis

679 4177 1027 4256 suppeditet“.
1338 4177 1344 4179 ⁷
1777 4181 1780 4184 ’

677 4295 986 4353 Caesonius
1003 4299 1310 4370 episcopus,
1339 4316 1530 4357 servus
1552 4317 1834 4358 servorum
1867 4300 1984 4367 Dei,
2014 4301 2183 4357 Dom-

607 4402 729 4454 tuco
749 4388 898 4453 duci,
921 4398 974 4445 et
997 4391 1199 4461 populo
1227 4391 1464 4447 Venetiae
1487 4392 1716 4448 salutem
1753 4402 1807 4448 et
1830 4392 2184 4462 apostolicam

609 4479 1058 4536 benedictionem.

678 4567 878 4625 Notum
910 4586 1032 4628 esse
1063 4571 1357 4640 credimus,
1406 4590 1515 4629 non
1559 4576 1736 4630 solum
1766 4575 1853 4631 his
1877 4577 1970 4649 qui
2007 4575 2190 4633 nobis-

2301 755 2635 810 triarchatus
2657 755 2866 808 honore
2889 753 3223 819 subiimavit,
3261 752 3418 822 cujus
3445 753 3726 824 dignitatis
3743 751 3882 810 emi-

2301 845 2486 899 nentia
2520 858 2588 899 ex
2633 844 2747 914 ipsa
2798 843 2886 897 sui
2935 843 3178 898 nominis
3220 851 3276 897 et
3319 842 3481 898 onicii
3527 844 3883 914 praerogativa

2301 935 2436 990 adeo
2465 945 2691 1006 angusta
2719 945 2772 988 et
2796 951 2918 990 rara
2948 943 3052 1000 est,
3077 943 3136 989 ut
3161 951 3268 989 non
3300 934 3534 1005 amplius
3557 951 3721 1005 quam
3749 951 3883 1006 qna-

2279 1033 2426 1080 ‘tuor
2459 1026 2512 1079 in
2545 1035 2659 1080 toto
2680 1027 2884 1080 mundo
2915 1027 3272 1095 reperiantur.
3312 1025 3468 1092 Quod
3492 1042 3616 1081 cum
3672 1027 3745 1081 ita
3789 1028 3879 1090 sit,

2301 1119 2444 1191 apud
2472 1134 2572 1174 vos
2593 1129 2774 1173 tamen
2799 1119 2905 1172 hoc
2932 1127 3143 1172 tantum
3193 1119 3379 1184 decus,
3423 1127 3477 1172 et
3521 1128 3626 1172 tam
3681 1119 3881 1175 excelsi

2303 1212 2472 1282 gloria
2501 1206 2787 1266 sacer'dotii
2816 1227 2880 1264 ex
2906 1210 3086 1280 inopia
3111 1225 3292 1265 rerum
3317 1209 3692 1280 temporalium
3723 1219 3777 1264 et
3799 1211 3882 1264 cli-

2303 1304 2607 1358 minutione
2629 1301 2912 1372 potestatis
2943 1318 3054 1356 sua:
3088 1302 3224 1356 adeo
3246 1303 3475 1365 vilescit,
3506 1311 3559 1355 et
3585 1317 3616 1356 a
3654 1315 3879 1370 compe-

2302 1395 2432 1448 tenti
2461 1402 2605 1448 statu
2627 1393 2852 1447 honoris
2874 1393 2962 1446 sui
3006 1393 3220 1462 penitus
3257 1394 3482 1456 corruit,
3527 1403 3585 1446 ut
3621 1401 3770 1447 tanta
3798 1400 3877 1449 te-

2301 1487 2484 1539 nuitas
2512 1499 2692 1539 rerum
2717 1467 3142 1553 neczsirnplicem
3175 1483 3520 1553 episcopatus
3538 1485 3721 1539 "sedem
3746 1501 3880 1539 con-

2299 1578 2510 1642 decore,
2522 1584 2615 1629 aut
2629 1577 2748 1645 ejus
2760 1545 3173 1631 ne'cessitatibus
3184 1574 3427 1630 sufﬁcere
3435 1588 3596 1644 posse
3607 1576 3876 1632 videatur.

2302 1667 2455 1723 L'nde
2477 1684 2574 1723 vos
2598 1654 2734 1722 tanti,
2757 1666 3000 1722 beneficii
3019 1667 3215 1721 divina:
3236 1666 3614 1720 muniﬁcentiae
3637 1667 3880 1736 ingratos

2299 1770 2354 1814 et
2379 1761 2724 1814 immemores
2735 1773 2857 1813 esse
2879 1757 3355 1829 deprehendimus,
3373 1758 3625 1812 timentes
3635 1773 3703 1811 ne
3718 1758 3879 1828 quasi

2300 1852 2592 1922 degeneres
2623 1850 2715 1904 lilii
2750 1849 2968 1903 divitias
3019 1856 3076 1902 et
3111 1849 3478 1902 hereditatem
3523 1848 3881 1905 nobilissima:

2301 1943 2491 2015 matris
2513 1951 2727 2006 vestrm,
2752 1941 3000 1994 videlicet
3049 1938 3342 1994 Gradensis
3386 1937 3664 2004 Ecclesia,
3715 1941 3880 1996 dissi-

2295 2044 2505 2104 pantes,
2545 2033 2666 2086 inde
2685 2032 3030 2086 obscuriores
3065 2029 3394 2094 eliiciamini,
3415 2031 3558 2084 unde
3577 2039 3706 2100 post
3739 2047 3875 2102 apo~

2296 2125 2543 2179 stolicam
2569 2124 2750 2178 sedem
2777 2123 3032 2177 omnibus
3061 2137 3182 2192 quae
3204 2130 3330 2175 sunt
3354 2121 3409 2175 in
3429 2119 3722 2176 Occidente
3747 2139 3877 2194 gen-

2295 2216 2438 2271 tibus
2468 2216 2727 2270 ciariores
2754 2213 3058 2269 exstitistis.
3094 2211 3203 2267 Nos
3225 2211 3480 2282 equidem
3523 2215 3878 2272 meminimus

2297 2306 2635 2361 Dozninicum
2665 2305 3030 2375 patriarcham
3054 2305 3225 2358 beatae
3255 2305 3535 2358 memorim
3559 2313 3878 2361 antecesso-

2295 2415 2408 2453 rem
2448 2399 2612 2467 hujus
2641 2405 2862 2466 propter
2885 2395 3109 2448 nimiam
3157 2402 3452 2464 egestatem
3505 2396 3684 2450 locum
3718 2396 3900 2452 (ἱρείη

2295 2507 2413 2545 rere
2434 2490 2698 2544 voluisse:
2733 2495 2786 2542 et
2812 2486 2903 2540 hic
2937 2485 3155 2554 quidem
3187 2485 3304 2554 pari
3327 2486 3650 2540 necessitate
3664 2487 3800 2541 dicit
3820 2502 3879 2542 se

2293 2581 2720 2636 circumventum
2745 2593 2886 2633 esse.
2929 2574 3288 2644 Quapropter,
3327 2576 3468 2631 sicut
3517 2577 3878 2632 charissimcs

2282 2670 2454 2733 .ﬁiios,
2478 2685 2575 2723 vos
2601 2669 2962 2722 admonemus
2987 2675 3044 2719 ut
3070 2681 3338 2720 memores
3352 2667 3594 2736 pristina:
3622 2667 3880 2723 nobilita-

2292 2764 2362 2817 tis
2388 2771 2442 2816 et
2472 2761 2655 2832 gloria:
2676 2758 2932 2813 collatam
2957 2757 3115 2812 vobis
3141 2757 3427 2823 honorem,
3473 2768 3526 2813 et
3562 2761 3877 2831 apostolica:

2291 2855 2435 2910 sedis
2456 2869 2580 2924 erga
2603 2866 2699 2906 vos
2725 2848 3158 2904 benevolentiam
3180 2848 3406 2905 ulterius
3431 2865 3538 2904 non
3565 2851 3872 2922 negligatis,

2291 2946 2384 3000 sed
2407 2944 2796 2999 convenientes
2827 2939 2881 2993 in
2922 2954 3091 2992 unum
3143 2941 3376 3009 qualiter
3413 2942 3738 3013 antesignati
3775 2956 3873 3011 pa—

2289 3037 2619 3091 triarchatus
2637 3034 2955 3106 dignitatem
2983 3030 3162 3084 debita
3186 3047 3310 3084 cum
3336 3032 3682 3087 veneratione
3706 3039 3764 3086 et
3790 3047 3877 3087 reo

2291 3144 2412 3183 rum
2433 3127 2811 3197 temporalium
2829 3127 3302 3201 ampliﬁcationem
3329 3123 3664 3188 sustentetis,
3678 3133 3736 3178 et
3747 3140 3872 3180 cum

2289 3218 2386 3272 Dei
2416 3219 2687 3289 adjutorio
2717 3221 2784 3274 ad
2805 3222 3020 3275 culmen
3063 3234 3178 3274 suae
3217 3216 3557 3272 celsitudinis
3598 3215 3870 3280 reievetis,

2290 3311 2565 3366 communi
2593 3313 2821 3367 consitio
2842 3312 3203 3383 pertractetis.
3235 3309 3496 3365 lndicavit
3529 3309 3751 3379 quidem
3776 3324 3873 3364 no-

2291 3403 2376 3458 bis
2403 3402 2492 3460 hic
2519 3402 2793 3458 contr-ater
2813 3414 3000 3460 noster
3021 3403 3349 3474 patriarcha,
3367 3411 3419 3456 te
3443 3400 3658 3466 ducem,
3689 3408 3746 3455 et
3761 3400 3873 3472 ple-

2289 3507 2488 3564 rosque
2518 3502 2758 3548 vestrum
2788 3511 2952 3564 quam
2988 3492 3248 3564 optimam
3273 3509 3437 3563 super
3460 3493 3563 3547 hac
3585 3507 3647 3547 re
3670 3492 3873 3549 habere

2292 3586 2659 3640 voluntatem:
2693 3595 2916 3657 prepter
2935 3587 3081 3657 quod
3117 3595 3170 3640 et
3208 3583 3512 3640 ﬁducialius
3546 3584 3615 3640 ad
3647 3587 3870 3655 explen-

2288 3675 2415 3732 dum
2453 3692 2591 3746 opus
2623 3677 2751 3732 boni
2781 3679 3057 3748 propositi.
3079 3687 3312 3732 vestram
3347 3676 3626 3732 exhortari
3674 3678 3872 3747 incipi-

2288 3782 2411 3820 mus
2433 3767 2797 3822 dilectionem.
2817 3766 3093 3838 Quidquid
3125 3769 3291 3839 igitur
3321 3769 3447 3823 inde
3467 3769 3611 3822 inter
3626 3783 3727 3822 vos
3739 3783 3872 3825 con-

2286 3857 2490 3912 sultum
2522 3868 2575 3912 et
2596 3859 2952 3915 constitutum
2980 3858 3163 3923 fuerit,
3214 3859 3371 3915 nobis
3404 3874 3500 3930 per
3523 3859 3735 3915 litteras
3778 3871 3872 3917 aut

2287 3961 2436 4008 certo
2459 3953 2650 4006 nuntio
2671 3953 2998 4022 quantocius
3028 3953 3369 4019 renuntiate;
3400 3953 3664 4021 quoniam
3688 3952 3736 4007 si
3771 3969 3870 4024 pro

2285 4044 2456 4114 gloria
2481 4053 2533 4101 ct
2563 4045 2862 4110 nobilitate,
2895 4054 3007 4100 tam
3032 4047 3199 4100 vestri
3229 4062 3396 4116 quam
3428 4045 3638 4116 przefati
3661 4048 3769 4104 loci
3815 4059 3870 4104 et

2286 4136 2592 4200 sacerdotii,
2615 4136 2822 4207 aliquid
2841 4136 3162 4204 statueritis,
3181 4145 3239 4192 ut
3271 4152 3489 4207 aequum
3518 4145 3625 4204 est,
3649 4152 3752 4208 pro
3763 4153 3872 4196 me-

2286 4210 2403 4284 ritis
2429 4229 2624 4284 vestris
2647 4229 3073 4300 gratulabimur;
3099 4229 3185 4285 sin
3205 4244 3336 4285 vero
3361 4229 3545 4300 aliqua
3563 4229 3749 4286 minus
3770 4231 3869 4287 bo-

2286 4331 2437 4376 ncsta
2457 4335 2554 4374 vos
2574 4320 2791 4376 occasio
2816 4320 3122 4385 retraxerit,
3147 4320 3337 4390 procul
3357 4320 3524 4374 dubio
3547 4322 3684 4376 tanti
3706 4322 3869 4379 mini-

2286 4409 2437 4464 sterii
2473 4425 2671 4464 nomen
2701 4410 2845 4465 inter
2868 4396 2964 4465 vos
2988 4410 3270 4485 vilescere,
3324 4417 3380 4465 et
3429 4409 3615 4466 debito
3660 4411 3869 4469 honore

2286 4501 2484 4572 privari
2510 4518 2618 4556 non
2645 4502 2934 4571 patiemur.

2358 4593 2491 4647 Data
2517 4590 2702 4648 Romae
2727 4593 2969 4648 secundo
2990 4589 3260 4646 Kalendas
3284 4589 3554 4658 Januarii,
3571 4590 3868 4651 indictione

608 4676 734 4717 cum
797 4664 993 4718 morati
1047 4674 1196 4731 sunt,
1251 4666 1344 4721 sed
1395 4667 1561 4721 etiam
1605 4667 1878 4736 plerisque
1925 4676 2184 4734 vestrum,
2219 4683 2494 4744 οάοείηη
2525 4683 2702 4736 mrum

607 4754 754 4824 quod
780 4754 892 4824 jam
921 4755 992 4810 ab
1016 4755 1234 4811 ineunte
1265 4765 1422 4812 astate
1453 4765 1650 4812 terram
1674 4767 1912 4825 vestram
1938 4765 1992 4813 ct
2020 4757 2184 4813 liber-

606 4853 773 4902 tatem
794 4847 957 4916 hujus
983 4849 1156 4918 gentis
1179 4849 1331 4904 valde
1350 4849 1658 4915 dileximus,
1685 4859 1847 4922 atque
1873 4851 1944 4904 ob
1967 4851 2019 4907 id
2046 4868 2183 4906 non-

609 4940 881 4994 nullorum
917 4939 1220 5011 principum
1247 4951 1301 4995 et
1322 4942 1584 4996 nobilium
1613 4957 1973 5012 personarum
2003 4942 2182 4997 inimi-

607 5027 766 5082 citias
785 5029 1164 5088 sustinuimus.
1186 5027 1481 5098 Postquam
1506 5046 1634 5103 vero
1657 5032 1939 5100 apostolici
1962 5031 2182 5104 regimi-

609 5120 695 5175 nis
709 5135 848 5177 onus
874 5130 930 5178 et
958 5121 1212 5187 cilicium,
1253 5123 1377 5177 licet
1405 5121 1629 5193 indigni,
1655 5123 2185 5192 suscepimus,tanto

609 5208 908 5268 ferventius
929 5211 984 5266 in
1008 5211 1295 5267 dilectione
1313 5222 1492 5268 vestra
1514 5223 1700 5269 noster
1719 5213 1923 5269 exarsit
1936 5213 2181 5281 allectus,

608 5311 815 5370 quanto
847 5318 944 5372 per
964 5300 1232 5372 generalis
1265 5316 1411 5356 cura:
1436 5303 1676 5358 debitum
1730 5303 1785 5358 in
1839 5303 2185 5360 administra-

607 5391 813 5446 tionem
842 5400 1034 5444 vestra:
1058 5392 1249 5448 salutis
1275 5391 1562 5449 sollicitius
1577 5395 1783 5450 astricti
1804 5411 2014 5452 sumus.
2040 5395 2186 5463 Qua-

609 5491 828 5552 propter
879 5481 1086 5538 litteras
1127 5483 1196 5538 ad
1242 5498 1342 5540 vos
1373 5483 1695 5550 direximus,
1738 5494 1799 5539 ut
1849 5487 2185 5542 nobilitatem

609 5581 847 5627 vestram
873 5573 940 5626 ad
967 5571 1363 5642 respiciendum
1388 5575 1554 5630 decus
1583 5583 1635 5629 et
1672 5574 2056 5630 sublimitatem
2085 5590 2185 5628 an-

609 5663 775 5732 tiquae
797 5662 1075 5730 dignitatis
1105 5679 1219 5719 suae
1241 5664 1476 5719 excitare
1498 5666 1796 5734 possimus,
1821 5681 1887 5720 ne
1911 5680 1978 5720 ex
2005 5665 2185 5735 longa,

610 5751 756 5821 quod
787 5751 950 5814 absit,
977 5755 1298 5824 negligentia
1346 5755 1616 5824 dilapsum
1667 5757 1932 5811 honorem
1986 5766 2185 5826 gemat,

609 5859 772 5914 quem
801 5843 978 5899 adhuc
1005 5846 1257 5913 stantem,
1287 5848 1417 5902 dum
1446 5856 1643 5916 potest,
1673 5849 1860 5903 colere.
1892 5856 1948 5903 et
1972 5863 2188 5902 servare

612 5952 722 5995 non
748 5939 975 6021 laborat.
1003 5938 1166 5998 Scitis
1196 5943 1339 5998 enim
1371 5943 1632 6014 quoniam
1669 5959 1780 6014 pra:
1809 5943 1991 5998 multis
2015 5951 2185 5995 terra-

2841 4759 3174 4828 EPlSTOLA
3208 4771 3323 4828 XL.

2742 4881 2808 4919 an
2846 4864 3136 4920 niuvsuos
3167 4878 3408 4922 hostes.

2875 4952 3057 5028 (Anno
3086 4952 3270 5026 um.)

2292 5045 2360 5101 Ut
2389 5045 2584 5117 legatos
2621 5063 2744 5101 suos
2769 5063 2999 5118 congruo
3028 5047 3222 5116 honore
3248 5044 3526 5118 recipiant,
3542 5047 3723 5118 eisque
3743 5049 3868 5106 ote-

2800 5117 3053 5171 dientiam
3073 5117 3343 5187 prmum.

2356 5208 2662 5264 GIEGOIIUS
2681 5209 2990 5280 episcopus,
3017 5221 3208 5265 sema
3231 5206 3865 5275 morantia,“

2285 5301 2389 5357 bus
2413 5299 2598 5378 Sancti
2633 5301 2777 5358 Petri
2808 5291 3070 5357 ﬁdelibus
3093 5301 3159 5356 ad
3198 5315 3339 5372 quos
3382 5299 3680 5372 portitores
3722 5317 3865 5374 pra-

2287 5393 2522 5449 sentiam
2553 5394 2819 5460 venerint,
2869 5391 3100 5448 salutem
3147 5403 3203 5448 et
3232 5390 3593 5464 apostolicam
3639 5393 3864 5451 benedi-

2287 5487 2542 5542 ctionem.
2776 5486 2778 5488 ’

2355 5575 2553 5631 Notum
2588 5575 2743 5632 vobis
2788 5585 2872 5632 est
2895 5576 3042 5648 quod
3087 5583 3467 5631 succreseente
3511 5574 3781 5645 nequitia,
3811 5587 3862 5632 et

2287 5665 2554 5720 diabolica
2591 5663 2781 5722 fraude
2811 5679 3202 5736 usquequaque
3247 5663 3632 5728 invalescente,
3657 5666 3860 5722 multo-

2288 5774 2410 5812 rum
2429 5757 2543 5827 jam
2567 5757 2807 5812 charitas
2835 5757 3043 5827 friguit,
3064 5765 3117 5812 et
3138 5758 3307 5812 totius
3321 5754 3599 5826 religionis
3619 5756 3862 5814 studium

2290 5850 2343 5903 in
2372 5858 2560 5905 sancta
2584 5848 2825 5904 Ecclesia
2848 5864 2983 5918 pene
3010 5847 3286 5905 defecerit.
3315 5847 3418 5902 Sed
3451 5845 3582 5918 quia
3606 5845 3863 5918 impossi-

2289 5941 2393 5995 bile
2419 5950 2502 5995 est
2533 5949 2774 5995 nostram
2801 5940 2853 5994 in
2880 5948 2957 5995 tot
2978 5950 3034 5996 et
3058 5951 3167 5996 tam
3197 5940 3438 5995 diversas
3465 5939 3860 5996 sollicitudines

3795 120 3910 146 10"",

3831 177 3840 182 .
3896 161 4008 190 λῖξῗ

622 556 719 622 391
797 607 800 610 .
943 612 950 616 κ
1274 557 1331 612 s.
1367 555 1690 615 GRBGORII
1731 556 1821 611 vn
1856 551 2058 610 rara:
2095 547 2378 606 ornavit
2411 547 2593 604 rans
2631 547 2671 603 I.
2708 579 2777 589 —
2815 545 3235 604 REGISTitl'M.
3777 551 3880 608 δίη

4015 2604 4024 2680 δ
