4218 6404
312 461 430 515 393

310 675 415 718 cla:
468 663 732 721 Romana:
775 667 1029 724 Ecclesiae
1065 671 1224 734 filios,
1271 671 1516 726 videlicet
1564 673 1892 742 Gepizonem

309 747 628 824 [Gcizonem
653 765 705 808 et
739 759 816 810 sic
852 757 1064 830 ubique]
1095 760 1342 813 abbatem
1379 759 1565 816 Sancti
1606 763 1893 831 Bonifacii,

305 840 644 903 etjlaurum
682 847 934 902 abbatem
965 849 1150 904 Sancti
1176 849 1387 916 Sabbaz,
1417 868 1512 920 per
1542 870 1686 924 quos
1713 866 1767 909 et
1794 873 1896 914 no-

239 955 246 962 -
313 941 432 986 stra
467 934 622 988 vobis
651 947 1069 1005 reprtescntetur
1120 942 1436 1006 auctoritas,
1470 954 1523 998 et
1567 955 1753 1000 nostra
1777 947 1895 1003 vico

304 1036 372 1075 ea
404 1037 528 1091 qua:
554 1024 622 1078 ad
653 1026 942 1081 utilitatem
973 1040 1174 1084 sancte
1192 1030 1446 1088 Ecclesia:
1475 1035 1745 1103 pertinent
1766 1053 1891 1091 cum

305 1110 405 1164 Dei
436 1114 707 1182 adjutorio
729 1118 969 1172 studiosa
999 1123 1381 1188 procuratione
1405 1135 1752 1195 peragantur.
1783 1126 1891 1184 Vos

302 1199 477 1270 igitur
494 1219 766 1260 memores
789 1207 958 1262 divini
989 1225 1085 1279 per
1102 1211 1452 1282 Evangelium
1482 1216 1609 1270 dicti
1646 1237 1656 1271 :
1686 1218 1788 1282 Qui
1807 1236 1890 1274 ros

304 1293 491 1357 audit,
527 1311 608 1348 me
640 1298 827 1361 audit;
854 1286 903 1352 et
932 1302 1023 1368 qui
1055 1317 1142 1354 vos
1168 1305 1387 1370 spernit,
1413 1324 1492 1360 me
1522 1309 1886 1378 speruit(Luc.

306 1381 363 1448 κ)
383 1385 544 1446 (eos,
569 1385 711 1440 sicut
738 1387 804 1442 de
826 1398 1012 1444 nostra
1039 1393 1300 1459 amicitia,
1330 1396 1440 1448 imo
1463 1398 1530 1451 de
1551 1400 1720 1467 gratia
1755 1399 1891 1452 San-

304 1471 378 1522 cti
415 1470 560 1526 Petri
585 1476 743 1544 cujus
770 1480 945 1534 nuntii
984 1492 1130 1548 sunt,
1189 1500 1375 1541 curam
1426 1489 1657 1554 habetis,
1708 1492 1888 1546 debita

302 1573 432 1612 cum
462 1565 811 1621 veneratione
836 1579 889 1623 et
911 1572 1176 1628 charitate
1205 1577 1515 1646 recipiatis;
1543 1589 1604 1650 et.
1629 1581 1682 1633 in
1714 1583 1888 1636 omni-

305 1647 411 1702 bus
422 1666 544 1719 quae
556 1655 636 1707 vel
649 1672 812 1711 causa
829 1660 1114 1729 legationis
1128 1680 1337 1732 eorum,
1359 1670 1442 1723 vel
1454 1669 1787 1741 fatigationis
1802 1691 1890 1728 nt}

303 1740 536 1797 cessitas
565 1748 939 1816 postulaverit,
954 1752 1162 1808 fidelem
1178 1756 1284 1811 illis
1299 1740 1664 1816 Obedientiam
1676 1773 1731 1818 et
1755 1781 1887 1819 con-

303 1841 528 1900 scnsum
554 1836 858 1902 praebeatis.
876 1839 1142 1899 Praeterea
1171 1846 1215 1900 si
1241 1850 1525 1919 contigerit
1542 1868 1648 1933 eos.
1663 1870 1747 1931 ex-
1761 1871 1887 1940 con:

305 1918 475 1940 ,υμ-
490 1931 526 1940 Αί
597 1933 610 1940 λ
946 1935 958 1940 _
1183 1938 1189 1940 _

303 1918 541 1976 siderata
561 1933 616 1978 et
637 1935 960 1998 competenti
988 1938 1308 1994 necessitate
1332 1923 1884 2014 negotiorum‘dividi‘,

305 2016 363 2059 et
390 2015 682 2080 separatim
711 2016 767 2071 in
791 2021 1035 2077 diversas
1057 2035 1238 2094 partes
1263 2034 1556 2099 proﬁcisci,
1591 2036 1659 2092 ad
1715 2054 1884 2107 quos-

304 2115 523 2171 cunque
563 2107 702 2160 alter
755 2125 943 2166 eorum
981 2119 1207 2182 venerit,
1245 2137 1368 2177 eum
1398 2125 1540 2178 sicut
1570 2143 1671 2182 nos
1698 2133 1886 2186 audia-

301 2191 396 2256 tis,
422 2201 476 2246 et
499 2197 645 2263 quod
680 2209 878 2255 nostra:
902 2205 1171 2262 deberetis
1194 2218 1495 2278 praisentize
1529 2219 1583 2274 in
1604 2237 1671 2276 eo
1697 2235 1884 2281 osten-

301 2279 431 2334 dere
445 2293 498 2336 et
524 2288 747 2356 exsequi
766 2305 874 2344 non
903 2293 1179 2352 dubitetis.

371 2369 506 2425 Data
551 2373 755 2443 Romae,
796 2393 992 2449 quarto
1043 2385 1226 2443 Nonas
1273 2389 1539 2464 Januarii,
1587 2400 1882 2461 indictione

298 2457 511 2516 decima
537 2465 714 2533 tertia,
743 2484 889 2524 anno
911 2472 1115 2530 Christi
1149 2480 1304 2535 1075.

847 2560 1181 2619 EPISTOLA
1220 2569 1353 2625 XLI.
1372 2624 1375 2625 ,

651 2659 718 2699 λιι
755 2663 1095 2709 ηιετιιιυςοε
1122 2672 1190 2709 ΕΤ
1215 2675 1521 2718 EUGUBINOS.

361 2906 575 2990 (geram
601 2903 657 2944 ut
680 2897 895 2990 idonLeaJs
906 2916 1087 2968 pastor
1103 2907 1156 2958 in
1177 2925 1353 2962 eorum
1379 2897 1868 2990 I'Icclesiyaeligatur.

425 2970 543 2990 ιιι-ΔΙ
571 2971 626 2990 ..Ι
655 2965 722 2990 Δὶ-
758 2983 778 2990 -
826 2985 842 2990 -
886 2971 1011 2990 !_,_.-
1207 2978 1218 2990 ι
1243 2980 1274 2990 -ι

364 2957 543 3013 Monet
571 2971 626 3014 ut
649 2965 722 3018 eis
751 2957 1099 3026 obedientiam

359 3045 672 3114 GREGORIUS
700 3057 1006 3130 episcopus,
1035 3080 1226 3122 servus
1257 3085 1540 3129 servorum
1578 3084 1690 3145 Jel,
1725 3096 1869 3136 ciero

288 3145 343 3223 et
361 3140 565 3208 popqu
588 3143 897 3214 Feretrano,
923 3162 1083 3222 atque
1099 3157 1242 3212 clero
1272 3171 1324 3214 et
1345 3167 1544 3239 populo
1560 3140 1864 3240 Eugubino,

293 3219 527 3284 salutem
566 3243 620 3287 et
641 3241 995 3304 apostolicam
1025 3237 1473 3310 benedictionem.

362 3316 444 3372 Ex
472 3337 582 3389 quo
616 3324 910 3386 Ecclesiam
943 3345 1175 3392 vestram
1209 3353 1427 3408 pastore
1457 3348 1728 3410 viduatam
1753 3369 1874 3410 esse

285 3411 671 3478 cognovimus,
705 3420 873 3473 multa
892 3437 988 3491 pro
1013 3428 1168 3482 vobis
1192 3433 1560 3493 sollicitudine
1581 3445 1729 3496 anxii
1763 3444 1871 3499 fui—

286 3509 435 3565 mus,
469 3510 524 3556 et
548 3518 865 3575 quanquam
890 3515 1061 3568 multa
1096 3525 1148 3570 et
1172 3523 1353 3588 gravia
1381 3541 1481 3580 nos
1510 3533 1723 3600 negotia
1781 3551 1875 3589 oc»

285 3599 509 3658 cupent,
543 3609 605 3647 ea
629 3604 808 3652 tamen
839 3617 970 3657 cura
1001 3609 1234 3674 qualiter
1277 3613 1456 3670 divina
1501 3599 1873 3681 misericordia

285 3680 515 3751 dignum
547 3687 702 3742 vobis
729 3701 934 3758 patrem
962 3698 1242 3765 provideat
1275 3716 1462 3762 nostro
1514 3715 1663 3768 cordi
1717 3680 1871 3772 inde;

285 3773 535 3831 sinenter
565 3779 823 3850 adhaeret,
861 3796 1024 3857 atque
1058 3807 1122 3847 eo
1146 3797 1319 3866 magis
1357 3799 1456 3855 hac
1480 3803 1546 3858 dc
1564 3820 1726 3862 causa
1757 3814 1870 3867 sol-

283 3859 583 3936 licitamur,
611 3879 665 3925 et
687 3878 946 3934 attentius
985 3881 1094 3938 Deo
1123 3859 1310 3957 precvcs
1353 3890 1702 3964 eﬂ'undimus,
1732 3918 1872 3970 quo-

284 3956 436 4010 niam
468 3957 524 4012 in
560 3966 846 4022 retroactis
871 3956 1210 4042 temperibus
1263 3969 1369 4034 nun
1425 3994 1508 4038 sat
1556 3956 1869 4058 vigilantem

283 4043 736 4114 vobispastorem
773 4057 1056 4122 pmfuisse
1080 4070 1481 4136 cognoscimus.
1528 4043 1871 4150 Quapropter

287 4132 548 4189 misimus
573 4138 642 4191 ad
663 4155 760 4195 vos
774 4143 874 4201 hos
897 4132 1179 4219 religiosos
1203 4132 1677 4220 sanetteRomjanaa
1692 4132 1872 4239 Ecrele,

283 4220 386 4274 site
410 4221 574 4320 filios,
607 4228 856 4287 videlicet
890 4237 1138 4296 abbatem
1173 4246 1356 4306 Sancti
1388 4253 1600 4320 Sabbae,
1623 4269 1676 4313 et
1696 4220 1865 4318 abba:

283 4315 393 4363 tem
424 4309 614 4369 Sancti
643 4315 932 4392 Bonifacii,
947 4331 1062 4385 utsi
1077 4331 1215 4390 forte
1230 4337 1282 4391 in
1299 4338 1541 4399 Ecclesia
1553 4357 1728 4402 vestra
1743 4351 1866 4406 talis

281 4412 540 4470 persona,
574 4422 695 4476 qua:
719 4411 846 4468 huic
876 4419 1124 4489 regimini
1151 4442 1386 4498 congrua
1412 4429 1501 4499 sit,
1539 4439 1859 4509 reperiatur,

280 4491 574 4563 diligenter
595 4500 890 4575 inquirant,
912 4519 965 4567 et
993 4528 1133 4580 eam,
1158 4520 1299 4576 sicut
1314 4524 1536 4595 dignum
1553 4539 1656 4596 est,
1683 4544 1858 4592 vestra

281 4582 552 4643 electione
589 4594 947 4656 collaudatam
989 4616 1044 4660 et
1082 4613 1348 4668 canonico
1373 4582 1608 4675 “decreto
1661 4627 1857 4692 proba-

282 4681 420 4738 tam,
446 4679 608 4734 nobis
636 4684 703 4737 ad
741 4690 1102 4752 ordinandum
1153 4708 1480 4770 quantocius
1535 4679 1859 4782 praesentare
1889 4729 1892 4734 '

283 4765 561 4820 studeant.
593 4766 690 4823 Sin
713 4791 843 4832 vero
868 4780 1009 4842 inter
1027 4802 1125 4844 vos
1154 4793 1278 4848 talis
1310 4800 1538 4865 reperiri
1571 4818 1677 4856 non
1733 4821 1858 4874 pos-

1372 4853 1386 4865 ,
1734 4853 1829 4874 ,ην

283 4853 373 4920 sit,
400 4856 504 4926 ipsi
541 4875 664 4917 cum
699 4870 848 4921 omni
881 4871 1156 4944 diligentia
1182 4890 1237 4936 et
1258 4887 1619 4947 sollicitudine
1641 4896 1858 4952 aliunde

283 4946 542 5016 aliquem,
581 4953 674 5020 qui
698 4956 852 5012 vobis
874 4965 1168 5024 secundum
1206 4967 1373 5027 Deum
1397 4991 1629 5043 pmesse
1662 4986 1854 5051 possit,

283 5033 532 5093 invenire
558 5053 869 5114 procurent,
895 5058 948 5104 et
969 5053 1035 5106 ad
1072 5060 1491 5127 .suscipiendam
1534 5070 1856 5141 episcopalis

283 5127 445 5183 oﬂicii
481 5133 883 5193 ordinationem
907 5142 972 5196 ad
999 5159 1098 5200 nos
1125 5146 1244 5203 sine
1275 5166 1429 5208 mora
1462 5163 1850 5221 transmittant.

286 5213 396 5273 Vos
416 5219 589 5290 igitur
613 5224 670 5279 in
696 5228 947 5286 omnibus
969 5235 1048 5289 eis
1077 5239 1276 5294 credite
1292 5250 1345 5294 et
1366 5245 1596 5313 obedite,
1622 5253 1853 5311 scientes

284 5317 378 5367 eos
405 5306 462 5362 in
488 5310 595 5368 hac
624 5330 703 5380 re,
730 5323 1064 5379 custodiente
1087 5327 1216 5395 Deo,
1265 5331 1396 5386 nihil
1458 5337 1562 5391 nisi
1617 5351 1850 5397 vestram

283 5396 515 5453 salutem
540 5409 596 5454 et
617 5402 871 5466 Ecclesiae
897 5425 1083 5472 vestra:
1105 5409 1363 5476 henorem
1390 5429 1679 5482 attendere.
1710 5429 1851 5485 Prm-

283 5491 428 5540 terca
459 5488 730 5558 quidquid
762 5499 999 5558 thesauri
1025 5507 1110 5562 vel
1153 5515 1461 5568 ornamenti
1509 5516 1561 5569 iu
1612 5517 1845 5576 Ecclesia

284 5587 459 5635 vestra
485 5582 742 5651 habetur,
764 5587 977 5650 illorum
992 5602 1168 5658 oculis
1193 5616 1546 5673 prtesentate;
1579 5621 1846 5678 quatenus

281 5682 344 5724 ex
369 5687 566 5728 eorum
589 5676 925 5742 providentia
957 5696 1010 5740 et
1037 5695 1502 5750 commendatione
1536 5698 1587 5751 in
1627 5700 1719 5752 tali
1747 5716 1843 5753 ru—

282 5760 454 5814 stodia
509 5761 875 5832 relinquatur,
921 5782 980 5825 ut
1033 5791 1130 5832 nec
1167 5780 1408 5839 Ecclesia
1458 5787 1838 5845 detrimentum

601 5851 875 5914 ΡΑτιιοι.
922 5861 1244 5928 CXLVIII.
1325 5919 1338 5923 ..
1856 5881 1864 5887 ’

1349 467 1545 522 LIBER
1587 468 1966 526 SECUNDUS.
2003 500 2073 514 --
2110 473 2332 532 ΕΗΒὙέ
2369 471 2554 537 XLIV.

308 574 658 640 prmsentiam
693 577 959 640 exhiberi,
991 577 1242 632 misimus
1267 579 1332 632 ad
1362 594 1456 634 vos
1493 581 1722 637 dilectos
1758 599 1888 638 san-
1920 585 1963 641 Α
1989 588 2208 653 sentiat,
2241 605 2340 645 nec
2378 593 2431 665 in
2461 597 2696 666 aliquem
2725 610 2963 658 vestrum
3014 607 3192 678 aliqua
3244 626 3306 667 su

3470 501 3570 561 394'

3314 616 3574 684 spiciouts

1998 675 2218 732 infamia
2248 683 2436 736 cadat.

2069 767 2197 823 Data
2227 771 2429 840 Romre,
2455 787 2650 845 quarto
2674 779 2855 835 Nonas
2877 783 3141 854 Januarii,
3167 791 3460 852 indictione
3481 801 3573 853 dc—

1996 857 2134 912 cima
2164 863 2341 916 tertia.
2364 914 2380 932 ,
3277 872 3279 874 ’

2511 955 2843 1014 ΕΡΙὸΤΟΙΛ
2899 963 3055 1020 XLII.

2143 1054 2207 1094 AD
2238 1055 2544 1099 CUIBERTL‘!
2577 1063 3022 1108 AﬂCllIEPISCOI‘l'SI
3051 1073 3422 1121 BAVIIN'NATEH.

2587 1138 2766 1201 (Anno
2802 1143 2978 1213 I075.)

1994 1215 2076 1266 Ad
2100 1220 2355 1285 synodum
2384 1235 2530 1276 vocat
2555 1227 2608 1278 in
2625 1233 2871 1351 KI'ZJ'IIIIIM
2905 1234 3324 1308 Quadragesinm
3349 1263 3410 1298 cr
3435 1262 3569 1300 more

2660 1315 2691 1349 (ι
2729 1315 2790 1351 cn
2833 1319 2937 1351 (tm.

2660 1315 2862 1351 aocnaa
2870 1319 2916 1353 ιιι
2927 1343 2937 1355 .

1981 1359 2015 1425 ,⁷
2068 1373 2374 1434 Caesonius
2407 1383 2716 1460 episcopus,
2757 1406 2946 1446 Servus
2974 1411 3251 1454 servorum
3303 1404 3415 1468 Dei,
3442 1409 3569 1462 Grt~

1992 1478 2166 1520 usuro
2195 1467 2490 1528 Ravennati
2516 1478 2947 1549 archiepiscopo,
2974 1487 3202 1542 salutem
3222 1504 3282 1561 rt
3345 1510 3562 1564 aposto-

1991 1551 2152 1608 licam
2191 1557 2641 1623 benedictionem.

2059 1643 2256 1701 Coram
2281 1653 2455 1707 oculis
2485 1655 2670 1718 habes,
2706 1657 2871 1712 frater
2924 1663 3266 1733 charissitnc,
3319 1683 3371 1725 et
3411 1678 3567 1742 quasi

1990 1733 2208 1803 palpare
2240 1742 2492 1797 manibus
2519 1755 2670 1814 potes
2708 1750 3066 1806 miserabilem
3096 1770 3297 1812 sant-ne
3321 1762 3572 1820 Ecclesia:

1991 1822 2475 1899 perturbationem,
2504 1843 2558 1887 et
2586 1837 2703 1903 jam
2735 1855 2829 1906 per
2852 1841 3007 1910 longa
3038 1853 3280 1915 tempora
3318 1853 3567 1909 inimico-

1924 1909 1964 1962 Β
1991 1931 2112 1971 rum
2145 1927 2198 1973 et
2223 1920 2668 1992 impugnatorum
2699 1928 2818 1995 ejus
2865 1930 3197 1990 inscnsatam
3253 1951 3304 1994 et
3347 1948 3569 2000 ottinino

1989 2005 2366 2064 irrefrenatam
2381 2017 2877 2083 prmsumptionem.
2898 2020 3098 2076 Contra
3124 2043 3280 2094 quos,
3308 2037 3565 2099 qutmiam

1986 2109 2087 2149 nos
2115 2099 2208 2165 qui
2231 2100 2287 2152 in
2321 2109 2523 2156 sortem
2554 2105 2842 2161 ministerii
2866 2111 3236 2180 sacerdotalis,
3263 2130 3315 2172 ct
3341 2138 3565 2192 regnum

1984 2182 2079 2238 Dei
2107 2187 2262 2241 electi
2323 2206 2538 2258 sumus,
2581 2198 2730 2250 omni
2767 2213 2899 2253 cura
2940 2208 2994 2256 ct
3039 2208 3216 2258 studio
3271 2227 3493 2282 sur-gere
3511 2228 3564 2269 et

1982 2285 2224 2344 pugnare
2247 2282 2518 2346 convenit,
2548 2284 2688 2338 sicut
2727 2286 2839 2355 jam
2887 2304 2982 2358 per
3031 2293 3236 2363 aliquot
3290 2315 3461 2356 annos
3511 2308 3562 2358 in

1982 2366 2276 2432 apostolica
2302 2371 2428 2423 sede
2453 2371 2571 2426 fieri
2597 2379 2880 2431 consuevit
2919 2381 2972 2432 in
3015 2385 3188 2456 prima
3224 2389 3560 2449 Ιιιιὺιιηιιιιιιξςι

1980 2447 2424 2526 Quadragesimze
2452 2463 2739 2530 synodum,
2787 2466 2896 2521 Deo
2939 2487 3232 2541 annuente,
3284 2482 3558 2538 celebrare

1979 2538 2352 2608 disposuimus
2378 2565 2390 2599 :
2429 2549 2497 2601 ad
2523 2566 2687 2618 quam
2722 2553 3112 2615 fraternitatem
3139 2575 3284 2620 tuam
3315 2571 3559 2636 singula-

1978 2627 2022 2679 ri
2048 2630 2436 2703 admonitionc,
2467 2647 2520 2692 et
2546 2641 2716 2695 multo
2739 2645 3022 2702 charitatis
3048 2653 3233 2718 atl‘atu,
3262 2663 3557 2727 postposita

1976 2720 2122 2772 omni
2150 2723 2490 2793 negligentia,
2517 2732 2701 2785 venire
2729 2749 2986 2803 rogamus
3011 2751 3062 2792 et
3084 2742 3393 2810 invitamus,
3422 2767 3556 2818 qua-

1977 2822 2136 2881 lenus
2170 2822 2260 2867 tua
2286 2816 2625 2888 aliorumque
2655 2823 2885 2881 fratrum
2932 2842 3242 2888 nostrorum
3280 2841 3556 2896 annuente

1974 2903 2281 2970 prudentia,
2304 2918 2355 2961 et
2369 2911 2633 2978 spirituali
2651 2925 2758 2969 tam
2783 2916 3094 2976 fortitudine
3109 2941 3271 2992 quam
3288 2932 3551 2998 sapientia

1973 2993 2124 3060 impii
2157 3010 2187 3048 a
2217 2998 2333 3051 suis
2365 3003 2648 3056 conatibus
2686 3019 2997 3073 arceantur,
3042 3024 3093 3066 et
3128 3015 3433 3075 Christiana
3471 3042 3551 3076 rc-

1970 3079 2101 3150 1igio
2124 3082 2178 3136 in
2203 3098 2265 3139 ea
2292 3076 2398 3156 qua
2435 3091 2671 3158 primum
2699 3094 2920 3152 fundata
2942 3112 3024 3154 est
3047 3103 3292 3160 libertate
3339 3122 3390 3163 ct
3424 3129 3551 3180 pare

1972 3170 2224 3226 roboretu
2235 3190 2276 3226 r.
2903 3211 2909 3214 -

2043 3261 2173 3317 Data
2197 3264 2402 3332 Romae,
2439 3274 2678 3327 secundo
2719 3273 2901 3334 Nonas
2941 3280 3205 3351 Januarii,
3263 3291 3550 3349 indictione

1973 3351 2182 3408 decima
2215 3359 2391 3412 tertia.
3112 3383 3117 3388 ·

2474 3465 2807 3528 ΕΡΙὸΤΟΙΛ
2868 3477 3048 3535 XLIII.

2277 3574 2343 3610 AD
2385 3575 2629 3617 ιιυοοκειι
2669 3582 2892 3622 ΙΗΕΧΒΕΜ
2930 3586 3233 3631 ιῑιδιδεοιτωι.

2570 3652 2749 3718 (Anno
2779 3655 2959 3727 1075.)

1977 3727 2059 3823 Ut,
2077 3736 2298 3803 recipiat
2324 3757 2354 3790 a
2388 3743 2612 3823 "inclitis
2637 3762 2836 3823 mgna!
2866 3748 3113 3808 Ecclesiae
3161 3762 3428 3820 restituere
3454 3751 3542 3823 ro:

2733 3801 2743 3814 '
2974 3801 3096 3808 ,---..
3161 3801 3415 3820 ..η-ιιιιιιι
3455 3801 3540 3823 αυτ

2040 3801 2385 3891 [tunicasque
2409 3811 2666 3879 absoluat,
2693 3818 2795 3883 ﬁde
2817 3832 3028 3888 accepta
3071 3828 3140 3877 ad
3169 3836 3419 3891 stnwdum
3457 3857 3540 3891 ινδ

2040 3957 2348 4020 ϐιιεςοιιιιῑε
2376 3969 2683 4041 episc0pus,
2721 3990 2910 4031 servus
2943 3995 3222 4038 servorum
3263 3988 3351 4041 Dei
3382 4034 3395 4055 ,
3430 3992 3536 4046 llr-

1969 4060 2112 4110 CONI,
2142 4049 2195 4103 in
2223 4051 2531 4123 Burgundia
2560 4058 2737 4115 Diensi
2771 4066 3044 4135 episcopo,
3080 4071 3305 4128 salutem
3330 4089 3380 4131 et
3404 4097 3536 4148 apt»

1970 4138 2215 4194 stolicam
2253 4142 2704 4204 benedictionem.

2033 4223 2257 4281 Videtur
2288 4232 2445 4286 nobis
2471 4241 2528 4285 ut
2557 4238 2702 4303 quod
2728 4238 2822 4293 filii
2864 4239 3120 4302 Ecclesia:
3151 4257 3255 4305 tua:
3284 4254 3349 4308 dc
3375 4256 3536 4311 rebus

1965 4312 2344 4371 ecclesiasticis
2389 4322 2577 4374 volunt
2638 4325 2734 4380 tibi
2767 4331 2989 4386 reddere
3031 4339 3279 4407 recipias,
3333 4361 3537 4416 eosque

1965 4400 2212 4458 absolvas
2252 4407 2340 4460 tali
2376 4418 2582 4477 tenore,
2640 4423 2699 4469 ut
2743 4418 2866 4475 data
2903 4421 3262 4495 ﬁtle'quidam
3318 4400 3530 4495 illorum

1964 4493 2279 4558 promittant
2307 4505 2485 4552 tecum
2520 4503 2703 4558 venire
2734 4507 2800 4560 ad
2826 4525 2927 4565 nos
2953 4493 3208 4581 Romam,
3240 4523 3482 4581 videlicet
3515 4572 3527 4592 ,

1965 4579 2072 4635 Deo
2123 4594 2386 4675 auctor-0,.
2422 4592 2489 4645 ad
2533 4596 2797 4664 synodum
2848 4601 3269 4675 celebrandam,
3326 4627 3382 4668 ut
3429 4619 3536 4675 illic

1960 4671 2102 4740 quod
2155 4676 2310 4730 nobis
2355 4658 2532 4735 Fatum
2563 4658 2752 4738 'visum
2798 4686 2962 4743 fuerit
3002 4707 3278 4764 peragant.
3343 4702 3532 4762 Melius

1957 4763 2100 4814 enim
2133 4764 2290 4818 nobis
2321 4767 2494 4836 placet
2535 4779 2594 4825 ut
2637 4788 2736 4842 pro
2785 4777 2982 4844 pietate
3019 4782 3288 4841 interdum
3347 4808 3530 4859 reprc-o

1958 4847 2232 4916 hendaris,
2258 4869 2419 4922 quam
2455 4874 2550 4924 pro
2577 4862 2742 4915 nimia
2785 4871 3067 4922 severitate
3108 4874 3159 4924 in
3195 4877 3375 4929 odium
3420 4879 3524 4934 Ec-

1957 4938 2134 4994 clesia:
2184 4951 2288 4997 tua;
2329 4948 2535 5003 venias.
2583 4949 2754 5008 Debes
2787 4956 2999 5023 quidem
3049 4959 3187 5012 filios
3230 4971 3352 5019 tuos
3396 4972 3520 5036 quia

1957 5029 2119 5085 rudes
2145 5042 2270 5085 snnt
2286 5043 2342 5088 et
2368 5035 2567 5090 indocti
2594 5042 2924 5105 conspicere,
2959 5051 3010 5094 ct
3031 5045 3096 5097 ad
3135 5050 3351 5106 meliora
3384 5072 3509 5123 pau-

1955 5114 2104 5167 latim
2142 5133 2456 5185 provocare,
2490 5125 2614 5188 quia
2648 5140 2805 5178 nemo
2857 5140 3075 5196 repente
3115 5133 3174 5188 ﬁt
3230 5155 3478 5199 summus
3505 5186 3519 5210 ,

1953 5209 2006 5254 et
2027 5203 2133 5256 alta
2168 5205 2392 5258 arditicia
2425 5211 2680 5273 paulatim
2718 5215 3072 5273 aedificantur.

2021 5283 2151 5340 Data
2183 5285 2386 5356 Romae,
2434 5292 2600 5351 Nonis
2653 5299 2916 5372 lassat-ii,
2971 5311 3262 5371 indictione
3309 5319 3513 5376 decima

1950 5374 2124 5427 tertia.

2451 5467 2782 5532 EPISTULA
2821 5481 3001 5539 XLIV.

2269 5572 2333 5609 AD
2360 5575 2548 5614 Jl'DI'I'H
2573 5579 2918 5625 ιιιτκῡλιιοιιυιι
2942 5589 3186 5639 ιιεῦικιυι.

2536 5653 2713 5718 {Anno
2763 5657 2941 5727 1075.)

1947 5728 2133 5781 Plures
2168 5741 2389 5816 recenset
2413 5752 2599 5789 causas
2646 5743 2859 5795 sincera:
2901 5759 3021 5816 erga
3048 5765 3161 5801 eum
3187 5752 3517 5816 dilectio/#5..

2017 5798 2054 5816 l"
2069 5813 2081 5816 _
2097 5814 2120 5816 κς
2136 5813 2148 5816 Α
2164 5813 2177 5816 Α
2222 5814 2235 5816 ς
2249 5807 2276 5816 ιν
2364 5802 2374 5812 ⁸
2615 5815 2619 5816 ⁷
2711 5810 2721 5816 ¹
2861 5813 2868 5816 ”

2015 5797 2328 5850 Consolatur
2358 5802 2463 5866 ipsa
2477 5821 2542 5866 m,
2573 5815 2620 5856 et
2652 5810 2721 5858 ad
2760 5797 3369 5871 patientiammfiormtur.
3399 5797 3503 5876 lic:

3131 5913 3192 5966 I5
