4218 6448
720 592 825 648 335

1352 589 1407 644 s.
1447 591 1769 648 GREGORll
1811 595 1897 649 vn
1930 572 2135 651 eam
2167 595 2447 674 OPERUM‘
2483 582 2735 675 must.
2775 626 2841 635 —
2880 595 3300 653 uecrsruen.

3829 607 3920 662 396

788 721 931 783 ruunt
952 719 1199 783 segmina
1228 720 1343 773 qua:
1365 706 1433 757 ‘ad
1453 707 1564 774 ejus
1587 706 1830 783 honorem
1850 717 1901 760 et
1925 708 2149 761 salutent
2167 684 2277 777 per—
2303 711 2348 767 Α
2376 708 2481 761 tius
2508 708 2736 762 extollit.
2760 690 2838 760 llli
2881 709 3025 760 enim
3050 725 3146 761 sua
3184 708 3483 767 humilitate
3518 724 3790 783 teguntur,
3841 720 3919 773 isti

789 773 953 826 tinent
983 770 1197 825 libenter
1218 770 1519 826 curaturum
1545 777 1749 828 asserit.

788 882 1427 951 Cucconwsepiscopus,
1471 900 1661 939 servus
1702 900 1980 939 servorum
2031 885 2144 953 Dei,
2177 886 2274 941 Ju-

718 987 845 1025 nmt
883 968 1431 1041 (369)1lungarorum
1464 973 1679 1042 reginae,
1714 974 1943 1027 salutem
1973 983 2028 1028 et
2056 984 2275 1044 aposto-

717 1059 876 1113 licam
908 1058 1358 1113 benedictionem.

786 1145 962 1201 Multae
998 1162 1060 1200 ac
1082 1146 1308 1200 diversa:
1356 1162 1532 1200 causa:
1581 1155 1727 1212 sunt,
1764 1157 1985 1217 propter
2024 1166 2161 1219 quas
2192 1151 2276 1204 in-

715 1237 847 1288 timo
878 1246 931 1289 et
953 1234 1163 1290 Sincero
1187 1237 1365 1290 cordis
1395 1234 1586 1289 alfectu
1632 1245 1683 1290 te
1724 1238 2013 1307 diligimus.
2067 1238 2269 1306 Primo,

714 1326 970 1393 quoniam
997 1341 1063 1379 ex
1094 1326 1501 1379 universalitate
1524 1327 1760 1394 suscepti
1795 1329 2073 1396 regiminis
2095 1330 2272 1383 omni-

713 1413 815 1469 bus
835 1414 926 1483 qui
961 1413 1013 1465 in
1038 1411 1256 1466 Christo
1310 1422 1436 1466 sunt
1496 1412 1769 1466 debitores
1816 1430 2024 1469 sumus.
2072 1414 2272 1472 Deinde

711 1504 967 1573 quoniam
981 1502 1329 1556 clarissimus
1349 1503 1643 1570 imperator
1673 1502 1935 1559 Henricus
1956 1514 2107 1574 pater
2122 1515 2267 1572 tuus,

708 1602 763 1646 et
788 1592 967 1662 Agnes
1001 1602 1173 1649 mater
1204 1602 1293 1648 tua
1314 1594 1427 1663 jam
1452 1611 1595 1649 nunc
1622 1610 1729 1648 non
1784 1597 2119 1662 humanitus,
2174 1598 2268 1653 sed

711 1679 804 1734 Dei
828 1681 1197 1736 misericordia
1255 1683 1467 1737 cmlitus
1524 1683 1836 1752 imperatrix
1889 1684 2151 1754 Augusta,
2200 1700 2267 1741 ex

707 1787 817 1840 quo
848 1788 933 1826 me
980 1782 1368 1842 cognoverunt,
1405 1788 1504 1841 pro
1544 1789 1640 1827 sua
1672 1774 2040 1843 magnitudine
2090 1775 2266 1829 hono-

706 1860 857 1915 riflcc
879 1869 933 1916 et
954 1877 1065 1931 pra:
1085 1863 1297 1917 caeteris
1322 1870 1527 1917 sancta:
1560 1862 1817 1917 Romanae
1842 1862 2094 1919 Ecclesiae
2141 1866 2266 1921 filiis

706 1949 1023 2005 charitative
1043 1952 1369 2019 habuerunt,
1393 1960 1447 2006 et
1476 1953 1706 2007 maxime
1747 1954 1872 2021 quia
1906 1970 2050 2009 nunc
2077 1955 2263 2009 eadem

2377 796 2703 873 veroinnata
2740 796 2841 849 sibi
2864 786 3179 850 celsitudine
3212 801 3529 867 produntur.
3576 803 3688 873 Age
3722 822 3851 876 ergo
3871 819 3921 864 ut

2370 882 2628 939 Omnibus
2650 900 2770 954 qua:
2800 900 3023 953 regnum
3052 884 3153 938 fert
3173 896 3226 939 et
3248 888 3529 956 imperium
3559 900 3707 945 tanto
3756 903 3807 947 te
3838 914 3921 949 ex-

2372 974 2734 1028 cellentiorem
2763 975 3037 1039 ostendas,
3061 986 3265 1044 quanto
3295 993 3358 1059 ea
3389 981 3568 1033 omnia
3609 984 3817 1036 mutari
3834 1000 3918 1038 co-

2372 1062 2608 1131 gnoscis.
2647 1059 2816 1116 Tuam
2840 1077 2969 1116 vero
2992 1071 3242 1117 naturam
3272 1074 3325 1119 et
3371 1067 3647 1135 imperiale
3686 1087 3917 1140 germen,

2370 1151 2515 1221 quod
2540 1160 2593 1204 te
2634 1162 2736 1217 est,
2762 1152 2923 1206 nullis
2944 1155 3286 1210 successibus
3331 1156 3563 1223 nullisve
3588 1159 3919 1216 adversitati-

2370 1238 2472 1296 bus
2496 1243 2694 1295 mutari
2755 1258 2916 1311 posse
2957 1259 3247 1313 proponas.
3285 1245 3359 1300 Dc
3409 1256 3604 1302 caetero
3632 1251 3777 1318 quod
3828 1268 3921 1307 nos

2371 1339 2596 1383 matrem
2623 1339 2770 1384 tuam
2803 1333 2868 1386 de
2888 1348 3051 1386 causa
3077 1342 3166 1387 tua
3202 1336 3525 1403 compellare
3574 1340 3796 1407 rogasti,
3830 1356 3920 1410 pro

2369 1428 2517 1473 certo
2546 1421 2709 1487 scias,
2738 1436 2836 1475 nos
2867 1424 3047 1475 omnia
3072 1439 3192 1492 qua:
3229 1425 3295 1497 ad
3322 1425 3582 1480 honorem
3626 1437 3680 1481 et
3700 1431 3918 1485 salutem

2369 1513 2516 1560 tuam
2548 1510 2819 1577 pertinent
2838 1520 2893 1563 et
2918 1512 3248 1567 consulendo
3292 1500 3520 1569 libenter
3550 1518 3600 1570 ci
3636 1519 3883 1574 intimare
3903 1562 3917 1585 ,

2367 1603 2422 1649 et
2441 1598 2810 1665 persuadendo
2842 1608 2900 1652 ut
2919 1600 3066 1654 'fiant
3115 1603 3408 1670 apostolica
3450 1604 3679 1675 benigne
3708 1608 3918 1677 adjuto-

2368 1684 2447 1738 ria
2480 1685 2748 1740 exhibere.
2779 1686 2920 1742 Deus
2951 1693 3129 1742 autem
3173 1692 3513 1759 omnipotens
3538 1694 3631 1762 qui
3675 1705 3758 1749 est
3786 1713 3919 1752 mte-

2366 1776 2574 1826 storum
2600 1775 2919 1838 consolatio,
2949 1768 3335 1831 infirmantium
3376 1777 3653 1846 fortitudo,
3688 1798 3918 1851 praesen~

2365 1869 2472 1916 tem
2506 1863 2661 1919 vobis
2692 1864 2929 1918 lzetitiam
2964 1866 3073 1919 cito
3124 1866 3387 1937 conferat,
3437 1877 3491 1922 et
3537 1886 3719 1925 veram
3767 1884 3919 1930 teter-

2364 1968 2597 2025 namque
2630 1956 2855 2025 gloriam
2893 1972 3139 2025 superna:
3161 1957 3433 2013 felicitatis
3457 1962 3677 2015 tribuat.

704 2045 879 2091 mater
905 2046 960 2093 et
986 2038 1207 2093 domina
1241 2047 1353 2107 tua,
1381 2040 1695 2109 postpositis
1746 2020 2095 2094 saecularibus
2132 2056 2265 2094 cau-
2297 2020 2341 2074 Β
2433 2020 2567 2096 Data
2601 2020 2805 2109 Romae,
2836 2020 3034 2113 quarto
3062 2043 3186 2099 ldus
3219 2044 3483 2115 Januarii,
3510 2048 3803 2106 indictione
3827 2051 3918 2120 de:

702 2126 778 2181 sis
803 2136 857 2181 et
884 2122 1203 2194 honeribus,
1229 2131 1599 2199 apostolorum
1629 2131 1817 2185 limina
1840 2140 1951 2185 tota
1981 2131 2266 2187 devotione

700 2225 755 2270 et
776 2218 1125 2273 veneratione
1158 2218 1561 2289 complectitur:
1594 2235 1660 2273 ex
1695 2220 1852 2290 cujus
1884 2220 2099 2290 quidem
2129 2236 2263 2290 pra:-

632 2300 636 2302 ⁷
699 2306 873 2360 sentia
917 2307 1058 2360 inter
1102 2306 1266 2375 hujus
1318 2307 1501 2362 saeculi
1556 2297 1786 2377 nequam
1826 2311 2262 2378 perturbationes

644 2465 647 2467 ἓ
699 2409 841 2463 s:epe
893 2397 1051 2451 nobis
1093 2405 1311 2465 accepta
1352 2398 1542 2451 solatia
1580 2397 1953 2452 conferuntur.
1997 2399 2259 2457 Praeterea

699 2483 930 2535 multum
954 2492 1005 2536 te
1026 2484 1371 2538 commendat
1398 2484 1556 2538 nobis
1576 2493 1669 2538 tua
1708 2487 1966 2554 praeclara
1988 2495 2042 2541 et
2064 2488 2261 2559 inclyta

691 2569 861 2635 fama,
899 2571 1042 2639 quod
1065 2571 1118 2623 iu
1155 2580 1267 2623 tam
1309 2580 1492 2624 tenera
1531 2580 1688 2625 aetate
1738 2571 1881 2625 inter
1926 2586 2172 2641 asperam
2207 2584 2262 2629 ct

693 2658 1023 2729 incognitam
1066 2669 1281 2730 gentem
1334 2661 1548 2730 generis
1579 2661 1655 2715 tui
1690 2662 1915 2730 gloriam
1948 2663 2255 2719 decorasti:

692 2750 891 2819 quippe
915 2766 1035 2819 qua:
1056 2751 1109 2803 in
1141 2751 1355 2817 excelso
1391 2759 1515 2829 nata
1540 2752 1768 2821 imperio
1802 2754 1935 2807 nihil
1969 2754 2023 2807 in
2047 2753 2258 2811 actibus

592 2826 593 2829 “
692 2849 746 2891 et
777 2840 829 2892 in
862 2841 1175 2895 habitudine
1205 2850 1296 2895 tua
1322 2842 1429 2895 nisi
1458 2826 1627 2897 decus
1676 2843 1951 2911 imperiale
1994 2846 2258 2902 hactenus

692 2928 1093 2983 demonstrasti.
1122 2927 1239 2994 llis,
1283 2929 1535 2997 inquam,
1567 2930 1634 2984 de
1674 2932 1856 2985 causis
1888 2947 2008 2997 nos,
2060 2934 2258 3002 quibus
2314 2999 2319 3003 ρ

689 3015 875 3071 fallere
904 3032 1229 3086 quemquam
1261 3014 1414 3071 nefas
1444 3025 1547 3082 est,
1574 3017 1628 3070 in
1655 3018 1774 3072 loco
1805 3033 2076 3087 germana:
2097 3035 2256 3075 soro-

689 3106 766 3159 ris
800 3115 849 3159 tc
874 3106 1166 3176 diligimus,
1201 3115 1274 3172 et,
1312 3106 1356 3161 si
1396 3105 1525 3175 quid
1559 3108 1833 3164 orationes
1867 3117 2066 3163 nostrae
2115 3112 2254 3179 apud

688 3194 855 3249 Deum
886 3196 1084 3261 valent,
1110 3210 1216 3249 non
1232 3194 1628 3251 infructuosam
1653 3212 1778 3267 erga
1824 3204 1876 3252 te
1894 3206 2135 3254 nostram
2167 3199 2254 3254 fo-

690 3279 749 3337 re
772 3284 1066 3339 amicitiam
1092 3285 1146 3337 in
1169 3282 1265 3338 Dei
1290 3285 1488 3352 pietate
1516 3285 1858 3340 confidimus.
1891 3284 2044 3342 Scias
2086 3289 2246 3346 etiam

687 3374 833 3443 quod
866 3376 932 3441 de
964 3375 1405 3429 tribulationibus
1427 3383 1480 3430 et
1505 3376 1788 3445 angustiis,
1826 3393 1963 3446 quas
2003 3388 2055 3432 te
2080 3381 2246 3433 susti-

687 3479 816 3519 nere
840 3447 1401 3533 cognovimus,’valde
1449 3465 1712 3530 dolemus,
1766 3474 1821 3519 et
1877 3464 2113 3521 divinam
2140 3470 2249 3523 cle-

687 3552 943 3606 mentiam
975 3566 1073 3621 pro
1102 3551 1280 3620 quiete
1303 3560 1356 3605 et
1377 3551 1557 3605 laetitia
1581 3560 1673 3606 tua
1704 3552 2014 3623 frequenter
2044 3563 2098 3610 ct
2120 3573 2248 3627 sup—

684 3640 897 3709 pliciter
921 3640 1293 3709 imploramus.
1330 3638 1399 3693 Et
1423 3640 1467 3697 si
1493 3641 1710 3709 quando
1735 3640 1888 3697 locus
1913 3653 2016 3698 aut
2036 3654 2245 3715 tempus

684 3730 1143 3798 opportunitatem
1163 3726 1390 3797 dederit,
1417 3731 1805 3799 temporalibus
1826 3747 2042 3803 quoque
2067 3736 2245 3790 subsi-

684 3818 862 3871 tliis'e
900 3819 1167 3872 honorare
1199 3819 1601 3886 quammaxime
1652 3820 1922 3888 cupimus.
1978 3821 2242 3878 Caeterum

686 3918 751 3958 ea
778 3920 899 3975 qua:
929 3920 1074 3959 nunc
1112 3906 1208 3959 tibi
1244 3906 1428 3975 instat
1474 3907 1774 3961 adversitas
1804 3922 1913 3961 non
1944 3917 1997 3963 te
2024 3918 2240 3977 terreat,

687 4005 789 4046 nec
830 4000 1063 4045 mentem
1110 3988 1229 4058 tua!
1264 3993 1640 4061 generositatis
1689 3995 1988 4063 deprimat;
2034 3999 2147 4064 sed,
2196 4002 2241 4055 si

685 4080 816 4151 quid
855 4089 1111 4134 maestum
1166 4089 1261 4134 aut
1319 4096 1481 4150 grave
1526 4082 1808 4151 ingruerit,
1855 4085 2005 4137 vultu
2048 4088 2243 4156 regalis

685 4172 1001 4227 constantiae
1024 4179 1283 4242 gestuque
1328 4171 1607 4225 dissimula
1630 4162 1659 4238 ,7
1683 4180 1737 4227 et
1782 4174 2037 4229 molestas
2061 4217 2075 4240 ,
2107 4192 2243 4245 quas

685 4259 829 4314 Deus
853 4269 1076 4326 avertat,
1101 4274 1294 4315 causas
1326 4261 1554 4313 naturali
1589 4276 1801 4315 morum
1830 4270 2045 4316 tuorum
2068 4264 2239 4317 virtu-

683 4360 737 4407 te
762 4352 1029 4421 patienter
1070 4352 1258 4405 tolera.
1310 4348 1587 4410 Fiduciam
1612 4361 1665 4406 ct
1684 4367 1836 4421 spem
1892 4352 2101 4417 ﬁrmam
2141 4355 2237 4409 ha-

2362 2130 2505 2189 cima
2530 2132 2707 2186 tertia.

2880 2243 3213 2300 EPISTOLA
3239 2245 3409 2300 XLV.

2358 2350 2427 2389 AD
2456 2350 2769 2391 RODULPHUH
2805 2347 3028 2400 SUEVIE,
3075 2352 3143 2389 ΕΤ
3200 2352 3581 2391 Βειιτιιυιιπιιιςω
3643 2354 3913 2394 (ἈΒΕΝΤΛ-

2954 2419 3082 2469 nun,
3132 2419 3316 2461 ncces.

2912 2514 2915 2519 ί
2941 2496 3119 2566 (Anno
3156 2495 3337 2565 1075.)

2358 2600 2631 2657 Invelritur
2682 2603 2738 2655 in
2784 2603 3077 2671 episcopos,
3118 2600 3228 2671 qui
3258 2600 3605 2671 inobedientcs
3656 2618 3807 2671 grani
3861 2620 3914 2656 tu

2420 2672 2754 2740 exsequendis
2780 2669 3080 2740 apostolica:
3122 2670 3258 2722 sedis
3282 2670 3499 2740 decretis
3546 2670 3610 2722 de
3646 2669 3914 2724 Simouia-

2421 2741 2497 2793 cis
2518 2738 2567 2792 et
2603 2738 2903 2808 fornicariis
2927 2738 3131 2791 clericis
3158 2754 3176 2790 :
3217 2754 3377 2808 quare
3422 2738 3576 2790 duces
3621 2752 3792 2791 ntouet
3834 2750 3911 2802 ut,

2423 2806 2751 2878 quoscunque
2806 2806 3130 2878 Simouiacos
3179 2806 3272 2878 aut
3305 2807 3617 2878 fornicarios
3662 2824 3912 2877 cogitare-

2426 2874 2555 2942 rint,
2584 2874 2881 2930 nullatenus
2912 2877 3203 2944 recipiant:
3233 2874 3565 2943 Rodulplmm
3614 2874 3740 2928 vero
3785 2878 3910 2928 lior-

2428 2953 2593 3023 totur,
2616 2954 2672 2998 ut
2694 2946 2918 3025 pretium
2939 2945 3077 3026 quod
3102 2944 3466 3026 beneﬁciorum
3514 2959 3672 2997 causa
3694 2962 3724 2996 a
3750 2945 3909 2998 cleri-

2421 3013 2497 3064 cis
2527 3023 2795 3080 acceperat
2823 3014 2879 3070 in
2902 3013 3015 3080 pios
3048 3028 3173 3065 usus
3195 3020 3384 3081 eroget.

2424 3100 2729 3156 GREGOIUUS
2756 3102 3061 3171 episcopus,
3095 3116 3285 3155 servus
3322 3117 3603 3156 servorum
3634 3102 3750 3169 Dei,
3805 3103 3908 3157 Ilo-

2352 3206 2554 3246 nucrno
2604 3190 2727 3245 duci
2780 3188 3008 3254 Sueviae,
3040 3196 3201 3257 atque
3249 3186 3540 3256 Bertulpbo
3588 3190 3734 3261 (570)
3786 3191 3909 3244 duci

2350 3281 2687 3345 Carentano,
2724 3280 2952 3334 salutem
2981 3287 3034 3332 et
3071 3277 3421 3346 apostolicam
3457 3278 3905 3349 benedictionem.

2419 3367 2634 3422 Scimus
2665 3368 2925 3436 ’quoniam
2962 3366 3243 3438 prudentia
3302 3374 3480 3421 vestra
3539 3368 3907 3423 miserabilem

2345 3459 2666 3515 Christiana:
2692 3444 2969 3530 religionis
2989 3460 3373 3514 desolationem
3401 3454 3697 3529 perspicaci
3756 3460 3909 3518 men-

2345 3560 2397 3604 te
2420 3550 2716 3619 perpendit,
2742 3562 2863 3619 quaa
2897 3565 2994 3618 pro
3040 3549 3274 3618 peccatis
3308 3548 3511 3603 nostris
3563 3549 3617 3601 in
3644 3564 3707 3603 ea
3758 3564 3905 3602 nunc

2343 3641 2679 3694 extremitate
2700 3628 3008 3710 estpasita,
3045 3648 3104 3694 ut
3137 3639 3439 3697 infeliciora
3471 3647 3715 3708 tempora
3742 3656 3905 3695 nemo

2341 3728 2632 3783 viventium
2657 3730 2864 3795 viderit,
2905 3744 3003 3783 nec
3024 3743 3055 3781 a
3077 3736 3319 3797 tempore
3346 3728 3486 3782 beati
3522 3727 3774 3784 Silvestﬁ
3804 3729 3904 3783 Pa-

2342 3819 2442 3872 tris
2467 3808 2639 3873 nostri
2666 3818 3053 3887 s¢ripturarum
3075 3818 3362 3871 traditione
3385 3819 3661 3893 repereyit.
3697 3818 3903 3883 Verum

2334 3905 2505 3981 hujus
2526 3906 2662 3959 tanti
2684 3906 2810 3960 mali
2844 3920 2945 3960 nos
2971 3915 3136 3974 caput
3157 3913 3212 3958 ct
3237 3920 3632 3961 causausumus
3656 3947 3673 3971 ,
3709 3906 3809 3975 q'ul
3835 3906 3902 3961 ad

2342 3994 2632 4061 regendum
2660 3994 2916 4061 populum
2946 3992 3171 4061 praelati,
3196 4002 3252 4046 et
3271 4008 3369 4062 pro
3386 3994 3671 4055 lucrandis
3691 3996 3902 4050 anima-

2329 4077 2443 4151 bus
2464 4078 2699 4146 episcopi
2728 4078 2904 4132 vocati
2930 4086 2985 4131 et
3015 4076 3294 4132 constituti
3337 4093 3545 4133 sumus.
3579 4079 3663 4133 Ab
3709 4073 3899 4137 eorum

2334 4182 2575 4235 namque
2616 4167 3028 4235 principatibus,
3070 4166 3225 4245 velut
3264 4180 3295 4219 a
3347 4166 3673 4235 quibusdam
3729 4171 3901 4227 initiis

2341 4256 2680 4309 subditorum
2708 4255 2847 4309 bona
2870 4255 2952 4308 vel
2980 4255 3121 4309 mala
3140 4255 3522 4324 veniunt,‘qui,
3552 4266 3649 4312 aut
3672 4262 3901 4316 munda-

2338 4359 2437 4399 nas
2455 4343 2771 4414 dignitates,
2803 4352 2898 4398 aut
2930 4344 3298 4415 magisterium
3322 4345 3601 4414 Spirituale
3639 4364 3898 4420 suscepe-

684 4435 819 4493 bcns
875 4439 929 4493 in
975 4438 1085 4492 Deo
1137 4438 1417 4493 Salvatore
1448 4446 1653 4505 nostro,
1684 4440 1939 4509 quoniam
1975 4441 2074 4509 ipsi
2108 4457 2237 4497 cura
2336 4444 2483 4501 runt,
2509 4436 2603 4505 qui
2630 4436 2759 4516 dum
2787 4436 2920 4489 nihil
2949 4435 3095 4505 aliud
3121 4436 3227 4490 nisi
3254 4434 3480 4506 gloriam
3517 4445 3571 4491 et
3590 4429 3896 4519 voluptates

684 4527 859 4579 estde
882 4534 953 4591 te,
979 4527 1071 4596 qui
1098 4541 1372 4595 nunquam
1418 4528 1743 4596 derelinquit
1772 4533 2049 4597 sperantes
2094 4530 2153 4584 in
2179 4546 2238 4586 se
2335 4525 2518 4581 muli
2537 4534 2808 4596 quaerunt,
2840 4524 2958 4581 sine
2983 4540 3082 4580 sua
3101 4532 3156 4579 et
3176 4525 3357 4595 populi
3385 4524 3709 4580 confusione
3735 4528 3893 4582 “vive.

688 4611 921 4681 (Iudith.
954 4614 1073 4684 xm)
1101 4634 1114 4668 :
1145 4623 1199 4668 et
1220 4624 1423 4683 quanto
1451 4630 1594 4670 nunc
1641 4616 1881 4669 animum
1913 4616 2064 4673 tuum
2090 4620 2238 4675 solli-
2268 4633 2313 4687 ι)
2335 4622 2395 4669 re
2420 4621 2730 4691 nequeunt;
2777 4611 3035 4681 quoniam
3060 4611 3114 4664 in
3154 4608 3455 4691 malefactis
3480 4626 3645 4678 prava
3679 4622 3889 4691 sectan-

684 4701 1016 4757 citudinibus
1048 4701 1320 4771 verberari
1346 4701 1475 4755 sinit
1497 4702 1746 4757 acerbius
1770 4743 1784 4767 ,
1836 4712 1989 4758 tanto
2017 4718 2140 4759 eum
2171 4721 2237 4760 ex

682 4790 859 4847 vicina
882 4798 935 4844 et
966 4790 1196 4859 potenti.
1208 4790 1405 4843 virtute
1437 4790 1826 4844 consolationis
1851 4794 1964 4844 sua:
2002 4790 2239 4845 laetiﬁca-

630 4938 633 4943 λ
671 4880 761 4936 -bit
786 4877 1166 4947 uberiustse
1194 4878 1347 4932 enim.
1368 4876 1502 4930 nihil
1523 4877 1641 4931 sine
1668 4892 1839 4951 causa
1862 4877 2132 4946 praecipit,
2155 4878 2239 4930 ni-

674 4970 903 5024 bil‘sine
946 4968 1156 5022 ratione
1197 4966 1475 5036 permittit,
1518 4968 1613 5037 qui
1656 4981 1843 5036 regum
1865 4974 1919 5021 et
1948 4967 2237 5036 imperato-

680 5072 803 5111 rum
825 5058 1173 5126 omniumque
1194 5054 1481 5110 cauSarum
1524 5070 1711 5123 aequus
1745 5054 1945 5108 arbiter
1970 5062 2025 5108 et
2048 5054 2237 5109 mode-

682 5151 831 5197 rator
849 5145 1048 5199 existit.
1084 5144 1277 5198 Verum
1309 5142 1448 5195 inter
1468 5141 1650 5195 omnia
1684 5148 1737 5195 te
1766 5140 1819 5195 i‘d
1859 5155 2015 5209 agere
2034 5148 2089 5193 et
2118 5148 2235 5195 stu-

682 5229 809 5283 dere
836 5242 1145 5292 monemus,
1161 5238 1222 5283 ut
1250 5230 1567 5298 praclarum
1620 5242 1815 5281 nomen
1850 5227 1975 5281 vitae
1998 5240 2061 5281 ac
2081 5227 2237 5281 nobi-

683 5318 849 5371 litatis
872 5326 976 5370 tuae
998 5316 1067 5369 ab
1099 5314 1316 5370 ineunte
1340 5326 1497 5372 aetate
1548 5326 1765 5372 nactum
1802 5317 1856 5369 in
1900 5317 2016 5371 dies
2045 5316 2235 5385 ampli-

682 5411 875 5465 ﬁcetur
913 5415 968 5462 et
1011 5414 1239 5469 crescat,
1287 5403 1543 5474 quoniam
1582 5403 1875 5479 {integritas
1923 5409 2081 5465 famte
2112 5411 2235 5465 licet

681 5514 794 5569 prae
822 5495 1032 5553 cunctis
1060 5503 1325 5548 terrarum
1357 5495 1549 5562 opibus
1578 5508 1782 5551 corona
1803 5499 1875 5551 sit
1896 5499 2157 5565 nobilium
2179 5508 2234 5554 et

683 5590 1001 5659 gnobllium.
1036 5573 1213 5639 tanto.
1237 5593 1418 5638 tamen
1452 5584 1744 5654 unicuique
1776 5585 1897 5652 plus
1928 5590 2232 5644 ornamenti

681 5691 733 5735 et
755 5682 937 5752 gloria
963 5678 1169 5743 tribuit,
1193 5680 1398 5746 quanto
1426 5691 1550 5729 eum
1579 5675 1869 5733 eminentia
1926 5677 2136 5744 generis
2154 5681 2234 5732 al-

752 5790 900 5869 (369)
964 5790 1039 5869 De
1070 5788 1251 5869 Judilh
1300 5787 1625 5869 Salaminiis
1656 5784 2033 5869 illunn'garornm
2089 5788 2231 5855 regis

684 5874 851 5914 uxore
882 5858 1197 5912 Lamber'tus
1230 5872 1370 5913 anno
1420 5857 1543 5910 l06l
1580 5865 1633 5910 et
1660 5856 1810 5937 £065.
2060 5898 2095 5925 η.

2338 4710 2419 4756 tes
2432 4689 2717 4765 desideria,
2742 4707 2798 4754 et
2822 4713 2933 4752 sua:
2954 4697 3292 4751 auctoritatis
3312 4686 3555 4765 jura'pcr
3577 4686 3795 4767 culpam
3826 4700 3886 4752 li-

2336 4796 2484 4860 gant,
2506 4797 2559 4843 et
2580 4789 2700 4843 aliis
2719 4786 2972 4857 peccandi
2998 4801 3094 4855 per
3107 4785 3412 4853 exemplum
3440 4783 3595 4840 frena
3620 4786 3888 4843 relaxant.

2308 4874 2519 4949 Neque
2554 4877 2699 4932 enim
2744 4890 2839 4945 per
2863 4874 3223 4945 ignorantiam
3263 4874 3675 4947 autimprovidi
3711 4877 3889 4932 delin-

2328 4960 2528 5038 quunt,
2554 4966 2646 5021 sed
2668 4970 3096 5036 prgsumptuosa
3115 4964 3475 5020 obstinatione
3504 4964 3732 5035 Spiritui
3764 4983 3891 5023 san-

2334 5065 2424 5114 cto
2450 5056 2778 5120 resistentes,
2794 5054 3001 5123 divinas
3019 5070 3156 5125 quas
3193 5065 3559 5125 cognoverunt
3582 5055 3729 5126 leges
3746 5057 3888 5126 abii-
3910 5120 3924 5128 ,

2334 5146 2513 5211 ciunt,
2565 5138 2625 5200 et
2672 5145 2963 5213 apostolica
3017 5146 3232 5201 decreta
3275 5152 3647 5199 contemnunt.
3694 5141 3890 5199 Sciunt

2333 5248 2566 5303 namque
2584 5234 2969 5314 archiepiscopi
2989 5244 3042 5289 et
3062 5234 3299 5303 episcopi
3325 5240 3483 5286 terra:
3502 5238 3720 5314 vestrae,
3740 5232 3887 5302 quod

2333 5333 2386 5379 et
2421 5325 2671 5378 omnibus
2686 5312 2937 5378 ﬁdelibus‘
2956 5332 3143 5377 notum
3172 5326 3305 5376 esse
3340 5320 3516 5384 debet,
3542 5312 3808 5387 quoniam
3832 5322 3884 5376 in

2331 5415 2503 5469 sacris
2548 5413 2846 5468 canonibus
2890 5413 3221 5482 prohibitum
3257 5415 3341 5463 est
3362 5415 3424 5461 ut
3462 5407 3517 5461 hi
3544 5408 3640 5477 qui
3665 5424 3764 5479 per
3794 5410 3881 5465 Si-

2330 5503 2631 5558 moniacam
2680 5502 2948 5566 haaresim,
2978 5500 3093 5554 hoc
3136 5503 3221 5552 est
3246 5497 3546 5552 interventu
3589 5501 3775 5568 pretii,
3815 5502 3882 5556 ad

2322 5586 2563 5660 aliquem
2611 5604 2891 5645 sacrorum
2938 5587 3213 5670 ordinum.
3239 5584 3461 5654 gradum
3510 5587 3596 5642 vel
3642 5588 3880 5645 oﬁcium

2328 5679 2561 5747 promoti
2608 5686 2753 5743 sunt,
2805 5676 3011 5730 nullum
3048 5674 3103 5727 in
3130 5681 3316 5728 sancta
3363 5672 3601 5757 Ecclesia
3652 5678 3879 5733 ulterius

2399 5790 2545 5907 (7370)
2584 5784 3057 5865 Αιίερεβετιιιοιᾳο,
3099 5792 3160 5845 ut
3182 5785 3321 5855 apud
3352 5786 3701 5846 Lambertum
3734 5803 3878 5844 anno

2436 5858 2469 5907 3
2496 5876 2507 5907 ;
2547 5866 2599 5907 ct
2628 5856 2751 5907 alibi
2786 5853 3067 5907 Bei'tarito.

2333 5853 2469 5909 1073
2496 5853 2599 5919 {et
2628 5855 2751 5909 alibi
2786 5853 3067 5907 Bei'tarito.
3094 5916 3100 5923 ι
3218 5853 3229 5855 ’
3454 5876 3457 5877 ν

4031 5922 4034 6009 l
