  <div class='ocr_page' id='page_1' title='image "/cluster/home/n/w/nwhite01/storage/ocr_20150623/148/uva.x000829792/206.png"; bbox 0 0 4218 6384; ppageno 0'>
   <div class='ocr_carea' id='block_1_1' title="bbox 289 474 395 530">
    <p class='ocr_par' dir='ltr' id='par_1_1' title="bbox 289 474 395 530">
     <span class='ocr_line' id='line_1_1' title="bbox 289 474 395 530; baseline 0 -3"><span class='ocrx_word' id='word_1_1' title='bbox 289 474 395 530; x_wconf 71' lang='lat'><strong>397</strong></span> 
     </span>
    </p>
   </div>
   <div class='ocr_carea' id='block_1_2' title="bbox 1222 448 2515 545">
    <p class='ocr_par' dir='ltr' id='par_1_2' title="bbox 1222 448 2515 545">
     <span class='ocr_line' id='line_1_2' title="bbox 1222 448 2515 545; baseline 0.01 -13"><span class='ocrx_word' id='word_1_2' title='bbox 1222 448 1233 460; x_wconf 84' lang='grc'><em>’</em></span> <span class='ocrx_word' id='word_1_3' title='bbox 1310 481 1506 536; x_wconf 78' lang='lat' dir='ltr'><strong>LIBER</strong></span> <span class='ocrx_word' id='word_1_4' title='bbox 1548 482 1923 540; x_wconf 75' lang='lat' dir='ltr'><strong>SECUNDUS.</strong></span> <span class='ocrx_word' id='word_1_5' title='bbox 1960 517 2028 525; x_wconf 90' lang='lat'>—</span> <span class='ocrx_word' id='word_1_6' title='bbox 2064 485 2277 545; x_wconf 83' lang='lat' dir='ltr'><strong>EPIST.</strong></span> <span class='ocrx_word' id='word_1_7' title='bbox 2314 483 2515 545; x_wconf 80' lang='lat' dir='ltr'><strong>xtvn.</strong></span> 
     </span>
    </p>
   </div>
   <div class='ocr_carea' id='block_1_3' title="bbox 3418 500 3520 562">
    <p class='ocr_par' dir='ltr' id='par_1_3' title="bbox 3418 500 3520 562">
     <span class='ocr_line' id='line_1_3' title="bbox 3418 500 3520 562; baseline 0.02 -1"><span class='ocrx_word' id='word_1_8' title='bbox 3418 500 3520 562; x_wconf 75' lang='lat'><strong>398</strong></span> 
     </span>
    </p>
   </div>
   <div class='ocr_carea' id='block_1_4' title="bbox 289 588 3521 679">
    <p class='ocr_par' dir='ltr' id='par_1_4' title="bbox 289 588 3521 679">
     <span class='ocr_line' id='line_1_4' title="bbox 289 588 3521 679; baseline 0.01 -38"><span class='ocrx_word' id='word_1_9' title='bbox 289 588 647 643; x_wconf 86' lang='lat' dir='ltr'><strong>ministrandi</strong></span> <span class='ocrx_word' id='word_1_10' title='bbox 679 589 859 643; x_wconf 86' lang='lat' dir='ltr'><strong>locum</strong></span> <span class='ocrx_word' id='word_1_11' title='bbox 895 590 1151 657; x_wconf 78' lang='lat' dir='ltr'><strong>habeant,</strong></span> <span class='ocrx_word' id='word_1_12' title='bbox 1187 606 1290 646; x_wconf 86' lang='lat' dir='ltr'><strong>nec</strong></span> <span class='ocrx_word' id='word_1_13' title='bbox 1326 593 1425 658; x_wconf 88' lang='lat' dir='ltr'><strong>illi,</strong></span> <span class='ocrx_word' id='word_1_14' title='bbox 1462 596 1554 663; x_wconf 90' lang='lat' dir='ltr'><strong>qui</strong></span> <span class='ocrx_word' id='word_1_15' title='bbox 1588 596 1642 649; x_wconf 91' lang='lat' dir='ltr'><strong>in</strong></span> <span class='ocrx_word' id='word_1_16' title='bbox 1680 597 1864 651; x_wconf 89' lang='lat' dir='ltr'><strong>crimi-</strong></span> <span class='ocrx_word' id='word_1_17' title='bbox 1894 604 1940 658; x_wconf 77' lang='grc' dir='ltr'>Α</span> <span class='ocrx_word' id='word_1_18' title='bbox 1966 598 2176 667; x_wconf 68' lang='lat' dir='ltr'><strong>Sabbae,</strong></span> <span class='ocrx_word' id='word_1_19' title='bbox 2210 601 2262 655; x_wconf 91' lang='lat' dir='ltr'><strong>in</strong></span> <span class='ocrx_word' id='word_1_20' title='bbox 2280 603 2547 673; x_wconf 87' lang='lat' dir='ltr'><strong>legatione</strong></span> <span class='ocrx_word' id='word_1_21' title='bbox 2578 602 2827 661; x_wconf 72' lang='lat' dir='ltr'><strong>Marchiae</strong></span> <span class='ocrx_word' id='word_1_22' title='bbox 2859 608 3187 679; x_wconf 78' lang='lat' dir='ltr'><strong>constitutis,</strong></span> <span class='ocrx_word' id='word_1_23' title='bbox 3214 614 3441 672; x_wconf 90' lang='lat' dir='ltr'><strong>salutem</strong></span> <span class='ocrx_word' id='word_1_24' title='bbox 3467 628 3521 675; x_wconf 90' lang='lat' dir='ltr'><strong>et</strong></span> 
     </span>
    </p>
   </div>
   <div class='ocr_carea' id='block_1_5' title="bbox 288 676 1864 747">
    <p class='ocr_par' dir='ltr' id='par_1_5' title="bbox 288 676 1864 747">
     <span class='ocr_line' id='line_1_5' title="bbox 288 676 1864 747; baseline 0.008 -19"><span class='ocrx_word' id='word_1_25' title='bbox 288 691 360 729; x_wconf 87' lang='lat' dir='ltr'><strong>ne</strong></span> <span class='ocrx_word' id='word_1_26' title='bbox 396 676 779 730; x_wconf 79' lang='lat' dir='ltr'><strong>fornicationis</strong></span> <span class='ocrx_word' id='word_1_27' title='bbox 792 677 992 745; x_wconf 85' lang='lat' dir='ltr'><strong>jacent,</strong></span> <span class='ocrx_word' id='word_1_28' title='bbox 1021 678 1216 733; x_wconf 87' lang='lat' dir='ltr'><strong>missas</strong></span> <span class='ocrx_word' id='word_1_29' title='bbox 1236 680 1530 747; x_wconf 88' lang='lat' dir='ltr'><strong>celebrare,</strong></span> <span class='ocrx_word' id='word_1_30' title='bbox 1561 692 1653 737; x_wconf 91' lang='lat' dir='ltr'><strong>aut</strong></span> <span class='ocrx_word' id='word_1_31' title='bbox 1670 700 1864 739; x_wconf 88' lang='lat' dir='ltr'><strong>secun-</strong></span> 
     </span>
    </p>
   </div>
   <div class='ocr_carea' id='block_1_6' title="bbox 288 762 1861 828">
    <p class='ocr_par' dir='ltr' id='par_1_6' title="bbox 288 762 1861 828">
     <span class='ocr_line' id='line_1_6' title="bbox 288 762 1861 828; baseline 0.008 -13"><span class='ocrx_word' id='word_1_32' title='bbox 288 763 429 816; x_wconf 87' lang='lat' dir='ltr'><strong>dum</strong></span> <span class='ocrx_word' id='word_1_33' title='bbox 489 762 779 819; x_wconf 84' lang='lat' dir='ltr'><strong>inferiores</strong></span> <span class='ocrx_word' id='word_1_34' title='bbox 815 766 1033 820; x_wconf 83' lang='lat' dir='ltr'><strong>ordines</strong></span> <span class='ocrx_word' id='word_1_35' title='bbox 1060 767 1368 822; x_wconf 89' lang='lat' dir='ltr'><strong>ministrare</strong></span> <span class='ocrx_word' id='word_1_36' title='bbox 1421 770 1580 824; x_wconf 86' lang='lat' dir='ltr'><strong>altari</strong></span> <span class='ocrx_word' id='word_1_37' title='bbox 1614 773 1861 828; x_wconf 83' lang='lat' dir='ltr'><strong>debeant.</strong></span> 
     </span>
    </p>
   </div>
   <div class='ocr_carea' id='block_1_7' title="bbox 288 850 1866 925">
    <p class='ocr_par' dir='ltr' id='par_1_7' title="bbox 288 850 1866 925">
     <span class='ocr_line' id='line_1_7' title="bbox 288 850 1866 925; baseline 0.007 -19"><span class='ocrx_word' id='word_1_38' title='bbox 288 850 430 916; x_wconf 59' lang='lat' dir='ltr'><strong>Quae</strong></span> <span class='ocrx_word' id='word_1_39' title='bbox 462 868 589 907; x_wconf 81' lang='lat' dir='ltr'><strong>cum</strong></span> <span class='ocrx_word' id='word_1_40' title='bbox 638 868 733 908; x_wconf 91' lang='lat' dir='ltr'><strong>eos</strong></span> <span class='ocrx_word' id='word_1_41' title='bbox 778 864 964 908; x_wconf 88' lang='lat' dir='ltr'><strong>sancta</strong></span> <span class='ocrx_word' id='word_1_42' title='bbox 993 863 1049 909; x_wconf 88' lang='lat' dir='ltr'><strong>ct</strong></span> <span class='ocrx_word' id='word_1_43' title='bbox 1084 857 1379 925; x_wconf 91' lang='lat' dir='ltr'><strong>apostolica</strong></span> <span class='ocrx_word' id='word_1_44' title='bbox 1417 868 1591 913; x_wconf 83' lang='lat' dir='ltr'><strong>mater</strong></span> <span class='ocrx_word' id='word_1_45' title='bbox 1628 859 1866 917; x_wconf 72' lang='lat' dir='ltr'><strong>Ecclesia</strong></span> 
     </span>
    </p>
   </div>
   <div class='ocr_carea' id='block_1_8' title="bbox 256 940 1867 1015">
    <p class='ocr_par' dir='ltr' id='par_1_8' title="bbox 256 940 1867 1015">
     <span class='ocr_line' id='line_1_8' title="bbox 256 940 1867 1015; baseline 0.008 -22"><span class='ocrx_word' id='word_1_46' title='bbox 256 946 259 947; x_wconf 66' lang='grc'><strong><em>⁷</em></strong></span> <span class='ocrx_word' id='word_1_47' title='bbox 281 940 405 1009; x_wconf 84' lang='lat' dir='ltr'><strong>jam</strong></span> <span class='ocrx_word' id='word_1_48' title='bbox 439 957 471 995; x_wconf 87' lang='lat' dir='ltr'><strong>a</strong></span> <span class='ocrx_word' id='word_1_49' title='bbox 502 950 745 1011; x_wconf 90' lang='lat' dir='ltr'><strong>tempore</strong></span> <span class='ocrx_word' id='word_1_50' title='bbox 773 942 915 997; x_wconf 87' lang='lat' dir='ltr'><strong>beati</strong></span> <span class='ocrx_word' id='word_1_51' title='bbox 946 942 1143 997; x_wconf 87' lang='lat' dir='ltr'><strong>Leonis</strong></span> <span class='ocrx_word' id='word_1_52' title='bbox 1164 960 1314 1014; x_wconf 79' lang='lat' dir='ltr'><strong>papze</strong></span> <span class='ocrx_word' id='word_1_53' title='bbox 1357 961 1498 1015; x_wconf 68' lang='lat' dir='ltr'><strong>saepe</strong></span> <span class='ocrx_word' id='word_1_54' title='bbox 1534 948 1587 1001; x_wconf 92' lang='lat' dir='ltr'><strong>in</strong></span> <span class='ocrx_word' id='word_1_55' title='bbox 1622 951 1867 1006; x_wconf 88' lang='lat' dir='ltr'><strong>conciliis</strong></span> 
     </span>
    </p>
   </div>
   <div class='ocr_carea' id='block_1_9' title="bbox 286 1029 1865 1101">
    <p class='ocr_par' dir='ltr' id='par_1_9' title="bbox 286 1029 1865 1101">
     <span class='ocr_line' id='line_1_9' title="bbox 286 1029 1865 1101; baseline 0.009 -21"><span class='ocrx_word' id='word_1_56' title='bbox 286 1036 411 1081; x_wconf 88' lang='lat' dir='ltr'><strong>tum</strong></span> <span class='ocrx_word' id='word_1_57' title='bbox 444 1044 539 1097; x_wconf 87' lang='lat' dir='ltr'><strong>per</strong></span> <span class='ocrx_word' id='word_1_58' title='bbox 566 1029 792 1098; x_wconf 80' lang='lat' dir='ltr'><strong>legatos.</strong></span> <span class='ocrx_word' id='word_1_59' title='bbox 819 1039 933 1084; x_wconf 89' lang='lat' dir='ltr'><strong>tum</strong></span> <span class='ocrx_word' id='word_1_60' title='bbox 963 1047 1059 1100; x_wconf 85' lang='lat' dir='ltr'><strong>per</strong></span> <span class='ocrx_word' id='word_1_61' title='bbox 1085 1034 1415 1101; x_wconf 88' lang='lat' dir='ltr'><strong>cpistolasin</strong></span> <span class='ocrx_word' id='word_1_62' title='bbox 1448 1051 1507 1090; x_wconf 88' lang='lat' dir='ltr'><strong>se</strong></span> <span class='ocrx_word' id='word_1_63' title='bbox 1532 1047 1585 1091; x_wconf 91' lang='lat' dir='ltr'><strong>et</strong></span> <span class='ocrx_word' id='word_1_64' title='bbox 1606 1040 1865 1095; x_wconf 89' lang='lat' dir='ltr'><strong>commis-</strong></span> 
     </span>
    </p>
   </div>
   <div class='ocr_carea' id='block_1_10' title="bbox 288 1118 1867 1195">
    <p class='ocr_par' dir='ltr' id='par_1_10' title="bbox 288 1118 1867 1195">
     <span class='ocr_line' id='line_1_10' title="bbox 288 1118 1867 1195; baseline 0.008 -25"><span class='ocrx_word' id='word_1_65' title='bbox 288 1132 385 1171; x_wconf 88' lang='lat' dir='ltr'><strong>sas</strong></span> <span class='ocrx_word' id='word_1_66' title='bbox 414 1118 519 1171; x_wconf 88' lang='lat' dir='ltr'><strong>sibi</strong></span> <span class='ocrx_word' id='word_1_67' title='bbox 545 1118 749 1187; x_wconf 85' lang='lat' dir='ltr'><strong>plebes,</strong></span> <span class='ocrx_word' id='word_1_68' title='bbox 780 1127 963 1187; x_wconf 87' lang='lat' dir='ltr'><strong>utpote</strong></span> <span class='ocrx_word' id='word_1_69' title='bbox 988 1121 1057 1173; x_wconf 87' lang='lat' dir='ltr'><strong>ab</strong></span> <span class='ocrx_word' id='word_1_70' title='bbox 1082 1122 1484 1191; x_wconf 90' lang='lat' dir='ltr'><strong>antiquioribus</strong></span> <span class='ocrx_word' id='word_1_71' title='bbox 1508 1128 1749 1195; x_wconf 87' lang='lat' dir='ltr'><strong>neglecta</strong></span> <span class='ocrx_word' id='word_1_72' title='bbox 1779 1145 1867 1184; x_wconf 89' lang='lat' dir='ltr'><strong>re-</strong></span> 
     </span>
    </p>
   </div>
   <div class='ocr_carea' id='block_1_11' title="bbox 288 1208 1864 1284">
    <p class='ocr_par' dir='ltr' id='par_1_11' title="bbox 288 1208 1864 1284">
     <span class='ocr_line' id='line_1_11' title="bbox 288 1208 1864 1284; baseline 0.009 -25"><span class='ocrx_word' id='word_1_73' title='bbox 288 1222 502 1262; x_wconf 86' lang='lat' dir='ltr'><strong>novare</strong></span> <span class='ocrx_word' id='word_1_74' title='bbox 537 1218 591 1263; x_wconf 90' lang='lat' dir='ltr'><strong>et</strong></span> <span class='ocrx_word' id='word_1_75' title='bbox 617 1208 905 1264; x_wconf 82' lang='lat' dir='ltr'><strong>observare</strong></span> <span class='ocrx_word' id='word_1_76' title='bbox 932 1214 1347 1280; x_wconf 89' lang='lat' dir='ltr'><strong>commonucrit,</strong></span> <span class='ocrx_word' id='word_1_77' title='bbox 1379 1220 1668 1284; x_wconf 80' lang='lat' dir='ltr'><strong>rogaverit,</strong></span> <span class='ocrx_word' id='word_1_78' title='bbox 1702 1227 1755 1272; x_wconf 86' lang='lat' dir='ltr'><strong>et</strong></span> <span class='ocrx_word' id='word_1_79' title='bbox 1770 1235 1864 1273; x_wconf 90' lang='lat' dir='ltr'><strong>ac-</strong></span> 
     </span>
    </p>
   </div>
   <div class='ocr_carea' id='block_1_12' title="bbox 287 1299 1868 1373">
    <p class='ocr_par' dir='ltr' id='par_1_12' title="bbox 287 1299 1868 1373">
     <span class='ocr_line' id='line_1_12' title="bbox 287 1299 1868 1373; baseline 0.008 -21"><span class='ocrx_word' id='word_1_80' title='bbox 287 1307 453 1367; x_wconf 87' lang='lat' dir='ltr'><strong>cepta</strong></span> <span class='ocrx_word' id='word_1_81' title='bbox 483 1315 582 1369; x_wconf 89' lang='lat' dir='ltr'><strong>per</strong></span> <span class='ocrx_word' id='word_1_82' title='bbox 614 1299 834 1355; x_wconf 90' lang='lat' dir='ltr'><strong>Petrum</strong></span> <span class='ocrx_word' id='word_1_83' title='bbox 889 1303 1212 1357; x_wconf 85' lang='lat' dir='ltr'><strong>auctoritate</strong></span> <span class='ocrx_word' id='word_1_84' title='bbox 1251 1304 1523 1373; x_wconf 87' lang='lat' dir='ltr'><strong>jusserit;</strong></span> <span class='ocrx_word' id='word_1_85' title='bbox 1567 1309 1746 1364; x_wconf 87' lang='lat' dir='ltr'><strong>adhuc</strong></span> <span class='ocrx_word' id='word_1_86' title='bbox 1792 1318 1868 1364; x_wconf 87' lang='lat' dir='ltr'><strong>ta-</strong></span> 
     </span>
    </p>
   </div>
   <div class='ocr_carea' id='block_1_13' title="bbox 289 1387 1862 1466">
    <p class='ocr_par' dir='ltr' id='par_1_13' title="bbox 289 1387 1862 1466">
     <span class='ocr_line' id='line_1_13' title="bbox 289 1387 1862 1466; baseline 0.008 -27"><span class='ocrx_word' id='word_1_87' title='bbox 289 1401 422 1439; x_wconf 88' lang='lat' dir='ltr'><strong>men</strong></span> <span class='ocrx_word' id='word_1_88' title='bbox 445 1387 812 1444; x_wconf 89' lang='lat' dir='ltr'><strong>inobedientes</strong></span> <span class='ocrx_word' id='word_1_89' title='bbox 825 1390 1082 1460; x_wconf 77' lang='lat' dir='ltr'><strong>(exceptis</strong></span> <span class='ocrx_word' id='word_1_90' title='bbox 1106 1396 1411 1466; x_wconf 86' lang='lat' dir='ltr'><strong>perpaucis)</strong></span> <span class='ocrx_word' id='word_1_91' title='bbox 1439 1398 1549 1450; x_wconf 90' lang='lat' dir='ltr'><strong>tam</strong></span> <span class='ocrx_word' id='word_1_92' title='bbox 1572 1413 1862 1463; x_wconf 81' lang='lat' dir='ltr'><strong>exsecran-</strong></span> 
     </span>
    </p>
   </div>
   <div class='ocr_carea' id='block_1_14' title="bbox 286 1474 1867 1555">
    <p class='ocr_par' dir='ltr' id='par_1_14' title="bbox 286 1474 1867 1555">
     <span class='ocr_line' id='line_1_14' title="bbox 286 1474 1867 1555; baseline 0.008 -26"><span class='ocrx_word' id='word_1_93' title='bbox 286 1474 423 1529; x_wconf 86' lang='lat' dir='ltr'><strong>dam</strong></span> <span class='ocrx_word' id='word_1_94' title='bbox 458 1479 899 1532; x_wconf 86' lang='lat' dir='ltr'><strong>consuetudinem</strong></span> <span class='ocrx_word' id='word_1_95' title='bbox 957 1482 1461 1555; x_wconf 83' lang='lat' dir='ltr'><strong>nullastuduerunt</strong></span> <span class='ocrx_word' id='word_1_96' title='bbox 1508 1486 1867 1554; x_wconf 88' lang='lat' dir='ltr'><strong>prohibitione</strong></span> 
     </span>
    </p>
   </div>
   <div class='ocr_carea' id='block_1_15' title="bbox 287 1561 1866 1638">
    <p class='ocr_par' dir='ltr' id='par_1_15' title="bbox 287 1561 1866 1638">
     <span class='ocr_line' id='line_1_15' title="bbox 287 1561 1866 1638; baseline 0.008 -22"><span class='ocrx_word' id='word_1_97' title='bbox 287 1561 566 1629; x_wconf 86' lang='lat' dir='ltr'><strong>decidere,</strong></span> <span class='ocrx_word' id='word_1_98' title='bbox 592 1566 739 1633; x_wconf 87' lang='lat' dir='ltr'><strong>nulla</strong></span> <span class='ocrx_word' id='word_1_99' title='bbox 764 1566 1108 1622; x_wconf 79' lang='lat' dir='ltr'><strong>districtione</strong></span> <span class='ocrx_word' id='word_1_100' title='bbox 1132 1570 1361 1638; x_wconf 83' lang='lat' dir='ltr'><strong>punire,</strong></span> <span class='ocrx_word' id='word_1_101' title='bbox 1390 1586 1497 1624; x_wconf 91' lang='lat' dir='ltr'><strong>non</strong></span> <span class='ocrx_word' id='word_1_102' title='bbox 1528 1575 1866 1628; x_wconf 87' lang='lat' dir='ltr'><strong>attendentes</strong></span> 
     </span>
    </p>
   </div>
   <div class='ocr_carea' id='block_1_16' title="bbox 287 1639 1865 1733">
    <p class='ocr_par' dir='ltr' id='par_1_16' title="bbox 287 1639 1865 1733">
     <span class='ocr_line' id='line_1_16' title="bbox 287 1639 1865 1733; baseline 0.011 -29"><span class='ocrx_word' id='word_1_103' title='bbox 287 1654 443 1722; x_wconf 84' lang='lat' dir='ltr'><strong>quod</strong></span> <span class='ocrx_word' id='word_1_104' title='bbox 469 1655 730 1724; x_wconf 91' lang='lat' dir='ltr'><strong>scriptum</strong></span> <span class='ocrx_word' id='word_1_105' title='bbox 763 1666 866 1722; x_wconf 89' lang='lat' dir='ltr'><strong>cst,</strong></span> <span class='ocrx_word' id='word_1_106' title='bbox 906 1639 1030 1728; x_wconf 67' lang='lat' dir='ltr'><strong>quia</strong></span> <span class='ocrx_word' id='word_1_107' title='bbox 1064 1659 1331 1733; x_wconf 73' lang='grc' dir='ltr'><strong>(περιστιάὶ</strong></span> <span class='ocrx_word' id='word_1_108' title='bbox 1362 1673 1634 1730; x_wconf 76' lang='lat' dir='ltr'><strong>peccatum</strong></span> <span class='ocrx_word' id='word_1_109' title='bbox 1659 1675 1736 1719; x_wconf 77' lang='lat' dir='ltr'><strong>est</strong></span> <span class='ocrx_word' id='word_1_110' title='bbox 1782 1683 1865 1720; x_wconf 85' lang='lat' dir='ltr'><strong>re—</strong></span> 
     </span>
    </p>
   </div>
   <div class='ocr_carea' id='block_1_17' title="bbox 285 1748 1868 1823">
    <p class='ocr_par' dir='ltr' id='par_1_17' title="bbox 285 1748 1868 1823">
     <span class='ocr_line' id='line_1_17' title="bbox 285 1748 1868 1823; baseline 0.009 -28"><span class='ocrx_word' id='word_1_111' title='bbox 285 1759 547 1813; x_wconf 66' lang='lat' dir='ltr'><strong>pugnare,</strong></span> <span class='ocrx_word' id='word_1_112' title='bbox 577 1754 626 1797; x_wconf 90' lang='lat' dir='ltr'><strong>et</strong></span> <span class='ocrx_word' id='word_1_113' title='bbox 648 1749 798 1815; x_wconf 74' lang='lat' dir='ltr'><strong>quasi</strong></span> <span class='ocrx_word' id='word_1_114' title='bbox 834 1748 1383 1803; x_wconf 70' lang='lat' dir='ltr'><strong>crimen-idololatriae</strong></span> <span class='ocrx_word' id='word_1_115' title='bbox 1399 1751 1868 1823; x_wconf 76' lang='lat' dir='ltr'><strong>nolleacquiescere</strong></span> 
     </span>
    </p>
   </div>
   <div class='ocr_carea' id='block_1_18' title="bbox 289 1830 1867 1908">
    <p class='ocr_par' dir='ltr' id='par_1_18' title="bbox 289 1830 1867 1908">
     <span class='ocr_line' id='line_1_18' title="bbox 289 1830 1867 1908; baseline 0.009 -24"><span class='ocrx_word' id='word_1_116' title='bbox 289 1830 350 1901; x_wconf 85' lang='grc' dir='ltr'><strong>(Ι</strong></span> <span class='ocrx_word' id='word_1_117' title='bbox 376 1832 505 1903; x_wconf 79' lang='lat' dir='ltr'><strong>Reg.</strong></span> <span class='ocrx_word' id='word_1_118' title='bbox 547 1836 657 1905; x_wconf 83' lang='lat' dir='ltr'><strong>xv).</strong></span> <span class='ocrx_word' id='word_1_119' title='bbox 699 1834 837 1890; x_wconf 89' lang='lat' dir='ltr'><strong>Cum</strong></span> <span class='ocrx_word' id='word_1_120' title='bbox 866 1837 1031 1906; x_wconf 83' lang='lat' dir='ltr'><strong>igitur</strong></span> <span class='ocrx_word' id='word_1_121' title='bbox 1062 1837 1170 1892; x_wconf 90' lang='lat' dir='ltr'><strong>illis</strong></span> <span class='ocrx_word' id='word_1_122' title='bbox 1213 1841 1533 1908; x_wconf 78' lang='lat' dir='ltr'><strong>apostolica,</strong></span> <span class='ocrx_word' id='word_1_123' title='bbox 1556 1841 1666 1897; x_wconf 84' lang='lat' dir='ltr'><strong>imo</strong></span> <span class='ocrx_word' id='word_1_124' title='bbox 1694 1844 1867 1898; x_wconf 88' lang='lat' dir='ltr'><strong>sancti</strong></span> 
     </span>
    </p>
   </div>
   <div class='ocr_carea' id='block_1_19' title="bbox 290 1920 1943 1996">
    <p class='ocr_par' dir='ltr' id='par_1_19' title="bbox 290 1920 1943 1996">
     <span class='ocr_line' id='line_1_19' title="bbox 290 1920 1943 1996; baseline 0.004 -22"><span class='ocrx_word' id='word_1_125' title='bbox 290 1920 536 1991; x_wconf 84' lang='lat' dir='ltr'><strong>Spiritus</strong></span> <span class='ocrx_word' id='word_1_126' title='bbox 571 1924 824 1979; x_wconf 86' lang='lat' dir='ltr'><strong>mandata</strong></span> <span class='ocrx_word' id='word_1_127' title='bbox 879 1928 1280 1996; x_wconf 88' lang='lat' dir='ltr'><strong>spernentibus,</strong></span> <span class='ocrx_word' id='word_1_128' title='bbox 1314 1936 1370 1982; x_wconf 87' lang='lat' dir='ltr'><strong>et</strong></span> <span class='ocrx_word' id='word_1_129' title='bbox 1405 1930 1607 1983; x_wconf 89' lang='lat' dir='ltr'><strong>scelera</strong></span> <span class='ocrx_word' id='word_1_130' title='bbox 1633 1931 1873 1986; x_wconf 87' lang='lat' dir='ltr'><strong>subdito-</strong></span> <span class='ocrx_word' id='word_1_131' title='bbox 1902 1927 1943 1981; x_wconf 93' lang='lat' dir='ltr'><strong>B</strong></span> 
     </span>
    </p>
   </div>
   <div class='ocr_carea' id='block_1_20' title="bbox 290 2013 1871 2085">
    <p class='ocr_par' dir='ltr' id='par_1_20' title="bbox 290 2013 1871 2085">
     <span class='ocr_line' id='line_1_20' title="bbox 290 2013 1871 2085; baseline 0.006 -20"><span class='ocrx_word' id='word_1_132' title='bbox 290 2027 422 2066; x_wconf 81' lang='lat' dir='ltr'><strong>rum</strong></span> <span class='ocrx_word' id='word_1_133' title='bbox 446 2013 747 2068; x_wconf 86' lang='lat' dir='ltr'><strong>criminosa</strong></span> <span class='ocrx_word' id='word_1_134' title='bbox 780 2013 1087 2069; x_wconf 86' lang='lat' dir='ltr'><strong>foventibus</strong></span> <span class='ocrx_word' id='word_1_135' title='bbox 1118 2017 1398 2085; x_wconf 84' lang='lat' dir='ltr'><strong>patientia,</strong></span> <span class='ocrx_word' id='word_1_136' title='bbox 1420 2018 1602 2073; x_wconf 88' lang='lat' dir='ltr'><strong>divina</strong></span> <span class='ocrx_word' id='word_1_137' title='bbox 1624 2020 1871 2075; x_wconf 88' lang='lat' dir='ltr'><strong>ministe-</strong></span> 
     </span>
    </p>
   </div>
   <div class='ocr_carea' id='block_1_21' title="bbox 289 2100 1865 2177">
    <p class='ocr_par' dir='ltr' id='par_1_21' title="bbox 289 2100 1865 2177">
     <span class='ocr_line' id='line_1_21' title="bbox 289 2100 1865 2177; baseline 0.004 -21"><span class='ocrx_word' id='word_1_138' title='bbox 289 2100 375 2157; x_wconf 79' lang='lat' dir='ltr'><strong>ria</strong></span> <span class='ocrx_word' id='word_1_139' title='bbox 430 2102 647 2171; x_wconf 80' lang='lat' dir='ltr'><strong>indigne</strong></span> <span class='ocrx_word' id='word_1_140' title='bbox 669 2103 911 2169; x_wconf 85' lang='lat' dir='ltr'><strong>tractari,</strong></span> <span class='ocrx_word' id='word_1_141' title='bbox 960 2104 1219 2172; x_wconf 89' lang='lat' dir='ltr'><strong>populum</strong></span> <span class='ocrx_word' id='word_1_142' title='bbox 1270 2106 1456 2159; x_wconf 62' lang='lat' dir='ltr'><strong>seduci</strong></span> <span class='ocrx_word' id='word_1_143' title='bbox 1496 2107 1865 2177; x_wconf 80' lang='lat' dir='ltr'><strong>intelligimus,</strong></span> 
     </span>
    </p>
   </div>
   <div class='ocr_carea' id='block_1_22' title="bbox 288 2176 1863 2264">
    <p class='ocr_par' dir='ltr' id='par_1_22' title="bbox 288 2176 1863 2264">
     <span class='ocr_line' id='line_1_22' title="bbox 288 2176 1863 2264; baseline 0.004 -22"><span class='ocrx_word' id='word_1_144' title='bbox 288 2191 403 2243; x_wconf 84' lang='lat' dir='ltr'><strong>alio</strong></span> <span class='ocrx_word' id='word_1_145' title='bbox 430 2192 674 2259; x_wconf 86' lang='lat' dir='ltr'><strong>quolibet</strong></span> <span class='ocrx_word' id='word_1_146' title='bbox 698 2176 860 2245; x_wconf 88' lang='lat' dir='ltr'><strong>modo</strong></span> <span class='ocrx_word' id='word_1_147' title='bbox 890 2201 1079 2246; x_wconf 89' lang='lat' dir='ltr'><strong>contra</strong></span> <span class='ocrx_word' id='word_1_148' title='bbox 1094 2193 1210 2247; x_wconf 64' lang='lat' dir='ltr'><strong>haec</strong></span> <span class='ocrx_word' id='word_1_149' title='bbox 1229 2193 1450 2264; x_wconf 86' lang='lat' dir='ltr'><strong>vigilare</strong></span> <span class='ocrx_word' id='word_1_150' title='bbox 1476 2211 1577 2250; x_wconf 91' lang='lat' dir='ltr'><strong>nos</strong></span> <span class='ocrx_word' id='word_1_151' title='bbox 1592 2176 1863 2263; x_wconf 84' lang='lat' dir='ltr'><strong>convenit,</strong></span> 
     </span>
    </p>
   </div>
   <div class='ocr_carea' id='block_1_23' title="bbox 289 2274 1863 2353">
    <p class='ocr_par' dir='ltr' id='par_1_23' title="bbox 289 2274 1863 2353">
     <span class='ocr_line' id='line_1_23' title="bbox 289 2274 1863 2353; baseline 0.006 -21"><span class='ocrx_word' id='word_1_152' title='bbox 289 2281 498 2347; x_wconf 81' lang='lat' dir='ltr'><strong>quibus</strong></span> <span class='ocrx_word' id='word_1_153' title='bbox 526 2296 655 2335; x_wconf 89' lang='lat' dir='ltr'><strong>cura</strong></span> <span class='ocrx_word' id='word_1_154' title='bbox 688 2274 955 2336; x_wconf 88' lang='lat' dir='ltr'><strong>Dominici</strong></span> <span class='ocrx_word' id='word_1_155' title='bbox 976 2284 1157 2353; x_wconf 88' lang='lat' dir='ltr'><strong>gregis</strong></span> <span class='ocrx_word' id='word_1_156' title='bbox 1185 2300 1297 2353; x_wconf 60' lang='lat' dir='ltr'><strong>prae</strong></span> <span class='ocrx_word' id='word_1_157' title='bbox 1322 2287 1534 2341; x_wconf 90' lang='lat' dir='ltr'><strong>cunctis</strong></span> <span class='ocrx_word' id='word_1_158' title='bbox 1584 2286 1863 2342; x_wconf 89' lang='lat' dir='ltr'><strong>incumbit.</strong></span> 
     </span>
    </p>
   </div>
   <div class='ocr_carea' id='block_1_24' title="bbox 288 2368 1868 2445">
    <p class='ocr_par' dir='ltr' id='par_1_24' title="bbox 288 2368 1868 2445">
     <span class='ocr_line' id='line_1_24' title="bbox 288 2368 1868 2445; baseline 0.006 -23"><span class='ocrx_word' id='word_1_159' title='bbox 288 2368 465 2424; x_wconf 75' lang='lat' dir='ltr'><strong>Multo</strong></span> <span class='ocrx_word' id='word_1_160' title='bbox 521 2370 666 2424; x_wconf 91' lang='lat' dir='ltr'><strong>enim</strong></span> <span class='ocrx_word' id='word_1_161' title='bbox 695 2372 888 2427; x_wconf 89' lang='lat' dir='ltr'><strong>melius</strong></span> <span class='ocrx_word' id='word_1_162' title='bbox 918 2372 1075 2426; x_wconf 90' lang='lat' dir='ltr'><strong>nobis</strong></span> <span class='ocrx_word' id='word_1_163' title='bbox 1103 2373 1317 2428; x_wconf 89' lang='lat' dir='ltr'><strong>videtur</strong></span> <span class='ocrx_word' id='word_1_164' title='bbox 1356 2375 1619 2445; x_wconf 81' lang='lat' dir='ltr'><strong>justitiam</strong></span> <span class='ocrx_word' id='word_1_165' title='bbox 1656 2376 1750 2432; x_wconf 88' lang='lat' dir='ltr'><strong>Dei</strong></span> <span class='ocrx_word' id='word_1_166' title='bbox 1784 2379 1868 2433; x_wconf 90' lang='lat' dir='ltr'><strong>vel</strong></span> 
     </span>
    </p>
   </div>
   <div class='ocr_carea' id='block_1_25' title="bbox 289 2462 1865 2533">
    <p class='ocr_par' dir='ltr' id='par_1_25' title="bbox 289 2462 1865 2533">
     <span class='ocr_line' id='line_1_25' title="bbox 289 2462 1865 2533; baseline 0.005 -19"><span class='ocrx_word' id='word_1_167' title='bbox 289 2462 453 2517; x_wconf 80' lang='lat' dir='ltr'><strong>novis</strong></span> <span class='ocrx_word' id='word_1_168' title='bbox 481 2462 808 2517; x_wconf 71' lang='lat' dir='ltr'><strong>reaediﬁcare</strong></span> <span class='ocrx_word' id='word_1_169' title='bbox 833 2463 1105 2529; x_wconf 88' lang='lat' dir='ltr'><strong>consiliis,</strong></span> <span class='ocrx_word' id='word_1_170' title='bbox 1142 2480 1304 2533; x_wconf 90' lang='lat' dir='ltr'><strong>quam</strong></span> <span class='ocrx_word' id='word_1_171' title='bbox 1339 2466 1549 2523; x_wconf 87' lang='lat' dir='ltr'><strong>animas</strong></span> <span class='ocrx_word' id='word_1_172' title='bbox 1585 2467 1865 2522; x_wconf 84' lang='lat' dir='ltr'><strong>hominum</strong></span> 
     </span>
    </p>
   </div>
   <div class='ocr_carea' id='block_1_26' title="bbox 288 2553 1863 2627">
    <p class='ocr_par' dir='ltr' id='par_1_26' title="bbox 288 2553 1863 2627">
     <span class='ocr_line' id='line_1_26' title="bbox 288 2553 1863 2627; baseline 0.006 -23"><span class='ocrx_word' id='word_1_173' title='bbox 288 2565 403 2607; x_wconf 84' lang='lat' dir='ltr'><strong>una</strong></span> <span class='ocrx_word' id='word_1_174' title='bbox 426 2568 551 2607; x_wconf 90' lang='lat' dir='ltr'><strong>cum</strong></span> <span class='ocrx_word' id='word_1_175' title='bbox 588 2553 797 2623; x_wconf 82' lang='lat' dir='ltr'><strong>legibus</strong></span> <span class='ocrx_word' id='word_1_176' title='bbox 846 2554 1092 2623; x_wconf 89' lang='lat' dir='ltr'><strong>deperire</strong></span> <span class='ocrx_word' id='word_1_177' title='bbox 1120 2556 1397 2625; x_wconf 87' lang='lat' dir='ltr'><strong>neglectis.</strong></span> <span class='ocrx_word' id='word_1_178' title='bbox 1435 2555 1773 2627; x_wconf 84' lang='lat' dir='ltr'><strong>Quapropter</strong></span> <span class='ocrx_word' id='word_1_179' title='bbox 1796 2560 1863 2613; x_wconf 93' lang='lat' dir='ltr'><strong>ad</strong></span> 
     </span>
    </p>
   </div>
   <div class='ocr_carea' id='block_1_27' title="bbox 288 2642 1863 2712">
    <p class='ocr_par' dir='ltr' id='par_1_27' title="bbox 288 2642 1863 2712">
     <span class='ocr_line' id='line_1_27' title="bbox 288 2642 1863 2712; baseline 0.004 -17"><span class='ocrx_word' id='word_1_180' title='bbox 288 2648 343 2695; x_wconf 88' lang='lat' dir='ltr'><strong>te</strong></span> <span class='ocrx_word' id='word_1_181' title='bbox 377 2650 435 2695; x_wconf 92' lang='lat' dir='ltr'><strong>et</strong></span> <span class='ocrx_word' id='word_1_182' title='bbox 468 2642 535 2695; x_wconf 91' lang='lat' dir='ltr'><strong>ad</strong></span> <span class='ocrx_word' id='word_1_183' title='bbox 562 2657 751 2697; x_wconf 90' lang='lat' dir='ltr'><strong>omnes</strong></span> <span class='ocrx_word' id='word_1_184' title='bbox 777 2643 843 2697; x_wconf 94' lang='lat' dir='ltr'><strong>de</strong></span> <span class='ocrx_word' id='word_1_185' title='bbox 870 2658 1106 2712; x_wconf 89' lang='lat' dir='ltr'><strong>quorum</strong></span> <span class='ocrx_word' id='word_1_186' title='bbox 1155 2643 1258 2697; x_wconf 90' lang='lat' dir='ltr'><strong>ﬁde</strong></span> <span class='ocrx_word' id='word_1_187' title='bbox 1301 2653 1356 2698; x_wconf 91' lang='lat' dir='ltr'><strong>et</strong></span> <span class='ocrx_word' id='word_1_188' title='bbox 1387 2644 1671 2701; x_wconf 81' lang='lat' dir='ltr'><strong>devotione</strong></span> <span class='ocrx_word' id='word_1_189' title='bbox 1692 2647 1863 2701; x_wconf 87' lang='lat' dir='ltr'><strong>conﬁ—</strong></span> 
     </span>
    </p>
   </div>
   <div class='ocr_carea' id='block_1_28' title="bbox 287 2730 1865 2805">
    <p class='ocr_par' dir='ltr' id='par_1_28' title="bbox 287 2730 1865 2805">
     <span class='ocr_line' id='line_1_28' title="bbox 287 2730 1865 2805; baseline 0.005 -22"><span class='ocrx_word' id='word_1_190' title='bbox 287 2730 476 2787; x_wconf 84' lang='lat' dir='ltr'><strong>dimus</strong></span> <span class='ocrx_word' id='word_1_191' title='bbox 522 2747 670 2786; x_wconf 90' lang='lat' dir='ltr'><strong>nunc</strong></span> <span class='ocrx_word' id='word_1_192' title='bbox 703 2734 1092 2800; x_wconf 85' lang='lat' dir='ltr'><strong>convertimur,</strong></span> <span class='ocrx_word' id='word_1_193' title='bbox 1114 2742 1365 2803; x_wconf 84' lang='lat' dir='ltr'><strong>rogantes</strong></span> <span class='ocrx_word' id='word_1_194' title='bbox 1410 2750 1527 2800; x_wconf 91' lang='lat' dir='ltr'><strong>vos,</strong></span> <span class='ocrx_word' id='word_1_195' title='bbox 1561 2744 1615 2789; x_wconf 94' lang='lat' dir='ltr'><strong>et</strong></span> <span class='ocrx_word' id='word_1_196' title='bbox 1648 2746 1865 2805; x_wconf 57' lang='lat' dir='ltr'><strong>apostm</strong></span> 
     </span>
    </p>
   </div>
   <div class='ocr_carea' id='block_1_29' title="bbox 287 2818 1865 2895">
    <p class='ocr_par' dir='ltr' id='par_1_29' title="bbox 287 2818 1865 2895">
     <span class='ocr_line' id='line_1_29' title="bbox 287 2818 1865 2895; baseline 0.006 -24"><span class='ocrx_word' id='word_1_197' title='bbox 287 2818 399 2872; x_wconf 86' lang='lat' dir='ltr'><strong>lica</strong></span> <span class='ocrx_word' id='word_1_198' title='bbox 457 2821 781 2876; x_wconf 82' lang='lat' dir='ltr'><strong>auctoritate</strong></span> <span class='ocrx_word' id='word_1_199' title='bbox 821 2823 1175 2877; x_wconf 85' lang='lat' dir='ltr'><strong>admonentes</strong></span> <span class='ocrx_word' id='word_1_200' title='bbox 1203 2830 1265 2877; x_wconf 90' lang='lat' dir='ltr'><strong>ut</strong></span> <span class='ocrx_word' id='word_1_201' title='bbox 1314 2824 1577 2893; x_wconf 90' lang='lat' dir='ltr'><strong>quidquid</strong></span> <span class='ocrx_word' id='word_1_202' title='bbox 1627 2825 1865 2895; x_wconf 90' lang='lat' dir='ltr'><strong>episcopi</strong></span> 
     </span>
    </p>
   </div>
   <div class='ocr_carea' id='block_1_30' title="bbox 286 2912 1863 2985">
    <p class='ocr_par' dir='ltr' id='par_1_30' title="bbox 286 2912 1863 2985">
     <span class='ocr_line' id='line_1_30' title="bbox 286 2912 1863 2985; baseline 0.003 -19"><span class='ocrx_word' id='word_1_203' title='bbox 286 2912 499 2985; x_wconf 80' lang='lat' dir='ltr'><strong>dehinc</strong></span> <span class='ocrx_word' id='word_1_204' title='bbox 536 2914 828 2984; x_wconf 87' lang='lat' dir='ltr'><strong>loquantur</strong></span> <span class='ocrx_word' id='word_1_205' title='bbox 857 2922 951 2968; x_wconf 89' lang='lat' dir='ltr'><strong>aut</strong></span> <span class='ocrx_word' id='word_1_206' title='bbox 976 2922 1211 2981; x_wconf 84' lang='lat' dir='ltr'><strong>taceant,</strong></span> <span class='ocrx_word' id='word_1_207' title='bbox 1266 2929 1364 2969; x_wconf 89' lang='lat' dir='ltr'><strong>vos</strong></span> <span class='ocrx_word' id='word_1_208' title='bbox 1392 2913 1629 2969; x_wconf 79' lang='lat' dir='ltr'><strong>ofﬁcium</strong></span> <span class='ocrx_word' id='word_1_209' title='bbox 1671 2931 1863 2970; x_wconf 90' lang='lat' dir='ltr'><strong>eorum</strong></span> 
     </span>
    </p>
   </div>
   <div class='ocr_carea' id='block_1_31' title="bbox 286 2990 1861 3074">
    <p class='ocr_par' dir='ltr' id='par_1_31' title="bbox 286 2990 1861 3074">
     <span class='ocr_line' id='line_1_31' title="bbox 286 2990 1861 3074; baseline -0.001 -14"><span class='ocrx_word' id='word_1_210' title='bbox 286 2990 434 3074; x_wconf 60' lang='lat' dir='ltr'><strong>quos</strong></span> <span class='ocrx_word' id='word_1_211' title='bbox 462 3013 558 3059; x_wconf 90' lang='lat' dir='ltr'><strong>aut</strong></span> <span class='ocrx_word' id='word_1_212' title='bbox 583 3003 907 3059; x_wconf 71' lang='lat' dir='ltr'><strong>Simoniaca:</strong></span> <span class='ocrx_word' id='word_1_213' title='bbox 932 3014 1211 3074; x_wconf 91' lang='lat' dir='ltr'><strong>promotos</strong></span> <span class='ocrx_word' id='word_1_214' title='bbox 1241 3014 1296 3060; x_wconf 90' lang='lat' dir='ltr'><strong>et</strong></span> <span class='ocrx_word' id='word_1_215' title='bbox 1329 3006 1609 3061; x_wconf 92' lang='lat' dir='ltr'><strong>ordinatos</strong></span> <span class='ocrx_word' id='word_1_216' title='bbox 1631 3046 1647 3071; x_wconf 94' lang='lat'><strong>,</strong></span> <span class='ocrx_word' id='word_1_217' title='bbox 1684 3013 1781 3059; x_wconf 90' lang='lat' dir='ltr'><strong>aut</strong></span> <span class='ocrx_word' id='word_1_218' title='bbox 1807 3006 1861 3059; x_wconf 90' lang='lat' dir='ltr'><strong>in</strong></span> 
     </span>
    </p>
   </div>
   <div class='ocr_carea' id='block_1_32' title="bbox 287 3094 1865 3164">
    <p class='ocr_par' dir='ltr' id='par_1_32' title="bbox 287 3094 1865 3164">
     <span class='ocr_line' id='line_1_32' title="bbox 287 3094 1865 3164; baseline -0.001 -15"><span class='ocrx_word' id='word_1_219' title='bbox 287 3095 523 3150; x_wconf 88' lang='lat' dir='ltr'><strong>crimine</strong></span> <span class='ocrx_word' id='word_1_220' title='bbox 552 3095 929 3150; x_wconf 76' lang='lat' dir='ltr'><strong>fornicationis</strong></span> <span class='ocrx_word' id='word_1_221' title='bbox 957 3095 1200 3162; x_wconf 87' lang='lat' dir='ltr'><strong>jacentes</strong></span> <span class='ocrx_word' id='word_1_222' title='bbox 1228 3095 1589 3164; x_wconf 84' lang='lat' dir='ltr'><strong>cognoveritis</strong></span> <span class='ocrx_word' id='word_1_223' title='bbox 1615 3134 1631 3160; x_wconf 95' lang='lat'><strong>,</strong></span> <span class='ocrx_word' id='word_1_224' title='bbox 1689 3094 1865 3148; x_wconf 89' lang='lat' dir='ltr'><strong>nulla-</strong></span> 
     </span>
    </p>
   </div>
   <div class='ocr_carea' id='block_1_33' title="bbox 285 3184 1862 3254">
    <p class='ocr_par' dir='ltr' id='par_1_33' title="bbox 285 3184 1862 3254">
     <span class='ocr_line' id='line_1_33' title="bbox 285 3184 1862 3254; baseline 0.001 -15"><span class='ocrx_word' id='word_1_225' title='bbox 285 3194 450 3240; x_wconf 82' lang='lat' dir='ltr'><strong>tenus</strong></span> <span class='ocrx_word' id='word_1_226' title='bbox 482 3184 754 3254; x_wconf 88' lang='lat' dir='ltr'><strong>recipiatis</strong></span> <span class='ocrx_word' id='word_1_227' title='bbox 779 3202 819 3236; x_wconf 85' lang='lat'><strong>:-</strong></span> <span class='ocrx_word' id='word_1_228' title='bbox 844 3192 897 3237; x_wconf 91' lang='lat' dir='ltr'><strong>et</strong></span> <span class='ocrx_word' id='word_1_229' title='bbox 924 3184 1039 3238; x_wconf 60' lang='lat' dir='ltr'><strong>hac</strong></span> <span class='ocrx_word' id='word_1_230' title='bbox 1076 3185 1264 3238; x_wconf 88' lang='lat' dir='ltr'><strong>eadem</strong></span> <span class='ocrx_word' id='word_1_231' title='bbox 1321 3185 1565 3239; x_wconf 87' lang='lat' dir='ltr'><strong>adstricti</strong></span> <span class='ocrx_word' id='word_1_232' title='bbox 1610 3200 1707 3253; x_wconf 91' lang='lat' dir='ltr'><strong>per</strong></span> <span class='ocrx_word' id='word_1_233' title='bbox 1729 3185 1862 3240; x_wconf 86' lang='lat' dir='ltr'><strong>obe-</strong></span> 
     </span>
    </p>
   </div>
   <div class='ocr_carea' id='block_1_34' title="bbox 284 3274 1864 3346">
    <p class='ocr_par' dir='ltr' id='par_1_34' title="bbox 284 3274 1864 3346">
     <span class='ocr_line' id='line_1_34' title="bbox 284 3274 1864 3346; baseline 0.001 -16"><span class='ocrx_word' id='word_1_234' title='bbox 284 3274 550 3330; x_wconf 89' lang='lat' dir='ltr'><strong>dientiam</strong></span> <span class='ocrx_word' id='word_1_235' title='bbox 577 3286 684 3330; x_wconf 86' lang='lat' dir='ltr'><strong>tam</strong></span> <span class='ocrx_word' id='word_1_236' title='bbox 728 3275 781 3328; x_wconf 93' lang='lat' dir='ltr'><strong>in</strong></span> <span class='ocrx_word' id='word_1_237' title='bbox 806 3275 957 3329; x_wconf 90' lang='lat' dir='ltr'><strong>curia</strong></span> <span class='ocrx_word' id='word_1_238' title='bbox 980 3275 1142 3346; x_wconf 87' lang='lat' dir='ltr'><strong>regis,</strong></span> <span class='ocrx_word' id='word_1_239' title='bbox 1163 3291 1345 3346; x_wconf 80' lang='lat' dir='ltr'><strong>quam</strong></span> <span class='ocrx_word' id='word_1_240' title='bbox 1393 3292 1490 3345; x_wconf 89' lang='lat' dir='ltr'><strong>per</strong></span> <span class='ocrx_word' id='word_1_241' title='bbox 1532 3276 1638 3331; x_wconf 84' lang='lat' dir='ltr'><strong>alia</strong></span> <span class='ocrx_word' id='word_1_242' title='bbox 1670 3276 1787 3332; x_wconf 89' lang='lat' dir='ltr'><strong>ioca</strong></span> <span class='ocrx_word' id='word_1_243' title='bbox 1810 3288 1864 3333; x_wconf 91' lang='lat' dir='ltr'><strong>et</strong></span> 
     </span>
    </p>
   </div>
   <div class='ocr_carea' id='block_1_35' title="bbox 283 3366 1863 3440">
    <p class='ocr_par' dir='ltr' id='par_1_35' title="bbox 283 3366 1863 3440">
     <span class='ocr_line' id='line_1_35' title="bbox 283 3366 1863 3440; baseline 0.001 -19"><span class='ocrx_word' id='word_1_244' title='bbox 283 3376 590 3422; x_wconf 88' lang='lat' dir='ltr'><strong>conventus</strong></span> <span class='ocrx_word' id='word_1_245' title='bbox 624 3367 774 3436; x_wconf 83' lang='lat' dir='ltr'><strong>regni</strong></span> <span class='ocrx_word' id='word_1_246' title='bbox 802 3366 1141 3440; x_wconf 84' lang='lat' dir='ltr'><strong>notiﬁcantes</strong></span> <span class='ocrx_word' id='word_1_247' title='bbox 1171 3382 1234 3420; x_wconf 88' lang='lat' dir='ltr'><strong>ac</strong></span> <span class='ocrx_word' id='word_1_248' title='bbox 1256 3368 1665 3434; x_wconf 87' lang='lat' dir='ltr'><strong>persuadentes,</strong></span> <span class='ocrx_word' id='word_1_249' title='bbox 1689 3384 1863 3437; x_wconf 87' lang='lat' dir='ltr'><strong>quan-</strong></span> 
     </span>
    </p>
   </div>
   <div class='ocr_carea' id='block_1_36' title="bbox 284 3457 1857 3527">
    <p class='ocr_par' dir='ltr' id='par_1_36' title="bbox 284 3457 1857 3527">
     <span class='ocr_line' id='line_1_36' title="bbox 284 3457 1857 3527; baseline 0.001 -16"><span class='ocrx_word' id='word_1_250' title='bbox 284 3464 407 3513; x_wconf 83' lang='lat' dir='ltr'><strong>tum</strong></span> <span class='ocrx_word' id='word_1_251' title='bbox 437 3459 681 3527; x_wconf 88' lang='lat' dir='ltr'><strong>potestis,</strong></span> <span class='ocrx_word' id='word_1_252' title='bbox 710 3458 846 3511; x_wconf 82' lang='lat' dir='ltr'><strong>tales</strong></span> <span class='ocrx_word' id='word_1_253' title='bbox 868 3457 1233 3511; x_wconf 82' lang='lat' dir='ltr'><strong>saerosanctis</strong></span> <span class='ocrx_word' id='word_1_254' title='bbox 1261 3457 1539 3512; x_wconf 88' lang='lat' dir='ltr'><strong>deservire</strong></span> <span class='ocrx_word' id='word_1_255' title='bbox 1564 3458 1857 3527; x_wconf 86' lang='lat' dir='ltr'><strong>mysteriis,</strong></span> 
     </span>
    </p>
   </div>
   <div class='ocr_carea' id='block_1_37' title="bbox 282 3536 1859 3617">
    <p class='ocr_par' dir='ltr' id='par_1_37' title="bbox 282 3536 1859 3617">
     <span class='ocr_line' id='line_1_37' title="bbox 282 3536 1859 3617; baseline -0.001 -15"><span class='ocrx_word' id='word_1_256' title='bbox 282 3547 454 3602; x_wconf 84' lang='lat' dir='ltr'><strong>etiam</strong></span> <span class='ocrx_word' id='word_1_257' title='bbox 472 3547 548 3613; x_wconf 87' lang='lat' dir='ltr'><strong>vi,</strong></span> <span class='ocrx_word' id='word_1_258' title='bbox 585 3548 631 3603; x_wconf 94' lang='lat' dir='ltr'><strong>si</strong></span> <span class='ocrx_word' id='word_1_259' title='bbox 678 3547 1000 3617; x_wconf 80' lang='lat' dir='ltr'><strong>Oportuerit,</strong></span> <span class='ocrx_word' id='word_1_260' title='bbox 1062 3536 1413 3617; x_wconf 87' lang='lat' dir='ltr'><strong>prohibeatis.</strong></span> <span class='ocrx_word' id='word_1_261' title='bbox 1449 3546 1507 3608; x_wconf 88' lang='lat' dir='ltr'><strong>Si</strong></span> <span class='ocrx_word' id='word_1_262' title='bbox 1540 3548 1632 3617; x_wconf 92' lang='lat' dir='ltr'><strong>qui</strong></span> <span class='ocrx_word' id='word_1_263' title='bbox 1678 3555 1859 3601; x_wconf 90' lang='lat' dir='ltr'><strong>autem</strong></span> 
     </span>
    </p>
   </div>
   <div class='ocr_carea' id='block_1_38' title="bbox 284 3626 1861 3708">
    <p class='ocr_par' dir='ltr' id='par_1_38' title="bbox 284 3626 1861 3708">
     <span class='ocr_line' id='line_1_38' title="bbox 284 3626 1861 3708; baseline -0.001 -16"><span class='ocrx_word' id='word_1_264' title='bbox 284 3645 481 3692; x_wconf 83' lang='lat' dir='ltr'><strong>contra</strong></span> <span class='ocrx_word' id='word_1_265' title='bbox 526 3652 625 3693; x_wconf 88' lang='lat' dir='ltr'><strong>vos</strong></span> <span class='ocrx_word' id='word_1_266' title='bbox 673 3638 833 3708; x_wconf 87' lang='lat' dir='ltr'><strong>quasi</strong></span> <span class='ocrx_word' id='word_1_267' title='bbox 895 3637 1040 3692; x_wconf 92' lang='lat' dir='ltr'><strong>istud</strong></span> <span class='ocrx_word' id='word_1_268' title='bbox 1064 3636 1222 3691; x_wconf 83' lang='lat' dir='ltr'><strong>ofﬁcii</strong></span> <span class='ocrx_word' id='word_1_269' title='bbox 1258 3637 1423 3691; x_wconf 88' lang='lat' dir='ltr'><strong>vestri</strong></span> <span class='ocrx_word' id='word_1_270' title='bbox 1460 3626 1571 3692; x_wconf 88' lang='lat' dir='ltr'><strong>non</strong></span> <span class='ocrx_word' id='word_1_271' title='bbox 1613 3652 1733 3693; x_wconf 90' lang='lat' dir='ltr'><strong>esse</strong></span> <span class='ocrx_word' id='word_1_272' title='bbox 1762 3637 1861 3691; x_wconf 90' lang='lat' dir='ltr'><strong>ali-</strong></span> 
     </span>
    </p>
   </div>
   <div class='ocr_carea' id='block_1_39' title="bbox 282 3726 1862 3798">
    <p class='ocr_par' dir='ltr' id='par_1_39' title="bbox 282 3726 1862 3798">
     <span class='ocr_line' id='line_1_39' title="bbox 282 3726 1862 3798; baseline 0.001 -17"><span class='ocrx_word' id='word_1_273' title='bbox 282 3728 419 3797; x_wconf 85' lang='lat' dir='ltr'><strong>quid</strong></span> <span class='ocrx_word' id='word_1_274' title='bbox 444 3728 651 3798; x_wconf 86' lang='lat' dir='ltr'><strong>garrire</strong></span> <span class='ocrx_word' id='word_1_275' title='bbox 674 3728 951 3797; x_wconf 89' lang='lat' dir='ltr'><strong>incipiant,</strong></span> <span class='ocrx_word' id='word_1_276' title='bbox 991 3729 1095 3782; x_wconf 88' lang='lat' dir='ltr'><strong>hoc</strong></span> <span class='ocrx_word' id='word_1_277' title='bbox 1130 3728 1235 3781; x_wconf 89' lang='lat' dir='ltr'><strong>illis</strong></span> <span class='ocrx_word' id='word_1_278' title='bbox 1275 3728 1637 3797; x_wconf 87' lang='lat' dir='ltr'><strong>respondete:</strong></span> <span class='ocrx_word' id='word_1_279' title='bbox 1682 3726 1747 3782; x_wconf 89' lang='lat' dir='ltr'><strong>Ut</strong></span> <span class='ocrx_word' id='word_1_280' title='bbox 1774 3744 1862 3783; x_wconf 88' lang='lat' dir='ltr'><strong>ve-</strong></span> 
     </span>
    </p>
   </div>
   <div class='ocr_carea' id='block_1_40' title="bbox 282 3817 1863 3887">
    <p class='ocr_par' dir='ltr' id='par_1_40' title="bbox 282 3817 1863 3887">
     <span class='ocr_line' id='line_1_40' title="bbox 282 3817 1863 3887; baseline -0.001 -14"><span class='ocrx_word' id='word_1_281' title='bbox 282 3825 463 3873; x_wconf 70' lang='lat' dir='ltr'><strong>stram</strong></span> <span class='ocrx_word' id='word_1_282' title='bbox 492 3826 549 3872; x_wconf 88' lang='lat' dir='ltr'><strong>et</strong></span> <span class='ocrx_word' id='word_1_283' title='bbox 568 3819 751 3887; x_wconf 88' lang='lat' dir='ltr'><strong>populi</strong></span> <span class='ocrx_word' id='word_1_284' title='bbox 778 3819 1005 3871; x_wconf 85' lang='lat' dir='ltr'><strong>salutem</strong></span> <span class='ocrx_word' id='word_1_285' title='bbox 1034 3831 1142 3869; x_wconf 90' lang='lat' dir='ltr'><strong>non</strong></span> <span class='ocrx_word' id='word_1_286' title='bbox 1174 3817 1528 3885; x_wconf 81' lang='lat' dir='ltr'><strong>impedientes</strong></span> <span class='ocrx_word' id='word_1_287' title='bbox 1564 3819 1632 3875; x_wconf 89' lang='lat' dir='ltr'><strong>de</strong></span> <span class='ocrx_word' id='word_1_288' title='bbox 1685 3818 1863 3886; x_wconf 88' lang='lat' dir='ltr'><strong>injun-</strong></span> 
     </span>
    </p>
   </div>
   <div class='ocr_carea' id='block_1_41' title="bbox 283 3905 1859 3979">
    <p class='ocr_par' dir='ltr' id='par_1_41' title="bbox 283 3905 1859 3979">
     <span class='ocr_line' id='line_1_41' title="bbox 283 3905 1859 3979; baseline 0 -18"><span class='ocrx_word' id='word_1_289' title='bbox 283 3906 559 3979; x_wconf 80' lang='lat' dir='ltr'><strong>ctavobis</strong></span> <span class='ocrx_word' id='word_1_290' title='bbox 613 3906 919 3962; x_wconf 85' lang='lat' dir='ltr'><strong>obedientia</strong></span> <span class='ocrx_word' id='word_1_291' title='bbox 939 3905 1004 3961; x_wconf 83' lang='lat' dir='ltr'><strong>ad</strong></span> <span class='ocrx_word' id='word_1_292' title='bbox 1055 3920 1157 3961; x_wconf 88' lang='lat' dir='ltr'><strong>nos</strong></span> <span class='ocrx_word' id='word_1_293' title='bbox 1196 3906 1481 3961; x_wconf 84' lang='lat' dir='ltr'><strong>nobiscum</strong></span> <span class='ocrx_word' id='word_1_294' title='bbox 1534 3906 1859 3977; x_wconf 88' lang='lat' dir='ltr'><strong>disputaturi</strong></span> 
     </span>
    </p>
   </div>
   <div class='ocr_carea' id='block_1_42' title="bbox 281 3996 1859 4068">
    <p class='ocr_par' dir='ltr' id='par_1_42' title="bbox 281 3996 1859 4068">
     <span class='ocr_line' id='line_1_42' title="bbox 281 3996 1859 4068; baseline 0.003 -17"><span class='ocrx_word' id='word_1_295' title='bbox 281 3998 528 4052; x_wconf 80' lang='lat' dir='ltr'><strong>veniant.</strong></span> <span class='ocrx_word' id='word_1_296' title='bbox 556 3996 694 4064; x_wconf 87' lang='lat' dir='ltr'><strong>Quia</strong></span> <span class='ocrx_word' id='word_1_297' title='bbox 716 4013 844 4053; x_wconf 88' lang='lat' dir='ltr'><strong>vero</strong></span> <span class='ocrx_word' id='word_1_298' title='bbox 872 4007 945 4064; x_wconf 87' lang='lat' dir='ltr'><strong>te,</strong></span> <span class='ocrx_word' id='word_1_299' title='bbox 968 3996 1271 4068; x_wconf 79' lang='lat' dir='ltr'><strong>Rodulphe,</strong></span> <span class='ocrx_word' id='word_1_300' title='bbox 1308 3999 1431 4054; x_wconf 87' lang='lat' dir='ltr'><strong>dico</strong></span> <span class='ocrx_word' id='word_1_301' title='bbox 1444 4000 1632 4055; x_wconf 87' lang='lat' dir='ltr'><strong>ducem</strong></span> <span class='ocrx_word' id='word_1_302' title='bbox 1655 4008 1709 4055; x_wconf 90' lang='lat' dir='ltr'><strong>et</strong></span> <span class='ocrx_word' id='word_1_303' title='bbox 1730 4000 1859 4055; x_wconf 88' lang='lat' dir='ltr'><strong>cha-</strong></span> 
     </span>
    </p>
   </div>
   <div class='ocr_carea' id='block_1_43' title="bbox 283 4078 1857 4163">
    <p class='ocr_par' dir='ltr' id='par_1_43' title="bbox 283 4078 1857 4163">
     <span class='ocr_line' id='line_1_43' title="bbox 283 4078 1857 4163; baseline 0.004 -21"><span class='ocrx_word' id='word_1_304' title='bbox 283 4079 581 4146; x_wconf 84' lang='lat' dir='ltr'><strong>rissimum</strong></span> <span class='ocrx_word' id='word_1_305' title='bbox 598 4090 771 4144; x_wconf 83' lang='lat' dir='ltr'><strong>sancti</strong></span> <span class='ocrx_word' id='word_1_306' title='bbox 810 4089 953 4144; x_wconf 87' lang='lat' dir='ltr'><strong>Petri</strong></span> <span class='ocrx_word' id='word_1_307' title='bbox 987 4088 1177 4154; x_wconf 89' lang='lat' dir='ltr'><strong>ﬁlium,</strong></span> <span class='ocrx_word' id='word_1_308' title='bbox 1212 4090 1278 4143; x_wconf 90' lang='lat' dir='ltr'><strong>ad</strong></span> <span class='ocrx_word' id='word_1_309' title='bbox 1306 4078 1592 4161; x_wconf 81' lang='lat' dir='ltr'><strong>religionis</strong></span> <span class='ocrx_word' id='word_1_310' title='bbox 1611 4094 1857 4163; x_wconf 88' lang='lat' dir='ltr'><strong>spiritum</strong></span> 
     </span>
    </p>
   </div>
   <div class='ocr_carea' id='block_1_44' title="bbox 281 4177 1857 4243">
    <p class='ocr_par' dir='ltr' id='par_1_44' title="bbox 281 4177 1857 4243">
     <span class='ocr_line' id='line_1_44' title="bbox 281 4177 1857 4243; baseline 0.004 -10"><span class='ocrx_word' id='word_1_311' title='bbox 281 4178 662 4233; x_wconf 87' lang='lat' dir='ltr'><strong>desideranter</strong></span> <span class='ocrx_word' id='word_1_312' title='bbox 692 4178 949 4232; x_wconf 87' lang='lat' dir='ltr'><strong>anhelare</strong></span> <span class='ocrx_word' id='word_1_313' title='bbox 981 4177 1325 4243; x_wconf 89' lang='lat' dir='ltr'><strong>conﬁdimus,</strong></span> <span class='ocrx_word' id='word_1_314' title='bbox 1366 4182 1507 4235; x_wconf 89' lang='lat' dir='ltr'><strong>unde</strong></span> <span class='ocrx_word' id='word_1_315' title='bbox 1528 4200 1629 4239; x_wconf 88' lang='lat' dir='ltr'><strong>nos</strong></span> <span class='ocrx_word' id='word_1_316' title='bbox 1655 4200 1857 4240; x_wconf 88' lang='lat' dir='ltr'><strong>consu-</strong></span> 
     </span>
    </p>
   </div>
   <div class='ocr_carea' id='block_1_45' title="bbox 282 4267 1859 4338">
    <p class='ocr_par' dir='ltr' id='par_1_45' title="bbox 282 4267 1859 4338">
     <span class='ocr_line' id='line_1_45' title="bbox 282 4267 1859 4338; baseline 0.003 -14"><span class='ocrx_word' id='word_1_317' title='bbox 282 4269 455 4335; x_wconf 84' lang='lat' dir='ltr'><strong>luisti,</strong></span> <span class='ocrx_word' id='word_1_318' title='bbox 481 4268 743 4338; x_wconf 87' lang='lat' dir='ltr'><strong>quidquid</strong></span> <span class='ocrx_word' id='word_1_319' title='bbox 765 4269 923 4323; x_wconf 85' lang='lat' dir='ltr'><strong>nobis</strong></span> <span class='ocrx_word' id='word_1_320' title='bbox 959 4267 1252 4338; x_wconf 80' lang='lat' dir='ltr'><strong>perfectius</strong></span> <span class='ocrx_word' id='word_1_321' title='bbox 1278 4269 1455 4323; x_wconf 89' lang='lat' dir='ltr'><strong>visum</strong></span> <span class='ocrx_word' id='word_1_322' title='bbox 1478 4280 1589 4337; x_wconf 92' lang='lat' dir='ltr'><strong>est,</strong></span> <span class='ocrx_word' id='word_1_323' title='bbox 1637 4274 1704 4327; x_wconf 91' lang='lat' dir='ltr'><strong>ad</strong></span> <span class='ocrx_word' id='word_1_324' title='bbox 1736 4290 1859 4328; x_wconf 91' lang='lat' dir='ltr'><strong>cor-</strong></span> 
     </span>
    </p>
   </div>
   <div class='ocr_carea' id='block_1_46' title="bbox 281 4358 1857 4432">
    <p class='ocr_par' dir='ltr' id='par_1_46' title="bbox 281 4358 1857 4432">
     <span class='ocr_line' id='line_1_46' title="bbox 281 4358 1857 4432; baseline 0.004 -20"><span class='ocrx_word' id='word_1_325' title='bbox 281 4358 581 4412; x_wconf 86' lang='lat' dir='ltr'><strong>rectionem</strong></span> <span class='ocrx_word' id='word_1_326' title='bbox 599 4365 756 4426; x_wconf 78' lang='lat' dir='ltr'><strong>tuam</strong></span> <span class='ocrx_word' id='word_1_327' title='bbox 806 4358 901 4413; x_wconf 92' lang='lat' dir='ltr'><strong>tibi</strong></span> <span class='ocrx_word' id='word_1_328' title='bbox 936 4358 1270 4425; x_wconf 81' lang='lat' dir='ltr'><strong>intimatnus,</strong></span> <span class='ocrx_word' id='word_1_329' title='bbox 1297 4367 1356 4413; x_wconf 86' lang='lat' dir='ltr'><strong>ut</strong></span> <span class='ocrx_word' id='word_1_330' title='bbox 1380 4370 1857 4432; x_wconf 88' lang='lat' dir='ltr'><strong>quantumcunque</strong></span> 
     </span>
    </p>
   </div>
   <div class='ocr_carea' id='block_1_47' title="bbox 280 4447 1853 4523">
    <p class='ocr_par' dir='ltr' id='par_1_47' title="bbox 280 4447 1853 4523">
     <span class='ocr_line' id='line_1_47' title="bbox 280 4447 1853 4523; baseline 0.002 -18"><span class='ocrx_word' id='word_1_331' title='bbox 280 4448 444 4520; x_wconf 83' lang='lat' dir='ltr'><strong>pretii</strong></span> <span class='ocrx_word' id='word_1_332' title='bbox 469 4456 521 4503; x_wconf 85' lang='lat' dir='ltr'><strong>te</strong></span> <span class='ocrx_word' id='word_1_333' title='bbox 552 4462 653 4518; x_wconf 89' lang='lat' dir='ltr'><strong>pro</strong></span> <span class='ocrx_word' id='word_1_334' title='bbox 683 4448 1034 4523; x_wconf 89' lang='lat' dir='ltr'><strong>disponendis</strong></span> <span class='ocrx_word' id='word_1_335' title='bbox 1062 4448 1116 4502; x_wconf 88' lang='lat' dir='ltr'><strong>in</strong></span> <span class='ocrx_word' id='word_1_336' title='bbox 1153 4447 1396 4505; x_wconf 86' lang='lat' dir='ltr'><strong>Ecclesia</strong></span> <span class='ocrx_word' id='word_1_337' title='bbox 1446 4451 1657 4505; x_wconf 90' lang='lat' dir='ltr'><strong>clericis</strong></span> <span class='ocrx_word' id='word_1_338' title='bbox 1696 4468 1853 4507; x_wconf 81' lang='lat' dir='ltr'><strong>acce-</strong></span> 
     </span>
    </p>
   </div>
   <div class='ocr_carea' id='block_1_48' title="bbox 1967 691 2799 757">
    <p class='ocr_par' dir='ltr' id='par_1_48' title="bbox 1967 691 2799 757">
     <span class='ocr_line' id='line_1_48' title="bbox 1967 691 2799 757; baseline 0.011 -15"><span class='ocrx_word' id='word_1_339' title='bbox 1967 691 2317 757; x_wconf 85' lang='lat' dir='ltr'><strong>apostolicam</strong></span> <span class='ocrx_word' id='word_1_340' title='bbox 2352 695 2799 751; x_wconf 87' lang='lat' dir='ltr'><strong>benedictionem.</strong></span> 
     </span>
    </p>
   </div>
   <div class='ocr_carea' id='block_1_49' title="bbox 2036 783 3521 858">
    <p class='ocr_par' dir='ltr' id='par_1_49' title="bbox 2036 783 3521 858">
     <span class='ocr_line' id='line_1_49' title="bbox 2036 783 3521 858; baseline 0.012 -22"><span class='ocrx_word' id='word_1_341' title='bbox 2036 783 2353 841; x_wconf 84' lang='lat' dir='ltr'><strong>Mandamus</strong></span> <span class='ocrx_word' id='word_1_342' title='bbox 2383 788 2536 842; x_wconf 88' lang='lat' dir='ltr'><strong>vobis</strong></span> <span class='ocrx_word' id='word_1_343' title='bbox 2582 796 2642 841; x_wconf 89' lang='lat' dir='ltr'><strong>ut</strong></span> <span class='ocrx_word' id='word_1_344' title='bbox 2668 789 2951 858; x_wconf 87' lang='lat' dir='ltr'><strong>diligenter</strong></span> <span class='ocrx_word' id='word_1_345' title='bbox 2973 792 3307 850; x_wconf 87' lang='lat' dir='ltr'><strong>conveniatis</strong></span> <span class='ocrx_word' id='word_1_346' title='bbox 3340 798 3521 853; x_wconf 46' lang='lat' dir='ltr'><strong>homi‘</strong></span> 
     </span>
    </p>
   </div>
   <div class='ocr_carea' id='block_1_50' title="bbox 1966 874 3521 954">
    <p class='ocr_par' dir='ltr' id='par_1_50' title="bbox 1966 874 3521 954">
     <span class='ocr_line' id='line_1_50' title="bbox 1966 874 3521 954; baseline 0.01 -28"><span class='ocrx_word' id='word_1_347' title='bbox 1966 889 2063 927; x_wconf 88' lang='lat' dir='ltr'><strong>nes</strong></span> <span class='ocrx_word' id='word_1_348' title='bbox 2090 874 2228 939; x_wconf 90' lang='lat' dir='ltr'><strong>illos,</strong></span> <span class='ocrx_word' id='word_1_349' title='bbox 2260 876 2458 944; x_wconf 91' lang='lat' dir='ltr'><strong>quibus</strong></span> <span class='ocrx_word' id='word_1_350' title='bbox 2480 876 2704 933; x_wconf 86' lang='lat' dir='ltr'><strong>Michael</strong></span> <span class='ocrx_word' id='word_1_351' title='bbox 2724 878 3062 936; x_wconf 89' lang='lat' dir='ltr'><strong>Pisaurensis</strong></span> <span class='ocrx_word' id='word_1_352' title='bbox 3108 884 3392 954; x_wconf 88' lang='lat' dir='ltr'><strong>episcopus</strong></span> <span class='ocrx_word' id='word_1_353' title='bbox 3416 886 3521 941; x_wconf 62' lang='lat' dir='ltr'><strong>Ec«</strong></span> 
     </span>
    </p>
   </div>
   <div class='ocr_carea' id='block_1_51' title="bbox 1966 963 3525 1041">
    <p class='ocr_par' dir='ltr' id='par_1_51' title="bbox 1966 963 3525 1041">
     <span class='ocr_line' id='line_1_51' title="bbox 1966 963 3525 1041; baseline 0.009 -24"><span class='ocrx_word' id='word_1_354' title='bbox 1966 963 2140 1018; x_wconf 65' lang='lat' dir='ltr'><strong>clcsiae</strong></span> <span class='ocrx_word' id='word_1_355' title='bbox 2168 979 2280 1019; x_wconf 75' lang='lat' dir='ltr'><strong>sua:</strong></span> <span class='ocrx_word' id='word_1_356' title='bbox 2308 966 2446 1019; x_wconf 90' lang='lat' dir='ltr'><strong>bona</strong></span> <span class='ocrx_word' id='word_1_357' title='bbox 2483 967 2695 1022; x_wconf 88' lang='lat' dir='ltr'><strong>incaute</strong></span> <span class='ocrx_word' id='word_1_358' title='bbox 2734 970 2941 1035; x_wconf 87' lang='lat' dir='ltr'><strong>tribuit,</strong></span> <span class='ocrx_word' id='word_1_359' title='bbox 2971 971 3154 1041; x_wconf 86' lang='lat' dir='ltr'><strong>eisque</strong></span> <span class='ocrx_word' id='word_1_360' title='bbox 3202 976 3525 1031; x_wconf 88' lang='lat' dir='ltr'><strong>auctoritate</strong></span> 
     </span>
    </p>
   </div>
   <div class='ocr_carea' id='block_1_52' title="bbox 1966 1054 3524 1132">
    <p class='ocr_par' dir='ltr' id='par_1_52' title="bbox 1966 1054 3524 1132">
     <span class='ocr_line' id='line_1_52' title="bbox 1966 1054 3524 1132; baseline 0.012 -27"><span class='ocrx_word' id='word_1_361' title='bbox 1966 1054 2257 1121; x_wconf 88' lang='lat' dir='ltr'><strong>apostolica</strong></span> <span class='ocrx_word' id='word_1_362' title='bbox 2310 1057 2489 1110; x_wconf 87' lang='lat' dir='ltr'><strong>omnia</strong></span> <span class='ocrx_word' id='word_1_363' title='bbox 2544 1057 2794 1114; x_wconf 73' lang='lat' dir='ltr'><strong>Ecclesia:</strong></span> <span class='ocrx_word' id='word_1_364' title='bbox 2841 1070 2894 1115; x_wconf 88' lang='lat' dir='ltr'><strong>et</strong></span> <span class='ocrx_word' id='word_1_365' title='bbox 2934 1063 3186 1132; x_wconf 91' lang='lat' dir='ltr'><strong>episcopo</strong></span> <span class='ocrx_word' id='word_1_366' title='bbox 3241 1068 3524 1124; x_wconf 86' lang='lat' dir='ltr'><strong>restituere</strong></span> 
     </span>
    </p>
   </div>
   <div class='ocr_carea' id='block_1_53' title="bbox 1965 1144 3522 1225">
    <p class='ocr_par' dir='ltr' id='par_1_53' title="bbox 1965 1144 3522 1225">
     <span class='ocr_line' id='line_1_53' title="bbox 1965 1144 3522 1225; baseline 0.013 -29"><span class='ocrx_word' id='word_1_367' title='bbox 1965 1144 2305 1213; x_wconf 74' lang='lat' dir='ltr'><strong>prtecipiatis,</strong></span> <span class='ocrx_word' id='word_1_368' title='bbox 2339 1155 2499 1216; x_wconf 88' lang='lat' dir='ltr'><strong>atque</strong></span> <span class='ocrx_word' id='word_1_369' title='bbox 2513 1158 2673 1218; x_wconf 88' lang='lat' dir='ltr'><strong>prout</strong></span> <span class='ocrx_word' id='word_1_370' title='bbox 2695 1153 2993 1220; x_wconf 84' lang='lat' dir='ltr'><strong>oportuerit</strong></span> <span class='ocrx_word' id='word_1_371' title='bbox 3014 1156 3216 1225; x_wconf 88' lang='lat' dir='ltr'><strong>cogatis</strong></span> <span class='ocrx_word' id='word_1_372' title='bbox 3246 1178 3257 1209; x_wconf 88' lang='lat'>:</span> <span class='ocrx_word' id='word_1_373' title='bbox 3296 1168 3349 1212; x_wconf 90' lang='lat' dir='ltr'><strong>et</strong></span> <span class='ocrx_word' id='word_1_374' title='bbox 3370 1160 3522 1215; x_wconf 91' lang='lat' dir='ltr'><strong>insu-</strong></span> 
     </span>
    </p>
   </div>
   <div class='ocr_carea' id='block_1_54' title="bbox 1965 1236 3525 1320">
    <p class='ocr_par' dir='ltr' id='par_1_54' title="bbox 1965 1236 3525 1320">
     <span class='ocr_line' id='line_1_54' title="bbox 1965 1236 3525 1320; baseline 0.013 -32"><span class='ocrx_word' id='word_1_375' title='bbox 1965 1250 2062 1303; x_wconf 88' lang='lat' dir='ltr'><strong>per</strong></span> <span class='ocrx_word' id='word_1_376' title='bbox 2100 1236 2433 1306; x_wconf 89' lang='lat' dir='ltr'><strong>episcopum,</strong></span> <span class='ocrx_word' id='word_1_377' title='bbox 2487 1240 2533 1293; x_wconf 90' lang='lat' dir='ltr'><strong>si</strong></span> <span class='ocrx_word' id='word_1_378' title='bbox 2567 1240 2934 1298; x_wconf 87' lang='lat' dir='ltr'><strong>inobedientes</strong></span> <span class='ocrx_word' id='word_1_379' title='bbox 2981 1244 3208 1312; x_wconf 81' lang='lat' dir='ltr'><strong>fuerint,</strong></span> <span class='ocrx_word' id='word_1_380' title='bbox 3258 1264 3324 1303; x_wconf 78' lang='lat' dir='ltr'><strong>ex</strong></span> <span class='ocrx_word' id='word_1_381' title='bbox 3372 1262 3525 1320; x_wconf 88' lang='lat' dir='ltr'><strong>parte</strong></span> 
     </span>
    </p>
   </div>
   <div class='ocr_carea' id='block_1_55' title="bbox 1968 1324 3523 1402">
    <p class='ocr_par' dir='ltr' id='par_1_55' title="bbox 1968 1324 3523 1402">
     <span class='ocr_line' id='line_1_55' title="bbox 1968 1324 3523 1402; baseline 0.014 -23"><span class='ocrx_word' id='word_1_382' title='bbox 1968 1324 2151 1381; x_wconf 86' lang='lat' dir='ltr'><strong>Sancti</strong></span> <span class='ocrx_word' id='word_1_383' title='bbox 2193 1328 2335 1381; x_wconf 90' lang='lat' dir='ltr'><strong>Petri</strong></span> <span class='ocrx_word' id='word_1_384' title='bbox 2352 1339 2405 1383; x_wconf 88' lang='lat' dir='ltr'><strong>et</strong></span> <span class='ocrx_word' id='word_1_385' title='bbox 2455 1340 2639 1385; x_wconf 90' lang='lat' dir='ltr'><strong>nostra</strong></span> <span class='ocrx_word' id='word_1_386' title='bbox 2697 1335 3045 1402; x_wconf 86' lang='lat' dir='ltr'><strong>corporaliter</strong></span> <span class='ocrx_word' id='word_1_387' title='bbox 3076 1339 3179 1391; x_wconf 86' lang='lat' dir='ltr'><strong>sub</strong></span> <span class='ocrx_word' id='word_1_388' title='bbox 3217 1340 3397 1397; x_wconf 85' lang='lat' dir='ltr'><strong>hanno</strong></span> <span class='ocrx_word' id='word_1_389' title='bbox 3439 1344 3523 1399; x_wconf 86' lang='lat' dir='ltr'><strong>in-</strong></span> 
     </span>
    </p>
   </div>
   <div class='ocr_carea' id='block_1_56' title="bbox 1965 1416 3525 1495">
    <p class='ocr_par' dir='ltr' id='par_1_56' title="bbox 1965 1416 3525 1495">
     <span class='ocr_line' id='line_1_56' title="bbox 1965 1416 3525 1495; baseline 0.013 -27"><span class='ocrx_word' id='word_1_390' title='bbox 1965 1416 2162 1474; x_wconf 87' lang='lat' dir='ltr'><strong>vestire</strong></span> <span class='ocrx_word' id='word_1_391' title='bbox 2188 1418 2363 1485; x_wconf 89' lang='lat' dir='ltr'><strong>palam</strong></span> <span class='ocrx_word' id='word_1_392' title='bbox 2407 1421 2684 1485; x_wconf 88' lang='lat' dir='ltr'><strong>studeatis,</strong></span> <span class='ocrx_word' id='word_1_393' title='bbox 2710 1438 2911 1493; x_wconf 86' lang='lat' dir='ltr'><strong>eosque</strong></span> <span class='ocrx_word' id='word_1_394' title='bbox 2942 1427 3165 1495; x_wconf 87' lang='lat' dir='ltr'><strong>gratiam</strong></span> <span class='ocrx_word' id='word_1_395' title='bbox 3204 1428 3383 1486; x_wconf 90' lang='lat' dir='ltr'><strong>Sancti</strong></span> <span class='ocrx_word' id='word_1_396' title='bbox 3420 1430 3525 1490; x_wconf 69' lang='lat' dir='ltr'><strong>Pe-o</strong></span> 
     </span>
    </p>
   </div>
   <div class='ocr_carea' id='block_1_57' title="bbox 1965 1508 3520 1596">
    <p class='ocr_par' dir='ltr' id='par_1_57' title="bbox 1965 1508 3520 1596">
     <span class='ocr_line' id='line_1_57' title="bbox 1965 1508 3520 1596; baseline 0.015 -37"><span class='ocrx_word' id='word_1_397' title='bbox 1965 1508 2034 1560; x_wconf 88' lang='lat' dir='ltr'><strong>tri</strong></span> <span class='ocrx_word' id='word_1_398' title='bbox 2070 1516 2123 1562; x_wconf 90' lang='lat' dir='ltr'><strong>et</strong></span> <span class='ocrx_word' id='word_1_399' title='bbox 2166 1518 2404 1564; x_wconf 91' lang='lat' dir='ltr'><strong>nostram</strong></span> <span class='ocrx_word' id='word_1_400' title='bbox 2450 1514 2773 1581; x_wconf 69' lang='lat' dir='ltr'><strong>amissuros,</strong></span> <span class='ocrx_word' id='word_1_401' title='bbox 2823 1518 2868 1570; x_wconf 93' lang='lat' dir='ltr'><strong>si</strong></span> <span class='ocrx_word' id='word_1_402' title='bbox 2914 1519 3137 1574; x_wconf 87' lang='lat' dir='ltr'><strong>rebelles</strong></span> <span class='ocrx_word' id='word_1_403' title='bbox 3183 1524 3520 1596; x_wconf 84' lang='lat' dir='ltr'><strong>exstiterint,</strong></span> 
     </span>
    </p>
   </div>
   <div class='ocr_carea' id='block_1_58' title="bbox 1966 1598 3517 1684">
    <p class='ocr_par' dir='ltr' id='par_1_58' title="bbox 1966 1598 3517 1684">
     <span class='ocr_line' id='line_1_58' title="bbox 1966 1598 3517 1684; baseline 0.015 -36"><span class='ocrx_word' id='word_1_404' title='bbox 1966 1606 2146 1663; x_wconf 90' lang='lat' dir='ltr'><strong>aperte</strong></span> <span class='ocrx_word' id='word_1_405' title='bbox 2189 1598 2492 1656; x_wconf 88' lang='lat' dir='ltr'><strong>insinuetis.</strong></span> <span class='ocrx_word' id='word_1_406' title='bbox 2550 1602 2845 1674; x_wconf 88' lang='lat' dir='ltr'><strong>Episc0pos</strong></span> <span class='ocrx_word' id='word_1_407' title='bbox 2893 1622 3133 1678; x_wconf 91' lang='lat' dir='ltr'><strong>quoque,</strong></span> <span class='ocrx_word' id='word_1_408' title='bbox 3166 1620 3220 1665; x_wconf 90' lang='lat' dir='ltr'><strong>et</strong></span> <span class='ocrx_word' id='word_1_409' title='bbox 3268 1616 3517 1684; x_wconf 85' lang='lat' dir='ltr'><strong>comites,</strong></span> 
     </span>
    </p>
   </div>
   <div class='ocr_carea' id='block_1_59' title="bbox 1966 1690 3519 1773">
    <p class='ocr_par' dir='ltr' id='par_1_59' title="bbox 1966 1690 3519 1773">
     <span class='ocr_line' id='line_1_59' title="bbox 1966 1690 3519 1773; baseline 0.012 -33"><span class='ocrx_word' id='word_1_410' title='bbox 1966 1696 2295 1758; x_wconf 89' lang='lat' dir='ltr'><strong>cunctosque</strong></span> <span class='ocrx_word' id='word_1_411' title='bbox 2327 1690 2507 1746; x_wconf 90' lang='lat' dir='ltr'><strong>Sancti</strong></span> <span class='ocrx_word' id='word_1_412' title='bbox 2538 1693 2681 1748; x_wconf 85' lang='lat' dir='ltr'><strong>Petri</strong></span> <span class='ocrx_word' id='word_1_413' title='bbox 2713 1695 2897 1751; x_wconf 90' lang='lat' dir='ltr'><strong>ﬁdeles</strong></span> <span class='ocrx_word' id='word_1_414' title='bbox 2947 1698 3170 1753; x_wconf 80' lang='lat' dir='ltr'><strong>firmiter</strong></span> <span class='ocrx_word' id='word_1_415' title='bbox 3200 1704 3519 1773; x_wconf 66' lang='lat' dir='ltr'><strong>praecipien-</strong></span> 
     </span>
    </p>
   </div>
   <div class='ocr_carea' id='block_1_60' title="bbox 1966 1784 3522 1856">
    <p class='ocr_par' dir='ltr' id='par_1_60' title="bbox 1966 1784 3522 1856">
     <span class='ocr_line' id='line_1_60' title="bbox 1966 1784 3522 1856; baseline 0.013 -25"><span class='ocrx_word' id='word_1_416' title='bbox 1966 1784 2047 1832; x_wconf 90' lang='lat' dir='ltr'><strong>tes</strong></span> <span class='ocrx_word' id='word_1_417' title='bbox 2070 1789 2273 1849; x_wconf 88' lang='lat' dir='ltr'><strong>rogate,</strong></span> <span class='ocrx_word' id='word_1_418' title='bbox 2305 1792 2573 1850; x_wconf 89' lang='lat' dir='ltr'><strong>quatenus</strong></span> <span class='ocrx_word' id='word_1_419' title='bbox 2595 1787 2849 1856; x_wconf 90' lang='lat' dir='ltr'><strong>episcopo</strong></span> <span class='ocrx_word' id='word_1_420' title='bbox 2884 1787 3194 1845; x_wconf 81' lang='lat' dir='ltr'><strong>Pisaurensi</strong></span> <span class='ocrx_word' id='word_1_421' title='bbox 3225 1793 3291 1846; x_wconf 90' lang='lat' dir='ltr'><strong>ad</strong></span> <span class='ocrx_word' id='word_1_422' title='bbox 3312 1809 3405 1849; x_wconf 86' lang='lat' dir='ltr'><strong>eos</strong></span> <span class='ocrx_word' id='word_1_423' title='bbox 3426 1811 3522 1850; x_wconf 64' lang='grc' dir='ltr'><strong>ει·-</strong></span> 
     </span>
    </p>
   </div>
   <div class='ocr_carea' id='block_1_61' title="bbox 1968 1868 3523 1952">
    <p class='ocr_par' dir='ltr' id='par_1_61' title="bbox 1968 1868 3523 1952">
     <span class='ocr_line' id='line_1_61' title="bbox 1968 1868 3523 1952; baseline 0.013 -32"><span class='ocrx_word' id='word_1_424' title='bbox 1968 1868 2280 1937; x_wconf 88' lang='lat' dir='ltr'><strong>pugnandos</strong></span> <span class='ocrx_word' id='word_1_425' title='bbox 2324 1871 2589 1939; x_wconf 85' lang='lat' dir='ltr'><strong>spirituali</strong></span> <span class='ocrx_word' id='word_1_426' title='bbox 2614 1883 2667 1927; x_wconf 90' lang='lat' dir='ltr'><strong>et</strong></span> <span class='ocrx_word' id='word_1_427' title='bbox 2696 1878 2939 1931; x_wconf 69' lang='lat' dir='ltr'><strong>saeculari</strong></span> <span class='ocrx_word' id='word_1_428' title='bbox 2972 1881 3195 1948; x_wconf 82' lang='lat' dir='ltr'><strong>auxilio,</strong></span> <span class='ocrx_word' id='word_1_429' title='bbox 3240 1893 3400 1952; x_wconf 88' lang='lat' dir='ltr'><strong>prout</strong></span> <span class='ocrx_word' id='word_1_430' title='bbox 3428 1902 3523 1940; x_wconf 58' lang='lat' dir='ltr'><strong>nea</strong></span> 
     </span>
    </p>
   </div>
   <div class='ocr_carea' id='block_1_62' title="bbox 1970 1958 3523 2047">
    <p class='ocr_par' dir='ltr' id='par_1_62' title="bbox 1970 1958 3523 2047">
     <span class='ocr_line' id='line_1_62' title="bbox 1970 1958 3523 2047; baseline 0.014 -36"><span class='ocrx_word' id='word_1_431' title='bbox 1970 1972 2120 2013; x_wconf 90' lang='lat' dir='ltr'><strong>cesse</strong></span> <span class='ocrx_word' id='word_1_432' title='bbox 2148 1958 2326 2025; x_wconf 85' lang='lat' dir='ltr'><strong>fuerit,</strong></span> <span class='ocrx_word' id='word_1_433' title='bbox 2362 1962 2587 2017; x_wconf 87' lang='lat' dir='ltr'><strong>ﬁdeliter</strong></span> <span class='ocrx_word' id='word_1_434' title='bbox 2634 1965 2980 2021; x_wconf 90' lang='lat' dir='ltr'><strong>subveniant:</strong></span> <span class='ocrx_word' id='word_1_435' title='bbox 3030 1973 3265 2028; x_wconf 80' lang='lat' dir='ltr'><strong>maxime</strong></span> <span class='ocrx_word' id='word_1_436' title='bbox 3288 1990 3382 2031; x_wconf 88' lang='lat' dir='ltr'><strong>eos</strong></span> <span class='ocrx_word' id='word_1_437' title='bbox 3426 1976 3523 2047; x_wconf 85' lang='lat' dir='ltr'><strong>qui</strong></span> 
     </span>
    </p>
   </div>
   <div class='ocr_carea' id='block_1_63' title="bbox 1967 2052 3525 2137">
    <p class='ocr_par' dir='ltr' id='par_1_63' title="bbox 1967 2052 3525 2137">
     <span class='ocr_line' id='line_1_63' title="bbox 1967 2052 3525 2137; baseline 0.016 -34"><span class='ocrx_word' id='word_1_438' title='bbox 1967 2052 2139 2119; x_wconf 90' lang='lat' dir='ltr'><strong>pretio</strong></span> <span class='ocrx_word' id='word_1_439' title='bbox 2158 2063 2370 2123; x_wconf 85' lang='lat' dir='ltr'><strong>recepto</strong></span> <span class='ocrx_word' id='word_1_440' title='bbox 2398 2064 2595 2112; x_wconf 90' lang='lat' dir='ltr'><strong>terram</strong></span> <span class='ocrx_word' id='word_1_441' title='bbox 2629 2060 2805 2115; x_wconf 89' lang='lat' dir='ltr'><strong>adhuc</strong></span> <span class='ocrx_word' id='word_1_442' title='bbox 2828 2061 3086 2118; x_wconf 88' lang='lat' dir='ltr'><strong>violenter</strong></span> <span class='ocrx_word' id='word_1_443' title='bbox 3102 2075 3155 2119; x_wconf 90' lang='lat' dir='ltr'><strong>et</strong></span> <span class='ocrx_word' id='word_1_444' title='bbox 3182 2070 3409 2137; x_wconf 86' lang='lat' dir='ltr'><strong>superbe</strong></span> <span class='ocrx_word' id='word_1_445' title='bbox 3437 2089 3525 2128; x_wconf 83' lang='lat' dir='ltr'><strong>re-</strong></span> 
     </span>
    </p>
   </div>
   <div class='ocr_carea' id='block_1_64' title="bbox 1967 2141 3517 2232">
    <p class='ocr_par' dir='ltr' id='par_1_64' title="bbox 1967 2141 3517 2232">
     <span class='ocr_line' id='line_1_64' title="bbox 1967 2141 3517 2232; baseline 0.014 -38"><span class='ocrx_word' id='word_1_446' title='bbox 1967 2141 2137 2197; x_wconf 92' lang='lat' dir='ltr'><strong>tinere</strong></span> <span class='ocrx_word' id='word_1_447' title='bbox 2162 2159 2268 2199; x_wconf 90' lang='lat' dir='ltr'><strong>non</strong></span> <span class='ocrx_word' id='word_1_448' title='bbox 2292 2157 2565 2215; x_wconf 88' lang='lat' dir='ltr'><strong>verentur,</strong></span> <span class='ocrx_word' id='word_1_449' title='bbox 2595 2166 2707 2219; x_wconf 70' lang='lat' dir='ltr'><strong>prie</strong></span> <span class='ocrx_word' id='word_1_450' title='bbox 2739 2153 2947 2208; x_wconf 62' lang='lat' dir='ltr'><strong>caneris</strong></span> <span class='ocrx_word' id='word_1_451' title='bbox 2970 2157 3229 2212; x_wconf 87' lang='lat' dir='ltr'><strong>acerrime</strong></span> <span class='ocrx_word' id='word_1_452' title='bbox 3277 2162 3517 2232; x_wconf 83' lang='lat' dir='ltr'><strong>corriga-</strong></span> 
     </span>
    </p>
   </div>
   <div class='ocr_carea' id='block_1_65' title="bbox 1965 2230 3520 2309">
    <p class='ocr_par' dir='ltr' id='par_1_65' title="bbox 1965 2230 3520 2309">
     <span class='ocr_line' id='line_1_65' title="bbox 1965 2230 3520 2309; baseline 0.016 -26"><span class='ocrx_word' id='word_1_453' title='bbox 1965 2230 2036 2286; x_wconf 90' lang='lat' dir='ltr'><strong>tis</strong></span> <span class='ocrx_word' id='word_1_454' title='bbox 2073 2232 2126 2286; x_wconf 84' lang='lat' dir='ltr'><strong>et</strong></span> <span class='ocrx_word' id='word_1_455' title='bbox 2160 2234 2299 2288; x_wconf 85' lang='lat' dir='ltr'><strong>bona</strong></span> <span class='ocrx_word' id='word_1_456' title='bbox 2330 2234 2583 2293; x_wconf 69' lang='lat' dir='ltr'><strong>Ecclesia:</strong></span> <span class='ocrx_word' id='word_1_457' title='bbox 2613 2240 2866 2309; x_wconf 85' lang='lat' dir='ltr'><strong>episcopo</strong></span> <span class='ocrx_word' id='word_1_458' title='bbox 2901 2243 3312 2304; x_wconf 86' lang='lat' dir='ltr'><strong>intromittentes</strong></span> <span class='ocrx_word' id='word_1_459' title='bbox 3358 2230 3520 2307; x_wconf 67' lang='lat' dir='ltr'><strong>resti-</strong></span> 
     </span>
    </p>
   </div>
   <div class='ocr_carea' id='block_1_66' title="bbox 1966 2322 3517 2406">
    <p class='ocr_par' dir='ltr' id='par_1_66' title="bbox 1966 2322 3517 2406">
     <span class='ocr_line' id='line_1_66' title="bbox 1966 2322 3517 2406; baseline 0.015 -31"><span class='ocrx_word' id='word_1_460' title='bbox 1966 2324 2148 2378; x_wconf 89' lang='lat' dir='ltr'><strong>tuatis.</strong></span> <span class='ocrx_word' id='word_1_461' title='bbox 2181 2322 2381 2381; x_wconf 80' lang='lat' dir='ltr'><strong>Omnes</strong></span> <span class='ocrx_word' id='word_1_462' title='bbox 2407 2328 2570 2388; x_wconf 85' lang='lat' dir='ltr'><strong>etiam</strong></span> <span class='ocrx_word' id='word_1_463' title='bbox 2600 2328 2721 2387; x_wconf 88' lang='lat' dir='ltr'><strong>lites</strong></span> <span class='ocrx_word' id='word_1_464' title='bbox 2740 2330 2882 2386; x_wconf 87' lang='lat' dir='ltr'><strong>inter</strong></span> <span class='ocrx_word' id='word_1_465' title='bbox 2895 2334 3207 2406; x_wconf 88' lang='lat' dir='ltr'><strong>episcopum</strong></span> <span class='ocrx_word' id='word_1_466' title='bbox 3238 2350 3292 2394; x_wconf 91' lang='lat' dir='ltr'><strong>et</strong></span> <span class='ocrx_word' id='word_1_467' title='bbox 3326 2342 3517 2398; x_wconf 86' lang='lat' dir='ltr'><strong>adver-</strong></span> 
     </span>
    </p>
   </div>
   <div class='ocr_carea' id='block_1_67' title="bbox 1967 2416 3520 2492">
    <p class='ocr_par' dir='ltr' id='par_1_67' title="bbox 1967 2416 3520 2492">
     <span class='ocr_line' id='line_1_67' title="bbox 1967 2416 3520 2492; baseline 0.015 -25"><span class='ocrx_word' id='word_1_468' title='bbox 1967 2416 2139 2470; x_wconf 90' lang='lat' dir='ltr'><strong>sarios</strong></span> <span class='ocrx_word' id='word_1_469' title='bbox 2166 2417 2285 2492; x_wconf 84' lang='lat' dir='ltr'><strong>ejus</strong></span> <span class='ocrx_word' id='word_1_470' title='bbox 2316 2418 2385 2472; x_wconf 89' lang='lat' dir='ltr'><strong>ad</strong></span> <span class='ocrx_word' id='word_1_471' title='bbox 2407 2420 2692 2475; x_wconf 87' lang='lat' dir='ltr'><strong>utilitatem</strong></span> <span class='ocrx_word' id='word_1_472' title='bbox 2724 2421 2935 2479; x_wconf 65' lang='lat' dir='ltr'><strong>Sanctae</strong></span> <span class='ocrx_word' id='word_1_473' title='bbox 2973 2425 3163 2482; x_wconf 63' lang='lat' dir='ltr'><strong>Mariae</strong></span> <span class='ocrx_word' id='word_1_474' title='bbox 3180 2428 3520 2491; x_wconf 83' lang='lat' dir='ltr'><strong>Pisaurensis</strong></span> 
     </span>
    </p>
   </div>
   <div class='ocr_carea' id='block_1_68' title="bbox 1965 2503 3517 2589">
    <p class='ocr_par' dir='ltr' id='par_1_68' title="bbox 1965 2503 3517 2589">
     <span class='ocr_line' id='line_1_68' title="bbox 1965 2503 3517 2589; baseline 0.014 -33"><span class='ocrx_word' id='word_1_475' title='bbox 1965 2503 2221 2561; x_wconf 62' lang='lat' dir='ltr'><strong>Ecclesia:</strong></span> <span class='ocrx_word' id='word_1_476' title='bbox 2242 2508 2466 2563; x_wconf 85' lang='lat' dir='ltr'><strong>deﬁnire</strong></span> <span class='ocrx_word' id='word_1_477' title='bbox 2505 2510 2826 2579; x_wconf 71' lang='lat' dir='ltr'><strong>procuratis,</strong></span> <span class='ocrx_word' id='word_1_478' title='bbox 2850 2514 3053 2571; x_wconf 84' lang='lat' dir='ltr'><strong>nullius</strong></span> <span class='ocrx_word' id='word_1_479' title='bbox 3078 2520 3410 2589; x_wconf 77' lang='lat' dir='ltr'><strong>negligentia:</strong></span> <span class='ocrx_word' id='word_1_480' title='bbox 3430 2523 3517 2577; x_wconf 90' lang='lat' dir='ltr'><strong>in-</strong></span> 
     </span>
    </p>
   </div>
   <div class='ocr_carea' id='block_1_69' title="bbox 1964 2594 2555 2653">
    <p class='ocr_par' dir='ltr' id='par_1_69' title="bbox 1964 2594 2555 2653">
     <span class='ocr_line' id='line_1_69' title="bbox 1964 2594 2555 2653; baseline 0.012 -8"><span class='ocrx_word' id='word_1_481' title='bbox 1964 2594 2291 2649; x_wconf 89' lang='lat' dir='ltr'><strong>terveniente</strong></span> <span class='ocrx_word' id='word_1_482' title='bbox 2326 2596 2555 2653; x_wconf 88' lang='lat' dir='ltr'><strong>incuria.</strong></span> 
     </span>
    </p>
   </div>
   <div class='ocr_carea' id='block_1_70' title="bbox 2015 2676 3513 2763">
    <p class='ocr_par' dir='ltr' id='par_1_70' title="bbox 2015 2676 3513 2763">
     <span class='ocr_line' id='line_1_70' title="bbox 2015 2676 3513 2763; baseline 0.015 -29"><span class='ocrx_word' id='word_1_483' title='bbox 2015 2681 2146 2741; x_wconf 90' lang='lat' dir='ltr'><strong>Data</strong></span> <span class='ocrx_word' id='word_1_484' title='bbox 2154 2676 2355 2752; x_wconf 67' lang='lat' dir='ltr'><strong>Rom,</strong></span> <span class='ocrx_word' id='word_1_485' title='bbox 2367 2685 2544 2742; x_wconf 89' lang='lat' dir='ltr'><strong>Idibus</strong></span> <span class='ocrx_word' id='word_1_486' title='bbox 2553 2686 3115 2758; x_wconf 75' lang='lat' dir='ltr'><strong>Januarii,&#39;indictione</strong></span> <span class='ocrx_word' id='word_1_487' title='bbox 3124 2692 3331 2763; x_wconf 81' lang='lat' dir='ltr'><strong>decima</strong></span> <span class='ocrx_word' id='word_1_488' title='bbox 3339 2700 3513 2757; x_wconf 77' lang='lat' dir='ltr'><strong>tertia.</strong></span> 
     </span>
    </p>
   </div>
   <div class='ocr_carea' id='block_1_71' title="bbox 2465 2807 3029 2872">
    <p class='ocr_par' dir='ltr' id='par_1_71' title="bbox 2465 2807 3029 2872">
     <span class='ocr_line' id='line_1_71' title="bbox 2465 2807 3029 2872; baseline 0.016 -9"><span class='ocrx_word' id='word_1_489' title='bbox 2465 2807 2800 2867; x_wconf 76' lang='lat' dir='ltr'><strong>EPISTULA</strong></span> <span class='ocrx_word' id='word_1_490' title='bbox 2822 2813 3029 2872; x_wconf 79' lang='lat' dir='ltr'><strong>XLVII.</strong></span> 
     </span>
    </p>
   </div>
   <div class='ocr_carea' id='block_1_72' title="bbox 2458 2917 2996 2974">
    <p class='ocr_par' dir='ltr' id='par_1_72' title="bbox 2458 2917 2996 2974">
     <span class='ocr_line' id='line_1_72' title="bbox 2458 2917 2996 2974; baseline 0.013 -18"><span class='ocrx_word' id='word_1_491' title='bbox 2458 2918 2525 2956; x_wconf 79' lang='grc' dir='ltr'><strong>Λι)</strong></span> <span class='ocrx_word' id='word_1_492' title='bbox 2548 2919 2860 2974; x_wconf 62' lang='grc' dir='ltr'>ιιΑιιηειιιιιιι,</span> <span class='ocrx_word' id='word_1_493' title='bbox 2894 2917 2996 2965; x_wconf 89' lang='lat' dir='ltr'><strong>etc.</strong></span> 
     </span>
    </p>
   </div>
   <div class='ocr_carea' id='block_1_73' title="bbox 2542 2990 2930 3068">
    <p class='ocr_par' dir='ltr' id='par_1_73' title="bbox 2542 2990 2930 3068">
     <span class='ocr_line' id='line_1_73' title="bbox 2542 2990 2930 3068; baseline 0.018 -23"><span class='ocrx_word' id='word_1_494' title='bbox 2542 2994 2723 3063; x_wconf 84' lang='lat' dir='ltr'><strong>(Anno</strong></span> <span class='ocrx_word' id='word_1_495' title='bbox 2746 2990 2930 3068; x_wconf 74' lang='grc'><strong>1075.)</strong></span> 
     </span>
    </p>
   </div>
   <div class='ocr_carea' id='block_1_74' title="bbox 1964 3077 3520 3164">
    <p class='ocr_par' dir='ltr' id='par_1_74' title="bbox 1964 3077 3520 3164">
     <span class='ocr_line' id='line_1_74' title="bbox 1964 3077 3520 3164; baseline 0.016 -35"><span class='ocrx_word' id='word_1_496' title='bbox 1964 3077 2192 3131; x_wconf 79' lang='lat' dir='ltr'><strong>Nuntiat</strong></span> <span class='ocrx_word' id='word_1_497' title='bbox 2227 3084 2616 3164; x_wconf 33' lang='lat' dir='ltr'><strong>sel‘praeccpiue</strong></span> <span class='ocrx_word' id='word_1_498' title='bbox 2649 3084 2874 3164; x_wconf 63' lang='lat' dir='ltr'><strong>Clusino</strong></span> <span class='ocrx_word' id='word_1_499' title='bbox 2900 3089 3155 3161; x_wconf 72' lang='lat' dir='ltr'><strong>episcbpo,</strong></span> <span class='ocrx_word' id='word_1_500' title='bbox 3192 3090 3284 3164; x_wconf 73' lang='lat' dir='ltr'><strong>‘q‘ni</strong></span> <span class='ocrx_word' id='word_1_501' title='bbox 3322 3091 3520 3154; x_wconf 45' lang='lat' dir='ltr'><strong>ﬂuidae</strong></span> 
     </span>
    </p>
   </div>
   <div class='ocr_carea' id='block_1_75' title="bbox 1971 3148 3515 3227">
    <p class='ocr_par' dir='ltr' id='par_1_75' title="bbox 1971 3148 3515 3227">
     <span class='ocr_line' id='line_1_75' title="bbox 1971 3148 3515 3227; baseline 0.016 -28"><span class='ocrx_word' id='word_1_502' title='bbox 1971 3175 1974 3177; x_wconf 54' lang='grc' dir='ltr'>λ</span> <span class='ocrx_word' id='word_1_503' title='bbox 2033 3148 2361 3227; x_wconf 34' lang='lat' dir='ltr'><strong>nemeultis</strong></span> <span class='ocrx_word' id='word_1_504' title='bbox 2389 3148 2693 3227; x_wconf 66' lang='lat' dir='ltr'><strong>criminibus</strong></span> <span class='ocrx_word' id='word_1_505' title='bbox 2725 3148 3007 3227; x_wconf 66' lang='lat' dir='ltr'><strong>irrelittim,</strong></span> <span class='ocrx_word' id='word_1_506' title='bbox 3036 3148 3084 3216; x_wconf 74' lang='lat' dir='ltr'><strong>et</strong></span> <span class='ocrx_word' id='word_1_507' title='bbox 3113 3148 3176 3217; x_wconf 57' lang='lat' dir='ltr'><strong>ab</strong></span> <span class='ocrx_word' id='word_1_508' title='bbox 3204 3148 3515 3225; x_wconf 44' lang='grc' dir='ltr'><strong>Ἀἰτίαιιᾶἶο</strong></span> 
     </span>
    </p>
   </div>
   <div class='ocr_carea' id='block_1_76' title="bbox 1889 3219 3518 3307">
    <p class='ocr_par' dir='ltr' id='par_1_76' title="bbox 1889 3219 3518 3307">
     <span class='ocr_line' id='line_1_76' title="bbox 1889 3219 3518 3307; baseline 0.016 -40"><span class='ocrx_word' id='word_1_509' title='bbox 1889 3238 1931 3296; x_wconf 75' lang='lat' dir='ltr'>C</span> <span class='ocrx_word' id='word_1_510' title='bbox 2033 3219 2680 3307; x_wconf 10' lang='lat' dir='ltr'><strong>pacti/icerprwdecessore</strong></span> <span class='ocrx_word' id='word_1_511' title='bbox 2733 3242 2826 3307; x_wconf 77' lang='lat' dir='ltr'><strong>suo</strong></span> <span class='ocrx_word' id='word_1_512' title='bbox 2856 3246 2887 3281; x_wconf 91' lang='lat' dir='ltr'><strong>a</strong></span> <span class='ocrx_word' id='word_1_513' title='bbox 2910 3219 3138 3299; x_wconf 68' lang='lat' dir='ltr'><strong>quadam</strong></span> <span class='ocrx_word' id='word_1_514' title='bbox 3171 3219 3518 3307; x_wconf 45' lang='lat' dir='ltr'><strong>premam};</strong></span> 
     </span>
    </p>
   </div>
   <div class='ocr_carea' id='block_1_77' title="bbox 2034 3219 3515 3376">
    <p class='ocr_par' dir='ltr' id='par_1_77' title="bbox 2034 3219 3515 3376">
     <span class='ocr_line' id='line_1_77' title="bbox 2034 3219 3515 3356; baseline 0.016 -87"><span class='ocrx_word' id='word_1_515' title='bbox 2034 3219 2281 3341; x_wconf 67' lang='lat' dir='ltr'><strong>palati/ica</strong></span> <span class='ocrx_word' id='word_1_516' title='bbox 2306 3222 2680 3303; x_wconf 64' lang='lat' dir='ltr'><strong>praedecessore</strong></span> <span class='ocrx_word' id='word_1_517' title='bbox 2733 3242 2826 3279; x_wconf 81' lang='lat' dir='ltr'><strong>suo</strong></span> <span class='ocrx_word' id='word_1_518' title='bbox 2856 3246 2887 3281; x_wconf 91' lang='lat' dir='ltr'><strong>a</strong></span> <span class='ocrx_word' id='word_1_519' title='bbox 2910 3219 3515 3356; x_wconf 30' lang='lat' dir='ltr'><strong>quadameposittﬁt&#39;ra</strong></span> 
     </span>
     <span class='ocr_line' id='line_1_78' title="bbox 2034 3301 3515 3376; baseline 0.017 -39"><span class='ocrx_word' id='word_1_520' title='bbox 2034 3301 2671 3376; x_wconf 15' lang='lat' dir='ltr'><strong>capursnniqoestttuera&#39;t,</strong></span> <span class='ocrx_word' id='word_1_521' title='bbox 2691 3304 2766 3376; x_wconf 24' lang='grc' dir='ltr'><strong>ἀι-</strong></span> <span class='ocrx_word' id='word_1_522' title='bbox 2800 3314 2860 3350; x_wconf 82' lang='lat' dir='ltr'><strong>eo</strong></span> <span class='ocrx_word' id='word_1_523' title='bbox 2904 3310 3110 3376; x_wconf 43' lang='lat' dir='ltr'><strong>amoto-</strong></span> <span class='ocrx_word' id='word_1_524' title='bbox 3159 3305 3291 3376; x_wconf 65' lang='lat' dir='ltr'><strong>ium</strong></span> <span class='ocrx_word' id='word_1_525' title='bbox 3322 3308 3375 3359; x_wconf 82' lang='lat' dir='ltr'><strong>in</strong></span> <span class='ocrx_word' id='word_1_526' title='bbox 3403 3308 3515 3376; x_wconf 73' lang='lat' dir='ltr'><strong>eius</strong></span> 
     </span>
    </p>
   </div>
   <div class='ocr_carea' id='block_1_78' title="bbox 2032 3355 3517 3431">
    <p class='ocr_par' dir='ltr' id='par_1_78' title="bbox 2032 3355 3517 3431">
     <span class='ocr_line' id='line_1_79' title="bbox 2032 3355 3517 3431; baseline 0.017 -24"><span class='ocrx_word' id='word_1_527' title='bbox 2032 3355 2210 3431; x_wconf 26' lang='lat' dir='ltr'><strong>locum.</strong></span> <span class='ocrx_word' id='word_1_528' title='bbox 2229 3360 2582 3415; x_wconf 73' lang='lat' dir='ltr'><strong>substituent.</strong></span> <span class='ocrx_word' id='word_1_529' title='bbox 2611 3355 2766 3418; x_wconf 64' lang='lat' dir='ltr'><strong>labet</strong></span> <span class='ocrx_word' id='word_1_530' title='bbox 2803 3378 2864 3419; x_wconf 72' lang='lat' dir='ltr'><strong>ne</strong></span> <span class='ocrx_word' id='word_1_531' title='bbox 2882 3361 3023 3422; x_wconf 77' lang='lat' dir='ltr'><strong>dicto</strong></span> <span class='ocrx_word' id='word_1_532' title='bbox 3069 3355 3294 3427; x_wconf 60' lang='lat' dir='ltr'><strong>Quinctii</strong></span> <span class='ocrx_word' id='word_1_533' title='bbox 3405 3355 3517 3431; x_wconf 43' lang='lat' dir='ltr'><strong>Vr:-</strong></span> 
     </span>
    </p>
   </div>
   <div class='ocr_carea' id='block_1_79' title="bbox 2033 3425 3097 3497">
    <p class='ocr_par' dir='ltr' id='par_1_79' title="bbox 2033 3425 3097 3497">
     <span class='ocr_line' id='line_1_80' title="bbox 2033 3425 3097 3497; baseline 0.015 -21"><span class='ocrx_word' id='word_1_534' title='bbox 2033 3425 2299 3478; x_wconf 67' lang='lat' dir='ltr'><strong>timendam</strong></span> <span class='ocrx_word' id='word_1_535' title='bbox 2326 3431 2727 3497; x_wconf 62' lang='lat' dir='ltr'><strong>praepositurum</strong></span> <span class='ocrx_word' id='word_1_536' title='bbox 2753 3437 2954 3489; x_wconf 67' lang='lat' dir='ltr'><strong>auxilio</strong></span> <span class='ocrx_word' id='word_1_537' title='bbox 2972 3439 3097 3491; x_wconf 73' lang='lat' dir='ltr'><strong>sint</strong></span> 
     </span>
    </p>
   </div>
   <div class='ocr_carea' id='block_1_80' title="bbox 2030 3514 3515 3598">
    <p class='ocr_par' dir='ltr' id='par_1_80' title="bbox 2030 3514 3515 3598">
     <span class='ocr_line' id='line_1_81' title="bbox 2030 3514 3515 3598; baseline 0.015 -31"><span class='ocrx_word' id='word_1_538' title='bbox 2030 3514 2334 3571; x_wconf 70' lang='lat' dir='ltr'><strong>Caesonius</strong></span> <span class='ocrx_word' id='word_1_539' title='bbox 2358 3519 2664 3588; x_wconf 86' lang='lat' dir='ltr'><strong>episcopus,</strong></span> <span class='ocrx_word' id='word_1_540' title='bbox 2690 3537 2880 3579; x_wconf 88' lang='lat' dir='ltr'><strong>servus</strong></span> <span class='ocrx_word' id='word_1_541' title='bbox 2911 3539 3191 3584; x_wconf 84' lang='lat' dir='ltr'><strong>servorum</strong></span> <span class='ocrx_word' id='word_1_542' title='bbox 3216 3530 3331 3598; x_wconf 86' lang='lat' dir='ltr'><strong>Dei,</strong></span> <span class='ocrx_word' id='word_1_543' title='bbox 3382 3533 3515 3589; x_wconf 67' lang='lat' dir='ltr'><strong>Rar-</strong></span> 
     </span>
    </p>
   </div>
   <div class='ocr_carea' id='block_1_81' title="bbox 1959 3603 3516 3694">
    <p class='ocr_par' dir='ltr' id='par_1_81' title="bbox 1959 3603 3516 3694">
     <span class='ocr_line' id='line_1_82' title="bbox 1959 3603 3516 3694; baseline 0.015 -38"><span class='ocrx_word' id='word_1_544' title='bbox 1959 3618 2116 3694; x_wconf 68' lang='lat' dir='ltr'><strong>nstuo</strong></span> <span class='ocrx_word' id='word_1_545' title='bbox 2141 3606 2250 3660; x_wconf 90' lang='lat' dir='ltr'><strong>ﬁlio</strong></span> <span class='ocrx_word' id='word_1_546' title='bbox 2280 3603 2541 3678; x_wconf 83' lang='lat' dir='ltr'><strong>Ugizonis</strong></span> <span class='ocrx_word' id='word_1_547' title='bbox 2569 3609 2938 3682; x_wconf 85' lang='lat' dir='ltr'><strong>(Uguccionis,</strong></span> <span class='ocrx_word' id='word_1_548' title='bbox 2963 3625 3013 3670; x_wconf 84' lang='lat' dir='ltr'><strong>et</strong></span> <span class='ocrx_word' id='word_1_549' title='bbox 3035 3619 3111 3672; x_wconf 72' lang='lat' dir='ltr'><strong>sic</strong></span> <span class='ocrx_word' id='word_1_550' title='bbox 3139 3614 3321 3694; x_wconf 76' lang='lat' dir='ltr'><strong>alibi],</strong></span> <span class='ocrx_word' id='word_1_551' title='bbox 3353 3632 3516 3694; x_wconf 86' lang='lat' dir='ltr'><strong>atque</strong></span> 
     </span>
    </p>
   </div>
   <div class='ocr_carea' id='block_1_82' title="bbox 1962 3693 3515 3782">
    <p class='ocr_par' dir='ltr' id='par_1_82' title="bbox 1962 3693 3515 3782">
     <span class='ocr_line' id='line_1_83' title="bbox 1962 3693 3515 3782; baseline 0.015 -34"><span class='ocrx_word' id='word_1_552' title='bbox 1962 3693 2223 3753; x_wconf 73' lang='lat' dir='ltr'><strong>RAINERIO</strong></span> <span class='ocrx_word' id='word_1_553' title='bbox 2250 3700 2360 3754; x_wconf 88' lang='lat' dir='ltr'><strong>ﬁlio</strong></span> <span class='ocrx_word' id='word_1_554' title='bbox 2389 3699 2674 3773; x_wconf 79' lang='lat' dir='ltr'><strong>Bulgarelli</strong></span> <span class='ocrx_word' id='word_1_555' title='bbox 2696 3706 2853 3761; x_wconf 79' lang='lat' dir='ltr'><strong>uxori</strong></span> <span class='ocrx_word' id='word_1_556' title='bbox 2893 3721 3107 3780; x_wconf 85' lang='lat' dir='ltr'><strong>quoque</strong></span> <span class='ocrx_word' id='word_1_557' title='bbox 3132 3693 3360 3782; x_wconf 83' lang='lat' dir='ltr'><strong>Peponis</strong></span> <span class='ocrx_word' id='word_1_558' title='bbox 3380 3693 3515 3772; x_wconf 83' lang='lat' dir='ltr'><strong>don-</strong></span> 
     </span>
    </p>
   </div>
   <div class='ocr_carea' id='block_1_83' title="bbox 1960 3788 3516 3879">
    <p class='ocr_par' dir='ltr' id='par_1_83' title="bbox 1960 3788 3516 3879">
     <span class='ocr_line' id='line_1_84' title="bbox 1960 3788 3516 3879; baseline 0.015 -38"><span class='ocrx_word' id='word_1_559' title='bbox 1960 3788 2279 3879; x_wconf 12' lang='lat' dir='ltr'><strong>naeruillae,</strong></span> <span class='ocrx_word' id='word_1_560' title='bbox 2311 3790 2436 3847; x_wconf 81' lang='lat' dir='ltr'><strong>filiis</strong></span> <span class='ocrx_word' id='word_1_561' title='bbox 2451 3793 2612 3848; x_wconf 89' lang='lat' dir='ltr'><strong>etiam</strong></span> <span class='ocrx_word' id='word_1_562' title='bbox 2626 3796 2858 3853; x_wconf 67' lang='lat' dir='ltr'><strong>“comitis</strong></span> <span class='ocrx_word' id='word_1_563' title='bbox 2883 3798 3125 3873; x_wconf 81' lang='lat' dir='ltr'><strong>Ardingi,</strong></span> <span class='ocrx_word' id='word_1_564' title='bbox 3157 3806 3516 3879; x_wconf 79' lang='lat' dir='ltr'><strong>Omnibusque</strong></span> 
     </span>
    </p>
   </div>
   <div class='ocr_carea' id='block_1_84' title="bbox 1960 3877 3532 3966">
    <p class='ocr_par' dir='ltr' id='par_1_84' title="bbox 1960 3877 3532 3966">
     <span class='ocr_line' id='line_1_85' title="bbox 1960 3877 3532 3966; baseline 0.015 -36"><span class='ocrx_word' id='word_1_565' title='bbox 1960 3877 2014 3931; x_wconf 91' lang='lat' dir='ltr'><strong>in</strong></span> <span class='ocrx_word' id='word_1_566' title='bbox 2042 3878 2264 3935; x_wconf 90' lang='lat' dir='ltr'><strong>Clusino</strong></span> <span class='ocrx_word' id='word_1_567' title='bbox 2284 3882 2541 3939; x_wconf 86' lang='lat' dir='ltr'><strong>comitatu</strong></span> <span class='ocrx_word' id='word_1_568' title='bbox 2561 3890 3038 3959; x_wconf 88' lang='lat' dir='ltr'><strong>commorantibus,</strong></span> <span class='ocrx_word' id='word_1_569' title='bbox 3069 3901 3179 3949; x_wconf 86' lang='lat' dir='ltr'><strong>tam</strong></span> <span class='ocrx_word' id='word_1_570' title='bbox 3213 3877 3532 3966; x_wconf 62' lang='lat' dir='ltr'><strong>majoribus</strong></span> 
     </span>
    </p>
   </div>
   <div class='ocr_carea' id='block_1_85' title="bbox 1958 3971 3512 4059">
    <p class='ocr_par' dir='ltr' id='par_1_85' title="bbox 1958 3971 3512 4059">
     <span class='ocr_line' id='line_1_86' title="bbox 1958 3971 3512 4059; baseline 0.018 -39"><span class='ocrx_word' id='word_1_571' title='bbox 1958 3978 2121 4038; x_wconf 83' lang='lat' dir='ltr'><strong>quam</strong></span> <span class='ocrx_word' id='word_1_572' title='bbox 2152 3971 2453 4029; x_wconf 89' lang='lat' dir='ltr'><strong>minoribus</strong></span> <span class='ocrx_word' id='word_1_573' title='bbox 2492 3974 2693 4033; x_wconf 89' lang='lat' dir='ltr'><strong>Christi</strong></span> <span class='ocrx_word' id='word_1_574' title='bbox 2745 3978 3033 4053; x_wconf 88' lang='lat' dir='ltr'><strong>Sanctique</strong></span> <span class='ocrx_word' id='word_1_575' title='bbox 3077 3980 3221 4049; x_wconf 84' lang='lat' dir='ltr'><strong>Petri</strong></span> <span class='ocrx_word' id='word_1_576' title='bbox 3242 3988 3512 4059; x_wconf 83' lang='lat' dir='ltr'><strong>fidelibus,</strong></span> 
     </span>
    </p>
   </div>
   <div class='ocr_carea' id='block_1_86' title="bbox 1958 4060 3123 4133">
    <p class='ocr_par' dir='ltr' id='par_1_86' title="bbox 1958 4060 3123 4133">
     <span class='ocr_line' id='line_1_87' title="bbox 1958 4060 3123 4133; baseline 0.016 -19"><span class='ocrx_word' id='word_1_577' title='bbox 1958 4060 2185 4129; x_wconf 89' lang='lat' dir='ltr'><strong>salutem</strong></span> <span class='ocrx_word' id='word_1_578' title='bbox 2214 4069 2269 4117; x_wconf 91' lang='lat' dir='ltr'><strong>et</strong></span> <span class='ocrx_word' id='word_1_579' title='bbox 2300 4066 2649 4133; x_wconf 86' lang='lat' dir='ltr'><strong>apostolicam</strong></span> <span class='ocrx_word' id='word_1_580' title='bbox 2676 4070 3123 4132; x_wconf 84' lang='lat' dir='ltr'><strong>benedictionem.</strong></span> 
     </span>
    </p>
   </div>
   <div class='ocr_carea' id='block_1_87' title="bbox 2023 4155 3509 4229">
    <p class='ocr_par' dir='ltr' id='par_1_87' title="bbox 2023 4155 3509 4229">
     <span class='ocr_line' id='line_1_88' title="bbox 2023 4155 3509 4229; baseline 0.012 -19"><span class='ocrx_word' id='word_1_581' title='bbox 2023 4155 2249 4212; x_wconf 87' lang='lat' dir='ltr'><strong>Constat</strong></span> <span class='ocrx_word' id='word_1_582' title='bbox 2275 4160 2429 4215; x_wconf 89' lang='lat' dir='ltr'><strong>vobis</strong></span> <span class='ocrx_word' id='word_1_583' title='bbox 2456 4161 2575 4216; x_wconf 90' lang='lat' dir='ltr'><strong>ﬁeri</strong></span> <span class='ocrx_word' id='word_1_584' title='bbox 2601 4164 2942 4227; x_wconf 85' lang='lat' dir='ltr'><strong>notissimum</strong></span> <span class='ocrx_word' id='word_1_585' title='bbox 2992 4169 3287 4227; x_wconf 82' lang='lat' dir='ltr'><strong>Gnidonem</strong></span> <span class='ocrx_word' id='word_1_586' title='bbox 3317 4166 3509 4229; x_wconf 78' lang='lat' dir='ltr'><strong>Eccle-</strong></span> 
     </span>
    </p>
   </div>
   <div class='ocr_carea' id='block_1_88' title="bbox 1958 4244 3507 4329">
    <p class='ocr_par' dir='ltr' id='par_1_88' title="bbox 1958 4244 3507 4329">
     <span class='ocr_line' id='line_1_89' title="bbox 1958 4244 3507 4329; baseline 0.01 -26"><span class='ocrx_word' id='word_1_587' title='bbox 1958 4244 2053 4303; x_wconf 60' lang='lat' dir='ltr'><strong>sia;</strong></span> <span class='ocrx_word' id='word_1_588' title='bbox 2074 4248 2278 4305; x_wconf 88' lang='lat' dir='ltr'><strong>Christi</strong></span> <span class='ocrx_word' id='word_1_589' title='bbox 2312 4253 2563 4323; x_wconf 82' lang='lat' dir='ltr'><strong>martyris</strong></span> <span class='ocrx_word' id='word_1_590' title='bbox 2597 4263 2650 4308; x_wconf 88' lang='lat' dir='ltr'><strong>et</strong></span> <span class='ocrx_word' id='word_1_591' title='bbox 2672 4255 2897 4325; x_wconf 85' lang='lat' dir='ltr'><strong>virginis</strong></span> <span class='ocrx_word' id='word_1_592' title='bbox 2930 4248 3191 4313; x_wconf 73' lang='lat' dir='ltr'><strong>Mustiolae</strong></span> <span class='ocrx_word' id='word_1_593' title='bbox 3209 4255 3507 4329; x_wconf 73' lang='lat' dir='ltr'><strong>periurium</strong></span> 
     </span>
    </p>
   </div>
   <div class='ocr_carea' id='block_1_89' title="bbox 1956 4342 3507 4411">
    <p class='ocr_par' dir='ltr' id='par_1_89' title="bbox 1956 4342 3507 4411">
     <span class='ocr_line' id='line_1_90' title="bbox 1956 4342 3507 4411; baseline 0.011 -18"><span class='ocrx_word' id='word_1_594' title='bbox 1956 4342 2320 4411; x_wconf 87' lang='lat' dir='ltr'><strong>multipliciter</strong></span> <span class='ocrx_word' id='word_1_595' title='bbox 2355 4343 2671 4411; x_wconf 84' lang='lat' dir='ltr'><strong>incurrisse,</strong></span> <span class='ocrx_word' id='word_1_596' title='bbox 2714 4360 2813 4400; x_wconf 90' lang='lat' dir='ltr'><strong>nec</strong></span> <span class='ocrx_word' id='word_1_597' title='bbox 2850 4362 2959 4402; x_wconf 91' lang='lat' dir='ltr'><strong>non</strong></span> <span class='ocrx_word' id='word_1_598' title='bbox 3002 4356 3056 4403; x_wconf 85' lang='lat' dir='ltr'><strong>et</strong></span> <span class='ocrx_word' id='word_1_599' title='bbox 3098 4347 3507 4410; x_wconf 85' lang='lat' dir='ltr'><strong>fornicationem</strong></span> 
     </span>
    </p>
   </div>
   <div class='ocr_carea' id='block_1_90' title="bbox 1955 4432 3509 4509">
    <p class='ocr_par' dir='ltr' id='par_1_90' title="bbox 1955 4432 3509 4509">
     <span class='ocr_line' id='line_1_91' title="bbox 1955 4432 3509 4509; baseline 0.012 -26"><span class='ocrx_word' id='word_1_600' title='bbox 1955 4432 2184 4499; x_wconf 91' lang='lat' dir='ltr'><strong>publice,</strong></span> <span class='ocrx_word' id='word_1_601' title='bbox 2208 4433 2457 4497; x_wconf 85' lang='lat' dir='ltr'><strong>adulterii</strong></span> <span class='ocrx_word' id='word_1_602' title='bbox 2484 4450 2701 4505; x_wconf 89' lang='lat' dir='ltr'><strong>quoque</strong></span> <span class='ocrx_word' id='word_1_603' title='bbox 2726 4435 2930 4494; x_wconf 89' lang='lat' dir='ltr'><strong>crimen</strong></span> <span class='ocrx_word' id='word_1_604' title='bbox 2963 4433 3303 4509; x_wconf 85' lang='lat' dir='ltr'><strong>sustinuisse,</strong></span> <span class='ocrx_word' id='word_1_605' title='bbox 3346 4446 3509 4502; x_wconf 78' lang='lat' dir='ltr'><strong>satis-</strong></span> 
     </span>
    </p>
   </div>
   <div class='ocr_carea' id='block_1_91' title="bbox 279 4523 3505 4611">
    <p class='ocr_par' dir='ltr' id='par_1_91' title="bbox 279 4523 3505 4611">
     <span class='ocr_line' id='line_1_92' title="bbox 279 4523 3505 4611; baseline 0.004 -18"><span class='ocrx_word' id='word_1_606' title='bbox 279 4539 432 4607; x_wconf 82' lang='lat' dir='ltr'><strong>pisse</strong></span> <span class='ocrx_word' id='word_1_607' title='bbox 452 4539 779 4606; x_wconf 77' lang='lat' dir='ltr'><strong>recordaris,</strong></span> <span class='ocrx_word' id='word_1_608' title='bbox 810 4541 971 4595; x_wconf 88' lang='lat' dir='ltr'><strong>autin</strong></span> <span class='ocrx_word' id='word_1_609' title='bbox 996 4540 1259 4595; x_wconf 83' lang='lat' dir='ltr'><strong>utilitates</strong></span> <span class='ocrx_word' id='word_1_610' title='bbox 1289 4540 1531 4611; x_wconf 85' lang='lat' dir='ltr'><strong>ejusdem</strong></span> <span class='ocrx_word' id='word_1_611' title='bbox 1578 4540 1851 4610; x_wconf 73' lang='lat' dir='ltr'><strong>Ecclesiae,</strong></span> <span class='ocrx_word' id='word_1_612' title='bbox 1885 4552 1930 4606; x_wconf 84' lang='grc' dir='ltr'>ι)</span> <span class='ocrx_word' id='word_1_613' title='bbox 1955 4523 2241 4581; x_wconf 63' lang='lat' dir='ltr'><strong>factionem</strong></span> <span class='ocrx_word' id='word_1_614' title='bbox 2276 4526 2512 4598; x_wconf 77' lang='lat' dir='ltr'><strong>denique</strong></span> <span class='ocrx_word' id='word_1_615' title='bbox 2570 4529 2825 4587; x_wconf 72' lang='lat' dir='ltr'><strong>exhibere</strong></span> <span class='ocrx_word' id='word_1_616' title='bbox 2881 4533 3191 4588; x_wconf 76' lang='lat' dir='ltr'><strong>omnimodo</strong></span> <span class='ocrx_word' id='word_1_617' title='bbox 3219 4533 3505 4607; x_wconf 60' lang='lat' dir='ltr'><strong>devitem-</strong></span> 
     </span>
    </p>
   </div>
   <div class='ocr_carea' id='block_1_92' title="bbox 280 4629 1854 4712">
    <p class='ocr_par' dir='ltr' id='par_1_92' title="bbox 280 4629 1854 4712">
     <span class='ocr_line' id='line_1_93' title="bbox 280 4629 1854 4712; baseline 0.002 -27"><span class='ocrx_word' id='word_1_618' title='bbox 280 4631 327 4685; x_wconf 84' lang='lat' dir='ltr'><strong>si</strong></span> <span class='ocrx_word' id='word_1_619' title='bbox 359 4629 593 4685; x_wconf 79' lang='lat' dir='ltr'><strong>attinere</strong></span> <span class='ocrx_word' id='word_1_620' title='bbox 617 4630 665 4685; x_wconf 89' lang='lat' dir='ltr'><strong>ei</strong></span> <span class='ocrx_word' id='word_1_621' title='bbox 693 4632 924 4697; x_wconf 87' lang='lat' dir='ltr'><strong>videtur,</strong></span> <span class='ocrx_word' id='word_1_622' title='bbox 954 4639 1048 4685; x_wconf 89' lang='lat' dir='ltr'><strong>aut</strong></span> <span class='ocrx_word' id='word_1_623' title='bbox 1070 4631 1124 4684; x_wconf 92' lang='lat' dir='ltr'><strong>in</strong></span> <span class='ocrx_word' id='word_1_624' title='bbox 1158 4645 1289 4684; x_wconf 85' lang='lat' dir='ltr'><strong>usus</strong></span> <span class='ocrx_word' id='word_1_625' title='bbox 1322 4646 1619 4699; x_wconf 88' lang='lat' dir='ltr'><strong>pauperum</strong></span> <span class='ocrx_word' id='word_1_626' title='bbox 1649 4648 1854 4712; x_wconf 41' lang='lat' dir='ltr'><strong>expend-</strong></span> 
     </span>
    </p>
   </div>
   <div class='ocr_carea' id='block_1_93' title="bbox 279 4719 1856 4789">
    <p class='ocr_par' dir='ltr' id='par_1_93' title="bbox 279 4719 1856 4789">
     <span class='ocr_line' id='line_1_94' title="bbox 279 4719 1856 4789; baseline 0.001 -14"><span class='ocrx_word' id='word_1_627' title='bbox 279 4720 411 4786; x_wconf 78' lang='lat' dir='ltr'><strong>das,</strong></span> <span class='ocrx_word' id='word_1_628' title='bbox 441 4728 505 4773; x_wconf 89' lang='lat' dir='ltr'><strong>ut</strong></span> <span class='ocrx_word' id='word_1_629' title='bbox 530 4720 676 4775; x_wconf 89' lang='lat' dir='ltr'><strong>nulla</strong></span> <span class='ocrx_word' id='word_1_630' title='bbox 712 4720 766 4773; x_wconf 93' lang='lat' dir='ltr'><strong>in</strong></span> <span class='ocrx_word' id='word_1_631' title='bbox 790 4728 843 4775; x_wconf 87' lang='lat' dir='ltr'><strong>te</strong></span> <span class='ocrx_word' id='word_1_632' title='bbox 872 4719 1408 4789; x_wconf 87' lang='lat' dir='ltr'><strong>reprehensibilitatis</strong></span> <span class='ocrx_word' id='word_1_633' title='bbox 1437 4721 1647 4773; x_wconf 89' lang='lat' dir='ltr'><strong>macula</strong></span> <span class='ocrx_word' id='word_1_634' title='bbox 1679 4737 1856 4776; x_wconf 90' lang='lat' dir='ltr'><strong>rema-</strong></span> 
     </span>
    </p>
   </div>
   <div class='ocr_carea' id='block_1_94' title="bbox 280 4808 1853 4878">
    <p class='ocr_par' dir='ltr' id='par_1_94' title="bbox 280 4808 1853 4878">
     <span class='ocr_line' id='line_1_95' title="bbox 280 4808 1853 4878; baseline 0.003 -16"><span class='ocrx_word' id='word_1_635' title='bbox 280 4816 451 4863; x_wconf 88' lang='lat' dir='ltr'><strong>nente</strong></span> <span class='ocrx_word' id='word_1_636' title='bbox 478 4808 621 4863; x_wconf 87' lang='lat' dir='ltr'><strong>inter</strong></span> <span class='ocrx_word' id='word_1_637' title='bbox 646 4810 849 4864; x_wconf 86' lang='lat' dir='ltr'><strong>electos</strong></span> <span class='ocrx_word' id='word_1_638' title='bbox 877 4809 1028 4878; x_wconf 86' lang='lat' dir='ltr'><strong>regni</strong></span> <span class='ocrx_word' id='word_1_639' title='bbox 1058 4808 1294 4863; x_wconf 76' lang='lat' dir='ltr'><strong>ctelestis</strong></span> <span class='ocrx_word' id='word_1_640' title='bbox 1326 4808 1471 4863; x_wconf 85' lang='lat' dir='ltr'><strong>cives</strong></span> <span class='ocrx_word' id='word_1_641' title='bbox 1516 4810 1715 4865; x_wconf 87' lang='lat' dir='ltr'><strong>ascribi</strong></span> <span class='ocrx_word' id='word_1_642' title='bbox 1738 4828 1853 4867; x_wconf 91' lang='lat' dir='ltr'><strong>me-</strong></span> 
     </span>
    </p>
   </div>
   <div class='ocr_carea' id='block_1_95' title="bbox 280 4883 923 4975">
    <p class='ocr_par' dir='ltr' id='par_1_95' title="bbox 280 4883 923 4975">
     <span class='ocr_line' id='line_1_96' title="bbox 280 4883 923 4975; baseline -0.008 -21"><span class='ocrx_word' id='word_1_643' title='bbox 280 4898 490 4954; x_wconf 86' lang='lat' dir='ltr'><strong>rearis.</strong></span> <span class='ocrx_word' id='word_1_644' title='bbox 558 4883 562 4888; x_wconf 60' lang='grc'><strong>’</strong></span> <span class='ocrx_word' id='word_1_645' title='bbox 914 4944 923 4975; x_wconf 26' lang='grc' dir='ltr'>λ</span> 
     </span>
    </p>
   </div>
   <div class='ocr_carea' id='block_1_96' title="bbox 345 4980 1851 5062">
    <p class='ocr_par' dir='ltr' id='par_1_96' title="bbox 345 4980 1851 5062">
     <span class='ocr_line' id='line_1_97' title="bbox 345 4980 1851 5062; baseline 0.003 -21"><span class='ocrx_word' id='word_1_646' title='bbox 345 4986 488 5042; x_wconf 88' lang='lat' dir='ltr'><strong>Data</strong></span> <span class='ocrx_word' id='word_1_647' title='bbox 518 4986 723 5056; x_wconf 66' lang='lat' dir='ltr'><strong>Romae,</strong></span> <span class='ocrx_word' id='word_1_648' title='bbox 752 4980 927 5061; x_wconf 18' lang='lat' dir='ltr'><strong>tertio“</strong></span> <span class='ocrx_word' id='word_1_649' title='bbox 951 4984 1095 5062; x_wconf 73' lang='lat' dir='ltr'><strong>[xm]</strong></span> <span class='ocrx_word' id='word_1_650' title='bbox 1123 4988 1246 5045; x_wconf 89' lang='lat' dir='ltr'><strong>Idus</strong></span> <span class='ocrx_word' id='word_1_651' title='bbox 1268 4986 1528 5057; x_wconf 82' lang='lat' dir='ltr'><strong>Januarii,</strong></span> <span class='ocrx_word' id='word_1_652' title='bbox 1561 4990 1851 5046; x_wconf 87' lang='lat' dir='ltr'><strong>indictione</strong></span> 
     </span>
    </p>
   </div>
   <div class='ocr_carea' id='block_1_97' title="bbox 273 5078 696 5135">
    <p class='ocr_par' dir='ltr' id='par_1_97' title="bbox 273 5078 696 5135">
     <span class='ocr_line' id='line_1_98' title="bbox 273 5078 696 5135; baseline -0.002 -1"><span class='ocrx_word' id='word_1_653' title='bbox 273 5078 495 5134; x_wconf 86' lang='lat' dir='ltr'><strong>decima</strong></span> <span class='ocrx_word' id='word_1_654' title='bbox 520 5079 696 5135; x_wconf 89' lang='lat' dir='ltr'><strong>tertia.</strong></span> 
     </span>
    </p>
   </div>
   <div class='ocr_carea' id='block_1_98' title="bbox 778 5190 1321 5248">
    <p class='ocr_par' dir='ltr' id='par_1_98' title="bbox 778 5190 1321 5248">
     <span class='ocr_line' id='line_1_99' title="bbox 778 5190 1321 5248; baseline 0.002 -5"><span class='ocrx_word' id='word_1_655' title='bbox 778 5190 1109 5248; x_wconf 83' lang='lat' dir='ltr'><strong>EPISTOLA</strong></span> <span class='ocrx_word' id='word_1_656' title='bbox 1138 5190 1321 5245; x_wconf 79' lang='lat' dir='ltr'><strong>XLVI.</strong></span> 
     </span>
    </p>
   </div>
   <div class='ocr_carea' id='block_1_99' title="bbox 568 5297 1561 5347">
    <p class='ocr_par' dir='ltr' id='par_1_99' title="bbox 568 5297 1561 5347">
     <span class='ocr_line' id='line_1_100' title="bbox 568 5297 1561 5347; baseline 0.003 -3"><span class='ocrx_word' id='word_1_657' title='bbox 568 5304 631 5344; x_wconf 72' lang='lat' dir='ltr'><strong>tn</strong></span> <span class='ocrx_word' id='word_1_658' title='bbox 662 5302 914 5345; x_wconf 73' lang='lat' dir='ltr'><strong>cart&#39;nmt</strong></span> <span class='ocrx_word' id='word_1_659' title='bbox 958 5307 1026 5344; x_wconf 75' lang='grc' dir='ltr'><strong>ετ</strong></span> <span class='ocrx_word' id='word_1_660' title='bbox 1062 5297 1279 5343; x_wconf 65' lang='lat' dir='ltr'><strong>inlinunt</strong></span> <span class='ocrx_word' id='word_1_661' title='bbox 1312 5301 1561 5347; x_wconf 65' lang='lat' dir='ltr'><strong>annuas.</strong></span> 
     </span>
    </p>
   </div>
   <div class='ocr_carea' id='block_1_100' title="bbox 877 5370 1261 5448">
    <p class='ocr_par' dir='ltr' id='par_1_100' title="bbox 877 5370 1261 5448">
     <span class='ocr_line' id='line_1_101' title="bbox 877 5370 1261 5448; baseline 0 -16"><span class='ocrx_word' id='word_1_662' title='bbox 877 5376 1054 5447; x_wconf 84' lang='lat' dir='ltr'><strong>(Anno</strong></span> <span class='ocrx_word' id='word_1_663' title='bbox 1078 5370 1261 5448; x_wconf 81' lang='grc'><strong>1075.)</strong></span> 
     </span>
    </p>
   </div>
   <div class='ocr_carea' id='block_1_101' title="bbox 281 5452 1839 5529">
    <p class='ocr_par' dir='ltr' id='par_1_101' title="bbox 281 5452 1839 5529">
     <span class='ocr_line' id='line_1_102' title="bbox 281 5452 1839 5529; baseline 0.004 -10"><span class='ocrx_word' id='word_1_664' title='bbox 281 5452 506 5520; x_wconf 53' lang='lat' dir='ltr'><strong>ﬁndat</strong></span> <span class='ocrx_word' id='word_1_665' title='bbox 527 5468 586 5517; x_wconf 73' lang='lat' dir='ltr'><strong>ut</strong></span> <span class='ocrx_word' id='word_1_666' title='bbox 619 5469 936 5529; x_wconf 67' lang='lat' dir='ltr'><strong>restituenda</strong></span> <span class='ocrx_word' id='word_1_667' title='bbox 965 5476 1143 5522; x_wconf 73' lang='lat' dir='ltr'><strong>curent</strong></span> <span class='ocrx_word' id='word_1_668' title='bbox 1167 5462 1299 5522; x_wconf 81' lang='lat' dir='ltr'><strong>bona</strong></span> <span class='ocrx_word' id='word_1_669' title='bbox 1344 5466 1597 5524; x_wconf 71' lang='lat' dir='ltr'><strong>Ecclesia!</strong></span> <span class='ocrx_word' id='word_1_670' title='bbox 1641 5472 1839 5526; x_wconf 80' lang='lat' dir='ltr'><strong>Pisau-</strong></span> 
     </span>
    </p>
   </div>
   <div class='ocr_carea' id='block_1_102' title="bbox 344 5535 1839 5606">
    <p class='ocr_par' dir='ltr' id='par_1_102' title="bbox 344 5535 1839 5606">
     <span class='ocr_line' id='line_1_103' title="bbox 344 5535 1839 5606; baseline 0.003 -17"><span class='ocrx_word' id='word_1_671' title='bbox 344 5535 573 5606; x_wconf 56' lang='lat' dir='ltr'><strong>rensis}:</strong></span> <span class='ocrx_word' id='word_1_672' title='bbox 596 5550 697 5587; x_wconf 66' lang='lat' dir='ltr'><strong>suo</strong></span> <span class='ocrx_word' id='word_1_673' title='bbox 724 5538 959 5606; x_wconf 77' lang='lat' dir='ltr'><strong>episcopo</strong></span> <span class='ocrx_word' id='word_1_674' title='bbox 984 5537 1191 5591; x_wconf 75' lang='lat' dir='ltr'><strong>incaute</strong></span> <span class='ocrx_word' id='word_1_675' title='bbox 1216 5537 1469 5603; x_wconf 80' lang='lat' dir='ltr'><strong>alienata,</strong></span> <span class='ocrx_word' id='word_1_676' title='bbox 1492 5549 1539 5591; x_wconf 83' lang='lat' dir='ltr'><strong>et</strong></span> <span class='ocrx_word' id='word_1_677' title='bbox 1567 5541 1712 5594; x_wconf 79' lang='lat' dir='ltr'><strong>litem</strong></span> <span class='ocrx_word' id='word_1_678' title='bbox 1755 5543 1839 5593; x_wconf 80' lang='lat' dir='ltr'><strong>in-</strong></span> 
     </span>
    </p>
   </div>
   <div class='ocr_carea' id='block_1_103' title="bbox 344 5601 1278 5675">
    <p class='ocr_par' dir='ltr' id='par_1_103' title="bbox 344 5601 1278 5675">
     <span class='ocr_line' id='line_1_104' title="bbox 344 5601 1278 5675; baseline 0.005 -20"><span class='ocrx_word' id='word_1_679' title='bbox 344 5612 426 5655; x_wconf 78' lang='lat' dir='ltr'><strong>ter</strong></span> <span class='ocrx_word' id='word_1_680' title='bbox 448 5601 761 5671; x_wconf 59' lang='lat' dir='ltr'><strong>episcopum</strong></span> <span class='ocrx_word' id='word_1_681' title='bbox 774 5615 821 5658; x_wconf 86' lang='lat' dir='ltr'><strong>et</strong></span> <span class='ocrx_word' id='word_1_682' title='bbox 850 5601 983 5659; x_wconf 75' lang='lat' dir='ltr'><strong>alios</strong></span> <span class='ocrx_word' id='word_1_683' title='bbox 1009 5607 1278 5675; x_wconf 76' lang='lat' dir='ltr'><strong>deﬁniant.</strong></span> 
     </span>
    </p>
   </div>
   <div class='ocr_carea' id='block_1_104' title="bbox 343 5680 1843 5773">
    <p class='ocr_par' dir='ltr' id='par_1_104' title="bbox 343 5680 1843 5773">
     <span class='ocr_line' id='line_1_105' title="bbox 343 5680 1843 5773; baseline 0.004 -28"><span class='ocrx_word' id='word_1_684' title='bbox 343 5689 656 5746; x_wconf 74' lang='lat' dir='ltr'><strong>Gnscon&#39;ws</strong></span> <span class='ocrx_word' id='word_1_685' title='bbox 680 5693 982 5765; x_wconf 82' lang='lat' dir='ltr'><strong>episcopus,</strong></span> <span class='ocrx_word' id='word_1_686' title='bbox 1014 5711 1201 5751; x_wconf 86' lang='lat' dir='ltr'><strong>servus</strong></span> <span class='ocrx_word' id='word_1_687' title='bbox 1233 5709 1513 5751; x_wconf 85' lang='lat' dir='ltr'><strong>servorum</strong></span> <span class='ocrx_word' id='word_1_688' title='bbox 1546 5680 1843 5773; x_wconf 38' lang='grc' dir='ltr'><strong>Βέὶηϐειιι-</strong></span> 
     </span>
    </p>
   </div>
   <div class='ocr_carea' id='block_1_105' title="bbox 281 5780 1835 5854">
    <p class='ocr_par' dir='ltr' id='par_1_105' title="bbox 281 5780 1835 5854">
     <span class='ocr_line' id='line_1_106' title="bbox 281 5780 1835 5854; baseline 0.004 -19"><span class='ocrx_word' id='word_1_689' title='bbox 281 5790 365 5837; x_wconf 70' lang='lat' dir='ltr'><strong>tto</strong></span> <span class='ocrx_word' id='word_1_690' title='bbox 392 5782 580 5836; x_wconf 80' lang='lat' dir='ltr'><strong>abbati</strong></span> <span class='ocrx_word' id='word_1_691' title='bbox 606 5780 785 5837; x_wconf 80' lang='lat' dir='ltr'><strong>Saneti</strong></span> <span class='ocrx_word' id='word_1_692' title='bbox 820 5784 1101 5854; x_wconf 85' lang='lat' dir='ltr'><strong>Bonifacii,</strong></span> <span class='ocrx_word' id='word_1_693' title='bbox 1125 5796 1177 5840; x_wconf 91' lang='lat' dir='ltr'><strong>et</strong></span> <span class='ocrx_word' id='word_1_694' title='bbox 1214 5786 1399 5841; x_wconf 81' lang='lat' dir='ltr'><strong>Mauro</strong></span> <span class='ocrx_word' id='word_1_695' title='bbox 1438 5785 1614 5840; x_wconf 83' lang='lat' dir='ltr'><strong>abbati</strong></span> <span class='ocrx_word' id='word_1_696' title='bbox 1656 5786 1835 5841; x_wconf 89' lang='lat' dir='ltr'><strong>Sancti</strong></span> 
     </span>
    </p>
   </div>
   <div class='ocr_carea' id='block_1_106' title="bbox 1954 4613 3510 4695">
    <p class='ocr_par' dir='ltr' id='par_1_106' title="bbox 1954 4613 3510 4695">
     <span class='ocr_line' id='line_1_107' title="bbox 1954 4613 3510 4695; baseline 0.01 -26"><span class='ocrx_word' id='word_1_697' title='bbox 1954 4613 2073 4680; x_wconf 83' lang='lat' dir='ltr'><strong>Qua</strong></span> <span class='ocrx_word' id='word_1_698' title='bbox 2095 4616 2162 4671; x_wconf 89' lang='lat' dir='ltr'><strong>de</strong></span> <span class='ocrx_word' id='word_1_699' title='bbox 2182 4632 2239 4671; x_wconf 89' lang='lat' dir='ltr'><strong>re</strong></span> <span class='ocrx_word' id='word_1_700' title='bbox 2260 4631 2291 4671; x_wconf 90' lang='lat' dir='ltr'><strong>a</strong></span> <span class='ocrx_word' id='word_1_701' title='bbox 2328 4615 2501 4695; x_wconf 87' lang='lat' dir='ltr'><strong>felicis</strong></span> <span class='ocrx_word' id='word_1_702' title='bbox 2528 4621 2803 4676; x_wconf 67' lang='lat' dir='ltr'><strong>memeriat</strong></span> <span class='ocrx_word' id='word_1_703' title='bbox 2824 4623 3023 4677; x_wconf 86' lang='lat' dir='ltr'><strong>domno</strong></span> <span class='ocrx_word' id='word_1_704' title='bbox 3048 4618 3353 4681; x_wconf 77' lang='lat' dir='ltr'><strong>Alexandro</strong></span> <span class='ocrx_word' id='word_1_705' title='bbox 3383 4644 3510 4685; x_wconf 86' lang='lat' dir='ltr'><strong>nos-</strong></span> 
     </span>
    </p>
   </div>
   <div class='ocr_carea' id='block_1_107' title="bbox 1953 4708 3504 4785">
    <p class='ocr_par' dir='ltr' id='par_1_107' title="bbox 1953 4708 3504 4785">
     <span class='ocr_line' id='line_1_108' title="bbox 1953 4708 3504 4785; baseline 0.011 -25"><span class='ocrx_word' id='word_1_706' title='bbox 1953 4714 2038 4761; x_wconf 91' lang='lat' dir='ltr'><strong>tro</strong></span> <span class='ocrx_word' id='word_1_707' title='bbox 2079 4708 2492 4777; x_wconf 58' lang='lat' dir='ltr'><strong>predecessore,</strong></span> <span class='ocrx_word' id='word_1_708' title='bbox 2519 4718 2574 4765; x_wconf 85' lang='lat' dir='ltr'><strong>et</strong></span> <span class='ocrx_word' id='word_1_709' title='bbox 2622 4726 2654 4764; x_wconf 88' lang='lat' dir='ltr'><strong>a</strong></span> <span class='ocrx_word' id='word_1_710' title='bbox 2687 4712 2997 4780; x_wconf 66' lang='lat' dir='ltr'><strong>prtelatione</strong></span> <span class='ocrx_word' id='word_1_711' title='bbox 3027 4710 3274 4785; x_wconf 83' lang='lat' dir='ltr'><strong>ejusdem</strong></span> <span class='ocrx_word' id='word_1_712' title='bbox 3316 4719 3504 4776; x_wconf 85' lang='lat' dir='ltr'><strong>Eccle-</strong></span> 
     </span>
    </p>
   </div>
   <div class='ocr_carea' id='block_1_108' title="bbox 1953 4797 3503 4878">
    <p class='ocr_par' dir='ltr' id='par_1_108' title="bbox 1953 4797 3503 4878">
     <span class='ocr_line' id='line_1_109' title="bbox 1953 4797 3503 4878; baseline 0.008 -27"><span class='ocrx_word' id='word_1_713' title='bbox 1953 4798 2049 4851; x_wconf 63' lang='lat' dir='ltr'><strong>sia;</strong></span> <span class='ocrx_word' id='word_1_714' title='bbox 2074 4797 2494 4853; x_wconf 86' lang='lat' dir='ltr'><strong>irrevocabiliter</strong></span> <span class='ocrx_word' id='word_1_715' title='bbox 2511 4812 2631 4855; x_wconf 79' lang='lat' dir='ltr'><strong>esse</strong></span> <span class='ocrx_word' id='word_1_716' title='bbox 2664 4802 2971 4870; x_wconf 79' lang='lat' dir='ltr'><strong>expulsum,</strong></span> <span class='ocrx_word' id='word_1_717' title='bbox 2995 4820 3059 4861; x_wconf 91' lang='lat' dir='ltr'><strong>ac</strong></span> <span class='ocrx_word' id='word_1_718' title='bbox 3100 4820 3200 4878; x_wconf 83' lang='lat' dir='ltr'><strong>pro</strong></span> <span class='ocrx_word' id='word_1_719' title='bbox 3221 4819 3503 4864; x_wconf 82' lang='lat' dir='ltr'><strong>contuma-</strong></span> 
     </span>
    </p>
   </div>
   <div class='ocr_carea' id='block_1_109' title="bbox 1950 4878 3502 4962">
    <p class='ocr_par' dir='ltr' id='par_1_109' title="bbox 1950 4878 3502 4962">
     <span class='ocr_line' id='line_1_110' title="bbox 1950 4878 3502 4962; baseline 0.01 -22"><span class='ocrx_word' id='word_1_720' title='bbox 1950 4886 2035 4940; x_wconf 88' lang='lat' dir='ltr'><strong>cia</strong></span> <span class='ocrx_word' id='word_1_721' title='bbox 2083 4878 2473 4956; x_wconf 74' lang='lat' dir='ltr'><strong>inobedientize,</strong></span> <span class='ocrx_word' id='word_1_722' title='bbox 2512 4890 2559 4945; x_wconf 84' lang='lat' dir='ltr'><strong>si</strong></span> <span class='ocrx_word' id='word_1_723' title='bbox 2602 4906 2842 4962; x_wconf 86' lang='lat' dir='ltr'><strong>unquam</strong></span> <span class='ocrx_word' id='word_1_724' title='bbox 2888 4896 3116 4953; x_wconf 81' lang='lat' dir='ltr'><strong>ulterius</strong></span> <span class='ocrx_word' id='word_1_725' title='bbox 3158 4899 3226 4952; x_wconf 88' lang='lat' dir='ltr'><strong>ad</strong></span> <span class='ocrx_word' id='word_1_726' title='bbox 3257 4899 3502 4957; x_wconf 83' lang='lat' dir='ltr'><strong>eamdem</strong></span> 
     </span>
    </p>
   </div>
   <div class='ocr_carea' id='block_1_110' title="bbox 1948 4979 3505 5060">
    <p class='ocr_par' dir='ltr' id='par_1_110' title="bbox 1948 4979 3505 5060">
     <span class='ocr_line' id='line_1_111' title="bbox 1948 4979 3505 5060; baseline 0.012 -30"><span class='ocrx_word' id='word_1_727' title='bbox 1948 4979 2382 5048; x_wconf 65' lang='lat' dir='ltr'><strong>prmsumpsisset</strong></span> <span class='ocrx_word' id='word_1_728' title='bbox 2430 4981 2674 5051; x_wconf 84' lang='lat' dir='ltr'><strong>aspirare</strong></span> <span class='ocrx_word' id='word_1_729' title='bbox 2735 4986 3141 5055; x_wconf 70' lang='lat' dir='ltr'><strong>pmposituram</strong></span> <span class='ocrx_word' id='word_1_730' title='bbox 3168 5028 3185 5055; x_wconf 96' lang='lat'><strong>,</strong></span> <span class='ocrx_word' id='word_1_731' title='bbox 3244 5000 3505 5060; x_wconf 88' lang='lat' dir='ltr'><strong>perpetuo</strong></span> 
     </span>
    </p>
   </div>
   <div class='ocr_carea' id='block_1_111' title="bbox 1946 5066 3503 5138">
    <p class='ocr_par' dir='ltr' id='par_1_111' title="bbox 1946 5066 3503 5138">
     <span class='ocr_line' id='line_1_112' title="bbox 1946 5066 3503 5138; baseline 0.016 -24"><span class='ocrx_word' id='word_1_732' title='bbox 1946 5066 2273 5126; x_wconf 78' lang='lat' dir='ltr'><strong>anathemati</strong></span> <span class='ocrx_word' id='word_1_733' title='bbox 2314 5070 2606 5136; x_wconf 76' lang='lat' dir='ltr'><strong>subditum.</strong></span> <span class='ocrx_word' id='word_1_734' title='bbox 2652 5072 2789 5137; x_wconf 85' lang='lat' dir='ltr'><strong>Quia</strong></span> <span class='ocrx_word' id='word_1_735' title='bbox 2835 5088 2965 5129; x_wconf 90' lang='lat' dir='ltr'><strong>vero</strong></span> <span class='ocrx_word' id='word_1_736' title='bbox 3006 5076 3281 5134; x_wconf 85' lang='lat' dir='ltr'><strong>confrater</strong></span> <span class='ocrx_word' id='word_1_737' title='bbox 3321 5091 3503 5138; x_wconf 89' lang='lat' dir='ltr'><strong>noster</strong></span> 
     </span>
    </p>
   </div>
   <div class='ocr_carea' id='block_1_112' title="bbox 1946 5155 3501 5235">
    <p class='ocr_par' dir='ltr' id='par_1_112' title="bbox 1946 5155 3501 5235">
     <span class='ocr_line' id='line_1_113' title="bbox 1946 5155 3501 5235; baseline 0.012 -26"><span class='ocrx_word' id='word_1_738' title='bbox 1946 5155 2285 5214; x_wconf 89' lang='lat' dir='ltr'><strong>Lanfrancus</strong></span> <span class='ocrx_word' id='word_1_739' title='bbox 2304 5159 2560 5215; x_wconf 84' lang='lat' dir='ltr'><strong>Clusinus</strong></span> <span class='ocrx_word' id='word_1_740' title='bbox 2588 5161 2875 5232; x_wconf 89' lang='lat' dir='ltr'><strong>episcopus</strong></span> <span class='ocrx_word' id='word_1_741' title='bbox 2898 5168 3256 5235; x_wconf 87' lang='lat' dir='ltr'><strong>quorumdam</strong></span> <span class='ocrx_word' id='word_1_742' title='bbox 3279 5187 3501 5227; x_wconf 89' lang='lat' dir='ltr'><strong>suorum</strong></span> 
     </span>
    </p>
   </div>
   <div class='ocr_carea' id='block_1_113' title="bbox 1945 5250 3503 5331">
    <p class='ocr_par' dir='ltr' id='par_1_113' title="bbox 1945 5250 3503 5331">
     <span class='ocr_line' id='line_1_114' title="bbox 1945 5250 3503 5331; baseline 0.013 -29"><span class='ocrx_word' id='word_1_743' title='bbox 1945 5250 2181 5304; x_wconf 90' lang='lat' dir='ltr'><strong>ﬁdelium</strong></span> <span class='ocrx_word' id='word_1_744' title='bbox 2214 5266 2335 5320; x_wconf 70' lang='lat' dir='ltr'><strong>quae</strong></span> <span class='ocrx_word' id='word_1_745' title='bbox 2358 5254 2539 5308; x_wconf 88' lang='lat' dir='ltr'><strong>carnis</strong></span> <span class='ocrx_word' id='word_1_746' title='bbox 2564 5263 2690 5308; x_wconf 90' lang='lat' dir='ltr'><strong>sunt</strong></span> <span class='ocrx_word' id='word_1_747' title='bbox 2711 5258 3034 5327; x_wconf 90' lang='lat' dir='ltr'><strong>sapientium</strong></span> <span class='ocrx_word' id='word_1_748' title='bbox 3062 5262 3289 5318; x_wconf 89' lang='lat' dir='ltr'><strong>consilio</strong></span> <span class='ocrx_word' id='word_1_749' title='bbox 3308 5265 3503 5331; x_wconf 81' lang='lat' dir='ltr'><strong>frctus.</strong></span> 
     </span>
    </p>
   </div>
   <div class='ocr_carea' id='block_1_114' title="bbox 1942 5337 3487 5411">
    <p class='ocr_par' dir='ltr' id='par_1_114' title="bbox 1942 5337 3487 5411">
     <span class='ocr_line' id='line_1_115' title="bbox 1942 5337 3487 5411; baseline 0.012 -18"><span class='ocrx_word' id='word_1_750' title='bbox 1942 5338 2189 5393; x_wconf 89' lang='lat' dir='ltr'><strong>eumdem</strong></span> <span class='ocrx_word' id='word_1_751' title='bbox 2221 5337 2519 5397; x_wconf 86' lang='lat' dir='ltr'><strong>Guidonem</strong></span> <span class='ocrx_word' id='word_1_752' title='bbox 2550 5348 2777 5403; x_wconf 87' lang='lat' dir='ltr'><strong>tentavit</strong></span> <span class='ocrx_word' id='word_1_753' title='bbox 2798 5350 2968 5405; x_wconf 87' lang='lat' dir='ltr'><strong>eidem</strong></span> <span class='ocrx_word' id='word_1_754' title='bbox 3006 5353 3265 5409; x_wconf 87' lang='lat' dir='ltr'><strong>canonice</strong></span> <span class='ocrx_word' id='word_1_755' title='bbox 3294 5356 3487 5411; x_wconf 89' lang='lat' dir='ltr'><strong>iterum</strong></span> 
     </span>
    </p>
   </div>
   <div class='ocr_carea' id='block_1_115' title="bbox 1927 5433 3498 5501">
    <p class='ocr_par' dir='ltr' id='par_1_115' title="bbox 1927 5433 3498 5501">
     <span class='ocr_line' id='line_1_116' title="bbox 1927 5433 3498 5501; baseline 0.011 -19"><span class='ocrx_word' id='word_1_756' title='bbox 1927 5443 2253 5498; x_wconf 70' lang='lat' dir='ltr'><strong>praeponere</strong></span> <span class='ocrx_word' id='word_1_757' title='bbox 2276 5441 2460 5488; x_wconf 86' lang='lat' dir='ltr'><strong>contra</strong></span> <span class='ocrx_word' id='word_1_758' title='bbox 2492 5433 2751 5493; x_wconf 65' lang='lat' dir='ltr'><strong>Romanae</strong></span> <span class='ocrx_word' id='word_1_759' title='bbox 2783 5438 3037 5497; x_wconf 74' lang='lat' dir='ltr'><strong>Ecclesia:</strong></span> <span class='ocrx_word' id='word_1_760' title='bbox 3079 5444 3451 5501; x_wconf 85' lang='lat' dir='ltr'><strong>auctoritatem</strong></span> <span class='ocrx_word' id='word_1_761' title='bbox 3478 5471 3498 5499; x_wconf 69' lang='grc' dir='ltr'><strong><em>ν</em></strong></span> 
     </span>
    </p>
   </div>
   <div class='ocr_carea' id='block_1_116' title="bbox 1924 5525 3496 5591">
    <p class='ocr_par' dir='ltr' id='par_1_116' title="bbox 1924 5525 3496 5591">
     <span class='ocr_line' id='line_1_117' title="bbox 1924 5525 3496 5591; baseline 0.012 -19"><span class='ocrx_word' id='word_1_762' title='bbox 1924 5528 2241 5591; x_wconf 77' lang='lat' dir='ltr'><strong>contraque</strong></span> <span class='ocrx_word' id='word_1_763' title='bbox 2282 5525 2524 5580; x_wconf 90' lang='lat' dir='ltr'><strong>omnium</strong></span> <span class='ocrx_word' id='word_1_764' title='bbox 2586 5526 2935 5585; x_wconf 86' lang='lat' dir='ltr'><strong>familiarium</strong></span> <span class='ocrx_word' id='word_1_765' title='bbox 2992 5541 3103 5588; x_wconf 89' lang='lat' dir='ltr'><strong>tam</strong></span> <span class='ocrx_word' id='word_1_766' title='bbox 3173 5533 3496 5591; x_wconf 87' lang='lat' dir='ltr'><strong>clericorum</strong></span> 
     </span>
    </p>
   </div>
   <div class='ocr_carea' id='block_1_117' title="bbox 1944 5611 3497 5691">
    <p class='ocr_par' dir='ltr' id='par_1_117' title="bbox 1944 5611 3497 5691">
     <span class='ocr_line' id='line_1_118' title="bbox 1944 5611 3497 5691; baseline 0.011 -28"><span class='ocrx_word' id='word_1_767' title='bbox 1944 5624 2109 5677; x_wconf 88' lang='lat' dir='ltr'><strong>quam</strong></span> <span class='ocrx_word' id='word_1_768' title='bbox 2137 5611 2420 5680; x_wconf 84' lang='lat' dir='ltr'><strong>laicorum,</strong></span> <span class='ocrx_word' id='word_1_769' title='bbox 2450 5616 2761 5672; x_wconf 86' lang='lat' dir='ltr'><strong>unanimem</strong></span> <span class='ocrx_word' id='word_1_770' title='bbox 2810 5622 3294 5691; x_wconf 88' lang='lat' dir='ltr'><strong>conspirationem,</strong></span> <span class='ocrx_word' id='word_1_771' title='bbox 3338 5640 3497 5679; x_wconf 88' lang='lat' dir='ltr'><strong>cum-</strong></span> 
     </span>
    </p>
   </div>
   <div class='ocr_carea' id='block_1_118' title="bbox 1944 5700 3497 5783">
    <p class='ocr_par' dir='ltr' id='par_1_118' title="bbox 1944 5700 3497 5783">
     <span class='ocr_line' id='line_1_119' title="bbox 1944 5700 3497 5783; baseline 0.011 -30"><span class='ocrx_word' id='word_1_772' title='bbox 1944 5700 2067 5754; x_wconf 88' lang='lat' dir='ltr'><strong>dem</strong></span> <span class='ocrx_word' id='word_1_773' title='bbox 2094 5702 2412 5769; x_wconf 71' lang='lat' dir='ltr'><strong>subiicimus</strong></span> <span class='ocrx_word' id='word_1_774' title='bbox 2439 5704 2751 5776; x_wconf 89' lang='lat' dir='ltr'><strong>episcopum</strong></span> <span class='ocrx_word' id='word_1_775' title='bbox 2801 5710 3152 5765; x_wconf 86' lang='lat' dir='ltr'><strong>satisfactioni</strong></span> <span class='ocrx_word' id='word_1_776' title='bbox 3182 5713 3356 5783; x_wconf 64' lang='lat' dir='ltr'><strong>dignae</strong></span> <span class='ocrx_word' id='word_1_777' title='bbox 3379 5730 3497 5783; x_wconf 83' lang='lat' dir='ltr'><strong>poe-</strong></span> 
     </span>
    </p>
   </div>
   <div class='ocr_carea' id='block_1_119' title="bbox 1943 5786 3492 5867">
    <p class='ocr_par' dir='ltr' id='par_1_119' title="bbox 1943 5786 3492 5867">
     <span class='ocr_line' id='line_1_120' title="bbox 1943 5786 3492 5867; baseline 0.011 -24"><span class='ocrx_word' id='word_1_778' title='bbox 1943 5786 2199 5855; x_wconf 82' lang='lat' dir='ltr'><strong>nitentiae,</strong></span> <span class='ocrx_word' id='word_1_779' title='bbox 2222 5805 2287 5844; x_wconf 90' lang='lat' dir='ltr'><strong>eo</strong></span> <span class='ocrx_word' id='word_1_780' title='bbox 2321 5792 2527 5849; x_wconf 86' lang='lat' dir='ltr'><strong>scilicet</strong></span> <span class='ocrx_word' id='word_1_781' title='bbox 2548 5806 2751 5864; x_wconf 87' lang='lat' dir='ltr'><strong>tenore,</strong></span> <span class='ocrx_word' id='word_1_782' title='bbox 2772 5814 2880 5867; x_wconf 91' lang='lat' dir='ltr'><strong>quo</strong></span> <span class='ocrx_word' id='word_1_783' title='bbox 2907 5801 3237 5857; x_wconf 89' lang='lat' dir='ltr'><strong>nominatum</strong></span> <span class='ocrx_word' id='word_1_784' title='bbox 3288 5803 3492 5860; x_wconf 84' lang='lat' dir='ltr'><strong>Gnido-</strong></span> 
     </span>
    </p>
   </div>
  </div>
