4218 6444
857 531 929 579 τις,
940 533 966 576 :'t

1491 529 1544 578 S.
1588 523 1909 578 tilll’iliOllll
1950 522 2038 576 VII
2077 523 2275 577 ΡΛΡᾸΞ
2307 523 2586 579 ΟΡΕΗΙΙΜ
2628 523 2805 578 PARS
2834 524 2876 590 ι.
2919 559 2933 562 -
2971 558 2978 562 ι
3024 525 3437 581 REGESTRCM.
3982 537 4073 590 400

866 658 985 694 ιιεΊυ
1013 657 1042 694 a
1070 641 1223 692 nobis
1247 640 1457 708 publice
1483 638 2032 701 cxi-nnnuunicatum,
2061 645 2115 690 et
2157 653 2187 690 a
2215 651 2422 706 prwpo-
2451 642 2495 697 Α
2521 652 2641 693 coal
2675 637 2822 707 (571)
2845 637 3186 694 Cluniacensi
3216 640 3415 704 abbati,
3461 639 3686 717 salutem
3735 629 3798 696 ct.
3832 647 4076 713 apostoli-

865 733 1033 784 :-itura
1064 742 1114 784 et
1150 731 1422 785 claustrali
1469 730 1848 782 cmumunione
1887 727 2122 796 dejiciat,
2147 729 2424 796 alterum-

863 839 968 891 que-
991 823 1107 874 loco
1128 823 1244 889 ejus
1270 821 1565 875 secundum
1595 819 1764 873 Deum
1794 819 2105 873 substituat.
2140 817 2246 872 Vos
2273 835 2420 890 ergo,

861 913 1200 966 dilectissimi
1238 912 1353 972 lilii,
1396 911 1440 964 si
1487 910 1655 964 Deum
1683 909 1845 963 vultis
1873 909 2073 964 habere
2093 910 2420 978 propitium,

863 1023 975 1058 sunt
995 1016 1217 1071 tumque
1265 1002 1478 1060 Petrum
1529 1001 1762 1070 peccatis
1819 1002 2014 1056 vestris
2066 1000 2203 1054 ferre
2238 1000 2420 1055 subsi-

862 1097 1035 1156 dium,
1073 1104 1256 1147 cavete
1282 1093 1506 1148 omnino
1541 1109 1605 1146 ne
1641 1091 1862 1162 praefato
1891 1093 2160 1162 sacrilego
2187 1092 2420 1148 Guidoni

779 1176 781 1179 ’
863 1185 1078 1254 aliquod
1117 1193 1301 1238 contra
1332 1183 1498 1238 Deum
1524 1195 1878 1254 nostrumque
1903 1184 2170 1253 judicium
2195 1185 2260 1257 ad
2287 1183 2420 1255 reti-5

863 1279 1092 1331 nendam
1120 1277 1551 1346 prmposituram,
1579 1277 1658 1329 vel
1679 1275 1896 1344 aliquod
1929 1275 1996 1329 de
2022 1268 2184 1332 rebus
2209 1275 2421 1330 Sanctae

861 1368 1122 1422 Mustiolze
1147 1369 1426 1436 prazbcatis
1447 1368 1710 1422 auxilium
1738 1367 1851 1421 sive
1876 1366 2185 1421 consilium.
2223 1364 2419 1422 Procul

860 1459 1022 1512 dubio
1079 1460 1246 1524 enim,
1289 1459 1334 1512 si
1391 1459 1558 1527 (quod
1597 1457 1800 1510 absita
1834 1444 2010 1512 vestra
2057 1456 2423 1527 nobilitate!)

861 1549 1106 1603 εισικίιίίπὶ
1144 1551 1244 1604 sibi
1277 1565 1603 1619 quocunque
1639 1553 1798 1602 modo
1839 1548 2175 1602 tentaveritis
2200 1588 2214 1610 ,
2254 1557 2308 1602 ct
2353 1564 2445 1603 ea.

859 1661 979 1712 qtae
1006 1644 1072 1696 de
1095 1643 1252 1696 bonis
1299 1643 1540 1697 ecclesia:
1589 1640 1783 1696 amicis
1810 1641 1932 1697 suis
1961 1639 2106 1695 dedit
2144 1657 2241 1710 pro
2291 1643 2418 1696 reti-

863 1732 1033 1784 nenda
1067 1731 1426 1800 praepositum
1456 1733 1674 1786 retineri
1692 1731 1948 1795 feceritis,
1971 1732 2418 1786 excommunica-

861 1822 1022 1876 tionis
1043 1823 1160 1890 ejus
1173 1821 1461 1890 participes
1483 1822 1653 1875 eritis.
1671 1819 1728 1875 Si
1741 1837 1889 1885 vero,
1915 1820 2418 1875 utdecethristia-

861 1928 959 1964 nos
991 1913 1157 1976 viros,
1171 1926 1392 1980 operam
1404 1911 1687 1967 studi-bilis
1702 1912 1831 1966 dare
1846 1952 1860 1976 ,
1880 1925 1946 1964 eo
1965 1911 2194 1980 expulso
2209 1952 2225 1976 ,
2242 1912 2416 1965 eccle—

861 1987 996 2055 siam
1010 2000 1103 2056 Dei
1121 2010 1456 2072 matremque
1475 2003 1660 2072 utique
1673 2012 1905 2058 vestram
1919 2002 1986 2056 ad
2002 2001 2288 2070 pristinum
2301 2011 2414 2056 sta-

859 2104 973 2146 tum
999 2085 1434 2159 revocare,inter
1453 2103 1670 2147 sanctos
1694 2092 1788 2147 Dei
1811 2094 1865 2146 in
1883 2108 2121 2161 superno
2145 2108 2313 2162 regno
2330 2094 2418 2147 in—

811 2201 818 2216 '
858 2184 1261 2252 t'nt't'uptibileln
1288 2185 1630 2253 possidebitis
1643 2184 2219 2254 btereditatemmdepti
2235 2199 2421 2253 pecca-

859 2286 1038 2328 turum
1063 2274 1448 2343 indulgentiam
1465 2289 1559 2343 per
1583 2273 1905 2328 ineffabilem
1931 2273 2025 2328 Dei
2051 2275 2413 2330 clementiam.

933 2365 1061 2418 Data
1083 2364 1284 2430 Romae,
1318 2364 1500 2418 Idibus
1516 2364 1778 2431 Januarii,
1804 2366 1914 2419 ind.
1945 2383 2063 2421 sui.
2283 2355 2285 2357 1

1211 2519 1214 2524 _
1291 2457 1312 2499 1
1337 2454 1670 2509 EPISTOLA
1707 2454 1934 2510 XLVI".
2068 2525 2076 2532 _

1163 2561 1227 2598 AD
1259 2560 1511 2598 GEI‘ITIL’I
1543 2561 1610 2598 ετ
1640 2561 1854 2599 Μυκη
1885 2560 2136 2614 ΑΒιΔτεδ.

1440 2635 1618 2703 (Anno
1659 2635 1831 2703 1075.)

860 2724 926 2776 ιί
964 2733 1202 2776 ηιοηεαηι
1256 2724 1533 2791 quemdam
1561 2723 1911 2843 [ratricidam
1938 2764 1953 2788 ,
2001 2723 2088 2791 qui
2135 2730 2255 2775 ante
2303 2736 2420 2789 per-

925 2803 1096 2843 ertmn
1135 2793 1488 2843 mrnitcntinm
1527 2811 1555 2843 n
1585 2795 1689 2843 iam
1719 2809 1926 2843 uxorem
1957 2792 2292 2843 contendebat
2320 2791 2419 2842 du-

925 2803 1096 2845 ertnm
1133 2793 1488 2862 ptrnitcntinm
1527 2791 1689 2844 aliam
1719 2809 1926 2844 uxorem
1957 2791 2419 2862 contendebatda-

925 2879 1054 2924 rere,
1091 2860 1152 2914 ne
1185 2864 1238 2914 id
1273 2863 1479 2930 furiat;
1515 2863 1602 2915 sed
1635 2862 1911 2915 auditurus
1943 2878 2056 2932 qua:
2087 2878 2196 2914 sum
2229 2860 2417 2913 salutis

925 2942 1041 2984 sunt
1067 2933 1135 2983 ad
1165 2948 1218 2984 se
1250 2933 1439 2984 ueniat.

925 3022 1231 3072 Camenius
1251 3019 1555 3088 episcopus,
1585 3034 1774 3073 servus
1799 3032 2077 3073 servorum
2105 3015 2223 3081 Dei,
2262 3014 2420 3071 Gert-

857 3126 948 3164 τιο
972 3110 1150 3164 abbati
1179 3108 1362 3162 Sancti
1399 3108 1683 3174 Bonifacii,
1716 3116 1770 3162 et
1791 3106 1982 3162 Manno
2008 3106 2189 3161 abbati
2235 3103 2418 3160 Sancti

856 3200 1065 3262 Sabbm,
1091 3200 1320 3268 saluum
1351 3209 1404 3253 et
1428 3200 1781 3267 apostolicam
1809 3197 2258 3253 benedictionem.

923 3290 1120 3343 Notum
1147 3289 1300 3343 vobis
1321 3298 1406 3342 est
1434 3289 1579 3357 quod
1607 3287 1893 3341 Rainerius
1915 3283 2214 3356 ,Ugizonis
2239 3300 2418 3354 quon-
2447 3291 2486 3348 C

852 3379 976 3432 clam
1001 3379 1164 3440 filius,
1183 3376 1457 3430 .diabolico
1486 3375 1744 3429 instinctu
1766 3373 1989 3428 fratrem
2010 3388 2170 3431 suum
2201 3371 2419 3428 interfe-

851 3471 942 3532 cit;
972 3467 1111 3524 unde
1133 3468 1308 3536 dignae
1334 3466 1663 3536 poen'tentiae
1688 3465 1928 3521 nondum
1955 3480 2013 3524 se
2038 3464 2294 3530 subdidit,
2319 3479 2418 3518 nec

853 3560 1087 3628 perfecte
1117 3559 1388 3627 pmnituit;
1438 3558 1530 3611 sed
1579 3558 1863 3611 immemor
1892 3556 2029 3610 tanti
2067 3554 2326 3611 facinoris
2365 3566 2420 3610 et

853 3646 1231 3717 promissionis
1275 3646 1651 3702 defensionum
1691 3647 2180 3703 ecclesiasticarum
2205 3689 2220 3714 ,
2253 3663 2417 3718 quam

854 3741 907 3793 in
932 3739 1276 3807 suscipiendo
1300 3739 1476 3792 fictam
1508 3739 1878 3808 pmnitentiam
1915 3738 2044 3795 fecit
2067 3779 2083 3806 ,
2118 3749 2331 3794 necnon
2365 3749 2420 3794 et

854 3844 1151 3898 pauperum
1173 3827 1397 3893 Christi,
1423 3829 1619 3882 anima:
1639 3842 1751 3883 sua:
1774 3827 2002 3883 salutem
2025 3827 2286 3883 oblivioni
2308 3836 2418 3881 tra-

852 3918 1004 3979 dens,
1030 3914 1190 3970 aliam
1216 3915 1394 3970 studet
1420 3931 1644 3971 uxorem
1679 3916 1893 3973 ducere.
1924 3914 2154 3986 Ideoque
2182 3925 2416 3972 vestram

853 4004 1242 4060 fraternitatem
1275 4005 1559 4059 sollicitam
1582 4021 1702 4061 esse
1727 4006 1976 4062 volumus
2004 4014 2273 4076 quatenus
2293 4021 2415 4060 eum

851 4095 1187 4149 conveniatis
1219 4103 1273 4148 et
1300 4095 1474 4148 modis
1509 4096 1707 4164 quibus
1734 4095 1979 4164 potestis.
2022 4097 2172 4150 illum
2197 4112 2418 4152 monea-

853 4187 921 4241 tis
960 4186 1199 4241 dulciter
1211 4195 1266 4240 et
1295 4202 1503 4256 aspere,
1532 4195 1794 4258 quantum
1821 4191 1960 4257 opus
1990 4184 2151 4240 fuerit
2179 4196 2232 4241 et
2268 4188 2417 4242 vobis

854 4275 1221 4330 necessarium
1246 4275 1534 4342 videbitur,
1561 4285 1619 4329 ut
1643 4276 1794 4330 nullo
1818 4275 1981 4330 modo
2002 4274 2054 4330 id
2081 4274 2256 4332 facere
2282 4291 2417 4345 pra:-

851 4374 1053 4428 sumat,
1081 4365 1171 4419 sed
1206 4378 1307 4419 nos
1337 4364 1494 4418 adeat
1533 4363 1599 4418 ad
1626 4363 1953 4419 audiendum
1979 4377 2043 4418 ea
2065 4378 2188 4433 quae
2202 4363 2311 4417 sibi
2351 4364 2418 4418 de

744 4503 764 4518 ,
851 4456 1024 4509 salute
1057 4469 1156 4508 sua
1178 4454 1355 4508 dicere
1386 4454 1661 4521 debemus.
1690 4453 1747 4507 Si
1770 4447 1907 4509 forte
1931 4455 2098 4523 (quod
2129 4469 2246 4509 non
2264 4460 2418 4524 opta-

851 4541 995 4611 mus)
1038 4557 1137 4597 vos
1178 4542 1365 4596 audire
1406 4549 1461 4610 et
1504 4542 1660 4596 nobis
1703 4541 1924 4598 obedire
1951 4543 2222 4607 renuerit,
2267 4542 2417 4597 omni

851 4629 1013 4684 modo
1038 4639 1244 4684 certum
1271 4630 1418 4684 illum
1443 4632 1646 4685 reddite
1668 4631 1812 4701 quod
1830 4646 1951 4699 nos,
1977 4629 2088 4685 Deo
2105 4629 2414 4700 adjuvante,
2445 4613 2493 4672 υ

850 4722 1110 4792 quidquid
1148 4721 1357 4792 justum
1392 4729 1446 4776 et
1489 4721 1812 4776 canonicum
1842 4723 2017 4796 visum
2049 4721 2211 4778 fuerit
2242 4721 2418 4778 facere

851 4827 961 4864 non
987 4811 1337 4880 negligemus.

922 4896 1052 4954 Data
1082 4897 1288 4963 Romae,
1309 4898 1518 4953 decimo
1544 4899 1772 4968 septimo
1804 4898 2070 4956 Kalendas
2097 4897 2370 4954 Februarii
2409 4914 2412 4916 ‘

853 4989 1144 5044 indictione
1177 4988 1383 5044 decima
1409 4989 1582 5041 tertia.

1354 5096 1686 5153 EPISTOLA
1723 5095 1907 5159 XLIX.
2142 5175 2148 5180 δ

1107 5201 1173 5242 AD
1204 5201 1446 5241 HCGOSEI
1480 5204 1715 5264 ABBATSI
1750 5201 2163 5242 CLUSIACENSEI.

1445 5277 1621 5344 (Anno
1645 5276 1826 5345 1075.)

855 5366 1100 5436 Deplorat
1124 5382 1276 5419 sum
1300 5375 1349 5418 et
1374 5363 1625 5436 Ecclesia
1651 5366 1997 5436 viriut-{fimum
2028 5375 2247 5431 statum;
2284 5366 2416 5420 unde

953 5435 1207 5488 rationem
1241 5451 1336 5506 pro
1367 5451 1419 5489 se
1452 5434 1525 5506 ad,
1557 5433 1723 5506 Deum
1765 5434 1964 5506 effundi
2009 5437 2160 5502 petit,
2209 5436 2417 5506 vultque

929 5503 1279 5573 abbatem_ad
1332 5504 1771 5572 comprimendam
1826 5503 2106 5573 impiorum
2158 5503 2416 5565 avritiam

920 5571 1186 5626 exhortari
1218 5588 1392 5624 omnes
1429 5571 1626 5640 ﬁdeles.

921 5660 1225 5718 GBEGORIUS
1249 5662 1535 5731 episcopus
1554 5703 1568 5727 ,
1605 5677 1794 5719 servus
1819 5673 2115 5737 servorum
2142 5663 2257 5725 Dei,
2304 5663 2412 5724 llu-

923 5853 1070 5924 (δτι)
1098 5855 1249 5939 Deest
1273 5856 1502 5924 Heg-oni.
1593 5892 1599 5898 -

2525 743 2643 782 cam
2681 728 3129 782 benedictionem.

2594 817 2650 872 Si
2675 828 2858 887 posset
2885 819 3019 884 licri,
3050 820 3291 890 Optarcm
3335 829 3390 878 te
3435 822 3662 891 pleniter
3704 826 3845 881 scire
3886 842 4075 898 quanta

2523 906 2799 961 tribulatio
2842 922 2928 961 me
2971 917 3255 978 angustat,
3292 918 3634 980 quantusque
3665 912 3817 967 labor
3849 918 4076 985 quotidie

2523 995 2810 1050 innovatus
2840 995 3048 1069 fatigat,
3086 1007 3140 1052 et
3173 1013 3488 1055 accrescens
3513 1002 3667 1056 valde
3692 1006 3987 1072 perturbat,
4024 1021 4076 1062 ut

2522 1087 2819 1140 secundum
2852 1087 3230 1143 tribulationcs
3262 1088 3442 1144 cordis
3489 1091 3594 1143 mei
3645 1090 3883 1147 fraterna
3935 1110 4075 1150 com-

2521 1175 2704 1244 passio
2737 1175 2875 1229 mibi
2921 1185 2970 1229 te
3003 1175 3260 1242 ﬂecteret,
3287 1185 3341 1230 ct
3380 1177 3434 1230 in
3478 1177 3794 1246 profusione
3822 1179 4076 1252 lacrymz-

2521 1277 2640 1316 rum
2667 1278 2852 1317 coram
2881 1263 3112 1318 Domino
3141 1279 3238 1319 cor
3265 1275 3417 1319 tuum
3444 1266 3764 1337 cﬂunderet,
3797 1277 3859 1325 ut
3885 1286 4079 1342 pauper

2517 1354 2678 1412 Jesus
2703 1357 2855 1430 [lege,
2882 1358 3102 1428 pauperi
3131 1357 3288 1416 .lesus
3318 1357 3432 1432 IL],
3470 1374 3566 1439 per
3587 1377 3747 1431 quem
3784 1365 3967 1419 omnia
4005 1365 4078 1420 fa-

2517 1457 2603 1502 cta
2631 1459 2779 1513 sunt,
2813 1458 2868 1502 et
2901 1450 2994 1519 qui
3027 1450 3210 1504 omnia
3235 1451 3391 1522 regit,
3417 1467 3638 1506 manum
3663 1453 3997 1524 porrigeret,
4029 1466 4079 1512 et

2519 1537 2674 1590 solita
2702 1538 2898 1606 pietate
2927 1526 3186 1596 miseirum
3210 1538 3482 1593 liberaret.
3508 1538 3622 1610 Ego
3661 1542 3807 1595 enim
3850 1557 3991 1613 saepe
4021 1544 4079 1597 il-

2518 1634 2629 1688 lum
2653 1628 2858 1697 rogavi,
2897 1636 3055 1696 prout
3079 1628 3191 1697 ipse
3212 1627 3390 1694 dedit,
3419 1638 3479 1682 ut
3502 1639 3596 1683 aut
3629 1645 3716 1685 me
3746 1631 3813 1685 de
3835 1631 4080 1701 praesenti

2515 1718 2624 1770 vita
2656 1716 2898 1780 tolleret,
2929 1725 3028 1771 aut
3051 1717 3210 1771 matri
3234 1717 3509 1770 communi
3538 1733 3634 1786 per
3657 1735 3744 1774 me
3767 1720 4076 1790 prodesset,

2516 1814 2570 1860 et
2595 1815 2773 1860 tamen
2796 1805 2865 1859 de
2889 1820 3083 1876 magna
3130 1805 3482 1860 tribulatione
3507 1804 3686 1860 adhuc
3708 1823 3818 1861 non
3842 1808 4038 1876 eripuit
4062 1850 4076 1870 ,

2518 1909 2692 1965 neque
2729 1895 2836 1949 vita
2862 1911 2980 1948 mea
3005 1895 3273 1964 praedicta:
3315 1895 3514 1960 matri,
3556 1894 3714 1964 cujus
3758 1909 3844 1947 me
3878 1896 4083 1951 catenis

2517 1983 2775 2054 alligavit,
2801 1993 2861 2037 ut
2901 1983 3208 2052 sperabam,
3249 1981 3471 2053 profuit.
3515 1984 3901 2039 Circumvallat
3941 1985 4077 2040 enim

2518 2089 2605 2127 me
2644 2073 2798 2128 dolor
2841 2073 3094 2127 immanis
3121 2114 3135 2138 ,
3188 2082 3244 2128 et
3284 2073 3503 2129 tristitia
3548 2074 3906 2140 universalis,
3960 2075 4076 2145 quia

2517 2163 2797 2218 orientalis
2835 2163 3074 2218 Ecclesia
3102 2163 3359 2218 instinctu
3402 2162 3600 2217 diaboli
3626 2178 3658 2217 a
3683 2163 3950 2217 catholica
3984 2163 4079 2217 fide

2517 2251 2716 2318 deficit,
2740 2261 2794 2307 et
2814 2267 2910 2322 per
2929 2266 3027 2307 sua
3051 2252 3292 2305 membra
3317 2251 3430 2320 ipse
3451 2251 3708 2320 antiquus
3732 2250 3905 2305 hostis
3929 2251 4081 2304 Chri-

2519 2344 2725 2398 stianos
2750 2343 2949 2412 passim
2993 2341 3209 2406 occidit,
3252 2350 3311 2394 ut
3347 2355 3488 2411 quos
3533 2350 3698 2411 caput
3739 2341 4080 2410 spiritualitcr

2521 2431 2814 2496 interficit,
2883 2430 3001 2499 ejus
3067 2429 3307 2482 membra
3358 2428 3646 2482 carnaliter
3697 2430 3963 2498 puniant,
4018 2445 4081 2482 ne

2517 2521 2735 2590 quando
2759 2518 2938 2573 divina
2964 2519 3134 2587 gratia
3176 2515 3516 2586 resipiscam.
3545 2515 3744 2569 lterum
3781 2531 3904 2569 cum
3938 2523 4082 2569 men;

2518 2615 2589 2668 tis
2614 2611 2808 2666 intuitu
2837 2618 3013 2680 partes
3040 2607 3358 2674 occ'dentis,
3386 2607 3499 2663 sive
3523 2606 3790 2671 meridici,
3832 2615 3925 2658 aut
3962 2620 4078 2674 scp-

2519 2700 2804 2757 tcntrionis
2852 2698 3007 2752 video
3051 2699 3139 2750 vix
3184 2689 3382 2766 legales
3430 2695 3715 2764 episcopos
3772 2694 3996 2747 introitu
4033 2703 4083 2747 et

2517 2793 2626 2847 vita
2651 2833 2664 2858 ,
2695 2791 2788 2862 qui
2821 2787 3191 2844 Christianum
3226 2785 3483 2856 populum
3513 2784 3716 2839 Christi
3764 2799 3950 2837 amore
3976 2825 3992 2848 ,
4034 2793 4084 2837 et

2519 2898 2628 2938 non
2674 2879 2920 2935 szeculari
2963 2876 3257 2931 ambitione
3296 2883 3504 2945 regant,
3555 2873 3808 2939 invenio,
3852 2884 3905 2928 ct
3952 2873 4081 2926 inter

2519 2986 2712 3027 omnes
2751 2969 3039 3024 seculares
3077 2965 3367 3034 principes,
3389 2965 3483 3034 qui
3519 2973 3836 3033 pneponant
3862 2963 3954 3018 Dei
3984 2964 4078 3016 bo-

2519 3075 2707 3116 norem
2735 3073 2856 3126 suo,
2898 3065 2951 3110 et
2990 3054 3257 3124 justitiam
3294 3054 3467 3117 lucro,
3496 3067 3605 3106 non
3645 3067 3936 3123 cognosco.
3983 3053 4080 3106 Eos

2519 3159 2698 3206 autem
2726 3149 2865 3203 inter
2887 3163 3025 3218 quos
3052 3148 3255 3212 habito,
3282 3146 3558 3202 Romanos
3578 3147 3845 3212 videlicet,
3873 3146 4077 3216 Longo-

2520 3241 2715 3294 bardos
2740 3249 2794 3293 et
2826 3237 3186 3303 Normannos,
3215 3239 3357 3292 sicut
3390 3253 3531 3308 saepe
3566 3239 3674 3295 illis
3700 3238 3825 3293 dici
3847 3279 3863 3302 ,
3888 3237 4078 3292 Judaris

2518 3337 2572 3385 ct
2612 3323 2838 3399 paganis
2869 3328 3272 3398 quodammodo
3297 3327 3510 3397 pejores
3529 3342 3652 3383 esse
3674 3329 3963 3398 redarguo.
4005 3327 4078 3381 Ad

2519 3419 2787 3489 meipsum
2831 3435 2957 3474 cum
3016 3418 3178 3473 redeo
3203 3459 3219 3485 ,
3268 3417 3342 3472 ita
3392 3431 3479 3472 me
3526 3417 3811 3488 gravatum
3859 3419 4081 3488 prepria:

2518 3509 2747 3563 actionis
2792 3509 3028 3577 pondere
3073 3508 3305 3562 invenio'
3334 3515 3394 3561 ut
3433 3507 3580 3561 nulla
3631 3516 3908 3561 remaneat
3968 3518 4080 3576 spes

2519 3598 2731 3665 salutis,
2762 3599 2867 3651 nisi
2908 3597 2973 3652 de
3016 3597 3130 3651 sola
3177 3595 3550 3650 misericordia
3590 3594 3818 3651 Christi.
3864 3594 3998 3649 Nam
4037 3595 4078 3648 si

2519 3703 2628 3742 non
2658 3668 2930 3757 sperarem
2960 3687 3026 3741 ad
3049 3687 3326 3740 meliorem
3352 3685 3538 3750 vitam,
3565 3694 3620 3739 et
3643 3686 3929 3740 utilitatem
3954 3701 4078 3739 san-

2517 3786 2617 3831 cta:
2641 3776 2893 3830 Ecclesia
2915 3775 3118 3840 venire,
3144 3775 3292 3827 nullo
3323 3774 3484 3828 modo
3523 3771 3729 3839 Romae,
3771 3775 3826 3827 in
3861 3790 3968 3843 qua
3994 3788 4079 3828 co-

2517 3875 2691 3931 actus,
2738 3865 2849 3921 Deo
2875 3874 3030 3932 teste,
3060 3865 3175 3935 jam
3200 3881 3232 3919 a
3257 3865 3439 3935 viginti
3462 3865 3623 3921 annis
3656 3865 3973 3930 inbabitavi,
4001 3880 4079 3918 re-

2518 3977 2812 4016 manerem.
2855 3958 3004 4014 Unde
3033 3958 3094 4012 fit
3123 3968 3185 4013 ut
3211 3959 3352 4012 inter
3377 3958 3619 4013 dolorem
3645 3959 3740 4029 qui
3765 3958 4004 4029 quotidie
4028 3957 4077 4010 in

2518 4066 2603 4108 me
2628 4061 2939 4117 renovatur,
2962 4058 3016 4104 et
3037 4065 3188 4119 spem
3209 4064 3331 4118 qua:
3353 4049 3538 4117 nimis,
3565 4050 3693 4115 heu,
3725 4049 4076 4119 protenditur,

2517 4144 2662 4199 mille
2687 4150 2977 4214 quassatus
3001 4139 3411 4210 tempestatibus
3435 4137 3821 4213 quoquomodo
3847 4137 4077 4192 moriens

2517 4233 2658 4287 vivo.
2685 4231 2752 4286 Et
2770 4246 2895 4286 eum
2914 4230 3007 4301 qui
3031 4247 3118 4285 me
3139 4231 3255 4286 suis
3274 4231 3512 4301 alligavit
3530 4230 3764 4285 vinculis
3784 4239 3839 4285 et
3852 4229 4074 4284 Romam

2519 4322 2744 4376 invitum
2779 4320 2992 4376 reduxit
3034 4321 3249 4389 illicque
3294 4321 3438 4375 mille
3481 4320 3749 4391 augustiis
3780 4319 4075 4391 princinxit,

2516 4419 2788 4480 exspecto.
2823 4407 2924 4463 Cui
2958 4407 3269 4478 frequenter
3290 4408 3413 4462 dico
3439 4427 3451 4462 :
3483 4407 3722 4473 Festina,
3747 4424 3814 4463 ne
3836 4408 4076 4463 tardave-

2519 4499 2614 4565 ris;
2643 4499 2901 4564 accelera,
2925 4512 2992 4552 ne
3015 4498 3266 4562 moreris,
3299 4498 3681 4567 mequelibera
3706 4512 3892 4553 amore
3912 4497 4076 4550 beata:

2518 4587 2700 4643 Mariae
2745 4603 2810 4643 ac
2855 4587 3029 4642 sancti
3070 4584 3232 4639 Petri.
3282 4583 3388 4640 Sed
3420 4585 3548 4656 quia
3588 4601 3698 4641 non
3725 4596 3810 4642 est
3850 4588 4075 4658 pretiosa

2518 4681 2656 4743 laus,
2684 4691 2857 4746 neque
2884 4684 3071 4731 sancta
3102 4676 3278 4730 oratio
3301 4676 3410 4731 cito
3435 4677 3735 4746 impetratis
3759 4677 3814 4732 in
3839 4693 3933 4734 ore
3955 4693 4072 4748 pec-

2516 4768 2736 4834 catoris,
2774 4767 2930 4838 cujus
2953 4776 3036 4822 est
3057 4767 3166 4821 vita
3190 4768 3492 4834 laudabilis,
3523 4777 3578 4822 et
3597 4770 3743 4823 actio
3767 4770 4038 4824 saecularis
4059 4809 4074 4833 ,

2518 4867 2942 4929 precor,’exoro,
2966 4873 3120 4929 rogo,
3144 4867 3204 4912 ut
3222 4873 3321 4914 eos
3354 4859 3448 4928 qui
3479 4867 3756 4914 merentur
3785 4860 3957 4916 audiri
3984 4874 4075 4932 pro

2518 4950 2640 5003 vitae
2666 4948 2899 5015 meritis,
2921 4949 3163 5020 vigilanti
3186 4963 3314 5002 cura
3341 4950 3560 5020 rogites,
3587 4962 3648 5006 ut
3666 4967 3765 5022 pro
3795 4968 3878 5008 me
3912 4951 4073 5007 Deum

2516 5048 2743 5094 exorent
2777 5054 2842 5092 ea
2883 5039 3145 5094 cbaritate
3177 5053 3348 5109 eaque
3387 5039 3670 5098 dilectione
3696 5085 3712 5110 ,
3756 5060 3862 5114 qua
3890 5043 4076 5099 debent

2518 5128 2878 5183 universalem
2899 5129 3122 5198 diligere
3147 5137 3393 5182 matrem.
3426 5129 3496 5184 Et
3518 5133 3646 5200 quia
3667 5141 3893 5203 utraque
3915 5148 4072 5187 manu

2518 5220 2776 5273 debemus
2813 5220 2890 5272 uti
2923 5232 3021 5286 pro
3049 5217 3269 5274 dextera
3299 5221 3366 5274 ad
3394 5223 3855 5292 comprimendam
3874 5223 4073 5293 impio-

2519 5323 2638 5361 rum
2666 5309 2946 5371 szevitiam,
2973 5315 3188 5376 oportet
3216 5324 3337 5376 nos,
3375 5312 3592 5381 quando
3619 5311 3838 5382 quidem
3865 5328 3971 5368 non
3998 5323 4074 5369 est

2517 5397 2767 5466 princeps
2790 5397 2881 5466 qui
2914 5399 3041 5453 talia
3069 5407 3244 5465 curet,
3290 5401 3666 5472 religiosorum
3708 5404 3846 5458 tueri
3890 5405 4070 5468 vitam.

2517 5485 2752 5540 fraterna
2786 5496 2836 5540 te
2866 5503 3146 5542 monemus
3177 5490 3462 5556 charitate,
3507 5499 3586 5556 ut,
3622 5491 3943 5561 inquantum
3979 5509 4070 5564 po;

2517 5587 2618 5642 tes,
2643 5578 2883 5648 vigilanti
2908 5579 3087 5634 studio
3111 5593 3331 5642 manum
3353 5582 3613 5650 praebeas,
3649 5571 3750 5639 eos
3793 5582 4068 5646 monendo,

2519 5670 2756 5725 rovando
2817 5672 3153 5726 exhortando
3217 5671 3312 5743 qui
3333 5672 3549 5728 beatum
3571 5672 3792 5750 Petrum
3812 5675 4035 5748 diligunt

4183 1567 4185 1691 ψ

4181 2627 4186 2698 ι
