4218 6390
262 426 347 481 to;
555 392 561 397 ’
1338 434 1534 486 unsn
1574 434 1950 489 sectatus.
1987 467 2055 476 -
2089 438 2425 496 EPISLLI.

3393 464 3495 514 Itin)

261 551 316 596 ut
344 538 388 597 si
416 559 544 598 vere
567 541 717 599 illius
741 541 926 599 volunt
949 560 1066 598 esse
1097 543 1191 598 libi
1229 554 1281 598 ct
1317 546 1536 609 milites,
1581 561 1688 599 non
1733 545 1831 600 ba-
1863 561 1906 614 Α
1931 549 2306 619 episcoporum
2343 543 2551 621 petatis,
2576 570 2641 610 ao
2666 561 2996 630 pet-agendas
3025 569 3315 620 (‘Xll‘l'lﬁ.‘l't‘§
3337 585 3385 623 «ιι
3415 573 3465 627 in

259 631 416 686 beant
441 630 534 688 illo
556 634 838 689 cbariores
860 634 1457 713 saeculares'principes,
1481 636 1607 707 quia
1637 636 1708 689 illi
1735 637 1835 690 mi-

260 737 373 776 sera
403 732 459 778 et
485 725 802 780 transitoria
843 725 930 779 vix
981 727 1244 792 tribuunt,
1286 727 1385 780 iste.
1425 743 1553 781 vero
1582 728 1736 782 beata
1777 737 1832 780 et

257 820 458 866 :eterna
489 829 522 868 a
553 815 767 870 cunctis
796 817 1030 885 peccatis
1065 817 1323 871 solvendo
1348 818 1634 886 promittit,
1680 825 1734 872 et
1777 819 1831 872 in

257 902 534 957 cmlestem
586 904 816 972 patriam
862 915 1129 974 potestate
1176 908 1278 961 sibi
1326 908 1520 962 tradita
1566 909 1826 977 perducit.

260 989 392 1047 Volo
427 994 651 1064 quidem
679 996 797 1050 luce
818 998 1020 1052 clarius
1047 999 1361 1069 intelligere,
1389 999 1482 1068 qui
1511 1014 1690 1054 revera
1722 1000 1831 1054 sint

256 1081 326 1136 illi
352 1083 560 1150 ﬁdeles,
588 1093 644 1139 et
667 1087 761 1155 qui
791 1087 1038 1141 eumdem
1069 1089 1342 1144 cmlestem
1371 1088 1676 1158 Principem
1718 1103 1827 1144 non

255 1175 437 1228 minus
477 1191 576 1244 pro
622 1177 828 1231 caelesti
870 1178 1036 1247 gloria
1080 1179 1493 1250 diiignutquam
1514 1197 1608 1236 eos
1629 1180 1828 1251 quibus

255 1277 351 1328 pro
373 1279 469 1332 spe
494 1274 726 1331 terrena,
749 1275 802 1320 et
825 1268 1019 1322 misera
1048 1270 1426 1338 subjiciuntur.

325 1348 460 1405 Data
486 1350 695 1417 Bonae,
719 1353 1004 1410 undecimo
1033 1354 1298 1414 Kalendas
1339 1357 1638 1423 Februarii,
1681 1358 1824 1414 indi.

255 1438 434 1494 ctione
456 1440 667 1496 decima
703 1443 877 1498 tertia.
927 1485 931 1490 .

829 1531 1164 1589 El’iSTOLA
1193 1534 1254 1602 L_.

623 1637 691 1676 Δυ
718 1636 940 1677 SMC“?!
964 1639 1137 1693 Βεβωι
1162 1640 1438 1682 Αιυιῡοκιε

851 1713 1032 1784 (Anno
1056 1715 1238 1788 l075.)

255 1795 437 1877 Censet
469 1798 760 1858 absurdum
789 1819 898 1877 esse
923 1805 1055 1877 uti:
1088 1807 1178 1876 qui
1211 1823 1276 1860 ea:
1318 1807 1594 1877 illegitimo
1636 1826 1821 1863 concu-

320 1866 433 1948 bitu
459 1878 614 1921 natus
647 1881 779 1948 erat,
815 1872 883 1925 ad
917 1866 1246 1948 episcopatus
1282 1866 1531 1948 gradiuit,
1569 1880 1636 1930 ad
1671 1897 1819 1948 quem
1856 1890 1896 1941 Β

320 1939 386 1988 ab
421 1953 482 1990 co
505 1938 894 2007 polulabatur,
927 1938 1245 1997 ascenderet.
1282 1938 1374 1998 Ἆὶε
1403 1963 1456 1998 se
1491 1938 1694 2000 dedisse
1727 1964 1818 2000 ne-

318 2007 520 2083 gotium
568 2008 839 2083 episcopo,
871 2010 959 2078 qui
991 2013 1160 2065 morbi
1209 2030 1369 2066 causa
1423 2017 1723 2083 episcopatu
1768 2033 1820 2068 se

319 2073 572 2152 abdicare
595 2073 899 2152 uolebathut
920 2083 1256 2134 constitueret
1275 2083 1375 2135 sibi
1401 2073 1697 2152 ltujusuiodi
1729 2103 1818 2138 co-

319 2140 765 2230 adjutoyuragui
798 2146 946 2201 illius
976 2152 1303 2230 episcopatus
1332 2164 1444 2220 post
1463 2140 1591 2222 'cjus
1623 2156 1820 2208 obitum

317 2211 842 2268 administrationem
873 2211 1136 2287 suscipere
1149 2211 1344 2290 posset;

317 2297 625 2357 Gnscomcs
638 2303 944 2375 cpiscopus,
969 2323 1158 2364 servus
1181 2325 1461 2366 servorum
1485 2311 1598 2378 Dei,
1628 2312 1820 2367 Sancto

251 2388 360 2458 regi
397 2387 802 2461 Hispaniarum,
851 2398 1080 2452 salutem
1113 2409 1165 2454 et
1198 2403 1550 2471 apostolicam
1598 2403 1818 2459 benedi-

250 2471 502 2534 ctioném.

314 2569 581 2636 Quoniam
615 2590 742 2645 erga
777 2579 1135 2634 reverentiam
1173 2590 1376 2636 sancta:
1409 2591 1464 2637 et
1507 2585 1820 2652 apostolicae.

250 2661 389 2716 sedis
445 2665 647 2735 regiam
707 2667 1040 2723 nobilitatem
1095 2679 1243 2729 tuam
1292 2671 1378 2742 pia
1433 2673 1720 2728 devotione
1767 2683 1818 2726 et

249 2765 432 2807 amore
456 2753 660 2811 fervere
693 2757 1066 2829 intelligimus,
1104 2771 1155 2816 te
1185 2772 1238 2817 et
1273 2778 1498 2833 regnum
1546 2773 1696 2818 tuum
1733 2765 1816 2817 di-

249 2841 365 2910 gnis
410 2844 711 2903 honoribus
732 2847 1034 2905 'sublimari
1062 2853 1334 2922 cupimus,
1369 2862 1423 2907 et
1465 2854 1816 2922 apostolicam

248 2940 672 2996 benevolentiam
702 2959 807 2997 non
830 2945 1010 2999 solum
1039 2943 1091 2996 in
1123 2953 1332 3008 nostro,
1361 2959 1546 2997 verum
1572 2943 1733 2997 etiam
1763 2942 1833 3024 in,

247 3043 571 3098 quocunque.
600 3039 840 3100 tempore
866 3033 959 3087 tibi
983 3041 1038 3087 et
1058 3034 1239 3088 causis
1265 3034 1372 3088 tuis
1393 3033 1616 3088 sincera:
1639 3031 1818 3086 chari-

247 3118 372 3170 tatis
393 3117 644 3172 allectum
677 3121 915 3188 praebere
945 3123 1334 3193 desideramus.
1363 3122 1650 3189 Caeterum,
1674 3126 1816 3192 quod

247 3219 346 3283 nos
390 3206 468 3258 de
495 3222 660 3272 causa
697 3209 1063 3278 Aragonensis
1087 3212 1431 3280 episcopatus
1457 3220 1512 3266 et
1538 3214 1821 3292 consului:
1845 3199 1886 3257 (ἶ

240 3297 333 3361 sti,
363 3305 418 3350 et
447 3306 501 3351 te
527 3300 932 3368 quodammodo
954 3304 1089 3357 velle
1114 3303 1448 3374 signiﬁcasti,
1485 3304 1577 3359 diu
1599 3313 1652 3359 et
1678 3307 1816 3360 mul-

247 3395 358 3439 tum
384 3389 649 3457 volentes,
673 3399 729 3444 et
752 3406 874 3445 cum
902 3393 1028 3448 [iliis
1053 3379 1253 3474 saneta
1283 3393 1540 3449 Romanae
1563 3393 1816 3451 Ecclesite

187 3521 192 3524 .
244 3484 655 3544 pertractantes,
682 3477 1039 3551 incongruum
1067 3482 1181 3538 fire
1203 3484 1534 3553 pervidinms
1557 3486 1812 3554 quoniam

243 3564 296 3618 in
342 3582 410 3620 eo
451 3569 714 3624 canonica
745 3570 962 3636 decreta
997 3559 1152 3628 nobis
1189 3574 1408 3628 obviare
1440 3574 1810 3644 cognovimus.

244 3652 484 3734 Veniens
517 3661 673 3715 enim.
702 3661 773 3734 ad
809 3677 931 3728 nos,
964 3662 1104 3718 sicut
1138 3664 1301 3729 nosti,
1333 3663 1607 3719 confrater
1632 3675 1815 3720 noster

245 3731 474 3805 Saucius
496 3731 864 3822 Aragoncnsis
889 3754 1196 3836 cpiscopus,
1228 3755 1394 3810 multa
1423 3756 1579 3810 nobis
1618 3757 1684 3810 de
1727 3755 1812 3810 iu-

244 3837 499 3894 ﬂrmitate
525 3843 774 3912 corporis
799 3844 884 3898 sui
909 3837 1268 3919 cunquerens,
1301 3845 1582 3900 deserendi
1603 3846 1813 3915 episco-

233 3935 484 3994 patum‘a
516 3931 674 3986 nobis
705 3933 1020 4003 suppliciter
1040 3935 1310 3989 licentiam
1332 3935 1640 4002 postulavit,
1667 3935 1811 4004 quod

241 4021 386 4076 enim
417 4022 608 4076 morbo
650 4019 931 4104 confectus
959 4031 1012 4076 et
1041 4037 1172 4090 pene
1213 4031 1567 4090 consumptus
1607 4022 1812 4104 diutius

243 4111 569 4180 competenti
596 4095 901 4164 ministerio
919 4125 1101 4180 regere
1117 4109 1468 4181 egenstodire’
1485 4125 1591 4162 non
1617 4099 1804 4178 possit.

243 4198 416 4268 Atque
460 4208 521 4254 ut
561 4198 777 4255 facilius
797 4198 901 4254 hoc
924 4197 1252 4270 impetraret,
1287 4199 1539 4254 indicavit
1567 4199 1721 4252 nobis
1742 4199 1809 4253 de

241 4289 453 4347 duobus
496 4291 708 4348 doricis
732 4332 747 4358 ,
799 4275 1032 4362 quorum
1081 4293 1313 4346 alterum
1350 4292 1403 4345 in
1439 4292 1805 4360 episcopatum

1936 641 2159 695 teriores
2186 659 2345 699 curas
2373 645 2532 699 talem
2574 649 2824 705 clericum
2859 654 2911 707 in
2945 654 3178 710 Ecclesia
3204 666 3494 738 constituat.

1934 732 2024 798 qui
2053 732 2117 785 ad
2146 741 2346 788 tantam
2394 740 2828 804 procurationum:
2873 749 3156 812 providus,
3201 763 3271 810 et.
3317 757 3360 808 si
3412 732 3494 809 n-L-

1933 823 2268 889 postularet,
2300 825 2367 880 ad
2405 828 2801 898 percipiendam
2839 836 3159 907 episcopalis
3199 846 3356 898 ollicii
3409 850 3487 902 di

1933 913 2188 980 gnitatem
2225 925 2279 968 et
2308 917 2551 973 ordinem
2597 921 2666 974 sit
2719 922 2962 985 idoneus.
3011 929 3130 996 Quo
3165 948 3259 1001 per
3289 952 3494 994 annum

1932 1019 2099 1060 unum
2137 1015 2231 1060 aut
2255 1009 2487 1076 amplius
2503 1010 2566 1086 in
2594 1010 2829 1068 Ecclesia
2855 1019 3201 1085 consistente,
3235 1026 3279 1078 si
3311 1027 3495 1084 divina.

1929 1095 2211 1150 clementia
2236 1096 2450 1153 interim
2472 1097 2725 1172 episcopo
2748 1106 3163 1180 virescorporis
3198 1124 3254 1168 et
3283 1120 3492 1173 sanita—

1929 1193 2034 1238 tem
2061 1187 2367 1253 reddiderit,
2393 1189 2534 1244 sicut
2552 1192 2760 1260 justum
2781 1208 2885 1264 est,
2916 1199 3028 1268 ipse
3054 1203 3105 1254 in
3132 1203 3251 1259 loco
3277 1224 3378 1261 suo
3401 1227 3493 1264 su-

1929 1290 2025 1342 per
2066 1274 2405 1333 Domiuicum
2437 1295 2650 1352 gregem
2682 1286 2908 1356 vigilans
2945 1292 3207 1348 consistat
3238 1315 3251 1357 ;
3286 1299 3329 1350 si
3365 1316 3491 1352 vero

1927 1365 2214 1424 inﬁrmitas
2239 1379 2292 1424 et
2314 1371 2559 1425 debilitas
2583 1377 2822 1442 corporis
2845 1379 2926 1432 sui
2949 1381 3176 1436 adaucta
3211 1386 3388 1452 fuerit,
3440 1401 3493 1444 et

1924 1457 2448 1518 administrationem
2487 1471 2792 1523 commissa:
2832 1474 2931 1526 sibi
2975 1487 3120 1526 cura!
3147 1492 3486 1549 nequaquam

1923 1550 2146 1618 exsequi
2179 1553 2394 1620 poterit,
2422 1564 2550 1609 tunc
2570 1558 2806 1623 (lt'lllllm,
2840 1563 2883 1615 si
2927 1563 3069 1616 illius
3111 1566 3243 1628 vita,
3287 1584 3488 1634 mores,

1923 1647 1976 1692 et
2011 1639 2292 1711 disciplina
2332 1646 2623 1713 probabilis
2664 1650 2825 1707 fuerit
2865 1657 3171 1722 apostolicae
3212 1661 3323 1716 sedi
3371 1663 3492 1732 ejus

1924 1729 2032 1782 tuis
2053 1739 2106 1783 et
2137 1733 2372 1802 episcopi
2401 1735 2614 1801 litteris,
2644 1754 2742 1794 nec
2767 1757 2874 1795 non
2903 1745 3005 1797 sub
3032 1747 3341 1804 testimonio
3360 1729 3488 1806 cieri

1923 1821 2164 1888 ejusdem
2198 1825 2449 1881 Ecclesiae
2471 1829 2836 1897 denuntietur,
2862 1845 2914 1887 ct
2937 1835 3002 1888 de
3027 1838 3367 1896 ordinatione
3388 1843 3488 1897 Ee-

1923 1909 2100 1965 clesize
2124 1915 2419 1970 deliberate
2440 1920 2668 1974 consilio
2692 1932 2837 1977 certa
2864 1926 3017 1980 vobis
3036 1937 3089 1980 et
3113 1929 3366 1996 salubris,
3393 1947 3488 1986 an-

1923 2011 2123 2054 nuente
2158 2002 2266 2056 Deo
2310 2012 2593 2075 responsio
2620 2011 2854 2067 dabitur.
2899 2014 3093 2070 Verum
3132 2019 3245 2074 haec
3286 2037 3487 2091 nequa-

1921 2104 2084 2157 quam
2117 2102 2224 2146 tam
2252 2096 2497 2160 absolute
2529 2100 2874 2166 dixissemus,
2913 2105 3014 2158 nisi
3050 2110 3191 2175 quod
3234 2112 3488 2182 episeopo

1921 2195 1979 2233 se
2006 2186 2307 2249 excusanti,
2335 2196 2389 2240 et
2411 2187 2849 2257 impedimentum
2876 2210 2988 2246 suae
3015 2196 3340 2255 inﬁrmitatis
3366 2219 3471 2269 pro

1921 2272 2138 2340 ponenti
2163 2313 2177 2336 ,
2231 2263 2482 2330 fraterna:
2508 2283 2900 2348 compassienis
2935 2287 3174 2340 auditum
3224 2290 3486 2358 denegare

1919 2375 2027 2412 non
2072 2365 2367 2429 potuimus.
2413 2366 2535 2423 llaec
2575 2370 2756 2438 igitur,
2799 2374 2990 2427 dilecte
3035 2378 3106 2429 lili
3137 2419 3150 2440 ,
3198 2381 3483 2446 prudenter

1919 2449 2224 2516 considera,
2260 2463 2313 2506 et
2335 2456 2398 2508 ad
2427 2457 2759 2514 observanda
2799 2474 2982 2517 mistra
3019 2467 3223 2521 monita
3270 2471 3483 2538 episco-

1906 2555 2068 2606 pum,
2095 2554 2356 2610 qnantum
2387 2557 2557 2616 potes,
2586 2551 2798 2619 adjuva,
2823 2565 3090 2622 quatenus
3114 2570 3164 2611 et
3197 2568 3249 2611 tu
3277 2577 3304 2612 a
3331 2562 3486 2616 bean

1921 2629 2080 2685 Petro
2107 2638 2476 2703 apostolorum
2507 2641 2746 2712 principe
2777 2645 2842 2698 ad
2885 2648 3174 2714 regendum
3211 2651 3304 2705 tibi
3332 2670 3481 2707 com-

1922 2721 2147 2777 missum
2169 2729 2426 2795 populum
2453 2731 2716 2798 adjuvari,
2740 2735 2966 2806 ejusque
2989 2742 3196 2794 meritis
3227 2759 3254 2794 a
3294 2760 3477 2810 pecca-

1866 2865 1873 2867 ,
1922 2820 2110 2872 torum
2126 2824 2340 2872 tuorum
2371 2820 2601 2875 vinculis
2633 2824 2913 2880 absolutus
2945 2838 3168 2891 aeterna:
3192 2832 3476 2884 beatitudi-

1919 2901 2004 2954 nis
2031 2905 2200 2972 gloria
2233 2907 2285 2961 in
2319 2925 2487 2978 regno
2517 2911 2717 2966 Chriin
2749 2925 2802 2967 et
2835 2915 2924 2968 lbi
2961 2921 3220 2972 merearis
3260 2923 3478 2989 pi-rl'mi.

1990 2991 2118 3047 llata
2147 2995 2348 3060 Retine,
2374 3010 2564 3054 octavo
2585 3002 2684 3073 [tv]
2717 3004 2979 3062 Kalendas
3003 3007 3304 3076 Februarii,
3344 3012 3469 3064 itali.

1920 3079 2096 3136 ctione.
2128 3083 2334 3142 decima
2364 3089 2537 3143 tertia.

2481 3199 2810 3255 EPISTOLA
2853 3204 2931 3258 LI.

2271 3303 2352 3340 ειη
2391 3304 2595 3344 suasca
2636 3298 3136 3351 necrn'nisoacuz-

2508 3379 2688 3450 (Anno
2716 3383 2896 3454 1075.)

1919 3482 2168 3548 Queritur
2190 3487 2328 3561 quod
2357 3490 2426 3561 ad
2450 3505 2504 3561 se
2527 3506 2629 3543 non
2665 3493 2954 3561 scripserit.
2997 3495 3257 3550 Hortatur
3294 3503 3361 3554 ut!
3400 3521 3468 3553 re-

1987 3564 2124 3606 ctam
2149 3557 2288 3636 regni
2325 3557 2854 3637 administrationem.
2883 3563 3157 3637 Signiﬁcat
3181 3568 3375 3637 legatus
3396 3579 3478 3622 κιαι

1915 3628 1928 3643 ⁹
1981 3640 2097 3676 eum
2132 3627 2315 3702 missos
2345 3643 2407 3680 ea
2447 3629 2511 3702 tte
2548 3647 2740 3695 causa,
2783 3643 2837 3685 ut
2877 3627 3251 3702 saiisfaccrrui
3287 3641 3351 3693 dc
3399 3641 3477 3692 Itis

1987 3709 2101 3761 qua?
2135 3695 2198 3771 ab
2235 3696 2534 3771 .Illcxaudro
2566 3703 2810 3770 pontiﬁce
2843 3695 3059 3771 petierat
3093 3706 3154 3757 ob
3188 3709 3467 3761 German-iu

1983 3764 2419 3845 pcrturbqtiouept
2453 3764 2576 3845 esse
2606 3764 2874 3845 ret-erras;
2895 3773 3070 3836 Quare
3111 3776 3238 3844 petit
3270 3779 3334 3829 ab
3368 3780 3463 3845 ipsa

1988 3840 2042 3882 ut
2077 3834 2287 3912 incuties
2314 3835 2383 3886 ad
2409 3852 2462 3888 se
2488 3838 2683 3902 mittat,
2712 3851 2760 3912 et
2794 3834 2965 3912 ﬁliuni
2995 3834 3146 3897 suum
3177 3834 3463 3912 apostolis"

1983 3900 2121 3953 sedis
2161 3902 2342 3955 ducem
2375 3918 2556 3958 contra
2579 3900 2838 3976 quosdam
2874 3900 3142 3965 luereticos
3167 3900 3470 3966 constituat.

1982 4009 2288 4066 CRECORIUS
2307 4016 2612 4084 episcopus,
2637 4035 2825 4076 servus
2845 4007 3122 4077 servorum
3156 4025 3268 4091 Dei,
3299 4025 3470 4083 Sum.

1911 4097 2061 4167 (572)
2099 4101 2210 4170 regi
2238 4099 2533 4170 Danorum,
2571 4109 2798 4164 salutem
2827 4122 2882 4168 et
2912 4115 3264 4182 apostolicam
3313 4118 3462 4172 benc-

1909 4187 2225 4247 dictionem.

1941 4277 2108 4334 .Cum
2144 4281 2320 4336 adhuc
2357 4283 2409 4337 in
2437 4287 2626 4342 ordine
2666 4291 2983 4347 diaconatus
3028 4311 3244 4352 eramus
3274 4342 3287 4362 ,
3335 4316 3468 4369 saepe

240 4378 363 4449 ειίεί
387 4387 536 4434 tum
561 4389 618 4435 ει
637 4379 723 4435 sui
759 4379 929 4452 ipsius
961 4381 1295 4443 voluntatem
1335 4373 1496 4452 ε,ιῆυο
1521 4382 1807 4437 consilium
1907 4368 2211 4427 dilectionis
2237 4383 2339 4428 tuae
2364 4377 2566 4431 litteras
2588 4390 2639 4433 et
2667 4382 2870 4451 legatos
2901 4387 3228 4454 accepimus,
3264 4391 3313 4443 in
3351 4368 3464 4460 qui-
3528 4404 3532 4407 ·

239 4466 357 4521 [οι-ε
378 4471 668 4536 nuntiavit;
694 4471 760 4525 de
784 4486 1018 4541 quorum
1041 4472 1149 4526 vim
1174 4483 1229 4528 οι
1252 4474 1660 4529 conversatione
1681 4491 1804 4529 eum
1839 4506 1881 4559 Β
1908 4462 2010 4514 bus
2051 4465 2459 4533 magniﬁcentitc
2485 4478 2590 4524 tua:
2619 4482 2924 4542 promptum
2951 4477 3075 4545 erga
3103 4494 3204 4546 nos
3229 4482 3467 4560 animuin

239 4553 656 4625 interrogantes,
684 4559 792 4614 ana
814 4561 1018 4627 omnia,
1049 4571 1243 4631 ριιωιει.
1269 4564 1414 4632 quod
1447 4564 1513 4618 de
1543 4565 1811 4619 “meum;
1909 4552 2024 4607 fore
2059 4555 2444 4612 intelleximus.
2485 4557 2776 4628 Postquam
2809 4579 2958 4628 vero,
2997 4567 3140 4635 quod
3182 4565 3328 4638 digni
3361 4555 3466 4622 non
3530 4602 3533 4604 -

240 4643 323 4697 "is
353 4645 464 4698 mu
496 4653 677 4711 erant,
707 4646 848 4700 bona
877 4649 1010 4704 satis
1037 4660 1092 4704 ει
1131 4652 1359 4706 honesta
1383 4654 1708 4722 accepimus.
1738 4655 1804 4710 Ει
1846 4636 1854 4646 ’
1907 4659 2116 4710 sumus,
2150 4647 2218 4700 ad
2247 4649 2426 4703 locum
2449 4651 2654 4706 altioris
2682 4668 2826 4706 curze
2853 4655 3462 4723 ministeriitpte-perve.

238 4733 362 4800 quia
395 4735 685 4790 venerandi
722 4752 957 4790 canones
984 4739 1052 4792 ad
1097 4742 1381 4794 sacerdotii
1425 4745 1649 4812 gradum
1698 4747 1804 4800 tale

1907 4735 2088 4791 nimus
2112 4778 2127 4803 ,
2171 4753 2411 4793 amorem
2447 4750 2597 4794 tuum
2642 4744 2693 4796 in
2743 4745 3012 4798 subtracta
3051 4744 3355 4799 visitationc
3390 4756 3455 4802 tc-

239 4824 456 4890 provehi
479 4825 880 4892 contradicunt,
901 4828 1131 4896 probare
1155 4844 1250 4884 eos
1276 4846 1383 4884 non
1421 4833 1552 4887 satis
1581 4845 1798 4889 caurum
1906 4828 2086 4895 puisse
2118 4829 2582 4898 deprehendimus,
2625 4834 2716 4899 qui
2757 4833 2970 4900 scriptis
3013 4832 3117 4886 tuis
3159 4835 3340 4889 tandiu
3377 4854 3465 4891 ca-

240 4911 352 4969 lore
392 4915 703 4985 putavimus
729 4957 744 4984 ,
787 4932 854 4970 ne
882 4917 1176 4987 quidquam
1219 4934 1250 4973 a
1276 4920 1432 4974 nobis
1466 4925 1798 4977 contrarium
1905 4934 2023 4973 rere
2054 4921 2238 4974 nescio
2280 4935 2379 4974 cur
2413 4921 2726 4973 meruimus.
2766 4920 2872 4973 Nos
2903 4924 3150 4989 equidem
3175 4925 3286 4994 jam
3323 4945 3465 4979 nunc

239 5003 440 5057 sanctis
469 5005 717 5072 patribus
739 5003 792 5066 in
814 5005 1118 5073 exemplum
1143 5014 1196 5059 et
1222 5007 1596 5063 auctoritatem
1623 5020 1801 5078 pOSlt>
1866 5081 1880 5087 μ
1903 5023 2010 5061 non
2051 5009 2392 5062 solummodo
2420 5021 2605 5074 regum
2638 5018 2690 5061 et
2719 5011 3045 5079 principatu,
3083 5015 3173 5068 sed
3219 5019 3461 5070 omnium

238 5087 312 5139 ris
338 5089 697 5159 relinquatur.
735 5091 882 5148 Solet
920 5095 1062 5148 enim
1095 5103 1280 5148 sancta
1306 5103 1359 5147 et
1383 5097 1679 5163 apostolica
1715 5114 1799 5153 se-
1899 5096 2332 5150 Christianorum
2359 5137 2374 5160 ,
2411 5103 2558 5149 tanto
2586 5102 2905 5168 propensior
2953 5104 3255 5158 sollicitudo
3303 5122 3460 5158 coar—

238 5174 329 5227 des
348 5174 607 5244 pleraque
634 5182 972 5238 considerata
1001 5185 1208 5238 ratione
1232 5185 1482 5250 tolerare,
1518 5187 1613 5239 sed
1660 5203 1798 5240 nun-

238 5276 394 5328 quam
417 5263 474 5316 in
500 5264 618 5326 suis
635 5268 864 5327 decretis
885 5283 939 5328 et
961 5273 1434 5329 constitutionibus
1455 5289 1486 5324 a
1509 5275 1794 5328 concordia

236 5352 514 5406 canonica:
548 5355 851 5416 traditionis
882 5363 1178 5428 discedere.
1215 5363 1550 5432 Quapropter
1578 5365 1799 5445 noverit

236 5436 450 5493 dilectio
495 5448 592 5492 tua
635 5457 732 5502 nos
772 5446 845 5504 ita
889 5453 1226 5508 consuluisse
1255 5462 1309 5507 et
1342 5436 1657 5521 praecepisse
1685 5454 1796 5522 epi-

236 5539 419 5612 soopo,
448 5533 513 5580 ut
533 5527 668 5596 ipse,
693 5545 952 5601 quantum
983 5542 1174 5610 possit,
1211 5540 1501 5612 episcOpali
1533 5540 1706 5596 ollicio
1741 5544 1792 5596 in

236 5611 614 5680 spiritualibus
653 5615 920 5688 insistens,
949 5635 1003 5680 et
1034 5611 1790 5697 auxiliacomprovincialium

1899 5194 2009 5238 ctat
2060 5194 2265 5256 quanto
2313 5201 2375 5239 ex
2432 5186 2718 5242 universali
2773 5192 3069 5260 regimine,
3108 5195 3248 5262 quod
3305 5196 3460 5247 nobis

1900 5276 2252 5329 commissum
2295 5285 2395 5341 cst,
2427 5278 2669 5331 omnium
2705 5279 2770 5332 ad
2802 5295 2902 5333 nos
2938 5297 3100 5335 causa
3132 5281 3360 5334 vicinius
3396 5298 3458 5334 ac

1902 5364 2070 5432 magis
2103 5366 2315 5434 proprie
2341 5375 2562 5434 spectat.
2598 5365 2789 5421 Verum
2822 5370 2947 5436 quia
2973 5368 3317 5421 eminentiam
3353 5379 3456 5423 tua:

1903 5453 2198 5508 nobilitatis
2234 5470 2344 5522 pra:
2378 5455 2587 5511 caneris
2639 5471 2924 5524 regnorum
2968 5455 3302 5523 principibus
3346 5467 3453 5512 tam

1898 5545 2086 5612 peritia
2120 5547 2414 5599 litterarum
2444 5563 2606 5614 quam
2640 5547 2819 5603 studio
2853 5546 3228 5600 ecclesiastica:
3259 5550 3452 5600 exhor-

1899 5633 2137 5696 tationis,
2171 5634 2368 5701 pollere
2399 5634 2756 5689 intelleximus
2782 5636 2956 5689 multo
2983 5635 3278 5690 lidutialius
3310 5640 3373 5691 ad
3401 5648 3451 5692 te

301 5725 456 5794 (572)
489 5723 755 5786 Sui-nonis
789 5734 928 5800 regis
978 5735 1252 5794 [lar-orum
1301 5741 1625 5796 mentionem
1671 5740 1795 5794 facit
1832 5739 2148 5793 Lantbct'tus
2171 5754 2312 5793 anno
2341 5739 2488 5795 l075.
