4218 6430
783 433 887 491 435

1382 389 1471 491 is:
1500 396 1823 483 cascoau
1860 425 1949 480 va
1981 425 2182 481 papa
2217 384 2493 480 oaaaun
2532 391 2710 477 asas
2738 410 2780 476 ι.
2814 453 2881 489 +-
2914 418 3334 481 REGISTRUM.

3982 50 4218 257 ’Ἴ

3884 424 3998 479 404

786 546 984 613 scripta
1006 551 1193 599 nostra
1221 540 1524 613 dirigimus,
1570 541 1940 595 existimantes
1983 538 2040 592 in
2086 546 2140 593 te
2181 545 2335 595 tanto
2361 539 2409 595 Α
2496 534 2652 589 lubet
2681 551 2802 588 eum
2833 534 2905 613 ad
2938 550 2991 587 se
3024 551 3130 613 tona
3160 550 3277 587 cum
3302 532 3429 603 ipsis
3450 533 3655 613 clericis
3682 528 3998 613 gemenda

785 633 998 690 facilius
1029 628 1345 686 lucrifacere
1383 636 1588 699 quanto
1618 629 1673 682 in
1706 628 2007 683 eruditione
2029 634 2084 681 et
2102 627 2338 696 pruden-

783 722 859 775 tia
879 736 1091 776 morum
1118 715 1347 787 amplius
1368 719 1699 787 dignosceris
1722 716 2034 787 profecisse.
2062 716 2337 787 Rogamus

785 813 969 883 igitur,
999 820 1055 868 et
1073 813 1283 885 sincera
1306 819 1361 864 te
1381 811 1644 864 charitate
1664 823 1948 864 monemus
1969 815 2027 861 ut
2049 807 2337 861 commissa

788 902 886 956 tibi
924 900 1077 972 regni
1126 890 1837 970 gubernaculaﬁsocundum
1889 896 2057 951 Deum
2111 894 2353 953 admini-'

787 998 961 1045 strare
991 988 1210 1044 studeas
1236 1028 1250 1053 ,
1281 994 1337 1043 et
1376 1002 1574 1043 nomen
1620 987 1817 1058 regalis
1851 986 2177 1040 excellentia
2208 998 2340 1039 con-

789 1092 925 1148 grua
954 1093 1016 1132 ac
1041 1076 1358 1132 consonanti
1378 1077 1635 1130 virtutum
1661 1076 1986 1146 proprietate
2006 1088 2181 1143 geras,
2206 1089 2341 1142 qua-

790 1175 947 1221 tenus
969 1181 1110 1233 eam,
1133 1181 1229 1235 per
1248 1164 1405 1235 cujus
1426 1166 1785 1235 principatum
1810 1164 2063 1233 subjectis
2086 1164 2336 1233 imperas,

789 1254 851 1311 in
895 1255 1057 1309 corde
1110 1244 1203 1309 tuo
1226 1268 1464 1323 \semper
1502 1270 1728 1324 regnare
1764 1253 2027 1323 justitiam
2066 1253 2337 1307 ostendas.

786 1340 942 1399 Nosti
970 1344 1113 1398 enim
1146 1344 1290 1413 quod
1324 1343 1492 1412 gloria
1526 1353 1581 1398 et
1610 1360 1747 1398 vana
1785 1343 1946 1411 huius
1979 1342 2167 1398 mundi
2193 1342 2339 1397 dele-

789 1432 955 1487 ctatio
980 1432 1153 1487 labilis
1180 1441 1262 1487 est
1289 1440 1345 1486 et
1376 1432 1700 1500 deceptor-ia;
1735 1431 1877 1486 nosti
1908 1432 2052 1501 quod
2092 1432 2341 1485 universa

790 1536 921 1577 caro
947 1522 1015 1575 ad
1042 1522 1206 1576 finem
1238 1521 1477 1590 quotidie
1510 1530 1789 1591 properat,
1823 1523 1966 1591 quod
2000 1536 2098 1576 nec
2143 1522 2340 1577 volenti

791 1617 888 1667 aut
914 1610 1120 1673 nolenti
1149 1609 1341 1664 mortis
1384 1610 1678 1666 necessitas
1710 1620 1894 1680 pareat
1919 1609 2096 1681 [forte,
2136 1619 2338 1680 parcat.

792 1696 965 1756 Hann.
990 1700 1183 1773 paret}.
1218 1698 1370 1755 Nosti
1402 1696 1730 1771 quod'reges
1763 1716 1918 1770 aqua
1950 1701 2256 1756 conditione
2286 1709 2346 1756 ut

791 1796 1057 1859 pauperes
1082 1791 1251 1851 futuri
1275 1799 1403 1849 sunt
1424 1791 1599 1859 pulvis
1626 1800 1682 1846 et
1713 1792 1870 1858 cinis,
1904 1798 1959 1846 et
1985 1791 2129 1859 quod
2157 1805 2345 1845 omnes

793 1882 858 1940 ad
892 1883 1192 1938 districtum
1230 1882 1488 1950 judicium
1524 1880 1691 1935 futuri
1732 1881 1998 1936 examinis
2019 1881 2231 1935 venturi
2255 1896 2346 1934 su-

792 1986 936 2036 mus;
961 1972 1104 2041 quod
1126 1986 1269 2025 nunc
1290 1985 1399 2024 non
1424 1970 1599 2024 solum
1623 1970 1780 2025 nobis
1811 1970 1903 2040 qui
1930 1970 2234 2024 sacerdotes
2254 1985 2346 2024 su-

795 2076 949 2125 mus,
981 2060 1074 2115 sed
1106 2068 1160 2114 et
1200 2060 1417 2131 regibus
1462 2060 1775 2129 eaterisque
1824 2060 2157 2129 principibus
2196 2068 2347 2114 tanto

796 2151 1116 2205 concussius
1152 2150 1447 2209 timendum
1486 2158 1541 2205 et
1577 2153 1947 2220 expave‘ndum
1990 2160 2104 2218 est,
2146 2160 2349 2221 quanto

794 2252 897 2310 pro
926 2238 1083 2292 nobis
1112 2246 1166 2292 et
1196 2234 1423 2292 subditis
1456 2239 1658 2294 nostris
1704 2236 1967 2294 rationem
1997 2240 2224 2309 posituri
2257 2255 2350 2294 su-

798 2340 943 2381 mus.
976 2325 1087 2396 Age
1115 2341 1262 2396 ergo,
1283 2326 1645 2394 dilectissime,
1683 2336 1743 2386 ut
1764 2328 1836 2383 ita
1866 2328 2036 2395 vivas,
2062 2329 2136 2385 ita
2160 2343 2351 2398 regnes

796 2423 859 2470 ut
890 2424 1018 2471 tunc
1051 2416 1236 2471 aeterni
1266 2414 1428 2485 Regis
1457 2424 1511 2470 et
1538 2415 1742 2472 Iudicis
1776 2416 1966 2473 faciem
2000 2433 2226 2473 securus
2258 2432 2349 2471 as-

800 2504 1001 2575 picias,
1029 2513 1083 2559 et
1113 2520 1211 2573 pro
1242 2504 1377 2558 bene
1409 2502 1557 2573 gesta
1590 2514 1820 2561 terrena
1860 2507 2138 2577 dignitatis
2184 2505 2352 2576 gloria

802 2593 1035 2647 caelestis
1082 2594 1234 2662 regni
1287 2594 1568 2647 sublimem
1597 2603 1651 2648 et
1684 2594 2155 2668 incomparabilem
2200 2600 2359 2648 coro-

803 2697 964 2748 nam,
1010 2681 1119 2737 Deo
1157 2682 1408 2749 donante,
1439 2684 1683 2753 recipias.
1717 2682 1792 2737 De
1820 2692 2012 2739 catero
2057 2689 2241 2736 notum
2287 2682 2358 2737 sit

808 2769 899 2827 tibi
933 2771 1076 2842 quod
1106 2771 1308 2840 legatos
1342 2772 1406 2833 ad
1442 2780 1493 2827 te
1525 2773 1928 2836 destinavimus,
1960 2772 2052 2841 qui
2083 2786 2243 2839 super
2271 2771 2357 2826 his

808 2875 927 2928 qua
962 2874 1061 2929 pro
1087 2859 1491 2921 honoriﬁcentia
1529 2862 1679 2931 regni
1714 2861 1810 2925 tui,
1850 2869 1964 2916 tum
1993 2861 2059 2914 de
2088 2869 2358 2930 metropo-

811 2946 973 3001 titana
1002 2947 1147 3010 sede,
1182 2954 1295 3003 tum
1322 2948 1389 3001 de
1418 2947 1740 3017 quibusdam
1767 2946 1887 3001 aliis
1921 2947 2101 3010 rebus,
2133 2962 2268 3014 quas
2303 2947 2357 3000 in

818 3041 1059 3100 tempore
1098 3032 1301 3089 domini
1335 3034 1505 3085 nostri
1533 3032 1818 3086 Alexandri
1858 3048 2008 3101 papa
2043 3033 2111 3085 ab
2140 3042 2359 3101 aposto-

814 3122 1074 3191 licajsede
1110 3130 1162 3175 et
1196 3122 1479 3192 postulasti
1526 3130 1580 3177 et
1629 3123 1855 3180 invicem
1901 3124 2215 3191 promisisti,
2267 3124 2359 3178 tibi

814 3212 1129 3280 responsuri
1160 3227 1223 3266 ac
1248 3220 1423 3267 tecum
1454 3214 1624 3266 acturi
1654 3222 1863 3279 essent;
1888 3214 1978 3267 sed
2001 3223 2217 3286 propter
2240 3229 2361 3283 per-

815 3301 1169 3355 turbationem
1200 3301 1505 3357 Teutonica
1539 3312 1691 3358 terra
1718 3305 2076 3374 periculosum
2100 3302 2227 3358 tunc
2248 3304 2363 3358 fore

815 3400 1198 3461 cognoscentes
1231 3393 1297 3446 ad
1345 3407 1449 3449 nos
1494 3393 1693 3447 reversi
1741 3401 1885 3448 sunt.
1931 3393 2267 3463 Quapropter
2317 3394 2363 3447 si

731 3509 737 3515 ε
819 3494 924 3548 qua
946 3480 1011 3532 de
1042 3480 1126 3531 his
1149 3481 1245 3532 tibi
1267 3481 1413 3533 cordi
1448 3489 1593 3543 sunt,
1613 3489 1674 3537 ,et
1703 3481 1750 3534 si
1779 3489 1830 3534 te
1856 3496 1918 3533 ac
1939 3496 2162 3548 regnum
2189 3488 2363 3544 tuum,

821 3568 961 3623 sicut
979 3551 1072 3636 per
1091 3568 1293 3637 legatos
1324 3576 1445 3622 tuos
1484 3569 1765 3635 aliquoties
1795 3569 2117 3636 accepimus,
2148 3577 2366 3637 aposto-

823 3660 996 3712 lorum
1040 3658 1269 3727 principi
1302 3658 1388 3727 pia
1421 3658 1701 3711 devotione
1745 3658 2109 3723 committere,
2159 3666 2212 3711 et
2253 3658 2369 3726 ejus

823 3747 1139 3804 auctoritate
1188 3746 1364 3800 fulciri
1400 3747 1654 3811 volueris,
1694 3747 1875 3800 fideles
1917 3747 2134 3802 nuntios
2172 3747 2237 3800 ad
2271 3762 2369 3802 nos

823 3837 942 3891 sine
973 3835 1228 3889 dilatione
1265 3836 1622 3889 transmittere
1666 3835 1819 3888 stude
1862 3843 2125 3903 quatenus
2156 3849 2250 3905 per
2278 3849 2370 3889 eos

825 3930 973 3981 tuam
1003 3923 1056 3976 in
1083 3925 1333 3978 omnibus
1354 3924 1529 3977 edocti
1548 3924 1895 3987 voluntatem,
1928 3923 2216 3977 deliberato
2244 3936 2372 3976 con-

826 4017 969 4080 silio,
1018 4015 1145 4083 quid
1188 4014 1284 4068 tibi
1327 4013 1756 4083 respondendum
1803 4013 2037 4085 quidque
2080 4028 2239 4081 super
2287 4013 2371 4068 his

829 4105 1081 4157 omnibus
1130 4104 1391 4173 agendum
1436 4105 1505 4158 sit
1546 4105 1843 4173 perspicere
1876 4120 1938 4157 ac
1971 4105 2248 4174 providere
2274 4120 2371 4159 va-

831 4196 1060 4247 leamus.
1089 4194 1351 4251 Praterea
1378 4196 1423 4248 si
1450 4191 1634 4252 sancta
1662 4196 1901 4249 Romana
1939 4204 2109 4251 mater
2138 4197 2374 4251 Ecclesia

834 4291 1025 4337 contra
1061 4280 1317 4350 profanos
1340 4289 1394 4335 et
1426 4283 1674 4343 inimicos
1698 4284 1791 4337 Dei
1820 4293 1913 4343 tuo
1935 4286 2134 4341 auxilio
2156 4287 2209 4338 in
2231 4285 2374 4345 mili-

836 4373 982 4428 tibus
1021 4379 1076 4426 et
1107 4370 1369 4423 materiali
1396 4370 1571 4439 gladio
1613 4386 1748 4440 Opus
1789 4374 2056 4439 habuerit,
2098 4390 2219 4442 qua
2256 4389 2379 4441 spes

837 4463 995 4517 nobis
1022 4462 1089 4516 de
1127 4469 1180 4515 te
1212 4462 1453 4515 habenda
1489 4460 1576 4525 sit,
1600 4462 1784 4515 itidem
1819 4470 1909 4521 tua
1945 4472 2090 4518 certa
2118 4463 2380 4531 legatione

834 4552 1163 4624 Cognoscere
1187 4550 1453 4619 cupimus.
1494 4549 1587 4605 Est
1612 4551 1771 4609 etiam
1798 4552 1906 4611 non
1949 4552 2106 4621 longe
2150 4567 2178 4604 a
2226 4552 2383 4605 nobis

809 4646 812 4649 λ
839 4643 1113 4713 provincia
1139 4641 1381 4710 quadam
1410 4634 1811 4709 opulentissima
1826 4636 1985 4707 juxta
2020 4656 2185 4705 mare,
2222 4655 2382 4717 quam

841 4732 973 4784 viles
1002 4738 1055 4783 et
1085 4730 1259 4799 ignavi
1292 4736 1475 4782 tenent
1510 4728 1764 4792 haretici,
1804 4728 1858 4780 in
1892 4743 1998 4795 qua
2034 4743 2199 4783 unum
2226 4729 2292 4784 de
2319 4730 2383 4780 fi-

842 4816 932 4871 liis
962 4816 1091 4879 tuis,
1127 4817 1173 4869 si
1206 4833 1351 4881 eum,
1384 4817 1523 4870 sicut
1547 4816 1763 4885 quidam
1782 4800 2078 4891 episeopus
2106 4823 2259 4868 terra
2283 4823 2387 4869 tua

846 4907 904 4961 in
940 4905 1119 4959 animo
1140 4906 1238 4958 tibi
1266 4906 1380 4963 fore
1404 4907 1691 4970 nuntiavit,
1724 4906 2032 4981 apostolica
2074 4906 2210 4965 aula
2248 4906 2388 4959 mili—

847 4995 1068 5063 tandum
1090 4993 1245 5046 dares
1266 5009 1387 5047 cum
1411 4997 1683 5064 aliquanta
1714 4990 2054 5050 multitudine
2085 5012 2272 5050 eorum
2294 4995 2388 5064 qui

783 5105 786 5113 '
848 5085 952 5142 sibi
982 5083 1072 5137 fidi
1100 5070 1297 5137 milites
1331 5090 1531 5147 essent,
1552 5085 1757 5140 .ducem
1780 5092 1859 5140 'ae
1890 5088 2185 5165 principem
2212 5094 2265 5141 et
2299 5086 2390 5141 de—

848 5175 1121 5231 fensorem
1146 5172 1566 5233 Christianitatis
1595 5172 1711 5225 fieri
1724 5168 2001 5241 Optamus.

920 5265 1052 5318 Data
1106 5262 1307 5327 Roma,
1342 5270 1532 5315 octavo
1577 5250 1843 5322 Kalendas
1880 5259 2199 5341 Februarii,
2253 5262 2393 5317 indi~

853 5354 1031 5409 ctione
1052 5353 1261 5417 decima
1291 5350 1465 5405 tertia.
2126 5370 2127 5373 η

1394 5436 1725 5492 EPISTOLA
1762 5436 1867 5490 ιιι.
1903 5495 1906 5499 ,

858 5546 926 5593 μ
953 5546 1265 5584 ιευυωυιι
1303 5526 1630 5601 [scamnum]
1666 5542 1923 5580 CLERlCU!
1950 5536 2394 5578 suscenseas“.

1436 5617 1613 5681 (Anno
1641 5607 1821 5682 l075.)
1887 5646 1915 5667 κ
2247 5627 2251 5631 ’

865 5698 1105 5765 Increpat
1148 5705 1209 5756 de
1237 5703 1442 5767 iniuriis
1470 5702 1923 5761 Aurelianensibus
1958 5700 2162 5755 clericis
2210 5694 2395 5752 illatis.

2503 620 2681 658 eorum
2728 604 3089 657 controversiae
3139 602 3752 672 causa’prmtitutadie
3782 605 4003 668 venire:

2502 673 2714 731 interim
2744 672 2944 724 nullam
2970 673 3100 741 ipsis
3131 670 3421 741 molestiam
3446 672 3658 741 inferre,
3670 681 3721 724 et
3734 673 3998 733 clericum

2490 758 2650 812 quem
2663 742 2924 812 captivum
2946 739 3150 792 tenebat
3174 740 3453 812 dimittere.
3472 739 3707 812 Minatur
3719 758 3773 794 se
3783 757 4002 812 eaeam—

2504 808 2907 861 inunicationem
2948 824 2982 860 a
3021 824 3115 860 suo
3143 808 3516 875 pradeceuore
3546 808 3603 860 in
3643 823 3761 861 eum
3816 809 3996 865 latam

2504 878 2952 947 conﬁrmaturum,
2979 876 3025 932 si
3053 892 3157 931 non
3185 876 3513 947 obtemperet.

2497 1050 2806 1106 Caesonius
2833 1048 3140 1118 episeOpus,
3163 1063 3353 1104 servus
3374 1063 3651 1103 servorum
3687 1048 3805 1117 Dei,
3840 1050 4000 1105 Leu-

2436 1154 2605 1194 anno
2640 1136 2948 1215 [Ennium
3000 1137 3215 1204 Malim,
3241 1136 3581 1208 Summano]
3612 1136 4003 1193 Aurelianensi

2436 1228 2651 1283 clerico.
2860 1260 2863 1263 -
2946 1226 2949 1229 ’
3259 1235 3263 1239 ‘

2502 1355 2829 1423 Admiranda
2854 1370 2939 1411 res
2969 1363 3052 1410 est
3074 1363 3129 1410 et
3150 1354 3313 1422 valde,
3326 1354 3656 1410 detestabilis
3677 1356 3818 1425 quod
3851 1355 4004 1411 adeo

2440 1445 2747 1500 induratum
2792 1458 2887 1499 cor
2921 1444 3107 1509 habes,
3144 1452 3199 1496 et
3240 1443 3293 1495 in
3331 1449 3477 1495 tanta
3503 1442 3780 1498 ferocitate
3816 1443 4029 1512 pcrsi»

2440 1536 2539 1591 stis
2585 1542 2644 1588 ut
2683 1550 2714 1588 a
2758 1532 3137 1603 persecutione
3174 1531 3401 1585 fratrum
3449 1530 3851 1585 Aurelianensis
3886 1530 4005 1586 Ec-

2440 1624 2635 1689 clesia,
2658 1622 2801 1676 unde
2846 1636 2947 1691 pro
2974 1620 3148 1689 culpis
3194 1619 3303 1674 tuis
3350 1627 3403 1672 te
3446 1628 3751 1687 separatum
3782 1619 4010 1673 audivi-

2440 1731 2583 1780 mus,
2602 1728 2700 1769 nec
2722 1712 2889 1766 divini
2914 1719 3119 1766 terrore
3134 1709 3344 1779 judicii,
3361 1724 3461 1763 nec
3484 1696 3791 1777 apostolica
3813 1711 4010 1763 anim—
4040 1752 4049 1758 .

2442 1802 2775 1858 adversionis
2816 1801 2930 1871 jam
2987 1808 3206 1869 experta
3249 1800 3454 1853 ultione
3509 1814 3674 1866 manu
3719 1800 4009 1853 retrahere

2442 1894 2593 1948 velis.
2643 1891 2986 1945 Meminimus
3029 1891 3177 1946 enim
3202 1890 3485 1944 dominum
3508 1896 3562 1943 et
3598 1897 4007 1953 antecessorem

2443 1992 2712 2051 nostrum,
2739 1985 3054 2039 veneranda
3086 1983 3363 2038 memoria
3392 1981 3753 2036 Alexandrum
3782 1998 4010 2051 papam,

2443 2088 2542 2143 pro
2573 2074 2967 2143 compescendo
2993 2073 3176 2128 furore
3200 2082 3255 2127 et
3274 2072 3524 2150 nefandis
3552 2072 3867 2126 temeritatis
3894 2082 4013 2126 tua:

2445 2160 2686 2225 ausibus,
2720 2160 3078 2214 anathematis
3122 2160 3177 2213 in
3203 2167 3255 2213 te
3270 2159 3511 2227 jaculum
3538 2160 3885 2223 contorsisse,
3916 2169 3999 2224 et,

2445 2260 2514 2299 ne
2543 2246 3260 2315 ulteriusperturbationem
3284 2247 3519 2315 aliquam
3542 2246 3865 2315 supradictis
3887 2245 4011 2299 fra-

2447 2333 2621 2388 tribus
2656 2332 2903 2405 inferres,
2950 2342 3044 2388 aut
3084 2334 3151 2387 de
3194 2334 3494 2387 honoribus
3529 2341 3583 2386 et
3626 2333 4015 2389 ecclesiasticis

2448 2422 2657 2489 oiIiciis,
2693 2439 2813 2493 qua
2846 2432 3037 2479 contra
3086 2424 3302 2493 regulas
3334 2432 3389 2477 et
3423 2423 3799 2477 auctoritatem
3836 2438 4018 2480 cano-

2450 2529 2580 2567 num
2606 2514 2961 2582 acquisieras,
2996 2522 3046 2568 te
3088 2514 3498 2579 intromitteres,
3526 2512 3839 2583 apostolicis
3879 2511 4014 2580 jus-

2451 2602 2698 2656 sionibus
2741 2602 3101 2658 interdixisse.
3147 2602 3347 2657 Contra
3375 2618 3516 2672 qua,
3554 2602 3802 2671 quamvis
3833 2602 4015 2660 audao

2455 2688 2781 2741 ciam—tuam
2814 2688 3008 2742 iterum
3040 2705 3097 2743 se
3119 2690 3356 2744 erexisse
3397 2706 3506 2743 non
3540 2690 3701 2744 dubia
3747 2690 4016 2743 relatione

2454 2775 2746 2829 multorum
2780 2773 3009 2830 fratrum
3038 2777 3473 2845 cognoverimus,
3508 2777 3803 2845 apostolica
3827 2788 4016 2839 tamen

2455 2864 2631 2923 adhuc
2675 2872 2888 2919 uttmtes
2932 2864 3346 2919 mansuetudine
3396 2862 3590 2917 debita
3630 2863 3851 2917 ultionis
3905 2864 4022 2933 gla-

2455 2953 2602 3007 dium
2624 2968 2871 3010 exercere
2893 2953 3069 3028 {fort},
3096 2963 3362 3019 exserere,
3391 2951 3608 3023 Hum],
3654 2953 3867 3005 interim
3895 2968 4019 3020 par-

2458 3038 2651 3105 cimus,
2687 3039 2855 3095 donec
2877 3040 2923 3093 si
2945 3039 3012 3093 ad
3050 3040 3410 3095 humilitatem
3443 3038 3736 3108 pramissis
3762 3038 4017 3096 admoni-

2388 3166 2428 3221 C
2463 3126 2701 3183 tionibus
2748 3127 2889 3183 ﬂecti
2948 3128 3127 3199 possis
3179 3128 3613 3199 comprobemus,
3648 3136 4019 3183 reservantes

2460 3216 2555 3270 tibi
2590 3216 2765 3269 adhuc
2795 3215 2851 3269 in
2885 3216 3159 3279 omnibus,
3205 3216 3272 3270 de
3322 3216 3521 3284 quibus
3553 3213 3847 3278 accusatis,
3884 3228 4023 3281 apo-

2460 3305 3081 3371 stolicamaudientiam,
3110 3303 3518 3359 etsdefensionis
3545 3304 3745 3367 locum,
3771 3303 3816 3357 si
3853 3303 4021 3357 modo

2462 3401 2556 3447 tua
2587 3402 2641 3446 te
2682 3408 2792 3446 non
2827 3392 3053 3446 retrahit
3096 3391 3448 3445 conscientia.
3497 3391 3806 3459 Apostolica
3853 3391 4023 3459 igitur

2462 3482 2561 3534 tibi
2581 3481 2900 3534 auctoritate
2934 3479 3275 3547 pracipimus
3298 3486 3358 3531 ut
3386 3479 3441 3531 in
3473 3480 3777 3546 proximam
3806 3478 4022 3533 festivi-

2466 3578 2631 3622 tatem
2678 3552 2918 3621 omnium
2963 3565 3285 3620 Sanctorum
3316 3567 3370 3619 in
3396 3576 3639 3620 nostram
3674 3569 4024 3635 prase‘ntiam

2466 3658 2671 3721 venias,
2700 3664 2755 3709 et
2776 3656 3064 3712 adventum
3094 3662 3245 3708 tuum
3269 3653 3747 3708 Aurelianensibus
3789 3655 4027 3721 clericis,

2467 3745 2664 3813 quibus
2705 3744 2989 3798 adversum
3021 3751 3073 3796 te
3103 3758 3267 3796 causa
3290 3750 3395 3807 est,
3431 3750 3493 3796 ut
3518 3752 3571 3795 et
3593 3743 3697 3812 ipsi
3728 3752 4028 3811 prasentes

2469 3832 2619 3895 ﬂant,
2653 3830 2771 3884 sine
2803 3829 3147 3884 simulatione
3170 3828 3436 3894 notifices,
3464 3837 3755 3897 quatenus,
3785 3845 3852 3882 ex
3876 3838 4031 3884 utra-

2469 3936 2575 3990 que
2597 3928 2749 3990 parte
2773 3920 3126 3980 dissensionis
3150 3928 3343 3973 vestra
3366 3920 3546 3973 causis
3570 3926 3625 3973 et
3646 3920 4031 3973 occasionibus

2469 4013 2752 4082 diligenter
2775 4011 3045 4081 inquisitis
3066 4019 3120 4064 et
3148 4010 3398 4079 cognitis,
3430 4010 3578 4063 litem
3609 4017 3844 4063 vestram
3870 4024 4031 4077 aquo

2471 4102 2578 4156 fine
2621 4103 2885 4177 decidere,
2930 4100 3039 4154 Deo
3083 4100 3402 4167 opitulante,
3450 4100 3743 4168 possimus.
3804 4098 4032 4177 interim

2470 4205 2600 4244 vero
2622 4174 2897 4255 clericum,
2923 4203 3082 4255 quem
3107 4187 3445 4255 in'captione
3472 4194 3643 4249 tenes,
3682 4174 4034 4253 absqueom-

2474 4272 2531 4330 ni
2554 4291 2667 4331 sua
2696 4290 2944 4343 persona
2974 4283 3028 4327 et
3055 4274 3325 4326 bonorum
3349 4287 3571 4325 suorum
3597 4273 3924 4326 detrimento
3942 4272 4033 4325 di-

2477 4365 2677 4427 mittas,
2728 4363 2932 4417 nullam
2980 4363 3195 4429 penitus
3250 4362 3691 4415 contrarietatem
3750 4360 4036 4416 canonicis

2410 4464 2454 4518 ι)
2479 4450 2711 4522 prafata
2745 4449 2994 4504 Ecclesia
3024 4458 3115 4502 aut
3143 4464 3238 4518 per
3283 4457 3334 4502 te
3366 4448 3564 4513 facias,
3597 4455 3691 4501 aut
3734 4447 3803 4501 ab
3850 4448 4037 4516 aliquo

2481 4549 2696 4594 tuorum
2719 4538 2833 4593 ﬁeri
2864 4538 3160 4607 permittas.
3184 4538 3340 4602 Quod
3368 4538 3411 4591 si
3449 4545 3499 4591 te
3528 4538 3673 4589 nulla
3696 4536 3905 4605 justitia
3927 4535 4038 4589 ful-

2481 4637 2596 4681 tum
2640 4628 2796 4681 nobis
2841 4635 3225 4694 reprasentare
3255 4626 3476 4679 minime
3516 4639 3684 4678 ausus
3729 4622 3898 4677 fueris
3939 4632 4040 4676 aut

2482 4719 2736 4783 volueris,
2782 4726 2839 4772 et
2880 4716 3179 4785 perdurans
3212 4716 3267 4769 in
3299 4716 3507 4768 malitia
3551 4721 3646 4767 tua
3690 4726 3830 4779 sape
3874 4710 4048 4764 dictis

2486 4805 2741 4861 fratribus
2773 4807 2970 4862 damna
3010 4806 3093 4858 vel
3127 4805 3401 4858 molestias
3431 4803 3651 4870 aliquas
3676 4798 3909 4866 amplius
3951 4798 4049 4856 in-

2487 4895 2625 4951 ferre
2652 4896 3080 4964 prasumpseris,
3124 4902 3218 4947 aut
3246 4894 3393 4945 illata
3439 4891 3600 4953 mala,
3629 4895 3894 4958 quantum
3939 4898 4051 4954 νὼ

2486 4996 2589 5052 tes,
2618 4986 2905 5039 emendare
2926 4993 2981 5039 et
3013 4985 3298 5038 restituere
3331 4988 3440 5033 nun
3466 4976 3756 5041 studueris,
3793 4976 4050 5029 eamdem

2487 5090 2649 5146 quam
2672 5074 2927 5144 prafatus
2971 5082 3282 5126 antecessor
3315 5075 3500 5120 noster
3520 5056 4057 5119 excommunicatio-

2489 5165 2575 5219 nis
2604 5164 2658 5217 in
2694 5174 2745 5217 te
2780 5160 3103 5217 sententiam
3133 5156 3374 5226 protulit,
3410 5161 3596 5207 nostra
3622 5156 3920 5224 apostolica
3942 5168 4056 5207 au-

2489 5254 2740 5308 ctoritate
2761 5251 3151 5306 conﬁrmatam
3169 5258 3292 5298 esse
3302 5257 3630 5311 cognoscas,
3653 5252 3709 5297 et
3730 5258 3842 5297 non
3863 5244 4055 5299 solum

2492 5351 2564 5407 te,
2586 5342 2678 5411 qui
2723 5347 2885 5395 tanta
2914 5332 3351 5405 praesumptionis
3380 5330 3486 5384 dux
3515 5338 3570 5384 et
3604 5340 3799 5386 auctor
3837 5347 3917 5395 es,
3948 5344 4051 5385 seu

2465 5439 2468 5443 “
2493 5445 2704 5494 omnes,
2720 5428 2828 5496 .qui
2853 5426 2908 5478 in
2943 5423 3130 5490 rapina
3160 5430 3214 5503 et
3236 5418 3631 5487 depradatione
3650 5420 3923 5474 honorum
3943 5416 4027 5469 Er.

2495 5518 2670 5572 clesia
2691 5516 2775 5569 vel
2796 5511 3139 5567 infestatione
3164 5507 3479 5563 clericorum
3500 5507 3682 5576 aliquo
3714 5505 3880 5559 modo
3909 5518 4053 5559 oon-

2497 5605 2677 5660 siiium
2700 5603 2785 5657 vel
2810 5599 3135 5668 adiutorium
3158 5598 3272 5653 sive
3301 5610 3625 5653 consensum
3660 5593 3756 5649 tibi
3770 5589 4054 5654 dederint,

2499 5694 2617 5751 nari
2640 5689 2999 5750 anathematis
3032 5689 3227 5753 iudicio
3257 5688 3641 5743 condemnatos
3665 5695 3788 5740 esse
3814 5679 3984 5741 scias.

2377 1853 2418 1907 Β
