4218 6380
320 373 427 430 405

1363 382 1567 439 LIBER
1604 383 1982 446 SECUNDIJS.
2019 417 2099 436 --.
2122 387 2335 446 EPIST.
2377 393 2506 447 LIV.

3444 392 3547 446 ωδ

391 483 526 541 Data
559 485 750 568 Roma:
778 489 832 544 in
859 491 1065 562 synodo
1097 493 1352 562 secunda,
1379 493 1633 567 Kalendis
1691 496 1892 566 Martii,
1923 505 1968 560 Α
2063 499 2198 556 Data
2217 501 2589 570 Romae,sexto
2611 503 2791 558 Nonas
2813 503 3008 570 Martii,
3034 503 3323 558 indictione
3342 501 3548 556 decima

321 563 854 658 indictione-decima
890 578 1067 636 tertia.

851 687 1188 746 EPISTOLA
1221 691 1353 747 LIII.

907 781 1088 852 (Anno
1125 783 1309 854 1075.)

327 889 680 945 concordiam
708 905 864 958 super
907 893 1258 945 controversia
1302 893 1438 946 inter
1471 892 1824 948 Moravensem
1843 904 1910 949 et»

395 958 717 1030 l’ragensein
767 961 1034 1030 episwpos
1093 961 1156 1012 de
1201 962 1518 1030 quibusdam
1565 964 1712 1016 bonis
1766 981 1798 1016 α
1841 981 1896 1018 se

393 1030 454 1080 in
489 1027 717 1101 concilio
742 1027 1014 1082 ambarum
1034 1027 1269 1098 partium
1299 1047 1514 1084 assensu
1554 1033 1894 1101 compositam

389 1097 628 1164 exponit.

391 1206 704 1263 Caesonius
732 1208 1040 1278 episcopus,
1069 1224 1262 1277 servus
1291 1226 1570 1266 servorum
1605 1210 1698 1265 Det

386 1293 665 1359 Quoniam
690 1295 758 1348 ad
792 1295 1112 1362 memoriam
1125 1311 1469 1367 semperque
1497 1298 1894 1352 dilucidanuam

320 1397 622 1440 Causarum
672 1384 1124 1454 negotiorumque
1170 1385 1451 1454 veritatem
1506 1386 1640 1438 nihil
1695 1386 1893 1454 aptius,

321 1474 463 1529 nihil
495 1473 799 1528 durabilius
829 1490 993 1544 quam
1046 1475 1454 1544 Scripturarum
1499 1477 1724 1546 paginas
1746 1477 1896 1531 msti-

322 1578 566 1630 mamus,
601 1564 836 1633 qualiter
869 1564 936 1619 lis
959 1572 1012 1618 et
1044 1564 1335 1641 discordia,
1371 1567 1655 1635 quaeinter
1679 1566 1898 1622 confra-

325 1661 436 1707 trcs
461 1662 702 1719 nostros,
731 1654 982 1717 videlicet
1000 1653 1265 1711 Joannem
1293 1657 1662 1712 Moravensem
1687 1659 1898 1728 episco-

324 1756 479 1811 pum,
514 1753 571 1797 et
603 1741 946 1797 Geboardum
994 1736 1437 1816 [Hieronymunu
1490 1746 1628 1799 alias
1670 1745 1900 1801 Gebear-

323 1830 480 1903 dum]
522 1830 874 1902 Pragensem,
909 1835 977 1890 de
1017 1835 1342 1905 quibusdam
1378 1837 1604 1892 decimis
1630 1843 1700 1891 et
1729 1839 1898 1893 curti-

325 1923 429 1978 bus
460 1923 556 1977 diu
588 1930 863 1992 protracta
891 1932 996 1991 est,
1035 1926 1250 1980 tandem
1287 1941 1382 1996 per
1412 1927 1678 1996 pactionis
1701 1943 1898 1983 conve-

325 2013 591 2067 nientiam
625 2003 678 2066 in
703 2013 1000 2082 apostolica
1024 2015 1149 2070 sede
1180 2015 1537 2070 determinata
1561 2017 1650 2082 sit,
1683 2033 1777 2086 per
1811 2018 1897 2071 lit-

327 2111 473 2159 teras
515 2111 738 2158 nostras
773 2117 882 2156 non
917 2105 1078 2160 modo
1113 2106 1489 2174 praesentibus,
1527 2107 1620 2161 sed
1651 2115 1704 2161 et
1749 2106 1896 2161 futu-

325 2193 426 2259 ris,
451 2203 646 2251 notum
678 2192 794 2247 ticri
837 2195 1108 2249 volumus.
1139 2194 1263 2251 Ilaec
1293 2195 1437 2250 enim
1472 2211 1656 2262 causa,
1694 2212 1818 2251 cum
1843 2197 1898 2251 in

327 2284 573 2338 secundo
609 2283 781 2340 nostri
811 2286 1158 2356 pontiﬁcatus
1184 2301 1350 2350 anno,
1395 2287 1756 2342 residentibus
1791 2303 1898 2341 una

329 2376 620 2430 nobiscum
673 2378 728 2432 in
786 2378 1009 2433 basilica
1058 2375 1356 2430 Salvatoris
1403 2376 1589 2430 multis
1618 2375 1895 2450 fratribus,

330 2471 645 2525 convocatis
672 2471 835 2525 etiam
879 2479 935 2523 et
975 2484 1158 2523 coram
1191 2467 1383 2536 positis
1417 2468 1740 2536 supradictis
1785 2468 1899 2537 epi-

329 2560 546 2628 scopis,
599 2562 665 2616 ad
721 2560 1050 2615 audientiam
1099 2567 1343 2612 nostram
1394 2567 1448 2612 et
1489 2559 1656 2614 totius
1702 2559 1898 2615 ibidem

329 2649 643 2718 congregati
677 2649 892 2704 concilii
924 2649 1125 2718 perlata
1175 2649 1268 2713 sit,
1301 2647 1392 2702 diu
1441 2656 1494 2701 et
1538 2649 1764 2702 multum
1818 2649 1900 2703 iu-

330 2739 535 2809 quisita
568 2749 731 2810 atque
757 2740 972 2807 rimata,
993 2749 1142 2794 tanta
1165 2739 1512 2809 ambiguitate
1525 2748 1577 2792 et.
1600 2739 1900 2808 perplexiu-

331 2828 495 2883 nibus
519 2828 761 2883 involuta
783 2828 1064 2883 videbatur
1104 2836 1162 2882 ut
1185 2828 1252 2881 ad
1282 2827 1548 2881 sinceram
1586 2826 1828 2879 veritatis
1847 2834 1902 2880 et

292 2930 294 2934 '
326 2917 556 2985 justitia:
597 2917 1025 2986 explorationem
1066 2930 1167 2985 per
1210 2930 1272 2969 ea
1321 2929 1443 2984 quae
1496 2922 1624 2968 tunc
1661 2914 1900 2969 adhibita

330 3013 460 3058 sunt
478 3003 684 3072 judicia
719 3003 940 3073 perduci
972 3018 1079 3057 non
1130 3011 1333 3072 posset.
1366 3001 1566 3056 Verum
1593 3017 1660 3056 ne
1685 3003 1900 3057 illorum

332 3093 614 3148 altercatio
663 3091 869 3162 absque
903 3093 1385 3167 pacisitatervjetitu
1415 3093 1619 3147 diutius
1652 3102 1747 3146 aut
1791 3093 1901 3146 fra—

333 3190 500 3236 terna
526 3183 649 3236 odia
675 3191 768 3235 aut
793 3183 976 3250 aliqua
1006 3182 1310 3250 periculosa
1343 3181 1466 3236 hinc
1488 3182 1571 3234 vel
1606 3182 1752 3236 illinc
1783 3191 1899 3241 stu-

332 3271 422 3325 dia
475 3271 817 3336 accenderet,
865 3286 987 3328 cum
1035 3270 1266 3325 consilio
1308 3270 1536 3325 fratrum
1588 3278 1901 3327 nostrorum

331 3373 556 3413 causam
595 3359 666 3413 ita
693 3370 759 3413 ex
785 3374 942 3429 inquo
982 3359 1162 3428 dirimi
1200 3359 1585 3414 constituimus
1608 3368 1666 3412 ut
1695 3360 1898 3425 omnia,

332 3452 396 3506 de
418 3452 620 3522 quibus
645 3452 785 3507 inter
805 3466 900 3506 eos
934 3451 1210 3506 contentio
1240 3451 1399 3517 foret,
1423 3467 1522 3521 per
1547 3452 1784 3506 medium
1820 3452 1901 3506 di-

333 3544 671 3607 viderentur,
701 3552 756 3597 et
778 3543 865 3598 hic
896 3549 1058 3597 unam
1084 3543 1172 3596 ille
1195 3544 1421 3596 alteram
1448 3551 1657 3611 partem
1685 3535 1900 3598 interim

335 3631 542 3698 absque
567 3629 716 3682 omni
753 3629 1122 3697 inquietudine
1154 3636 1419 3693 tenerent,
1456 3628 1629 3682 donec
1658 3629 1704 3683 si
1740 3645 1900 3698 aper-

333 3723 470 3774 tiora
499 3720 705 3790 judicia
745 3720 860 3775 sive
905 3721 1106 3789 scripto
1153 3729 1248 3774 aut
1281 3720 1537 3790 congruis
1565 3721 1792 3776 testibus
1819 3721 1902 3774 in-

329 3811 519 3873 venire
543 3816 769 3879 possent
789 3810 1200 3880 diligentissime
1218 3811 1623 3880 investigarent.
1651 3809 1732 3865 Ad
1755 3811 1902 3881 quod

333 3899 666 3959 faciendum.
691 3914 759 3950 ne
785 3897 922 3951 forte
947 3898 1272 3954 suscitandre
1298 3899 1406 3951 litis
1428 3897 1635 3954 infinita
1657 3899 1900 3954 alterutri

331 3988 557 4041 daretur
608 3986 845 4052 occasio,
887 3987 1180 4040 terminum
1232 4002 1449 4056 quoque
1483 3987 1562 4042 eis
1591 3988 1775 4042 decem
1811 4005 1903 4042 an-

333 4090 532 4130 norum
580 4075 932 4143 praeliximus,
978 4085 1037 4129 ut
1085 4075 1180 4144 qui
1225 4076 1388 4130 certis
1420 4076 1901 4144 approbationibus

333 4166 400 4218 ad
419 4165 692 4234 justitiam
727 4179 786 4219 se
816 4165 1117 4234 pertingere
1141 4179 1299 4233 posse
1320 4163 1562 4229 confidit,
1589 4164 1726 4218 intra
1764 4171 1900 4233 pree-

334 4253 569 4327 lihatum
600 4251 892 4307 terminum
939 4253 1310 4323 proclamandi
1340 4261 1394 4307 et
1428 4255 1901 4324 consequendijus

334 4343 590 4401 Ecclesia:
620 4359 732 4400 suze
774 4344 1046 4398 licentiam
1074 4352 1128 4397 et
1158 4352 1479 4412 potestatem
1515 4345 1740 4411 habeat;
1775 4354 1829 4399 et
1855 4345 1902 4406 si

1928 1825 1971 1880 B

1927 3139 1968 3195 C

1995 592 2170 646 tertia.

2527 746 2861 803 EPISTOLA
2895 747 3027 802 LIV.

2541 875 2609 912 AD
2637 874 3009 913 PLACEN’I'INOS.
3054 931 3057 934 _

2579 970 2759 1039 (Anno
2797 969 2979 1038 1075.)
3017 1021 3024 1033 ,

1998 1072 2193 1131 Scribit
2214 1093 2267 1130 se
2285 1076 2583 1145 deposuisse
2616 1079 2671 1130 in
2700 1077 2895 1146 synodo
2922 1076 3225 1146 Dionysium
3249 1092 3427 1132 eorum
3441 1093 3554 1146 ept-

2062 1161 2295 1213 scopum,
2327 1155 2376 1198 et
2405 1162 2579 1198 omnes
2611 1145 2903 1215 quicunque
2936 1145 3310 1215 eiﬁdelitatem
3334 1145 3555 1214 jurare-

2068 1224 2187 1266 runt
2220 1231 2252 1267 a
2277 1216 2592 1266 sacramenti
2624 1213 2831 1269 uinculo
2855 1214 3151 1268 absolvisse.
3186 1213 3272 1264 Ait
3307 1213 3361 1266 se
3391 1231 3552 1267 cura-

2064 1291 2239 1404 turuiln
2271 1292 2532 1362 att-omnes
2573 1282 2750 1351 ﬁdeles
2786 1283 2854 1335 ad
2885 1298 3003 1334 eum
3030 1281 3387 1351 expellendum
3426 1284 3556 1351 ipsis

2066 1367 2192 1404 anan
2221 1369 2272 1404 ιο
2303 1361 2430 1404 sint.

2066 1352 2272 1404 auailio
2303 1353 2430 1405 sint.

2067 1487 2372 1542 Gneconws
2401 1488 2710 1558 episcopus,
2740 1503 2929 1543 servus
2976 1502 3257 1542 servorum
3294 1486 3407 1552 Dei,
3436 1489 3559 1543 uni-

1999 1578 2170 1633 versis
2219 1563 2499 1632 catliolicis
2534 1578 2860 1632 Placentina:
2908 1577 3178 1632 Ecclesim.
3225 1578 3452 1633 salutem
3499 1588 3560 1634 ct
3642 1579 3648 1585 ’

1998 1668 2353 1736 apostolicam
2381 1667 2830 1722 benedictionem.

2072 1759 2246 1829 Super
2292 1757 2615 1814 confusione
2658 1757 2908 1813 Ecclesia:
2951 1769 3176 1825 vestrm,
3224 1761 3561 1817 dilectissimi

1996 1850 2110 1915 lilii,
2153 1850 2245 1904 diu
2273 1850 2341 1905 ad
2366 1866 2468 1904 nos
2492 1850 2712 1918 querela
2751 1850 2925 1904 delata
2954 1859 3055 1915 est,
3094 1859 3146 1904 et
3171 1853 3423 1906 contritio
3445 1855 3564 1906 ani-

1996 1952 2208 2009 marum
2262 1951 2554 2006 rerumque
2600 1945 2909 1991 vestrarum
2952 1936 3150 1991 factam
3196 1953 3291 2006 per
3315 1937 3563 2008 iniquum

1995 2037 2264 2096 pastorem
2301 2041 2675 2096 saepenumero
2698 2034 2982 2096 paternum
3006 2028 3268 2082 cruciavit
3291 2028 3560 2081 allectum.

1996 2118 2442 2192 Exspectavimus
2489 2117 2743 2171 arborem
2795 2117 2996 2172 malam
3029 2127 3089 2172 ut
3137 2117 3337 2171 faceret
3392 2117 3565 2171 bonos

1997 2207 2264 2274 fructus,.
2287 2209 2381 2264 sed
2425 2208 2689 2278 plantatio
2736 2207 2923 2277 iniqua
2971 2207 3229 2263 radicitus
3273 2207 3460 2262 vitiata
3513 2218 3566 2262 ct

1998 2300 2140 2355 sicea
2164 2316 2260 2369 per
2294 2308 2467 2353 totum
2498 2298 2754 2367 patientia
2782 2298 3018 2354 deterior
3040 2309 3142 2364 est,
3179 2307 3379 2353 terram
3411 2309 3582 2353 occu—‘

1997 2397 2121 2456 pat;
2150 2388 2450 2457 quinetiam
2482 2391 2546 2444 ad
2577 2389 2856 2444 infamiam
2892 2388 3060 2443 totius
3093 2387 3347 2444 Ecclesiw
3369 2389 3566 2457 germi-

1997 2484 2094 2530 nat
2121 2474 2357 2529 l‘ructum
2382 2491 2672 2546 rcpronum
2699 2478 2751 2531 in
2779 2494 3122 2533 communem
3150 2489 3400 2544 mortem,
3427 2490 3482 2534 et
3510 2480 3566 2535 in

1997 2571 2192 2619 vestra:
2225 2555 2547 2634 perditionis
2573 2567 2899 2636 exemplum.
2929 2566 3098 2634 Quem
3133 2569 3262 2624 olim
3286 2569 3433 2622 onmi
3454 2567 3568 2622 olli-

1999 2652 2085 2707 cio
2111 2653 2402 2722 privatum,
2428 2654 2634 2708 reddita
2669 2655 2772 2709 sibi
2817 2657 2932 2710 sola
2964 2657 3350 2712 communione
3386 2655 3568 2712 Eccle—

1999 2742 2113 2807 sim,
2144 2743 2330 2796 multis
2373 2743 2537 2797 minis
2562 2758 2627 2796 ac
2673 2745 2926 2812 precibus
2957 2746 3245 2799 contestati
3294 2762 3485 2801 sumus
3509 2754 3568 2799 ut

1999 2837 2315 2901 procuraret
2344 2832 2543 2886 habere
2577 2848 2765 2902 pacem
2803 2834 3105 2900 vobiscum,
3149 2835 3371 2889 redditis
3405 2843 3460 2890 et
3481 2851 3563 2890 re-

1999 2920 2203 2976 stitutis
2241 2937 2364 2990 qua:
2407 2922 2722 2988 abstulerat,
2751 2937 2873 2977 cum
2897 2939 3038 2993 aqua
3061 2923 3349 2977 ministerii
3388 2924 3565 2995 [forte,

2000 3022 2240 3077 curaque
2258 3008 2563 3076 ministerii.
2590 3007 2761 3064 HARD.
2788 3010 2876 3064 cui
2899 3011 3397 3083 restitutionem],et
3419 3029 3567 3081 spem

2001 3097 2225 3166 majoris
2251 3089 2499 3160 beneﬁcii
2525 3099 2793 3165 dedimus,
2810 3099 2856 3154 si
2882 3101 3135 3155 mandata
3152 3111 3412 3155 servaret.
3439 3100 3562 3166 Sed,

2004 3185 2114 3238 Deo
2159 3184 2395 3250 nolente,
2449 3187 2551 3240 sub
2604 3187 2766 3254 hujus
2825 3181 3211 3242 misericordiae
3259 3191 3562 3243 velamento

2001 3271 2200 3340 operiri
2246 3282 2467 3341 peccata
2500 3273 2881 3329 inolwdientize
2915 3275 3053 3343 ejus,
3087 3292 3192 3344 qua
3221 3292 3362 3346 saepe
3392 3277 3565 3332 offen-

2001 3362 2155 3416 derat
2183 3376 2302 3427 nos,
2326 3371 2381 3415 et
2410 3370 2596 3431 operta
2627 3363 2893 3432 impunita
2915 3364 3166 3434 relinqui,
3194 3364 3389 3419 iterum
3417 3381 3568 3420 mcu-

2004 3454 2133 3508 titus
2166 3462 2268 3518 est,
2303 3462 2464 3524 atque
2491 3454 2575 3508 vir
2603 3441 2892 3512 manifeste
2930 3457 3246 3527 sacrilegus,
3283 3466 3336 3512 et
3366 3459 3567 3513 multo-

2002 3560 2122 3598 rum
2151 3545 2415 3598 scelerum
2449 3559 2594 3611 reus,
2622 3546 2829 3609 monita
2851 3555 3038 3600 nostra
3062 3534 3395 3616 postliabuit.
3419 3547 3566 3612 Qua—

2000 3640 2221 3699 propter
2268 3631 2594 3688 immutabili
2641 3633 2910 3690 sententia
2938 3643 3142 3688 sancta:
3183 3635 3374 3705 synodi
3405 3644 3459 3688 ct
3495 3635 3598 3694 ira

2000 3720 2290 3779 revocabili
2336 3736 2606 3775 consensu
2633 3722 2876 3776 omnium
2914 3723 3427 3786 circumsedentium
3461 3725 3570 3782 fra-

2002 3816 2146 3862 trum
2197 3806 2513 3879 Dionysium
2547 3799 2821 3878 quondam
2853 3811 3058 3866 dictum
3097 3814 3410 3883 episcopum
3446 3817 3569 3870 abs-

2002 3913 2107 3966 que
2151 3897 2257 3953 ulla
2284 3913 2525 3967 unquam
2561 3914 2656 3969 spe
2687 3899 3145 3958 reconciliationis
3173 3903 3242 3956 ab
3276 3905 3424 3958 omni
3451 3904 3566 3971 epi-

2001 3987 2200 4053 scopali
2250 3987 2458 4040 honore
2503 3987 2874 4055 deposuimus,
2925 3999 2979 4043 et
3026 3989 3084 4043 in
3119 3999 3437 4060 perpetuum
3473 4007 3569 4046 ne-

2000 4075 2228 4144 gandam
2260 4074 2363 4128 sibi
2407 4075 2736 4129 audientiam
2768 4063 3137 4145 decrevimus;
3179 4087 3234 4133 et
3260 4080 3568 4152 quicunque

2001 4165 2102 4221 sibi
2131 4155 2444 4220 fidelitatem
2474 4167 2818 4236 juraverunt,
2845 4185 2913 4224 ne
2944 4179 3135 4225 contra
3165 4172 3272 4227 hoc
3292 4171 3568 4227 decretum

2001 4258 2130 4322 sint,
2174 4257 2244 4310 ab
2287 4258 2435 4311 omni
2467 4258 2685 4313 vinculo
2716 4262 3040 4316 sacramenti
3076 4262 3430 4319 absolvimus.
3465 4263 3570 4318 Da-

2001 4349 2181 4404 bimus
2207 4348 2368 4404 etiam
2405 4365 2622 4418 operam
2665 4359 2728 4404 ut
2760 4367 2951 4406 omnes
2996 4352 3180 4409 ﬁdeles
3215 4351 3569 4407 sanctiPetri

335 4435 568 4489 alterum
615 4435 832 4500 horum,
865 4435 950 4488 vel
981 4442 1257 4502 utrosque,
1295 4433 1438 4501 quod
1481 4449 1590 4487 non
1626 4443 1897 4502 Optamus,
1933 4455 1975 4508 ι)
2001 4440 2256 4508 adjuvcnt
2289 4455 2388 4494 vos
2429 4441 2483 4494 in
2513 4441 2828 4510 expellendo
2870 4441 3019 4509 lupo,
3043 4449 3100 4494 et
3142 4441 3447 4498 ordinando
3473 4458 3570 4512 pa-

335 4522 554 4577 interim
589 4523 1076 4590 obirecontigerit,
1120 4535 1464 4576 successores
1508 4536 1697 4577 eorum
1725 4523 1778 4580 in
1803 4525 1897 4577 ea-

333 4611 456 4666 dam
491 4613 747 4681 pactione
787 4621 842 4666 et
873 4612 1260 4667 constitutione
1300 4627 1618 4682 permanere
1648 4614 1894 4673 debeant.

334 4698 413 4754 Ex
441 4716 506 4756 ea
538 4708 720 4755 autem
756 4709 907 4770 parte
939 4716 1047 4776 qua
1079 4702 1335 4770 praefatus
1370 4704 1654 4768 terminus,
1681 4713 1776 4757 aut
1797 4706 1900 4759 sub

335 4788 573 4855 silentio,
603 4798 696 4844 aut
737 4804 846 4843 non
883 4790 1122 4862 ostensa
1147 4791 1390 4844 veritatis
1425 4801 1478 4844 et
1502 4792 1745 4861 justitiaa,
1773 4809 1900 4862 pro—

335 4888 452 4949 pter
481 4896 648 4950 quam
679 4881 894 4944 clamet,
918 4855 1307 4947 approbatione
1333 4855 1681 4937 transductus
1715 4855 1895 4949 fuerit,

338 4970 517 5024 nullus
540 4970 792 5037 deinceps
816 4968 988 5031 locus,
1013 4967 1158 5020 nulla
1195 4967 1524 5022 acelamaudi
1549 4972 1783 5039 occasio,
1807 4981 1901 5045 aut

338 5073 500 5128 super
534 5059 638 5114 hac
669 5075 728 5113 re
757 5059 1079 5117 renovandae
1108 5059 1425 5128 quaestionis
1468 5061 1682 5117 licentia
1709 5081 1899 5134 super-

337 5143 423 5220 sit.
478 5144 593 5199 Hoc
630 5147 998 5218 igiturmodo
1044 5147 1464 5218 praenominatos
1513 5151 1798 5221 episcopos
1843 5156 1898 5214 in

339 5243 521 5289 nostra
553 5235 842 5304 presentia
890 5237 1222 5304 pacificatos,
1253 5245 1308 5291 et
1337 5241 1663 5308 praescripta
1703 5241 1899 5296 diflini-

339 5324 470 5380 tioni
491 5334 730 5397 gratum,
770 5333 829 5378 ut
861 5326 1106 5394 videatur
1137 5329 1314 5399 [forle,
1337 5327 1639 5397 videbatur,
1676 5330 1894 5403 fliam],

342 5414 658 5470 adhibentes
708 5429 1016 5482 assensum,
1051 5419 1119 5471 ad
1162 5419 1380 5488 pr0pria
1425 5433 1550 5471 cum
1598 5421 1898 5487 apostolica

342 5507 719 5565 benedictione
744 5517 804 5578 eti
820 5508 1054 5570 fraterna
1078 5512 1342 5570 charitate
1358 5510 1815 5570 dimisimuleoc
1830 5513 1899 5567 ab

343 5598 592 5652 onmibus
623 5597 942 5652 inviolatum
985 5610 1038 5675 et
1083 5611 1344 5671 perpetuo
1369 5602 1754 5656 inconcussum
1783 5600 1898 5656 fore

334 5688 632 5758 apostolica
679 5689 995 5743 auctoritate
1028 5674 1379 5760 praecipimus
1405 5701 1566 5761 atque
1600 5691 1891 5758 sancimus.

1999 4532 2146 4584 stare
2172 4530 2264 4598 qui
2291 4545 2378 4587 res
2412 4537 2621 4588 vestras
2645 4529 2888 4598 diripuit,
2914 4539 2969 4585 et
2991 4546 3222 4602 corpora
3251 4534 3568 4602 animasque

1999 4617 2341 4684 sequentium
2372 4631 2431 4674 se
2454 4616 2508 4670 in
2536 4615 2772 4683 foveam,
2801 4620 2945 4675 sicut
2981 4623 3176 4677 oculus
3225 4621 3564 4685 tenebrosus,

1999 4704 2182 4757 mittit.
2214 4701 2367 4759 Unde
2390 4719 2489 4760 vos
2523 4705 2668 4762 cives
2698 4707 2793 4763 Dei
2826 4708 3230 4774 confortamini,
3272 4710 3398 4777 quia
3424 4708 3568 4765 Deus

1990 4794 2286 4850 nobiscum
2344 4805 2449 4864 est,
2497 4805 2552 4851 et
2599 4797 2728 4853 licet
2768 4799 3122 4852 adversentur
3172 4799 3328 4853 nobis
3362 4800 3570 4854 turritae

2001 4885 2164 4940 urbes
2191 4894 2347 4940 terra:
2376 4885 2656 4951 Chanaan,
2695 4894 2749 4940 et
2777 4886 3024 4956 gigantes
3071 4891 3566 4961 corprs‘aiiliorum

2000 4972 2207 5039 Enaeh,
2234 4975 2343 5027 dux
2375 4983 2554 5026 tamen
2588 4981 2778 5027 noster
2800 4973 2962 5030 Jesus
3005 4991 3131 5030 cum
3174 4991 3311 5030 sono
3341 4977 3566 5048 intrepi-

1997 5065 2100 5122 dus
2143 5072 2340 5117 terram
2377 5062 2787 5130 promissionis
2817 5065 3132 5135 ingreditur.
3181 5064 3277 5120 Est
3325 5068 3471 5138 etiim
3507 5075 3564 5121 et

1999 5152 2112 5221 ipse
2142 5151 2293 5221 gigas
2341 5151 2409 5206 ad
2438 5153 2761 5207 currendum
2790 5152 2932 5206 viam
2957 5153 3050 5220 qui
3078 5154 3211 5208 dicit
3245 5173 3256 5207 :
3282 5154 3560 5221 Con/ﬁdite,

1997 5258 2088 5311 ego
2115 5242 2213 5294 uiri
2239 5242 2488 5294 mundum
2513 5241 2692 5312 (Joan.
2719 5241 2852 5310 xvi).
2888 5241 3045 5307 Quod
3073 5244 3118 5298 si
3145 5245 3267 5312 quis
3316 5257 3415 5310 pro
3459 5243 3558 5296 de-

1998 5330 2244 5387 fensione
2284 5332 2506 5400 justitia:
2536 5331 2802 5384 moriatur
2830 5347 2895 5385 ex
2940 5333 3112 5396 vobis,
3148 5330 3395 5399 precibus
3430 5346 3561 5399 apo-

1999 5423 2261 5476 stolorum
2303 5421 2444 5473 Petri
2477 5428 2530 5474 et
2567 5418 2720 5474 Pauli
2761 5422 2831 5476 ab
2859 5421 3110 5477 omnibus
3152 5420 3386 5488 peccatis
3419 5420 3556 5475 libe-

1998 5521 2163 5566 X'Cllll‘.

2071 5601 2199 5653 Data
2241 5600 2447 5668 Ronan,
2475 5619 2505 5655 v
2546 5600 2730 5658 Nonas
2778 5600 2973 5669 Martii,
3025 5600 3315 5656 indictione
3345 5600 3556 5656 decima
3649 5659 3652 5662 ,

1999 5693 2190 5748 tertia.-
