4218 6382
335 421 431 477 409

1364 395 1562 480 Lirim
1598 426 1972 486 sesc-secs.
2011 458 2079 467 -
2114 426 2329 482 EPIST.
2366 427 2519 482 L\'lll

3453 422 3557 476 M0

335 539 598 603 petentem
625 533 919 610 terminum
944 534 1255 603 accepisset.
1295 535 1400 592 Sed
1445 542 1701 608 quoniam
1729 543 1898 612 negli-
1925 529 1971 602 Ᾱ
1995 552 2220 596 vertere.
2251 540 2474 595 Deecret
2494 539 2655 594 etiam
2685 546 2741 592 ut
2764 551 2900 608 quos
2917 536 3237 591 miserabilis
3272 513 3556 604 paupertas

336 623 504 694 gentia
532 632 647 688 tua,
685 635 741 678 et
770 625 1005 695 episcopi
1032 626 1297 695 praedictae
1321 629 1554 689 civitatis
1585 631 1896 687 inobedien-

334 713 438 776 tia,
478 712 779 789 hucusque
830 724 1100 784 protracta
1163 727 1264 781 est,
1320 733 1539 774 necesse
1586 721 1741 776 nobis
1795 721 1897 777 fuit

332 782 764 857 clericisrtandiu
808 804 1018 858 amictis
1049 820 1380 870 succurrere,
1438 816 1492 862 et
1540 809 1895 868 inobedientis

330 891 729 946 contumaciam
761 893 1069 962 apostolica
1095 895 1432 951 auctoritatis
1459 897 1642 967 vigore
1662 903 1893 955 contun-

328 981 471 1036 dere.
522 979 710 1037 Multis
756 984 901 1037 enim
962 984 1137 1039 modis
1187 984 1444 1054 praelatus
1485 989 1895 1048 Catalaunensis

249 1087 256 1090 ·
329 1071 616 1140 episcopus
646 1081 845 1128 nostrae
868 1073 1101 1143 iussioni
1124 1089 1313 1143 parere
1341 1079 1677 1147 contempsit.
1714 1078 1895 1135 Primo

329 1159 470 1212 enim
512 1168 746 1216 vocatus
778 1160 846 1215 ad
885 1162 1151 1232 synodum
1181 1164 1368 1220 venire
1412 1168 1662 1238 neglexit.
1697 1168 1772 1224 De
1799 1185 1895 1225 ore

330 1255 515 1302 nostro
565 1249 976 1317 praesentialiter
1021 1250 1089 1304 de
1125 1251 1468 1309 restitutione
1512 1255 1894 1311 beneﬁciorum

332 1335 653 1390 clericon
688 1345 954 1408 praecepta
983 1339 1307 1410 suscipiens,
1341 1342 1601 1398 obaudire
1629 1344 1890 1414 despexit.

332 1422 547 1481 Litteris
579 1426 774 1481 deinde
797 1429 1004 1484 nostris
1030 1430 1361 1498 admonitus,
1388 1432 1582 1489 iterum
1610 1451 1732 1505 qua:
1753 1452 1894 1506 pra:-

331 1515 571 1584 cepimus
594 1516 888 1586 adimplere
911 1521 1130 1588 sprevit.
1164 1520 1525 1587 Quamobrem
1548 1535 1764 1595 propter
1784 1537 1894 1582 tam

331 1597 608 1659 enormem
656 1605 1031 1665 inobedientia:
1053 1612 1409 1668 temeritatem
1442 1617 1736 1684 apostolica
1761 1633 1894 1674 auc-

333 1691 543 1747 toritate
573 1696 725 1750 omni
766 1697 1062 1770 episcopali
1096 1699 1272 1756 oﬁlcio
1303 1703 1627 1774 privandum
1674 1708 1894 1763 censui-

331 1795 469 1847 mus,
501 1791 558 1838 et
601 1783 720 1840 hare
760 1801 858 1857 per
889 1796 944 1844 te
987 1799 1206 1847 strenue
1237 1795 1498 1864 compleri
1545 1797 1693 1852 omni
1740 1813 1893 1855 mora

1993 638 2048 685 et
2094 630 2252 684 ruina
2293 629 2534 683 ecclesite
2578 635 2768 682 vestrae
2801 625 3178 695 compatiendo
3217 640 3324 677 non
3360 626 3555 693 tangit,

1993 717 2313 772 verecundia
2345 715 2548 780 saeculi,
2573 723 2627 769 et
2652 714 2920 768 inﬁrmata
2953 723 3004 767 et
3027 714 3248 768 omnino
3277 721 3556 782 contemp-

1993 807 2072 863 tui
2105 807 2286 862 habita
2337 806 2564 876 quaestio
2617 813 2797 860 vestra
2849 805 3120 873 silentium
3155 803 3428 872 imponere
3461 802 3543 856 de-

1993 895 2216 951 buisset.
2247 893 2399 949 Unde
2423 894 2796 958 admonemus,
2824 901 2884 946 ut
2907 893 3048 946 inter
3075 907 3171 947 vos
3194 890 3419 944 ulterius
3453 905 3560 944 non

1994 984 2108 1051 sint
2135 985 2429 1040 schismata
2456 991 2510 1037 et
2540 982 2910 1036 contentiones
2946 981 3038 1036 sed
3070 981 3215 1050 quod
3241 996 3338 1034 nos
3387 979 3559 1035 senti-

1982 1072 2138 1139 mus,
2166 1072 2312 1145 quod
2358 1071 2517 1125 nobis
2553 1070 2780 1135 sufﬁcit,
2830 1069 2974 1140 quod
3021 1069 3266 1124 Romana
3301 1067 3563 1137 approbat

1994 1162 2259 1227 Ecclesia,
2286 1175 2385 1215 vos
2427 1161 2658 1230 idipsum
2683 1159 2927 1214 sentiatis
2953 1167 3007 1213 et
3039 1159 3288 1222 teneatis,
3323 1157 3562 1211 scientes

1995 1251 2121 1322 quia
2170 1265 2272 1305 nos
2299 1249 2446 1304 nullo
2478 1247 2638 1302 modo
2664 1249 2944 1317 patiemur
2983 1248 3084 1302 sub
3127 1246 3436 1315 huiusmodi
3471 1261 3565 1300 oc-

1994 1343 2214 1398 casione
2259 1340 2521 1405 seandali,
2557 1355 2649 1394 seu
2673 1339 2944 1393 inutilium
2973 1338 3420 1407 disceptationum
3457 1352 3522 1390 va

1993 1431 2255 1488 nitatibus
2308 1431 2594 1485 ecclesiam
2639 1437 2880 1485 nostram
2945 1426 3246 1493 devastati,
3295 1426 3386 1480 sed
3445 1426 3559 1494 eju.

1994 1520 2229 1578 miseriae
2257 1529 2421 1589 atque
2450 1518 2780 1587 necessitati,
2823 1525 2985 1588 prout
3026 1515 3169 1571 Deus
3188 1516 3560 1580 concesserit,

1993 1625 2105 1666 non
2128 1608 2619 1680 solumlloqucndo,
2649 1607 2744 1664 sed
2779 1617 2833 1664 et
2852 1606 3143 1662 vindictam
3176 1612 3366 1660 contra
3394 1603 3565 1674 ipsius

1995 1700 2247 1756 inimicos
2267 1694 2570 1754 exercendo
2599 1698 3000 1754 subveniemus.

2067 1787 2198 1842 Data
2225 1787 2429 1853 Romae,
2445 1793 2639 1860 quarto
2663 1784 2773 1859 [ιιι]
2795 1785 2977 1845 Nonas
3006 1784 3249 1852 Martias,
3271 1782 3567 1841 indictione

330 1873 626 1941 postposita
651 1877 960 1935 statuimus.
985 1879 1174 1937 Danao
1201 1862 1378 1940 etiam
1399 1886 1626 1943 ﬁrmiter
1649 1891 1895 1961 praecipi-
1927 1862 1969 1918 Β
1994 1877 2204 1934 deam“
2242 1877 2418 1932 lenia-

330 1972 448 2015 mus
480 1970 539 2015 ut
579 1962 632 2018 ei
663 1965 1016 2023 nihilominus
1052 1969 1301 2042 injungas
1351 1989 1418 2029 ex
1457 1986 1643 2034 nostra
1693 1988 1749 2034 et
1799 1990 1893 2036 tua

329 2058 495 2136 parte,
526 2061 800 2120 quatenus
834 2057 1107 2126 praedictis
1164 2062 1376 2118 clericis
1425 2075 1609 2136 erepta
1655 2068 1794 2122 bona
1839 2079 1893 2125 et

327 2135 607 2206 beneﬁcia,
649 2143 799 2198 omni
833 2148 1182 2204 excusatione
1214 2135 1535 2223 postposita,
1583 2136 1894 2229 ubicunque

328 2243 541 2286 manere
561 2232 852 2304 voluerint,
887 2239 1157 2306 restituat,
1197 2243 1452 2312 adjuncto
1491 2254 1546 2301 et
1588 2257 1893 2305 restaurato

327 2321 464 2388 quod
487 2321 556 2376 de
591 2325 783 2383 usibus
805 2343 986 2384 rerum
1023 2345 1246 2386 suarum
1281 2335 1649 2404 perdiderunt,
1687 2354 1753 2394 ex
1783 2356 1894 2410 quo

328 2425 424 2465 nos
455 2413 505 2466 ei
539 2417 904 2486 praecipimus.
938 2418 1048 2475 liae
1084 2422 1222 2490 vice,
1275 2423 1322 2477 si
1362 2424 1489 2479 huic
1519 2435 1707 2481 nostro
1751 2445 1892 2498 pra:-

327 2510 478 2569 cepto
501 2503 876 2574 obtemperare
903 2509 1156 2577 noluerit,
1188 2513 1503 2570 omnimodo
1536 2529 1568 2569 a
1593 2531 1820 2586 corpore
1840 2527 1894 2573 et

326 2594 588 2661 sanguine
633 2595 851 2652 Domini
887 2609 1155 2668 arceatur,
1190 2604 1362 2660 donec
1406 2622 1502 2676 per
1533 2608 1892 2677 obedientiam

325 2680 497 2737 discat
550 2694 754 2742 saan
798 2686 1056 2746 Romanae
1107 2691 1362 2750 Ecclesiae
1386 2697 1523 2751 colla
1553 2698 1890 2766 submittere,

322 2771 408 2824 cui
456 2787 553 2840 per
604 2775 1022 2835 inobedientiam
1081 2798 1190 2839 non
1245 2787 1462 2843 erubuit
1527 2790 1888 2851 recalcitrare.

327 2857 386 2952 Si
411 2877 542 2952 vero
571 2863 734 2936 legati
789 2871 960 2925 nostri
1013 2873 1081 2928 ad
1140 2875 1434 2933 Galliarum
1486 2873 1677 2948 partes
1719 2898 1892 2952 usque

324 2949 387 3003 ad
412 2949 680 3010 Kalendas
701 2955 949 3015 Octobris
969 2961 1148 3027 ierint,
1175 2973 1298 3019 ante
1319 2970 1658 3034 praesentiam
1677 2949 1889 3024 illorum

325 3053 382 3093 se
402 3050 652 3108 paratum
684 3047 752 3100 ad
772 3050 1215 3118 expurgationem
1238 3069 1390 3108 suam
1412 3066 1737 3125 prasentare
1763 3074 1891 3128 pro-

323 3137 489 3185 curet.
531 3131 629 3190 Sin
667 3144 868 3204 autem,
901 3133 970 3195 ad
1004 3140 1348 3200 festivitatem
1379 3145 1633 3203 Omnium
1659 3149 1890 3205 Sancto-

324 3236 441 3275 rum
470 3215 598 3279 a’nte
619 3239 720 3282 nos
744 3242 803 3285 se
830 3233 1261 3311 expurgandum,
1302 3238 1451 3291 omni
1477 3241 1763 3294 occasione
1796 3255 1886 3294 re»

323 3325 484 3380 mota,
509 3327 814 3386 praesentet.

388 3401 522 3482 Data
579 3405 786 3474 Romae,
831 3419 1028 3490 quarto
1081 3410 1263 3472 Nonas
1329 3414 1562 3483 Martii,‘
1595 3418 1884 3476 indictione

319 3489 525 3549 decima
557 3496 735 3552 tertia.

835 3589 1168 3648 EPISTOLA
1202 3594 1358 3680 .LVII.

885 3697 915 3734 Δ
925 3695 956 3732 ι)
976 3745 980 3750 _
999 3696 1310 3737 FESULANOS.

907 3770 1086 3841 (Anno
1107 3774 1288 3844 ιιι-15.)

316 3849 560 3941 Increpat
615 3874 702 3941 eos
767 3862 906 3932 quod
953 3867 1231 3941 super/luis
1284 3870 1648 3941 qamrimoniia
1699 3880 1879 3941 contra

381 3939 525 4002 suurn
591 3937 887 4002 episcOpum
949 3937 1236 4002 repetendis
1290 3937 1542 3994 Ecclesia:
1601 3939 1880 3995 Fesulana:

380 3994 578 4078 damna
620 3994 886 4078 inferant.
952 3994 1098 4078 (lude
1148 4006 1224 4065 eis
1285 4007 1554 4078 silentium
1615 3994 1878 4078 imponit;

375 4067 644 4186 :‘eﬁautcm
688 4067 833 4122 nullo
873 4071 1025 4124 modo
1065 4088 1346 4140 passurum
1382 4077 1655 4135 ecclesiam
1687 4067 1876 4135 'a'evas;

377 4217 686 4280 Gnsaonws
710 4225 1014 4297 episcopus,
1046 4245 1235 4286 servus
1260 4247 1540 4288 servorum
1565 4234 1681 4300 Dei,
1701 4235 1875 4292 Ἐρευτ

312 4308 434 4366 lano
477 4311 628 4366 clero
671 4321 726 4368 et
762 4317 1000 4384 populo,
1072 4318 1370 4388 majoribus
1420 4322 1668 4377 videlicet
1716 4333 1877 4395 atque

311 4400 633 4468 minoribus,
657 4404 892 4487 salutem
907 4417 962 4461 et
983 4410 1331 4478 apostolicam
1360 4412 1805 4470 benedictionem.

2500 2006 2831 2063 EPISTOLA
2868 2006 3045 2061 LVIII.

2154 2136 2157 2138 -
2185 2115 2252 2154 AD
2282 2114 2548 2154 IANASSEN
2585 2115 2859 2155 REHENSEM
2891 2115 3354 2156 ARCHIEPISCOPUN‘.

2532 2195 2758 2281 .‘(Anno
2798 2209 2980 2281 1075.)

1999 2299 2068 2356 Ut
2110 2298 2506 2371 liceiomemem
2539 2301 2836 2370 episcopum
2881 2301 2973 2371 ad,
3001 2300 3317 2371 Brugcnscm
3361 2302 3571 2364 villam,

2063 2388 2096 2422 a
2135 2369 2479 2437 Trajectensis
2528 2371 2757 2438 episcOpi
2796 2369 3169 2437 jurisdictione
3222 2382 3470 2439 ereptam,
3519 2375 3569 2429 si

2063 2439 2118 2492 id
2141 2439 2242 2491 sibi
2264 2439 2587 2509 constiterit,
2614 2439 2991 2509 restituendum
3020 2438 3330 2509 compellat,
3369 2443 3416 2492 si
3438 2443 3564 2509 quid

2061 2517 2232 2561 autem
2252 2507 2394 2574 juris
2418 2523 2472 2559 se
2492 2506 2864 2576 putathabere,
2893 2509 2947 2560 in
2967 2507 3164 2576 synodo
3186 2523 3401 2561 causam
3417 2506 3566 2578 agat.

2061 2595 2366 2650 Caesonius
2385 2593 2706 2664 episcopus,
2742 2609 2932 2649 servus
2979 2609 3260 2660 servorum
3300 2593 3416 2661 Dei,
3447 2594 3564 2649 ΜΑ-

1993 2701 2166 2741 nassa-z
2214 2684 2468 2738 Remensi
2501 2684 2931 2755 archiepiscopo,
2965 2686 3194 2741 salutem
3227 2693 3280 2740 et
3301 2686 3563 2756 apostoli-

2194 2194 2417 2210 *Δ

1953 2775 1955 2777 ’
1993 2791 2112 2832 eam
2137 2775 2582 2830 benedictionem.

1995 2855 2006 2868 ⁸
2061 2864 2366 2920 Confratris
2416 2866 2593 2919 nostri
2644 2863 3010 2935 Trajectensis
3071 2865 3311 2936 episcopi
3375 2866 3564 2922 Wilel-

1992 2955 2068 3009 mi
2098 2954 2246 3026 (574)
2270 2954 2546 3024 querelam
2578 2954 2646 3009 de
2668 2953 2931 3025 Brugensi
2969 2955 3229 3023 Ecclesia,
3266 2955 3323 3009 in
3360 2955 3563 3010 Novio-

1992 3045 2167 3102 mensi
2201 3045 2475 3115 episcopio
2505 3044 2606 3100 sita
2657 3045 2851 3100 litteris
2886 3046 3054 3116 ipsius
3078 3046 3378 3116 expositam
3392 3055 3564 3101 'acce-

1991 3138 2191 3208 pimus,
2223 3151 2388 3207 quam
2441 3145 2496 3191 et
2538 3145 2664 3192 ante
2692 3137 2972 3192 dominum
3014 3145 3067 3192 et
3108 3137 3565 3207 praedecessorem

1989 3237 2238 3283 nostrum
2288 3241 2482 3302 papam
2528 3228 2892 3283 Alexandrum
2949 3230 3275 3298 depositam,
3335 3231 3566 3285 necdum

1986 3319 2310 3388 competenti
2346 3317 2577 3376 termino
2617 3320 2844 3392 contigit
2871 3320 3103 3374 deﬁniri.
3144 3321 3352 3374 Astruit
3383 3331 3561 3375 autem

1984 3393 2269 3479 cpiseOpus
2306 3406 2666 3477 Trajectensi's
2689 3409 2932 3463 eamdem
2957 3409 3255 3466 Eeclcsiam
3279 3411 3564 3466 traditione

1985 3499 2204 3569 antiqua
2254 3497 2368 3554 sedi
2411 3499 2862 3569 suae-delegatam
2907 3500 3155 3556 ducentis
3198 3499 3367 3556 ferme
3405 3501 3564 3556 annis

1984 3591 2224 3646 absolute
2245 3599 2299 3645 et
2318 3589 2496 3659 quiete
2512 3587 2733 3645 ad'usus
2755 3590 3132 3659 stipendiarios
3177 3592 3561 3648 canonieorum

1984 3681 2410 3752 Trajeetensium
2432 3681 2725 3754 detentam,
2753 3682 2927 3736 donec
2948 3681 3160 3737 Raboth
3183 3681 3564 3740 Noviomensis

1981 3774 2296 3842 episcOpus,’
2315 3772 2520 3840 absque
2558 3771 2666 3824 ullo
2712 3773 2977 3834 canonico
3002 3773 3230 3842 judicio,
3288 3773 3392 3828 sibi
3439 3789 3562 3830 eam

1980 3847 2270 3931 subripuit,
2318 3869 2392 3926 et,
2422 3869 2484 3914 ut
2520 3860 2789 3915 aﬁirmant
2824 3862 2982 3931 legati
3018 3863 3192 3932 (quod
3235 3865 3454 3934 gravius
3480 3875 3563 3919 est

1980 3961 2036 4009 et
2057 3952 2280 4017 omnino
2311 3952 2602 4022 illicitum),
2627 3953 2779 4007 alteri
2822 3952 3037 4007 cuidam
3077 3954 3274 4009 clerico
3299 3955 3556 4019 vendidit.

1980 4044 2319 4113 Quapropter
2361 4043 2760 4113 suﬁ‘raganeum
2803 4052 2956 4097 tuum
2998 4041 3413 4098 Noviomensem
3447 4044 3559 4112 epi-

1979 4148 2203 4201 scopum
2229 4147 2324 4200 pcr
2355 4141 2406 4186 te
2437 4133 2868 4188 conveniendum
2899 4148 3018 4189 esse
3041 4134 3370 4201 censuimus,
3406 4142 3460 4187 et
3492 4135 3558 4186 de

1977 4231 2126 4284 tanta
2147 4222 2517 4292 perversitate,
2572 4223 2742 4278 si'ita
2774 4238 2895 4278 esse
2939 4223 3261 4288 constiterit,
3314 4223 3558 4280 severius

1979 4313 2386 4384 increpandum,
2423 4328 2486 4377 ac
2523 4313 2749 4371 subinde
2789 4314 3208 4382 admonendum,
3251 4315 3360 4369 imo
3393 4315 3557 4370 etiam

1978 4404 2424 4474 compellendum,
2452 4414 2512 4460 ut
2538 4421 2808 4462 canonum
2845 4414 3049 4461 statuta
3071 4407 3367 4476 sequendo,
3394 4407 3559 4460 eccle-

374 4489 637 4548 Miramur
688 4495 822 4550 satis
861 4497 1005 4565 quod
1049 4499 1117 4552 de
1155 4515 1338 4557 causa
1366 4500 1877 4576 [msmundi['1‘-ms-
1909 4516 1952 4572 ι)
1977 4495 2113 4549 siam
2141 4494 2561 4565 Trajectenscm,
2594 4513 2716 4574 qum
2737 4506 2886 4552 tanto
2916 4506 3156 4564 tempore
3193 4497 3432 4564 possedit
3458 4513 3555 4551 sua

310 4579 520 4653 mundi]
561 4583 801 4653 episcopi
850 4588 1014 4641 vestri
1071 4587 1329 4644 Romanae
1379 4590 1632 4649 Ecclesia
1681 4596 1876 4652 sufﬁcit

307 4670 627 4738 quibusdam
664 4681 902 4728 vestrum
933 4689 1040 4728 non
1080 4676 1340 4745 sufﬁcere,
1373 4689 1426 4734 et
1455 4684 1870 4754 querimoniam,

306 4759 489 4814 multis
511 4776 576 4816 ac
596 4760 868 4820 diuturnis
893 4763 1351 4838 inquisitionibus,
1378 4773 1488 4828 imo
1511 4772 1707 4830 divinis
1727 4779 1870 4834 indi-

306 4849 402 4906 ciis
430 4851 498 4906 ad
527 4852 691 4908 ﬁnem
717 4856 1052 4932 perductam,
1090 4862 1376 4931 superﬁuis
1413 4863 1871 4932 disputationibus

306 4866 402 4906 cus
430 4866 498 4906 ad
527 4866 691 4908 tinem
717 4866 917 4925 perduc
979 4876 1052 4925 ιιι,
1090 4866 1376 4931 superﬁuis
1413 4866 1869 4932 disputationibus

304 4951 566 5046 repetere,
601 4952 656 5046 et
680 4947 758 5002 sic
798 4866 1078 5046 Pes-uina;
1109 4951 1361 5014 Ecclesia:
1391 4963 1515 5021 post
1547 4956 1737 5027 longas
1772 4961 1869 5014 tri-

305 5029 608 5090 bulationes
642 5035 790 5104 ipsas
821 5029 1081 5108 reliquias
1122 5057 1463 5099 consumere.
1492 5046 1548 5102 Si
1584 5051 1727 5104 enim
1757 5052 1870 5121 epi-

306 5135 500 5193 scopus
519 5125 766 5182 omnium
788 5143 909 5197 qua:
929 5129 1031 5186 sibi
1062 5131 1270 5200 objecta
1285 5129 1547 5192 suntreus
1576 5147 1867 5207 teneretur,

304 5219 356 5263 ct
379 5214 565 5269 divino
595 5216 802 5285 judicio
827 5226 988 5287 atque
1019 5221 1255 5286 humana
1279 5227 1677 5282 examinatione
1710 5230 1869 5284 inno-

304 5311 426 5353 cens
465 5316 570 5357 nos
605 5301 1014 5374 approbaretur,
1063 5309 1275 5366 deceret
1303 5321 1481 5366 tamen
1506 5329 1601 5368 vos
1641 5325 1868 5370 matrem

304 5396 556 5458 vestram,
609 5391 932 5454 Fesulanam
961 5399 1209 5455 videlicet
1243 5401 1556 5466 Ecclesiam,
1592 5419 1712 5472 qua:
1760 5422 1866 5460 non

301 5475 558 5546 peccavit,
592 5479 890 5545 immunem
914 5487 1208 5560 custodire,
1231 5499 1285 5542 et
1313 5489 1601 5549 vindictam
1638 5507 1868 5560 peccan-

303 5564 372 5620 tis
419 5568 475 5630 in
523 5569 910 5647 detrimentum
945 5576 1428 5649 confusionemque
1462 5581 1682 5634 minime
1731 5597 1863 5637 eon-

1978 4588 2369 4656 exspoliatione
2395 4587 2514 4642 sine
2534 4602 2684 4642 mora
2720 4587 2940 4642 inducat
2962 4585 3288 4658 [reinducat]
3311 4602 3376 4642 ac
3401 4596 3554 4657 post-

1978 4694 2062 4743 ea,
2094 4679 2138 4732 si
2180 4679 2309 4748 quid
2342 4678 2504 4734 habet
2527 4671 2673 4746 quad
2708 4675 2832 4745 jure
2879 4686 3264 4746 conqueratur,
3311 4676 3553 4747 synodali

1971 4768 2178 4839 judicio
2203 4768 2504 4834 disceptare
2549 4766 2859 4827 contendat.
2909 4766 3063 4834 Quod
3100 4766 3148 4821 si
3179 4767 3266 4820 hic
3314 4765 3566 4819 auctori;

1975 4858 2071 4919 tati
2107 4864 2308 4911 nostra:
2329 4851 2412 4911 vel
2445 4858 2667 4913 monitis
2695 4858 2804 4913 tuis
2831 4859 3203 4925 obtemperare
3233 4855 3550 4925 neglexerit,

1957 4948 2162 5009 'tandiu
2196 4948 2488 5018 episcopali
2524 4951 2763 5019 privetur
2797 4947 2992 5010 oﬁieio,
3036 4947 3392 5016 quoadusque
3423 4964 3554 5001 eau-

1971 5057 2062 5097 sas
2099 5041 2495 5096 ecclesiasticas
2545 5055 2651 5093 non
2703 5037 2957 5108 potentia:
3014 5039 3405 5109 magnitudine,
3457 5041 3552 5108 sed

1965 5132 2190 5202 iustitiae
2243 5146 2489 5195 censura,
2527 5130 2670 5202 ﬁniri
2727 5138 2976 5199 oportere
3033 5130 3309 5184 doceatur.
3377 5127 3549 5199 Hujus

1971 5237 2100 5291 ergo
2141 5221 2340 5292 negotii
2382 5221 2711 5284 decisionem
2745 5236 2843 5290 per
2877 5231 2928 5275 te
2958 5220 3198 5275 studiose
3234 5228 3288 5274 et
3322 5219 3551 5287 impigre

1971 5312 2224 5365 volumus
2254 5311 2556 5381 adimpleri,
2591 5323 2645 5366 et
2675 5312 2868 5367 litteris
2905 5310 3125 5363 inditam
3152 5311 3308 5363 nobis
3351 5324 3514 5378 quam
3544 5336 3550 5344 -

1973 5402 2134 5458 citius
2157 5404 2360 5472 poteris
2389 5405 2675 5457 notiﬁcari.

2043 5492 2176 5546 Data
2235 5493 2459 5559 Romae,
2517 5492 2675 5546 tertio
2732 5490 2915 5546 Nonas
2967 5491 3204 5554 Martias,
3250 5485 3543 5563 indictione

1968 5583 2173 5635 decima
2214 5583 2385 5636 tertia.

369 5719 516 5793 (³⁷4)
581 5721 659 5777 De
721 5719 1365 5812 wludum'l'rajectcnsi
1429 5717 1692 5816 episcopo.
1746 5736 1866 5792 vide
1903 5735 2250 5790 Lambcrtum
2280 5753 2419 5791 anno
2453 5737 2610 5792 1076.
