4218 6392
321 393 439 447 M3

319 595 657 650 suetudinis.
695 594 922 652 Ratione
945 598 1107 668 igitur
1120 600 1346 669 justitia:
1368 604 1450 659 his
1477 606 1544 660 de
1570 593 1750 664 causis
1777 625 1900 664 sen-

318 683 517 742 tentia
552 683 607 737 in
665 693 718 738 te
765 695 908 740 esset
954 688 1444 757 animadvertenda,
1495 696 1586 749 scd
1627 699 1900 764 parcimus

319 779 556 839 propter
577 771 800 826 senilem
822 782 1054 839 aetatem,
1093 784 1146 829 et
1182 778 1310 847 quia
1345 780 1699 836 charissimus
1736 783 1902 840 frater

321 869 523 917 noster
541 858 903 916 llerimannus
943 861 1198 918 Metensis
1229 867 1536 937 episcopus,
1572 879 1677 923 tua:
1718 869 1901 926 Eccle-

320 945 427 1000 sia:
462 947 640 1013 lilius,-
655 958 708 1003 te
729 951 958 1004 multum
986 953 1128 1021 apud
1164 969 1266 1008 nos
1288 959 1586 1022 excusavit,
1629 959 1902 1028 imputans

319 1032 456 1088 aliis
477 1050 814 1106 quacunque
840 1054 1001 1108 super
1028 1041 1114 1095 his
1141 1043 1280 1097 male
1301 1045 1634 1114 disposueris
1668 1063 1900 1116 quorum

321 1123 564 1177 consilio
588 1124 720 1180 uSus
747 1126 944 1193 fueris;
989 1144 1400 1188 commonemus
1422 1149 1550 1204 ergo
1591 1147 1640 1189 te
1679 1145 1901 1204 aposto-

319 1209 436 1265 lica
457 1215 779 1269 auctoritate
800 1225 860 1269 ut
881 1217 1011 1285 quid
1032 1220 1207 1288 egeris
1230 1224 1495 1287 attendas,
1539 1234 1593 1278 et
1634 1226 1902 1294 judicium

323 1299 398 1353 ad
425 1301 574 1368 quod
605 1317 859 1371 properas
882 1319 1226 1374 expavescas,
1257 1318 1311 1364 et
1334 1313 1565 1380 amplius
1586 1313 1816 1367 desistas
1836 1313 1904 1366 ab

322 1385 651 1456 hujusmodi
702 1395 1258 1462 transgressionibus,
1301 1409 1356 1453 et
1397 1401 1450 1453 in
1491 1403 1904 1471 quibuscunquc

321 1477 540 1544 poteris
584 1479 801 1534 studeas
841 1484 1129 1552 corrigere,
1175 1485 1672 1560 immutandoqna:
1707 1493 1900 1561 egeris.

322 1563 685 1635 Precipimus
702 1570 865 1625 etiam
887 1581 944 1625 ut
967 1574 1258 1631 admoneas
1277 1586 1333 1631 et
1359 1593 1612 1650 coerceas
1631 1596 1905 1649 quoscun-

322 1669 439 1724 que
469 1657 612 1710 sacri
637 1659 843 1714 Ordinis
869 1661 1145 1718 ministros
1173 1674 1320 1720 caste
1354 1668 1532 1723 vivere
1562 1677 1615 1723 et
1651 1671 1907 1725 concubi—

323 1757 434 1798 nas
457 1741 680 1800 omnino
707 1747 1096 1818 derelinquere,
1121 1761 1176 1806 et
1195 1757 1493 1810 extermina
1515 1757 1688 1823 nefas,
1713 1774 1906 1813 secun-

323 1832 461 1886 dum
485 1833 707 1890 Patrum
736 1839 1096 1905 traditionem,
1134 1845 1279 1912 quod
1314 1848 1646 1916 temporibus
1687 1850 1903 1903 moder—
1938 1833 1980 1886 Β

323 1923 417 1977 nis
444 1923 668 1978 inolevit
697 1941 762 1980 ex
796 1929 1161 1984 taciturnitate
1190 1943 1490 2000 pastorum,
1523 1951 1590 1989 ne
1615 1952 1739 1990 cum
1765 1939 1904 1990 male

324 2013 686 2084 operantibus
743 2025 961 2085 propter
1005 2019 1277 2074 silentium
1325 2023 1639 2088 damneris,
1693 2035 1747 2078 et
1801 2026 1902 2094 ipsi

323 2107 547 2154 aeterna:
571 2103 762 2156 mortis
785 2103 1064 2160 incurrant
1090 2107 1406 2176 periculum.
1449 2109 1798 2180 Compertum
1820 2121 1905 2166 est

325 2185 492 2240 nobis
529 2195 584 2242 te
621 2192 977 2246 contumelias
1017 2195 1377 2261 quorumdam
1407 2198 1634 2253 consilio
1659 2198 1903 2253 intulisse

325 2273 513 2328 abbati
549 2276 615 2330 de
639 2287 828 2332 sancto
853 2278 1090 2334 lluberto
1112 2281 1391 2355 [lmberto]
1422 2296 1642 2354 prepter
1674 2288 1903 2357 privile-

325 2363 481 2432 gium
506 2366 653 2434 quod
697 2382 729 2420 a
768 2369 924 2422 nobis
966 2371 1235 2439 suscepit;
1270 2375 1362 2426 sed
1398 2389 1721 2430 excusemus
1754 2391 1900 2440 eum,

326 2455 478 2522 quod
500 2465 692 2510 contra
716 2458 1097 2513 detrimentum
1131 2470 1184 2514 et
1217 2462 1476 2518 honorem
1505 2465 1756 2526 Ecclesiae
1797 2477 1903 2522 tua:

326 2541 468 2595 nihil
490 2542 708 2608 fecerit;
734 2545 873 2598 unde
895 2554 948 2601 te
969 2557 1252 2605 monemus
1282 2561 1336 2606 et
1375 2568 1628 2624 rogamus
1676 2565 1736 2610 ut
1777 2573 1901 2627 per-

327 2629 519 2682 mittas
563 2631 790 2686 eumvin
832 2640 961 2702 pace
994 2643 1048 2688 et
1094 2636 1146 2691 in
1202 2641 1350 2692 omni
1394 2645 1798 2712 tranquillitate.
1845 2646 1903 2701 ln

325 2715 556 2772 dioecesi
583 2719 746 2774 etiam
779 2730 870 2774 tua
904 2721 1242 2783 Manucensis
1267 2726 1666 2804 [Naniucensis]
1691 2736 1904 2790 comitis

326 2805 620 2861 ecclesiam
650 2824 812 2877 quam
856 2811 1032 2867 adhuc
1072 2829 1392 2874 consecrare
1416 2820 1696 2888 distulisti,
1740 2837 1901 2893 roga-

329 2913 459 2953 mus
480 2907 539 2950 ut
559 2913 872 2966 consecres;
910 2902 955 2954 si
991 2918 1117 2956 vero
1148 2920 1215 2959 ex
1246 2907 1522 2962 debilitate
1562 2913 1806 2980 corporis
1848 2914 1902 2968 id

328 2998 494 3057 agere
521 2988 850 3057 nequiveris,
887 2993 1160 3047 committe
1206 2993 1345 3049 hanc
1389 2997 1743 3053 obedientiam
1773 3001 1903 3054 cha-

328 3076 556 3129 rissimo
580 3076 693 3130 lilio
735 3071 920 3132 nostro
945 3078 1166 3134 διειρησί
1208 3084 1482 3154 episcopo.
1530 3087 1684 3152 Quod
1714 3090 1758 3143 si
1793 3106 1900 3145 non

286 3195 296 3203 -
328 3161 702 3229 acquieveris,
725 3165 929 3232 justam
971 3175 1027 3219 et
1069 3169 1440 3224 rationabilem
1477 3188 1697 3227 causam
1736 3175 1906 3244 quare

329 3247 608 3301 dimiseris
637 3250 922 3304 rescribas.
968 3250 1038 3323 Et.
1066 3254 1192 3322 quia
1222 3255 1276 3331 ip
1303 3265 1542 3311 extremo
1571 3260 1768 3315 videris
1805 3277 1904 3331 po-

329 3335 495 3399 situs,
523 3334 761 3390 fraterna
784 3339 1158 3409 compassione
1191 3327 1360 3413 d’ucﬁ,
1396 3346 1719 3400 auctoritate
1761 3327 1901 3405 δέειιί

328 3421 479 3477 Petri
506 3426 872 3493 apostolorum
894 3428 1152 3498 principis
1169 3431 1515 3506 absolvimus
1548 3443 1597 3488 te
1619 3451 1648 3488 a
1669 3439 1903 3504 peccatis

330 3515 465 3577 tuis,
506 3525 561 3568 et
601 3513 886 3572 Dominum
929 3533 1025 3586 pro
1065 3527 1116 3572 te
1157 3515 1463 3588 exoramus,
1500 3534 1560 3579 ut
1601 3527 1902 3582 interventu

331 3605 621 3663 beatorum
644 3607 1011 3673 apostolorum
1032 3608 1170 3663 inter
1188 3595 1385 3666 electos
1410 3624 1670 3667 aeternum
1697 3630 1904 3670 merea-

332 3693 412 3749 τῖε
431 3693 792 3748 consortium.

405 3779 547 3835 Data
580 3780 785 3848 Rom,
821 3784 1031 3839 decimo
1068 3767 1332 3844 Kalendas
1373 3790 1590 3859 Aprilis,
1614 3791 1904 3848 indictione

334 3869 553 3926 declina
582 3873 757 3925 tertia.

848 3979 1187 4056 ‘EPISTOLA
1232 3983 1389 4040 LXII.

550 4080 618 4118 ΑΙ)
654 4079 945 4120 διειιΑιιιιωι
976 4083 1262 4122 EPISCOPUI
1294 4081 1688 4133 AQUILBIENSEI.

917 4156 1093 4224 (Anno
1145 4159 1325 4227 1075.)

496 4242 574 4295 nit
611 4251 809 4295 statuta
842 4244 898 4295 in
931 4245 1150 4297 concilio
1187 4256 1368 4299 contra
1415 4249 1810 4302 concubinurios
1850 4259 1899 4303 et

450 4313 739 4367 imom'acos
791 4311 1024 4368 clericos.
1063 4313 1315 4384 Praecipit
1363 4326 1419 4371 ut
1468 4334 1529 4372 ea
1576 4319 1771 4372 servari
1810 4335 1901 4372 cu-

406 4393 512 4436 ret.

321 4501 328 4506 '
405 4492 719 4547 ϐιιεωιιιιε
753 4491 1058 4562 episcOpus,
1101 4509 1292 4552 servus
1333 4512 1609 4553 servorum
1654 4498 1768 4565 Dei,
1816 4498 1931 4554 St-'

335 4593 553 4635 cunno
568 4577 723 4632 fratri
744 4581 1064 4650 coepiscopo
1080 4583 1431 4654 Aquileietisi,
1444 4587 1671 4647 salutem
1691 4597 1745 4643 et
1767 4605 1901 4658 apo-

336 4671 590 4726 stolicam
627 4669 1068 4728 benedictionem.

406 4760 785 4815 Fraternitatis
831 4767 938 4813 tuae
975 4763 1312 4828 prudentiam
1355 4766 1519 4841 latere
1562 4784 1670 4822 non
1712 4769 1901 4834 debet,

335 4863 519 4921 neque
554 4851 630 4905 tui
652 4850 856 4906 ordinis
892 4850 1204 4919 dignitatem
1241 4854 1485 4921 ignorare
1531 4867 1742 4925 oportet
1783 4875 1904 4928 quae

337 4948 545 4994 statuta
574 4957 799 5011 quaque
820 4941 1035 4995 decreta
1053 4941 1108 4994 in
1133 4950 1350 5009 peracto
1372 4944 1600 4999 concilio
1624 4950 1905 5014 praeteritae

338 5029 779 5101 Quadragesimaz
819 5030 1046 5086 concilio
1088 5029 1421 5085 confratrum
1478 5042 1791 5089 nostrorum
1840 5053 1905 5090 ac

341 5121 514 5172 totius
552 5130 847 5176 conventus
867 5134 1112 5185 assensu,
1155 5128 1438 5189 sequentes
1459 5131 1771 5176 sanctorum
1803 5125 1905 5178 Pa-

341 5213 511 5259 trum.
544 5210 952 5277 auctoritatem,
1007 5209 1312 5265 statuimus.
1368 5207 1711 5265 Decrevimus
1757 5214 1903 5267 enim

259 5375 262 5379 ι
341 5294 512 5363 quod,
563 5295 610 5348 si
655 5296 795 5364 quis“
813 5313 1004 5354 eorum
1043 5302 1292 5364 ordinum
1332 5299 1427 5370 qui
1453 5301 1622 5354 sacris
1647 5302 1906 5359 altaribus

345 5381 732 5436 administrant
747 5387 1021 5458 presbyter
1041 5391 1247 5446 scilicet
1263 5391 1543 5458 diaconus,
1574 5406 1799 5446 uxorem
1823 5396 1908 5449 vel

416 5517 821 5612 (armeme,
848 5533 926 5588 sic
961 5537 1054 5591 lib.
1096 5541 1392 5612 i,_epistola
1415 5541 1490 5612 ss
1527 5552 1580 5597 et
1620 5542 1759 5597 infra
1806 5545 1904 5612 70;

349 5597 885 5682 bambertusnaute'm
907 5617 1050 5682 anno
1088 5597 1225 5682 {Q73
1250 5620 1304 5664 et
1332 5611 1465 5682 1974
1510 5612 1655 5665 hunc
1681 5597 1910 5682 appellai

349 5666 613 5725 loiadem.
669 5663 776 5721 Sed
815 5665 1088 5730 Bonlinius
1117 5663 1317 5732 lterum
1337 5663 1908 5752 ιιυὶιέάὲίςέιτῖιὶιῖἑέ

543 481 550 487 ’
1351 401 1551 460 LIBER
1592 407 1970 464 SECUNDUS.
2011 439 2078 449 —
2111 410 2324 470 EPIST.
2369 420 2547 476 LXI".

320 502 1104 598 exemn10tm_antecessorls
1145 512 1544 570 Introduction
1583 533 1734 598 nova:
1770 536 1902 576 con—
1928 526 1975 582 A
1999 531 2356 585 concubinam
2409 534 2588 598 habet,
2645 533 2748 586 nisi
2799 534 2902 588 illis
2944 535 3168 590 omnino
3213 535 3451 594 dimissis
3490 541 3574 594 di-

3467 431 3572 486 ιιι

2001 633 2160 687 gnam
2202 622 2573 689 pmuitcntiam
2615 632 2798 692 agant,
2837 626 3005 678 sacris
3049 626 3311 679 altaribus
3359 637 3573 697 penitus

2001 708 2380 764 administrare
2408 711 2694 775 desistant,
2739 729 2838 767 nec
2879 715 3061 783 aliquo
3100 713 3353 769 Beck-sim
3381 717 3575 770 benefi-

2001 797 2087 851 cio
2107 799 2334 869 ulterius
2360 802 2652 868 potiantur,
2678 803 2791 855 sive
2815 805 2998 875 pptitis
3025 803 3292 858 fruantur.
3321 805 3423 870 Qui
3445 821 3572 859 vero

2004 886 2328 951 Simoniacc,
2363 889 2606 943 videlicet
2633 906 2726 958 per
2765 891 3121 945 interventum
3159 894 3416 963 pecunize,
3447 900 3576 947 sunt

2001 980 2255 1044 promoti,
2280 989 2340 1033 ut
2361 981 2565 1049 absque
2588 982 2692 1038 ulla
2723 998 2817 1050 spe
2841 983 3265 1050 recuperationis
3297 968 3596 1050 depona'u-.

2004 1073 2111 1134 tur,
2140 1072 2434 1138 apostolica
2465 1086 2696 1124 censura
2728 1073 3036 1125 statuimus.
3080 1055 3369 1126 Μοιιριηιιέ
3395 1072 3577 1140 itaque

2003 1167 2076 1224 te,
2104 1161 2451 1215 dilectissime
2479 1161 2646 1214 frater
2669 1170 2724 1214 et
2755 1162 3090 1230 coepiscopo,
3130 1161 3240 1214 imo
3277 1162 3573 1230 apostolica

2004 1251 2100 1304 tibi
2148 1253 2467 1306 auctoritate
2510 1253 2870 1320 pnccipieudo
2935 1251 3254 1304 mandamus
3302 1261 3360 1304 ut
3407 1258 3463 1302 tu
3518 1249 3571 1303 in

2004 1341 2222 1395 dimcesi
2260 1351 2350 1394 tua
2385 1341 2723 1395 Siniouiacos
2769 1342 2990 1394 omnino
3017 1343 3274 1409 deponas,
3311 1349 3364 1393 et
3405 1339 3576 1392 forni—

2005 1432 2282 1485 caloribus
2318 1431 2550 1494 clericis,
2598 1430 2698 1483 nisi
2739 1445 2768 1482 a
2803 1429 3160 1483 fornicatione
3193 1429 3573 1490 abstinuerint,

2005 1517 2225 1586 przrfata
2268 1518 2575 1580 conditione
2625 1518 2857 1570 ollieium
2891 1527 2943 1571 ct
2989 1518 3308 1573 beneficium
3359 1518 3575 1586 penitus

2007 1608 2312 1672 interdictis,
2361 1618 2415 1663 et
2461 1608 2830 1676 sull‘raganeos
2883 1617 3025 1672 tuos,
3071 1609 3184 1662 sive
3225 1608 3416 1661 litteris
3467 1608 3574 1660 tuis

2007 1699 2118 1753 sive
2152 1700 2269 1752 viva
2307 1714 2434 1753 voce
2475 1700 2541 1752 ad
2584 1708 2635 1752 te
2672 1709 3038 1764 convoratos,’
3071 1707 3128 1751 ut
3185 1699 3325 1751 idem
3376 1696 3576 1750 faciant
3615 1695 3618 1700 ’

2007 1806 2220 1845 summa
2251 1802 2374 1843 cum
2398 1790 2671 1858 diligentia
2708 1805 2951 1843 moneas.

2077 1879 2210 1932 Data
2248 1879 2451 1943 Rouia',
2483 1879 2695 1953 decimo
2737 1877 3001 1932 Kalendas
3044 1877 3261 1946 Aprilis,
3286 1874 3575 1930 indictione

2003 1968 2210 2023 decima
2247 1970 2420 2021 tertia.

2520 2115 3058 2189 EPISTOLALKIII.

2366 2265 2432 2303 AD
2465 2264 2669 2308 GEl'sA!
2707 2263 2986 2302 lllJNGAl'HE
3021 2261 3214 2301 ιιυεειι.

2578 2379 2758 2446 (Anno
2817 2374 3000 2446 1075.)

2005 2490 2344 2545 Commendat
2386 2505 2506 2542 eum
2547 2490 2609 2542 ob
2663 2505 2743 2541 res
2786 2486 3038 2556 prwrlare
3089 2495 3302 2556 gestes.
3335 2485 3574 2539 Ostendit

2078 2558 2369 2629 "auguria;
2405 2575 2622 2629 regnant
2646 2574 2744 2610 non
2770 2553 2871 2609 nisi
2900 2553 3146 2629 Romanu:
3179 2553 3427 2629 Ecclesire
3451 2558 3542 2629 sub
3570 2586 3573 2587 ν

2064 2623 2222 2696 Ῐὶεὶξ
2243 2639 2289 2680 et
2342 2623 2528 2682 {nerito
2575 2627 2686 2694 ejus
2720 2625 3190 2696 consanguineum,
3231 2626 3319 2693 qui
3360 2623 3499 2696 illud
3539 2641 3573 2674 α

2077 2696 2474 2750 Teutonicorum
2510 2713 2623 2763 rege
2660 2705 2947 2762 acceperat,
2987 2710 3044 2746 eo
3069 2694 3242 2812 [uisse
3287 2694 3565 2761 privatum.

2077 2765 2336 2812 "artatur
2365 2766 2435 2812 ad
2474 2766 2811 2812 ecclesiarum
2856 2779 3036 2812 curam
3085 2761 3358 2812 tubettdam
3419 2769 3466 2812 ct
3501 2760 3565 2811 ad

2074 2765 2336 2818 Hortatur
2365 2766 2435 2818 ad
2474 2759 2811 2817 ecclesiarum
2856 2759 3036 2815 curam
3069 2759 3358 2813 habendum
3419 2769 3466 2813 ct
3501 2759 3569 2811 ad

2073 2834 2418 2886 obedientiam
2453 2832 2755 2901 apostolicis
2791 2832 2975 2900 legatis
3010 2828 3381 2898 prwstandam.

2073 2962 2377 3017 CREGORIUS
2401 2959 2708 3032 episcopus,
2746 2974 3235 3015 scrvusscrvorum
3273 2956 3367 3010 Dei
3400 2957 3569 3025 (576),

2003 3051 2195 3107 Causa:
2241 3051 2530 3123 llungariae
2567 3051 2712 3117 duci,
2745 3051 2974 3104 salutem
3003 3057 3058 3103 et
3090 3048 3438 3118 apostolicam
3475 3047 3569 3101 bc-

1931 3137 1972 3215 C
2006 3142 2401 3197 nedictioucm-

2020 3251 2220 3305 ..Licct
2243 3267 2339 3320 per
2373 3252 2597 3320 legatos,
2632 3265 2770 3319 quos
2798 3251 3002 3319 pridem
3049 3249 3115 3302 ad
3159 3263 3260 3302 nos
3303 3248 3569 3312 direxisti,

2003 3341 2312 3395 miserimus
2338 3341 2433 3394 tibi
2458 3342 2685 3404 litteras,
2717 3355 2856 3408 quas
2879 3344 3114 3410 nondum
3147 3346 3198 3391 te
3227 3337 3426 3393 asseris
3449 3351 3572 3406 pcr-

2001 3432 2228 3500 ecpisse,
2272 3431 2465 3485 iterum
2505 3440 2683 3484 tamen
2727 3445 2825 3497 pro
2872 3428 3158 3484 charilatis
3193 3426 3430 3491 all'ectu,
3463 3442 3570 3496 qua

2002 3537 2190 3577 omnes
2214 3538 2364 3592 rcges
2398 3530 2451 3575 et
2485 3521 2753 3590 principes
2776 3531 2834 3573 ut
2857 3521 2994 3574 filios
3025 3518 3399 3582 admouemus,
3437 3517 3572 3571 scri-

2001 3612 2181 3666 bimus
2207 3614 2272 3666 ad
2309 3623 2359 3666 te
2390 3612 2759 3666 desiderantes
2788 3611 2882 3664 tibi
2915 3625 3040 3664 cum
3063 3607 3275 3677 justitia
3315 3622 3572 3676 quaeuti-

2001 3718 2107 3772 que
2147 3711 2272 3756 sunt
2302 3701 2525 3756 honoris
2555 3709 2608 3754 ct
2652 3700 2854 3768 gloriae.
2900 3700 3062 3754 Multa
3097 3698 3295 3767 quippe
3328 3698 3470 3752 bona
3503 3696 3572 3750 de

2002 3802 2056 3850 te
2093 3785 2224 3849 mihi
2270 3798 2434 3849 relata
2477 3801 2820 3859 sunt,-atque
2847 3806 2911 3844 ex
2955 3790 3064 3844 tuis
3101 3789 3310 3844 actibus
3345 3787 3571 3840 honesta

2002 3884 2144 3940 fama
2171 3887 2236 3939 ad
2268 3901 2427 3940 aures
2458 3893 2673 3938 nostras
2703 3897 2875 3950 usque
2911 3879 3182 3949 pervenit;
3231 3891 3330 3946 pro
3373 3873 3572 3943 quibus

1999 3976 2274 4044 diligimus
2315 3985 2387 4038 te,
2422 3984 2477 4028 et
2512 3974 2761 4039 cupimus
2785 3979 2844 4023 ut
2867 3970 3009 4022 fama
3053 3981 3178 4020 cum
3222 3965 3300 4018 rei
3345 3963 3571 4016 veritate

2000 4078 2216 4131 semper
2243 4063 2516 4116 ascendat.
2574 4059 2771 4112 Notum
2812 4066 2994 4110 autem
3017 4055 3113 4109 tibi
3134 4067 3254 4108 esse
3298 4051 3571 4106 credimus

2000 4163 2225 4220 regnum
2277 4149 2584 4219 Hungarize,
2621 4147 2762 4201 sicut
2799 4154 2853 4198 ct
2890 4145 2994 4198 alia
3039 4142 3373 4197 nobilissima
3407 4155 3568 4208 regna

2000 4238 2053 4291 in
2079 4238 2311 4308 propriae
2334 4236 2598 4291 libertatis
2623 4244 2766 4290 statu
2796 4235 2991 4288 debere
3012 4248 3154 4298 esse,
3197 4239 3252 4284 et
3293 4230 3423 4284 nulli
3458 4229 3569 4298 regi

2001 4329 2224 4382 alterius
2257 4328 2406 4398 regni
2439 4327 2653 4395 subjici,
2686 4326 2788 4380 nisi
2819 4333 3021 4379 sancta:
3053 4332 3107 4378 et
3136 4321 3428 4377 universali
3451 4336 3569 4373 ma-

1932 4441 1978 4496 Ι)
2003 4418 2068 4471 tri
2097 4417 2353 4471 Romana:
2378 4416 2652 4481 Ecclesiae,
2684 4432 2806 4486 qua:
2842 4415 3116 4483 subjectos
3153 4426 3261 4472 non
3307 4412 3466 4464 habet
3508 4417 3573 4486 ut

2003 4523 2211 4574 servos,
2247 4507 2339 4562 sed
2368 4517 2426 4561 ut
2453 4508 2592 4561 filios
2636 4504 2864 4573 suscipit
2903 4504 3205 4557 universos.
3255 4500 3408 4567 Quod
3441 4498 3575 4566 quia

2001 4596 2435 4667 consanguineus
2456 4605 2582 4670 tuus
2604 4611 2634 4651 a
2657 4610 2780 4664 rege
2800 4593 3117 4657 Teutonico,
3142 4607 3246 4646 non
3271 4606 3301 4642 a
3324 4589 3570 4662 Romano

2003 4685 2251 4756 pontifice
2303 4685 2612 4753 usurpative
2655 4683 2906 4748 obtinuit,
2960 4678 3259 4735 dominium
3318 4675 3458 4742 ejus,
3509 4685 3571 4730 ut

2002 4777 2294 4841 credimus,
2329 4775 2568 4830 divinum
2599 4773 2861 4842 judicium
2904 4766 3182 4835 impedivit
3215 4763 3383 4833 (377).
3429 4765 3566 4820 Cum

2002 4865 2131 4919 Vero
2162 4863 2342 4919 res‘in
2387 4863 2636 4915 manibus
2683 4859 2789 4911 tuis
2827 4856 2918 4920 sit,
2955 4856 3239 4909 hortamur
3283 4863 3332 4907 te
3379 4862 3440 4907 ut
3486 4853 3569 4907 in-

1999 4955 2160 5014 terim
2204 4955 2347 5006 circa
2386 4949 2642 5004 ecclesias
2681 4963 2868 5001 curam
2916 4948 3138 5012 habeas,
3170 4949 3312 5002 circa
3355 4946 3568 5013 religio-

2005 5056 2127 5095 nem
2150 5055 2420 5094 summum
2453 5039 2690 5093 studium
2715 5053 2891 5107 geras,
2916 5041 3182 5108 talemque
3208 5038 3565 5092 obedientiam.

2004 5130 2193 5200 legatis
2219 5139 2417 5185 sanctae
2450 5129 2707 5183 Romanae
2736 5129 3008 5194 Ecclesiaa,
3048 5146 3176 5184 cum
3217 5131 3282 5183 ad
3314 5139 3366 5182 te
3405 5142 3566 5182 vene-

2005 5221 2133 5283 rint,
2165 5221 2440 5285 exhibeas,
2477 5227 2745 5288 quatenus
2793 5215 3179 5273 intercessione
3230 5216 3369 5270 beati
3417 5213 3565 5269 Petri

2006 5308 2062 5362 in
2096 5310 2265 5380 gloria
2294 5318 2348 5364 et
2377 5311 2582 5363 honore
2613 5309 2900 5376 utriusque
2927 5309 3064 5363 vita
3082 5304 3350 5374 proficias.

2077 5397 2212 5454 Data
2241 5399 2444 5463 Romae,
2476 5414 2508 5451 ι
2533 5397 2649 5452 Kal.
2674 5397 2891 5466 Aprilis,
2921 5395 3029 5448 ind.
3055 5408 3170 5445 xm.

2011 5557 2140 5598 caue
2158 5541 2254 5595 lib.
2292 5561 2348 5597 ιιι
2382 5553 2436 5597 et
2462 5562 2512 5597 tv
2541 5547 2753 5602 Getsam
2783 5550 2954 5594 vocat.

2083 5613 2228 5680 (577)
2273 5611 2538 5679 Loquitur
2573 5613 2639 5664 de
2680 5611 2965 5680 Salomone
2991 5619 3230 5680 regeLut
3259 5624 3420 5680 supra
3465 5625 3569 5669 θον.

2009 5680 2132 5737 dem
2161 5677 2319 5748 libro,
2348 5677 2573 5753 epistola
2600 5680 2681 5750 l3,
2705 5688 2756 5734 et
2781 5677 2926 5734 infra'
2948 5679 3101 5748 (pisi.
3130 5677 3213 5734 70.
