4218 6434
683 480 788 546 4ιὸ

1187 594 1518 649 EPlSTOLA
1564 593 1746 648 LXIV.

917 705 983 743 AD
1027 705 1217 743 IVONE!
1261 702 1502 742 ABDATEI
1541 701 1725 740 SANCTI
1766 701 2009 740 DIONYSII.

1294 779 1454 833 Anno
1496 778 1676 847 1075.)

695 866 761 922 Ut
791 885 966 922 coram
995 868 1101 920 suis
1129 867 1313 936 legatis
1347 868 1646 936 ad.objecta
1671 875 1852 918 contra
1890 880 2011 936 eum
2043 881 2250 932 respon—

756 937 896 1015 deat,
930 938 1103 1015 eisgne
1128 933 1328 1015 pareat,
1353 935 1429 1015 vel
1452 933 1648 1015 statuto
1685 943 1908 1014 tempore
1945 933 2249 1015 «(aposto-

756 1005 914 1060 licam
950 1003 1335 1058 sedem'veniat.
1388 1004 1603 1058 Interim
1640 1003 1935 1056 animarum
1973 1003 2074 1055 sibi
2111 1017 2252 1054 cont-

759 1076 1045 1126 missarum
1067 1089 1246 1125 curam
1271 1074 1476 1127 habeat.

757 1160 1060 1231 Caesonius
1084 1162 1389 1232 episcopus,
1426 1178 1614 1218 servus
1645 1176 1922 1216 servorum
1954 1159 2072 1225 Dei,
2110 1157 2250 1213 [vom

690 1249 868 1304 abbati
900 1251 1209 1305 monasterii
1240 1251 1420 1306 Sancti
1457 1250 1694 1322 Dionysii
1729 1251 1782 1304 in
1807 1250 2036 1304 Parisio.

763 1337 908 1392 Licet
950 1339 1206 1394 Romana:
1244 1339 1497 1395 Ecclesia;
1544 1341 1944 1395 excusationem
2000 1339 2252 1394 introitus

689 1427 770 1480 tui
811 1427 977 1496 Algisi
1009 1425 1257 1481 monachi
1287 1431 1451 1483 vestri
1487 1430 1645 1483 verba
1679 1429 1998 1499 jampridem
2017 1427 2251 1504 replica-

687 1519 883 1596 verlnt,
927 1519 1051 1575 licet
1089 1535 1156 1574 ex
1195 1529 1348 1590 parte
1411 1521 1566 1577 ﬁdem
1611 1521 1766 1576 nobis
1821 1520 2094 1584 dederint,
2137 1534 2254 1575 cre-

689 1616 926 1663 scentem
947 1618 1121 1664 tamen
1145 1608 1442 1676 infamiam,
1470 1620 1523 1665 et
1549 1625 1720 1680 usque
1741 1610 1808 1665 ad
1833 1609 2010 1664 sedem
2032 1617 2254 1678 aposto-

688 1697 850 1752 licam
869 1699 984 1769 jam
1013 1715 1045 1754 a
1070 1700 1319 1771 pluribus
1351 1701 1604 1767 delatam,
1642 1686 2000 1756 indiscussam
2023 1697 2255 1754 transire

688 1800 790 1840 nec
827 1803 1120 1857 possumus
1160 1804 1261 1843 nec
1305 1789 1580 1845 debemus.
1602 1785 1605 1788 ’
1631 1788 1968 1860 Quapropter
2000 1789 2045 1844 si
2080 1785 2254 1842 conti-

689 1875 828 1943 gerit
857 1876 1040 1930 hacin
1070 1886 1253 1932 testate
1296 1879 1498 1948 legatos
1539 1886 1756 1933 nostros
1803 1878 1870 1932 ad
1909 1885 2091 1946 partes
2135 1874 2254 1928 illas

688 1964 978 2032 proficisci,
1016 1967 1360 2038 praecipimus
1403 1957 1464 2022 ut
1491 1984 1672 2023 coram
1713 1969 1793 2022 eis
1835 1981 2057 2022 causam
2103 1963 2254 2032 obje-

687 2042 884 2108 ctioais
924 2063 1029 2110 tua:
1064 2056 1346 2127 diligenter
1366 2069 1624 2127 exponas,
1651 2068 1706 2112 et
1731 2056 2032 2111 diﬂinitioni
2062 2068 2250 2109 eorum

689 2141 1001 2197 obedienter
1031 2159 1241 2212 pareas.
1293 2144 1447 2211 Quod
1482 2147 1526 2200 si
1564 2146 1779 2215 aliquod
1810 2145 2250 2214 impedimentum

689 2228 934 2284 bocileri
959 2246 1064 2286 non
1090 2235 1413 2310 permiserit,
1438 2235 1636 2288 abhinc
1675 2251 1846 2303 usque
1885 2235 1950 2288 ad
1984 2234 2251 2288 "festivita-

690 2323 800 2371 tem
835 2320 1007 2374 sancti
1047 2319 1273 2376 Andrea:
1299 2322 1365 2376 de
1394 2322 1617 2391 objectis
1651 2336 2012 2392 responsurus
2045 2321 2110 2375 ad
2152 2336 2251 2374 nos

689 2407 895 2462 venias.
952 2407 1171 2462 Interim
1209 2419 1259 2463 te
1294 2411 1542 2467 volumus
1573 2413 1713 2466 circa
1737 2428 1922 2466 curam
1946 2412 2248 2466 animarum

613 2572 620 2581 _
692 2497 1030 2552 subditarum
1078 2500 1170 2553 tibi
1218 2509 1498 2556 strenuum
1544 2504 1938 2573 sollicitumque
1985 2502 2248 2567 exhiberi,

688 2594 977 2654 quatenus,
1009 2603 1131 2644 cum
1163 2589 1229 2643 ad
1254 2605 1352 2644 nos
1377 2593 1608 2657 veneris,
1632 2593 1807 2661 ipsum
1843 2593 2251 2657 bonateonver-

692 2675 918 2733 sationis
950 2677 1186 2730 studium
1220 2686 1328 2731 tam
1359 2688 1430 2743 te,
1459 2697 1623 2748 quam
1661 2681 1780 2735 illos
1805 2672 2000 2750 quibus
2021 2695 2256 2748 praeesse.

691 2763 912 2826 videris,
963 2765 1139 2819 valeat
1181 2769 1579 2833 commendare,
1634 2777 1689 2823 et
1730 2769 1897 2839 Algisi
1930 2770 2071 2824 bona
2095 2769 2161 2822 de
2199 2776 2250 2823 te

691 2853 973 2910 referentis
1009 2857 1169 2910 verba
1203 2858 1540 2913 conﬁrmare.

760 2942 892 2998 Data
925 2945 1128 3022 Romaa,
1164 2957 1356 3003 octavo
1398 2949 1664 3006 Kalendas
1701 2951 1920 3021 Aprilis,
1959 2951 2249 3008 indictione

692 3033 899 3089 decima
936 3039 1112 3093 tertia.

1205 3149 1536 3204 EPISTOLA
1575 3149 1732 3204 LXV.

1043 3255 1110 3293 ΔΙ)
1143 3255 1410 3295 IONACBOS
1441 3257 1623 3295 SANCTI
1659 3256 1902 3297 DIONYSII.
1949 3300 1964 3308 χ

1271 3329 1448 3397 (Anno
1501 3328 1680 3399 1075.)

695 3411 1045 3486 Hortatur_ad
1067 3418 1396 3470 concordiam
1421 3426 1469 3470 et
1493 3434 1687 3486 pacem,
1724 3417 1849 3469 dum
1884 3430 2068 3471 eorum
2093 3417 2253 3472 abbas

764 3499 818 3535 se
843 3485 906 3536 de
951 3483 1187 3567 Simonia
1230 3483 1576 3555 purgaturus,
1618 3487 1693 3540 vel
1733 3502 1908 3539 coram
1935 3486 2140 3558 legatis,
2175 3487 2254 3542 vel

765 3568 940 3604 coram
965 3571 1018 3606 se
1042 3564 1231 3607 veniat.
1628 3578 1632 3582 ·

778 3641 1083 3696 Οκεςοιιιυε
1117 3645 1424 3712 episcopus,
1461 3659 1648 3698 servus
1683 3660 1955 3698 servorum
1985 3646 2100 3709 Dei,
2136 3659 2254 3698 mo-

597 3777 603 3781 ρ
695 3732 885 3788 nachis
912 3732 1222 3785 monasterii
1258 3729 1442 3785 Sancti
1481 3723 1740 3803 Dionysii,
1777 3735 2002 3787 salutem
2035 3741 2094 3786 et
2121 3747 2254 3801 apo-

698 3822 946 3882 stolicam
986 3819 1434 3874 benedictionem.

777 3908 991 3962 tbbatis
1026 3907 1190 3960 vestri
1226 3906 1404 3960 Ivonis
1433 3905 1650 3960 infamia
1679 3909 2089 3976 quampluribus
2119 3906 2257 3962 refe-

696 4000 937 4053 rentibus
971 3997 1037 4051 ad
1069 4011 1228 4050 aures
1272 4004 1486 4050 nostras
1525 4012 1707 4064 usque
1727 3998 1982 4065 pervenit,
2014 3997 2256 4052 videlicet

694 4089 838 4158 quod
865 4087 1189 4151 Simoniace,
1224 4089 1325 4141 hoc
1357 4095 1438 4140 est
1465 4103 1563 4156 per
1595 4088 1954 4142 interventum
1995 4087 2251 4156 pecunia),

696 4179 986 4230 obtinuerit
1023 4177 1312 4241 abbatiam,
1352 4177 1508 4246 cujus
1548 4177 1624 4230 rei
1665 4181 1847 4243 causa,
1890 4177 2017 4247 quia
2067 4177 2253 4246 hujus-

696 4269 841 4321 modi
875 4267 1154 4322 infamiam
1192 4261 1550 4321 indiscussam
1573 4267 1847 4336 praeterire
1867 4265 1972 4320 non
1995 4267 2252 4321 debemus

699 4375 797 4412 nec
817 4374 1127 4426 possumus,
1151 4377 1242 4427 per
1273 4361 1479 4414 litteras
1514 4369 1724 4415 nostras
1757 4362 1857 4414 sibi
1897 4361 2252 4430 przecipicndo

699 4449 1090 4511 mandavimus,
1139 4457 1196 4501 ut
1238 4449 1427 4516 legatis
1472 4451 1700 4513 nostris,
1742 4451 1786 4503 si
1820 4451 1922 4504 hac
1961 4460 2145 4505 testate
2187 4451 2254 4505 ad

1323 483 1377 536 S.
1419 480 1740 540 GREGORH
1773 480 1862 533 VII
1897 478 2098 534 ΡΑΡιΕ
2137 445 2432 532 OPERL'I'J.
2457 473 2634 530 PARS
2667 475 2712 529 l.
2745 503 2810 514 -
2846 468 3260 526 REGISTRIIM.

2352 3253 2420 3263 .._
2447 3253 2548 3262 --νν
2580 3253 2822 3264 .-.νη-,η
2853 3253 3061 3273 -.-ηηη
3097 3253 3171 3273 --,
3213 3253 3352 3264 νη..-
3372 3253 3586 3277 ......-...,
3613 3253 3922 3265 -.....,.......

2267 3253 2319 3375 Ac
2353 3313 2574 3354 currere
2607 3300 2927 3354 concitatius
2962 3300 3317 3369 impellamus.
3361 3300 3456 3360 Sin
3484 3310 3664 3356 autem
3712 3303 3924 3358 hucus-

3807 460 3925 518 416

2276 593 2317 648 Α
2347 591 2571 645 sollicite
2597 589 2870 658 invigilare
2903 600 3176 655 nunquam
3205 581 3542 654 negligimus,
3579 581 3670 638 sed
3713 595 3893 637 scena

2348 680 2476 734 dum
2501 678 2817 748 Apostolum
2845 677 3070 730 honeste
3092 683 3146 728 et
3166 688 3288 728 cum
3312 672 3500 728 ordine
3540 671 3716 728 facere
3756 669 3926 726 votu-

2351 783 2490 822 mus.
2537 766 2692 820 Sicut
2731 766 2875 819 enim
2909 770 3187 818 nocentem
3214 761 3511 831 justilicare
3542 759 3699 814 nobis
3722 758 3926 814 admo—

2349 857 2476 910 dum
2498 865 2581 910 est
2603 855 2918 916 timendum,
2942 853 3015 904 ita
3037 859 3090 904 et
3111 851 3450 904 innocentem
3473 848 3731 903 damnare
3756 847 3927 900 vaIJc

2350 943 2732 1013 periculosum.
2779 940 2851 994 De
2891 948 3086 994 caetero
3115 936 3404 1006 prudenter
3423 950 3521 991 vos
3542 935 3750 999 habete,
3776 935 3925 989 dile—

2350 1031 2577 1087 ctissimi
2601 1031 2716 1095 filii,
2743 1043 3010 1084 memores
3041 1027 3211 1080 nostri
3235 1027 3288 1080 in
3310 1024 3649 1080 orationibus
3688 1024 3922 1077 vestris.

2415 1117 2546 1172 Data
2593 1117 2795 1184 Romae,
2840 1125 3030 1171 octavo
3069 1113 3336 1169 Kalendas
3362 1111 3598 1184 ,Aprilis,’
3623 1111 3927 1167 indictione

2350 1209 2558 1265 decima
2589 1207 2767 1261 tertia.

2851 1275 3193 1350 EPISTOLA-
3227 1293 3407 1348 LXVI.

2457 1383 2522 1420 AD
2557 1381 2902 1420 DURCHARDUM
2943 1379 3465 1419 Il.\l.DEXtS'l’ADIENS£I
3500 1378 3799 1418 EPISCONIII.

2931 1452 3108 1521 (Anno
3156 1451 3336 1518 1075.)

2353 1544 2623 1613 Prwcipit,
2650 1544 2786 1596 sicut
2807 1550 2926 1594 ante
2946 1558 3036 1610 per
3060 1539 3255 1613 legatos
3278 1540 3488 1613 fecerat,
3519 1548 3576 1592 ut
3607 1538 3926 1608 fornicatio—

2822 1599 2955 1664 nem.
2967 1625 3032 1664 ea:
3070 1599 3207 1662 clero
3234 1599 3439 1662 ereilat.

2419 1704 2723 1760 Caesonius
2755 1701 3066 1772 episcopus,
3094 1715 3284 1754 servus
3305 1713 3583 1753 servorum
3618 1697 3732 1762 Dei,
3773 1697 3929 1775 Bun-

2310 1833 2316 1840 ς
2351 1810 2554 1850 οωιωο
2606 1791 2935 1847 Helvestensi
2975 1790 3152 1861 [[ονιε.
3192 1787 3642 1846 Halberstadiensi
3677 1791 3754 1844 vel
3787 1788 3928 1844 Hal-

2285 1907 2328 1962 B
2353 1881 2693 1946 berslatensi,
2715 1889 2766 1934 ct
2794 1881 2869 1932 sic
2891 1880 2946 1933 in
2979 1877 3197 1948 Muthul
3221 1877 3648 1947 archiepiscOpo,
3686 1878 3927 1932 salutem

2352 1983 2406 2028 et
2441 1972 2792 2042 apostolicam
2828 1969 3272 2025 benedictionem.

2422 2059 2538 2114 Non
2568 2061 2816 2129 ignorare
2856 2067 2928 2121 te,
2973 2055 3137 2110 frater
3164 2055 3502 2121 charissime,
3537 2055 3806 2110 credimus
3847 2056 3928 2110 de

2350 2147 2603 2202 ordinum
2623 2145 3110 2200 eeclesiasticorum
3133 2144 3376 2198 castitate
3401 2153 3599 2198 sancta:
3619 2144 3759 2198 sedis
3785 2147 3929 2213 apo—

2351 2236 2554 2291 stolicae
2597 2241 2799 2290 statuta
2839 2241 3242 2287 antecessorum
3287 2242 3600 2286 nostrorum
3644 2243 3698 2286 et
3726 2241 3927 2287 nostro
3981 2223 3988 2227 ’

2351 2324 2604 2394 deinceps
2635 2323 2814 2378 studio
2841 2337 2937 2391 per
2956 2321 3164 2377 litteras
3193 2330 3246 2375 et
3273 2321 3477 2391 legatos
3507 2323 3666 2396 longe
3704 2322 3928 2390 lateque

2350 2415 2707 2483 promulgata.
2764 2410 2897 2465 Nam
2947 2420 3003 2464 et
3043 2425 3186 2464 anno
3239 2410 3571 2479 pracedente
3613 2409 3926 2464 confratres

2351 2502 2519 2556 nostri
2551 2509 2606 2554 et
2636 2501 2872 2570 episc0pi
2897 2501 2948 2554 in
2973 2509 3152 2570 partes
3178 2499 3296 2553 illas
3321 2499 3510 2554 directi
3558 2509 3607 2554 te
3647 2513 3926 2553 convene-

2349 2599 2496 2655 runt,
2518 2597 2566 2642 cf
2592 2597 2778 2644 nostro
2803 2589 3020 2642 nomine
3042 2588 3203 2657 hujus
3225 2588 3316 2641 tibi
3341 2589 3522 2656 operis
3551 2587 3923 2641 obedientiam

2351 2675 2644 2730 studiosius
2698 2675 3055 2732 inculcarunt.
3120 2674 3224 2729 Sed
3266 2690 3439 2744 neque
3486 2684 3762 2744 propterea
3816 2675 3925 2728 has

2349 2779 2542 2819 rursus
2561 2764 2628 2818 de
2657 2765 2845 2819 eadem
2880 2781 2937 2818 re
2963 2765 3056 2818 tibi
3081 2765 3284 2820 litteras
3315 2766 3615 2834 superfluas
3643 2759 3918 2834 judicavi-

2350 2870 2492 2920 mns,
2523 2854 2778 2923 Apostolo
2802 2854 3010 2908 dicente
3035 2871 3047 2906 :
3074 2852 3306 2917 Fratres,
3331 2856 3512 2908 eadem
3534 2857 3671 2908 vobis
3687 2857 3923 2909 scribere

2348 2944 2476 2996 mihi
2513 2944 2719 3014 quidem
2753 2960 2852 2997 non
2895 2944 3134 3013 pigrum,
3171 2945 3310 2996 vobis
3347 2954 3519 2997 autem
3569 2948 3926 2999 necessarium

2349 3019 2714 3103 (Philinm).
2759 3033 2814 3087 Si
2845 3035 2991 3087 enim
3027 3033 3253 3087 fratrum
3299 3027 3606 3089 nostrorum
3651 3036 3924 3088 exhorta-

2351 3121 2498 3174 tione
2534 3123 2773 3176 monitus
2808 3123 2860 3178 in
2905 3105 2962 3175 id
3008 3137 3144 3191 opus
3177 3138 3370 3177 manus
3399 3124 3654 3177 continuo
3697 3124 3924 3189 misisti,

2352 3207 2420 3263 ad
2447 3209 2548 3262 hoc
2569 3210 2822 3264 valebunt
2853 3210 3061 3273 litteris,
3094 3217 3171 3273 ut,
3213 3211 3352 3264 sicut
3370 3210 3586 3277 dicitur,
3611 3219 3922 3265 currentem

2352 3407 2458 3460 que
2487 3392 2731 3457 cessasti,
2769 3407 2960 3446 somno
3007 3393 3240 3461 torporis
3279 3393 3502 3462 expulso
3543 3393 3610 3447 ad
3656 3393 3925 3463 evigilan-

2351 3481 2480 3536 dum
2515 3482 2735 3536 stimulo
2763 3482 3144 3550 increpationis
3174 3482 3490 3536 excitemus.
3528 3480 3639 3536 Nos
3667 3483 3810 3537 enim
3846 3482 3923 3536 de

2353 3569 2717 3625 taciturnitate
2743 3567 2927 3624 nostra
2951 3571 3196 3628 damnari
3224 3570 3534 3635 metuimus,
3564 3571 3610 3625 si
3639 3561 3923 3625 conservis

2352 3660 2574 3722 nostris,
2619 3660 2702 3713 his
2746 3661 2979 3714 maxime
3022 3661 3116 3728 qui
3157 3660 3290 3713 alios
3319 3660 3515 3713 docere
3547 3658 3723 3712 idonei
3766 3667 3920 3721 sunt,

2353 3746 2565 3801 Domini
2594 3750 2872 3818 pecuniam
2899 3750 3220 3802 distribuere
3245 3747 3582 3836 pigritamur.
3617 3744 3781 3819 Urget
3817 3761 3923 3800 nos

2355 3837 2498 3891 enim
2542 3837 2704 3890 timor
2749 3838 2892 3890 illius
2925 3837 3192 3890 maledicti
3236 3827 3526 3905 quodper
3571 3834 3920 3891 Salomonem

2353 3927 2684 3994 depromitur
2727 3945 2740 3980 :
2792 3926 3107 3979 Maledictus
3157 3927 3308 3979 homo
3351 3913 3440 3995 qui
3487 3927 3756 3979 abscondit
3802 3928 3924 3996 fru-

2354 4025 2525 4069 menta
2560 4018 2613 4068 in
2637 4016 2822 4085 populo
2860 4017 3036 4083 (Prov.
3076 4016 3170 4083 xI).
3221 4015 3284 4068 Et
3323 4016 3468 4085 quod
3511 4016 3637 4071 item
3666 4032 3762 4086 per
3786 4033 3922 4086 pro-

2353 4104 2567 4172 phetam
2603 4105 2798 4159 dicitur
2823 4123 2836 4157 :
2863 4103 3174 4158 Malcdictus
3211 4105 3361 4157 homo
3395 4105 3486 4174 qui
3526 4105 3760 4174 prohibet
3801 4106 3935 4176 91η--

2352 4195 2496 4246 dium
2533 4212 2683 4248 suum
2717 4213 2748 4248 a
2779 4197 3030 4264 sanguine
3069 4195 3199 4264 (Jcr.
3249 4197 3459 4265 XLVIII),
3485 4195 3539 4250 id
3568 4205 3653 4251 est
3689 4197 3917 4251 verbum

2351 4283 2746 4350 przedicationis
2769 4285 2836 4339 ab
2858 4285 3218 4352 increpatione
3243 4285 3560 4338 carnalium.
3597 4283 3748 4337 Sicut
3766 4285 3934 4364 enim.
3957 4315 3962 4318 -

2354 4386 2452 4425 nos
2473 4373 2539 4426 ad
2569 4373 2892 4440 loquendum
2923 4374 3199 4440 superiora
3231 4372 3473 4439 exempla
3507 4371 3916 4438 impellunt,.-ita

2352 4466 2406 4511 et
2446 4472 2536 4512 vos
2570 4475 2690 4526 qua:
2734 4460 2799 4511 de
2840 4459 3139 4511 obedientia
3175 4459 3376 4526 passim
3421 4457 3621 4526 scripta
3665 4458 3922 4541 leguntur

696 4547 876 4607 partes
910 4537 1028 4590 illas
1052 4553 1116 4590 eo
1139 4538 1319 4591 venire
1348 4538 1648 4606 contigerit,
1678 4539 1744 4592 de
1780 4539 2005 4606 objectis
2035 4555 2091 4593 se
2125 4555 2253 4606 pur-
2285 4560 2328 4612 ι)
2353 4545 2709 4597 adhortantur
2751 4560 2872 4612 qua!
2905 4545 3135 4598 dicimus
3182 4545 3414 4600 fraterna
3444 4537 3706 4601 cbaritate
3741 4548 3921 4602 susci-

697 4639 948 4694 gaturum
969 4624 1235 4678 exhibeat.
1295 4624 1448 4689 Quod
1483 4625 1527 4678 si
1553 4625 1820 4693 aliquibus
1857 4624 2253 4678 intervenienti-

669 4717 798 4801 φας
822 4716 1001 4769 causis
1029 4715 1188 4783 legati
1217 4729 1321 4767 non
1348 4714 1608 4776 venerint,
1642 4714 1836 4767 abhinc
1866 4729 2038 4782 usque
2071 4715 2137 4768 ad
2172 4714 2252 4769 fe-

687 4805 983 4857 stivitatem
1030 4803 1200 4856 sancti
1244 4801 1468 4855 Andreae
1503 4801 1567 4854 de
1602 4801 1824 4870 objectis
1869 4817 2252 4871 responsurum

683 4907 756 4972 .se
784 4901 980 4946 nostra:
1004 4892 1287 4945 audientiae
1311 4897 1671 4958 reprrescntet.
1717 4887 2050 4958 Quapropter
2070 4891 2254 4944 admo-

703 4993 890 5031 nemus
914 4980 1225 5047 religionem
1247 4989 1480 5034 vestram
1502 4987 1562 5031 ut
1587 4977 1794 5031 interim
1820 4977 1956 5030 inter
1983 4993 2079 5030 vos
2111 4976 2254 5029 nulla

697 5066 987 5128 discordia,
1033 5067 1237 5119 nullum
1271 5068 1503 5122 schisma
1544 5069 1825 5122 diabolica
1852 5067 2037 5129 fraude
2071 5075 2254 5121 natum

701 5153 1041 5217 inveniatur;
1089 5151 1190 5220 ipsi
1219 5155 1361 5205 enim
1399 5156 1551 5208 scitis
1577 5157 1704 5225 quia
1736 5158 1788 5210 in
1820 5157 2053 5211 scissura
2101 5171 2253 5210 men-

703 5243 839 5296 tium
870 5239 1011 5294 Deus
1040 5255 1149 5294 non
1189 5241 1414 5304 habitat,
1448 5244 1544 5295 'sed
1578 5245 1822 5312 religioni
1857 5254 2016 5314 atque
2053 5245 2256 5300 ordinis

702 5335 864 5388 vestri
911 5331 1272 5391 observationi
1324 5330 1510 5386 sedato
1554 5334 1733 5385 animo
1775 5349 1838 5385 ac
1876 5350 2087 5388 summa
2133 5351 2254 5389 cum

704 5425 1002 5477 reverentia
1031 5438 1249 5492 operam
1285 5422 1503 5485 dantes,
1528 5422 1781 5489 prmdicto
1821 5422 1998 5474 abbati
2044 5423 2258 5476 humili-

705 5520 786 5564 ter
811 5513 1092 5577 obediatis,
1123 5529 1192 5566 ne
1220 5512 1378 5577 forte,
1413 5512 1555 5581 quod
1597 5512 1763 5577 absit!
1810 5513 1862 5564 in
1904 5519 2085 5565 vestro
2112 5513 2256 5564 schi-

703 5607 877 5657 smate
919 5600 1304 5654 monasterium
1349 5610 1583 5654 vestrum
1613 5601 1664 5654 in
1705 5600 1865 5654 rebus
1889 5599 2162 5667 corporeis
2207 5606 2260 5651 et

701 5703 800 5741 vos
823 5689 876 5741 in
905 5688 1081 5741 anima
1111 5689 1366 5742 damnum
1395 5689 1608 5759 aliquod
1644 5689 1939 5757 patiamini.
1973 5688 2079 5741 Pro
2113 5695 2258 5742 certo

704 5789 933 5844 namque
955 5776 1139 5845 sciatis
1168 5779 1422 5846 quoniam
1446 5795 1544 5833 nos
1568 5779 1790 5833 abbatis:
1814 5778 1993 5832 Sancti
2019 5778 2256 5848 Dionysii

2351 4649 2494 4701 pere.
2515 4632 2859 4702 Namlegitur
2877 4634 3015 4701 apud
3032 4634 3362 4689 Samuelem:
3389 4634 3926 4697 Heliorutobedien-

2353 4723 2430 4774 tia
2459 4737 2614 4789 quam
2637 4723 2863 4775 victima:
2894 4737 2911 4773 :
2937 4730 2985 4774 et
3017 4724 3310 4778 auscultare
3344 4725 3509 4794 magis
3542 4741 3699 4794 quam
3729 4727 3922 4794 offerre

2352 4809 2558 4876 adipem
2581 4810 2822 4862 arietant.
2861 4809 3117 4872 Quoniam
3153 4813 3302 4880 quasi
3331 4821 3597 4882 peccatum
3635 4813 3916 4868 hariolan-
3971 4821 3974 4824 ’

2354 4897 2409 4950 di
2451 4901 2561 4959 est‘,
2611 4912 2890 4964 repugnare
2924 4913 2940 4948 :
2978 4907 3024 4950 et
3059 4901 3206 4966 quasi
3245 4899 3411 4953 scelus
3439 4900 3734 4970 idolatria,
3775 4898 3918 4952 nolle

2353 4986 2676 5052 acquiescere
2735 4983 2807 5053 (εξΙ
2835 4984 2956 5054 Reg.
2985 5003 3051 5039 xv
3080 4988 3126 5055 ).
3174 4987 3328 5054 Quod
3377 4988 3569 5042 beatus
3621 4985 3919 5054 Gregorius

2355 5073 2408 5126 in
2451 5072 2738 5154 Mpralibus
2766 5073 2876 5136 (lib.
2915 5090 3072 5138 xxxv,
3105 5089 3154 5128 c.
3184 5075 3271 5142 10)
3293 5087 3570 5140 exponens
3587 5071 3716 5136 dicit
3738 5091 3749 5125 :
3774 5069 3920 5127 Obe-

2353 5161 2554 5214 dicntia
2587 5176 2714 5230 ergo
2755 5169 2838 5216 est
2881 5162 2998 5216 sine
3030 5177 3156 5230 qua,
3192 5159 3439 5228 quamvis
3468 5157 3640 5214 ﬁdelis
3681 5160 3917 5230 quisque

2354 5250 2618 5314 videatur,
2660 5250 2888 5304 inﬁdelis
2924 5264 3044 5304 esse
3082 5245 3436 5302 convincitur.
3487 5243 3726 5316 Denique
3763 5249 3918 5302 novit

2355 5337 2662 5394 fraternitas
2703 5346 2793 5393 tua
2838 5353 2974 5407 quas
3011 5335 3360 5405 proponimus
3405 5335 3615 5403 regulas
3645 5351 3676 5392 a
3709 5339 3917 5393 sanctis

2354 5427 2603 5482 Patribus
2624 5441 2744 5482 esse
2767 5425 3034 5498 praeﬁxas,
3059 5430 3313 5491 tantoque
3336 5424 3694 5485 venerabilius
3723 5427 3916 5482 obser-

2354 5518 2556 5570 vandas
2590 5524 2790 5584 quanto
2829 5519 3040 5568 constat
3077 5525 3186 5564 non
3221 5525 3319 5564 suo
3359 5510 3532 5578 libitu,
3556 5513 3650 5568 sed
3673 5511 3918 5582 Spiritus

2356 5605 2526 5657 sancti
2548 5603 2915 5672 promulgasse
2940 5598 3137 5651 alllatu.
3185 5597 3562 5663 Quamobrem,
3587 5599 3920 5669 cbarissimc

2357 5689 2540 5749 frater.
2575 5692 2836 5742 instanter
2855 5688 3137 5740 hortamur
3174 5696 3228 5740 et
3259 5688 3548 5756 apostolica
3590 5689 3924 5744 auctoritate

2358 5780 2696 5849 praecipimus
2734 5785 2998 5846 quatenus
3029 5787 3080 5832 et
3115 5794 3142 5832 a
3191 5779 3374 5849 legatis
3403 5779 3604 5835 nostris
3646 5786 3776 5836 ante
3817 5793 3924 5834 co-

3787 6333 3834 6343 ...
