4218 6388
390 433 496 488 M7

1317 438 1328 450 ‘
1423 432 1622 486 LlBER
1661 431 2043 485 SECUNDUS.
2082 463 2148 472 —-
2188 432 2404 488 EPIST.
2440 435 2664 492 LXVlll.

3542 445 3646 499 H3

392 542 564 613 gnita,
591 549 646 594 et
675 541 870 596 harum
902 539 1212 596 testimonio
1233 541 1533 598 litterarum
1558 545 1766 612 plenius
1798 545 1972 598 iucul-
2003 549 2048 604 Α
2074 543 2344 596 dilectioni
2379 554 2483 598 tua:
2516 546 2849 617 injungimus
2880 553 3322 621 compendiosius
3347 554 3644 611 efﬁcacius-

392 641 536 695 ccta,
574 629 805 684 fideliter
829 630 1163 699 cxsequaris,
1201 631 1266 684 de
1300 646 1430 700 agro
1466 630 1748 685 Dominico
1773 632 1977 687 zizania

390 720 663 787 cradices,
712 718 1042 775 frumentum
1083 735 1390 786 conserves,
1423 731 1602 778 castos
1623 731 1676 776 et
1697 722 1980 793 religiosos

389 808 647 873 clericos,
685 817 747 862 ut
771 809 848 863 tui
876 808 1033 863 ollicii
1058 818 1458 879 cooperatores,
1502 811 1729 881 benigne
1773 811 1977 879 foveas,

389 897 638 983 lubricos
671 907 725 951 et
758 899 1153 952 incontinentes
1190 907 1282 952 aut
1322 909 1543 968 paterae
1586 901 1848 972 corrigas,
1888 905 1981 957 aut

389 989 843 1058 incorrigihilesa
878 989 1050 1044 sacris
1076 989 1336 1044 altaribus
1365 1005 1584 1054 arceas;
1631 1001 1685 1046 et
1732 993 1834 1048 nisi
1873 995 1979 1073 tuis

385 1080 865 1135 exhortationibus
895 1079 1301 1149 acquiescentcs
1346 1082 1685 1151 resipiscam,
1718 1099 1816 1138 nec
1853 1083 1979 1139 laici

388 1169 559 1223 etiam
588 1167 824 1222 ollicium
850 1182 1038 1222 eorum
1072 1168 1340 1223 ullatenus
1366 1171 1608 1237 audiant,
1636 1181 1694 1226 ut
1717 1188 1856 1242 quos
1879 1189 1978 1228 nec

389 1259 562 1313 timor
592 1273 691 1312 nec
721 1272 876 1311 amor
925 1257 1140 1311 divinus
1187 1259 1522 1328 compungit,
1574 1261 1744 1329 pudor
1787 1261 1976 1316 s'altcm

391 1349 670 1403 humanus
693 1349 935 1401 retrahat
956 1349 1020 1402 ad
1053 1348 1420 1401 sobrietatem.
1479 1348 1573 1403 llis
1610 1351 1655 1404 si
1698 1351 1978 1421 vigilanter

390 1435 679 1502 institeris,
712 1444 767 1490 et
795 1427 1170 1490 inobedientia:
1221 1438 1435 1506 culpam
1485 1439 1689 1508 poteris
1730 1441 1974 1506 evadere,

390 1532 447 1576 et
473 1539 506 1578 a
536 1523 767 1578 Domino
792 1524 1075 1594 praemium
1104 1524 1202 1579 tibi
1232 1525 1515 1594 multiplex
1563 1534 1617 1580 et
1665 1526 1976 1582 indeliciens

391 1629 734 1682 comparare.
804 1603 810 1609 ’

468 1703 604 1757 Data
632 1701 838 1770 Roma),
879 1713 1076 1774 quarto
1104 1703 1370 1759 Kalendas
1415 1706 1636 1774 Aprilis,
1680 1707 1975 1762 indictione

388 1794 608 1848 decima
640 1794 818 1848 tertia.

889 1903 1222 1961 EPISTOLA
1272 1905 1478 1961 LXVII.

561 2011 626 2048 AD
666 2011 905 2050 ANNONEII
941 2012 1300 2051 COLONIENSEM
1339 2015 1803 2056 ARCIIIEPISCOPCI.

979 2086 1158 2154 (Anno
1207 2088 1390 2168 1075.)

389 2174 464 2229 Ut
500 2174 682 2250 habito
705 2192 918 2250 suorum
954 2178 1308 2250 episcoporum
1347 2178 1570 2250 concilio
1596 2180 1812 2233 decreta
1839 2196 1968 2250 apo-

462 2243 684 2320 stolicw_
707 2245 842 2299 sedit
875 2246 937 2298 de
963 2243 1205 2320 castitate
1240 2247 1547 2301 clericorum
1582 2243 1893 2320 promulget',
1921 2260 1970 2303 et

459 2314 718 2389 semicruda
749 2326 911 2389 curet.
954 2314 1182 2385 Exponit
1223 2334 1424 2389 quoque
1451 2335 1502 2371 se
1529 2314 1592 2372 in‘
1617 2314 1813 2389 synodo
1849 2314 1972 2374 cen-

464 2394 552 2436 tra
577 2382 906 2438 Simoniacos
935 2382 1136 2439 statuta
1167 2382 1524 2455 coit/irinasse.
1644 2382 1662 2389 ⁷
1859 2417 1862 2420 -

460 2473 771 2529 Caesonius
809 2475 1117 2545 episcopus,
1159 2492 1350 2531 servus
1397 2493 1674 2532 servorum
1707 2479 1820 2544 Dei,
1865 2479 1971 2535 As-

380 2579 516 2618 noru
544 2563 856 2620 Coloniensi
885 2567 1319 2636 archiepiscopo,
1350 2568 1580 2623 salutem
1620 2578 1672 2622 et
1713 2571 1970 2638 apostoli-

383 2667 518 2706 cam
549 2653 1002 2708 benedictionem.

461 2743 692 2799 Constat
716 2741 1012 2800 Ecclesiam
1048 2745 1428 2802 Coloniensem
1458 2749 1598 2804 inter
1625 2759 1848 2808 canoras
1876 2769 1967 2808 re-

383 2834 489 2905 gni
527 2832 812 2889 Teutonici
841 2835 1110 2893 Ecclesias
1152 2848 1351 2893 sancta:
1387 2848 1441 2893 et
1482 2843 1792 2910 apostolicae
1832 2845 1968 2912 sedi,

382 2925 487 2979 cui
535 2923 644 2979 Deo
683 2935 907 2992 auctore
934 2929 1291 2996 deservimus,
1320 2931 1394 2984 ita
1437 2931 1540 2987 fide
1583 2941 1635 2988 et
1681 2935 1970 2990 dilectione

384 3003 561 3086 atque
587 3015 867 3086 obsequiis
891 3019 1147 3074 abannis
1185 3021 1460 3089 prioribus
1503 3037 1624 3077 esse
1662 3025 1967 3078 devinctam

385 3115 458 3161 ut
480 3107 742 3178 singulari
775 3106 1141 3164 familiaritate
1184 3117 1238 3164 et
1284 3112 1459 3180 gratia
1506 3111 1787 3168 charitatis
1825 3115 1966 3184 apud

383 3213 517 3253 eam
554 3205 814 3269 tanquam
842 3200 985 3271 apud
1013 3211 1240 3255 matrem
1270 3202 1589 3259 dulcissima
1611 3204 1718 3259 lilia
1749 3206 1970 3274 praepol-
1995 3230 2036 3287 ρ
2135 3229 2267 3284 nam
2305 3200 2520 3299 ᾖοωω,

383 3291 522 3345 leat.
573 3288 742 3357 Quem
783 3292 1166 3348 benevolentiae
1205 3294 1494 3350 laudabilis
1531 3311 1690 3350 usum
1714 3296 1784 3349 ab
1812 3304 1967 3350 ante-

384 3381 712 3436 cessoribus
738 3383 940 3438 nostris
974 3384 1041 3437 ad
1080 3399 1180 3438 nos
1208 3399 1380 3452 usque
1413 3384 1700 3438 deductum
1741 3401 1849 3440 non
1879 3401 1969 3439 so-

386 3473 513 3525 lum
550 3471 861 3539 observare,
899 3473 992 3528 sed
1022 3473 1182 3529 etiam
1219 3474 1479 3544 ampliare
1517 3483 1574 3528 et
1619 3485 1970 3546 augmentare

385 3576 498 3631 pro
525 3576 704 3616 rerum
733 3564 1136 3632 opportunitate
1156 3573 1208 3618 et
1237 3571 1542 3634 temporum
1572 3567 1748 3619 modis
1788 3568 1968 3621 omni-

385 3649 503 3705 bus
526 3665 646 3706 sum
669 3660 914 3720 paratus.
946 3651 1084 3708 Hinc
1119 3655 1304 3720 etiam,
1341 3655 1661 3710 charissime
1689 3655 1874 3724 frater,
1893 3652 1971 3734 _de

388 3737 701 3795 obedientia
724 3740 802 3794 tui
821 3743 1065 3796 securior
1084 3742 1390 3798 ﬁducialius
1407 3743 1666 3798 adhortor
1681 3754 1735 3800 et
1752 3761 1968 3813 moneo,

388 3836 562 3898 atque
579 3830 887 3886 communis
913 3831 1118 3885 domini
1152 3831 1293 3887 beati
1319 3830 1465 3887 Petri
1491 3836 1811 3890 auctoritate
1833 3853 1970 3906 prae—

389 3919 562 3990 cipio,
594 3927 654 3974 ut
675 3920 743 3975 ad
778 3921 1080 3978 castitatem
1115 3923 1438 3979 clericorum
1465 3926 1858 3996 praedicandam
1895 3935 1972 3982 at—

391 4024 507 4080 que
527 4009 923 4078 inculcandam,
935 4012 1088 4082 juxta
1109 4012 1330 4068 Patrum
1353 4013 1591 4080 decreta,
1615 4024 1668 4069 et
1684 4017 1973 4072 auctorita-

391 4106 508 4154 tem
531 4113 824 4164 canonum,
843 4114 968 4153 cum
985 4101 1337 4170 suﬂ'raganeis
1361 4103 1470 4156 tuis
1489 4105 1744 4161 omnibus
1764 4107 1973 4162 studio-

393 4184 516 4244 sius
526 4187 845 4264 accingaris,
862 4197 920 4242 ut
931 4189 1373 4259 sponsmChristi,
1386 4208 1509 4262 quae
1521 4195 1789 4250 maculam
1801 4199 1975 4254 nescit

391 4284 494 4332 aut
519 4290 706 4348 rugam
744 4274 956 4346 (Epiros.
991 4276 1067 4348 v),
1097 4280 1394 4336 candidatas
1429 4291 1484 4336 et
1507 4282 1868 4341 immaculata
1892 4287 1976 4342 fa-

393 4365 563 4420 miliae
593 4366 891 4436 gratiosum
914 4369 1232 4425 exhibeatur
1258 4371 1511 4427 cilicium.
1529 4372 1689 4429 Novit
1702 4375 1846 4430 enim
1862 4375 1972 4430 fra-

392 4454 629 4509 ternitas
656 4464 749 4509 tua
770 4455 898 4527 quia
925 4469 1189 4529 praecepta
1219 4461 1334 4516 haec
1368 4477 1476 4516 non
1498 4463 1563 4518 de
1594 4471 1782 4518 nostro
1807 4479 1971 4518 sensu

391 4543 787 4614 cxsculpimus,
832 4546 928 4602 sed
980 4548 1328 4618 antiquorum
1379 4550 1599 4606 Patrum
1659 4555 2044 4621 sanctioan

396 4631 609 4702 Spiritu
634 4644 823 4690 sancto
853 4636 1179 4706 praedicante
1212 4641 1451 4708 prolatas
1475 4641 1633 4695 cilicii
1671 4645 1845 4696 nostri
1866 4660 1963 4698 ne-

393 4722 652 4778 cessitate
676 4725 732 4779 in
751 4726 988 4781 medium
1019 4729 1383 4796 propalamus,
1412 4745 1480 4783 ne
1502 4731 1638 4800 pigri
1655 4733 1798 4785 servi
1831 4735 1964 4788 sub-

393 4824 589 4865 eamus
642 4811 975 4881 periculum,
1017 4815 1065 4869 si
1104 4814 1441 4872 Dominicam
1485 4821 1769 4888 pecuniam
1793 4862 1806 4885 ,
1843 4839 1965 4892 qua:

393 4913 526 4953 cum
572 4897 758 4956 fenore
787 4905 1110 4984 reposcitur,
1143 4907 1244 4962 sub
1267 4908 1482 4965 silentio
1528 4912 1961 4984 abscondamns;

396 5003 714 5059 quanquam
752 4991 881 5048 huic
915 4979 1115 5080 sancta:
1158 4995 1419 5055 Romana:
1457 4999 1712 5058 Ecclesiae
1753 4979 1966 5080 semper

395 5075 559 5145 liquit
579 5091 898 5150 semperque
925 5073 1107 5142 licebit
1154 5096 1342 5141 contra
1365 5091 1574 5144 noviter
1601 5073 1965 5150 increscentes

395 5179 659 5221 excessus
680 5180 817 5224 nova
842 5183 1059 5239 quoque
1078 5171 1291 5228 decreta
1314 5184 1475 5244 atque
1496 5181 1731 5235 remedia
1762 5199 1962 5252 procu-

395 5267 524 5307 rare
544 5269 687 5324 qua,
714 5256 942 5314 rationis
970 5267 1024 5315 et
1044 5263 1382 5320 auctoritatis
1405 5266 1544 5321 edita
1571 5269 1798 5338 judicio,
1830 5276 1964 5330 nulli

397 5341 684 5429 hominum
739 5346 810 5398 sit
859 5347 965 5417 fas,
1004 5361 1063 5405 ut
1104 5353 1280 5420 irrita,
1341 5355 1593 5412 refutare.
1643 5359 1807 5431 Urget
1864 5383 1963 5421 nos

396 5425 569 5485 etiam.
607 5432 772 5488 timor
805 5436 949 5495 illius
982 5444 1249 5500 maledicti
1289 5449 1434 5516 quod
1481 5466 1576 5517 per
1619 5425 1962 5511 Salomonem

395 5521 756 5615 depromitur,
791 5543 951 5598 usque
984 5534 1052 5586 ad
1086 5537 1142 5589 id
1171 5541 1308 5607 quod
1341 5542 1397 5594 in
1439 5545 1704 5610 superiore
1740 5548 1962 5615 epistola

379 5612 476 5708 Et:
582 5612 638 5668 S.
667 5614 848 5708 ‘Gnec.
876 5660 891 5685 ,
945 5623 1082 5679 libro
1129 5643 1273 5682 xxxv
1330 5631 1558 5697 Moral.,
1618 5650 1735 5705 cap.
1770 5612 1908 5708 ’10)
1947 5661 1956 5693 ;

392 5699 722 5796 (lbedientia
760 5720 888 5796 ergo
918 5720 1000 5764 est
1033 5713 1149 5768 sine
1191 5731 1318 5785 qua,
1362 5720 1486 5775 licet
1529 5699 1699 5776 ﬁdelis
1732 5699 1961 5796 quisque

395 5789 668 5860 videatur,
709 5793 941 5852 inﬁdelis
972 5813 1090 5856 esse
1113 5808 1469 5865 convincitur.
1518 5811 1623 5868 Sed
1655 5823 1712 5868 ut
1749 5789 1814 5870 ea
1841 5789 1961 5885 quae

2081 646 2186 700 que
2216 636 2582 702 prosequaris,
2626 653 2751 692 cum
2794 638 3053 696 fratribus
3085 654 3139 698 et
3179 645 3516 716 coepiscopis
3539 647 3646 702 tuis

2081 720 2370 773 concilium
2396 730 2446 775 te
2468 737 2659 792 cogere
2691 729 3004 794 suademus,
3031 731 3234 801 inquo,
3273 749 3436 803 quam
3469 737 3645 790 maxi-

2039 811 2047 818 ‘
2080 821 2170 860 mo
2198 810 2403 876 poteris
2433 809 2756 868 Clericorum
2795 827 2936 872 coetu
2982 831 3327 892 congregato,
3371 824 3514 894 leges
3548 842 3643 882 ca-

2079 898 2303 966 nonicas
2333 907 2386 952 et
2428 901 2569 954 sedis
2611 906 2918 970 apostolica:
2959 911 3354 977 auctoritatem,
3389 922 3645 982 tuamque

2077 988 2479 1042 ctconfratrum
2505 983 2766 1059 omnium,
2785 1005 3029 1062 patenter
3043 1001 3644 1070 promulgabis,quanta

2078 1077 2339 1131 castitatis
2363 1077 2432 1131 sit
2452 1080 2645 1146 virtus,
2680 1097 2947 1151 quamque
2979 1088 3360 1143 ecclesiasticis
3390 1091 3646 1159 gradibus

2077 1169 2402 1231 necessaria,
2457 1185 2550 1222 seu
2589 1187 2754 1239 quam
2799 1172 2994 1242 Sponsi
3041 1177 3268 1247 virginis
3310 1189 3362 1233 et
3411 1180 3647 1251 Virginis

2076 1271 2289 1324 sponsae
2309 1257 2654 1313 cubiculariis
2681 1261 2750 1314 sit
2772 1273 3100 1332 competens,
3132 1276 3207 1331 ut,
3246 1267 3355 1322 Deo
3387 1271 3645 1338 donante,

2076 1346 2240 1410 nosti,
2281 1347 2442 1400 latius
2479 1363 2775 1417 exponens.
2806 1350 3043 1409 Subinde
3079 1357 3306 1410 tirmiter
3328 1362 3647 1427 pronuntia-

2037 1457 2040 1462 ·
2076 1438 2158 1492 bis
2199 1456 2308 1493 non
2358 1441 2584 1495 ulterius
2633 1444 2734 1496 sibi
2781 1445 2940 1518 licere
2976 1449 3120 1515 quod
3155 1450 3206 1501 in
3241 1451 3528 1518 perniciem
3560 1450 3646 1506 sui

2074 1528 2338 1584 hactenus
2377 1541 2737 1601 usurparunt;
2765 1513 2888 1599 cuin
2931 1537 3268 1593 tolerabilius
3298 1541 3520 1595 omnino
3574 1541 3647 1596 sit

2073 1632 2289 1671 cessare
2321 1620 2390 1672 ah
2414 1621 2590 1675 omcio
2617 1639 2778 1691 quam
2817 1623 3098 1692 incestam,
3124 1607 3404 1683 vefctiam
3442 1633 3642 1685 moles-

2073 1716 2182 1760 tam
2220 1724 2321 1762 suo
2361 1708 2628 1766 Salvatori
2661 1700 2902 1783 ingerere
2939 1719 3280 1784 servitutem,
3315 1730 3366 1775 ct
3395 1722 3516 1774 inde
3541 1723 3643 1776 sibi

2073 1796 2208 1851 iram
2243 1814 2565 1853 coacervare
2607 1813 2769 1871 atque
2801 1808 3146 1875 supplicium,
3177 1811 3319 1864 unde
3364 1813 3644 1879 pranuium

2003 1897 2045 1952 Β
2070 1888 2255 1942 debuit
2281 1890 2526 1944 cmercri.
2568 1891 2720 1957 Quod
2759 1895 2802 1946 si
2848 1905 2899 1948 te
2937 1896 3164 1952 ﬁdeliter
3200 1901 3312 1954 hare
3338 1911 3389 1954 et
3422 1902 3646 1956 ﬁrmiter

2071 1989 2454 2049 exsequentem
2484 1982 2756 2036 tribulatio
2784 1999 2846 2038 ac
2871 1988 3178 2052 persecutio
3215 1989 3508 2055 invenerit,
3555 2006 3644 2045 re-

2070 2067 2215 2135 spice
2240 2068 2306 2120 ad
2333 2084 2458 2122 eum
2507 2071 2600 2138 qui
2631 2071 2767 2124 dixit
2794 2089 2806 2123 :
2843 2072 3124 2143 Conﬁa'ite,
3151 2093 3241 2147 ego
3269 2079 3367 2130 riri
3395 2083 3646 2134 mundum

2071 2155 2248 2228 (Joan.
2278 2160 2409 2227 xvi).
2446 2157 2554 2213 Nos
2578 2176 2795 2230 quoque
2825 2164 3011 2235 clypeo
3055 2167 3197 2219 beati
3229 2166 3370 2221 Petri
3407 2171 3645 2226 munitos

2069 2251 2440 2307 indubitanter
2469 2253 2708 2320 noveris,
2743 2271 2834 2310 seu
2869 2258 2935 2311 ad
2982 2260 3320 2327 repellendos
3356 2263 3562 2329 hostes,
3597 2262 3646 2318 si

2069 2354 2384 2407 possumus,
2423 2357 2516 2394 seu
2545 2342 2611 2397 ad
2639 2347 3029 2415 protegendum
3057 2358 3107 2420 te
3134 2351 3281 2404 omni
3315 2352 3446 2405 hora
3478 2360 3647 2422 para;

2074 2429 2316 2487 tissimos
2341 2430 2589 2483 inveniri.
2626 2432 2757 2487 lllud
2790 2451 3008 2504 quoque
3051 2436 3377 2493 fraternitati
3418 2449 3522 2495 tuae
3543 2457 3647 2495 no-

2071 2525 2183 2569 tum
2208 2531 2327 2570 esse
2353 2518 2626 2584 volumus,
2662 2532 2852 2575 contra
2888 2523 3254 2580 Simoniacam
3295 2529 3542 2583 haeresim
3591 2531 3644 2585 in

2070 2606 2276 2674 synodo
2319 2605 2671 2663 confirmasse
2710 2609 2856 2678 (nam
2903 2628 2933 2665 a
2958 2615 3163 2669 sanctis
3205 2614 3455 2671 Pati-ibus
3487 2619 3646 2688 longe

2069 2703 2193 2748 ante
2215 2704 2414 2749 statum
2439 2699 2564 2766 est),
2599 2714 2662 2753 ac
2687 2701 3034 2756 vehementer
3058 2705 3424 2773 prohibuisse,
3460 2717 3519 2762 ut
3549 2726 3644 2764 ne-

2069 2799 2175 2852 que
2210 2785 2452 2840 ecclesiae
2508 2776 2780 2843 ullatenus
2824 2791 3152 2859 vendantur,
3193 2804 3286 2850 aut
3313 2804 3414 2865 pro
3450 2782 3658 2854 manus.

2070 2871 2416 2943 impositione
2459 2878 2689 2944 pretium
2724 2879 3038 2950 accipiatur.
3075 2881 3228 2948 Quod
3261 2885 3306 2940 si
3337 2887 3447 2942 hoc
3484 2889 3646 2943 modo

2070 2961 2354 3015 ordinatus
2380 2964 2578 3032 aliquis
2613 2964 2796 3030 fuerit,
2838 2983 2961 3022 eum
3008 2985 3037 3022 a
3076 2972 3255 3025 missa:
3282 2974 3645 3030 celebratione

2070 3057 2124 3103 et
2152 3050 2425 3122 Evangelii
2470 3048 2701 3108 lectione
2733 3057 3060 3113 omnimodis
3103 3076 3466 3130 removemus,
3498 3076 3553 3120 et
3586 3075 3645 3119 ut

2071 3140 2186 3195 haec
2207 3141 2492 3211 diligenter
2524 3144 2824 3200 observetis
2854 3148 3069 3204 enixius
3096 3151 3469 3208 admonemus.

2566 3241 2763 3303 quarto
2792 3234 3061 3294 Kalendas
3095 3241 3314 3311 Aprilis,
3352 3245 3644 3302 indictione

2069 3320 2278 3376 decima
2302 3323 2475 3395 tertia.

2545 3411 2879 3480 ΕΡιδζΓοιΑ
2930 3416 3019 3469 LX
3030 3418 3160 3473 Vill.
3456 3480 3457 3483 η

2135 3512 2202 3550 Αἰ)
2244 3513 2557 3551 κνεῑειικωι
2588 3515 3032 3559 ABClllEPlSCOPUI
3069 3523 3567 3568 IlAGDEBUltC-ENSITH.

2660 3591 2839 3660 (Anno
2878 3595 3058 3668 l075.)

2492 3679 2742 3750 Ejusdem
2772 3684 2878 3753 fere
2906 3691 3219 3756 argumenti.

2141 3766 2448 3823 Gnscoaws
2476 3771 2786 3841 episcopus,
2826 3791 3018 3833 servus
3054 3795 3333 3836 servorum
3365 3783 3477 3853 Dei,
3507 3785 3644 3843 Wc-

2069 3873 2256 3912 zeuno
2301 3858 2673 3932 [Venceuao]
2727 3863 3175 3939 Magdeburgensi
3211 3875 3642 3949 archiepiscopo,

2069 3945 2298 4000 salutem
2331 3956 2386 4001 et
2413 3951 2766 4018 apostolicam
2800 3954 3254 4016 benedictionem.

2137 4034 2390 4107 Legimus
2412 4037 2599 4106 Josue,
2623 4056 2748 4096 cum
2773 4043 2826 4098 in
2858 4049 3062 4117 populo
3099 4049 3193 4105 Dei
3227 4055 3490 4124 magistro
3512 4074 3639 4113 suc-

2069 4127 2266 4184 cedens
2289 4129 2544 4185 ducatum
2572 4135 2921 4204 suscepisset,
2951 4140 3024 4194 ita
3052 4139 3282 4196 sollicita
3309 4153 3363 4198 et
3396 4146 3638 4215 vigilanti

2070 4219 2375 4274 obedientia
2399 4222 2708 4278 exercuisse
2731 4226 2962 4280 ollicium
2989 4238 3069 4293 ut,
3105 4232 3248 4300 quod
3275 4234 3342 4288 de
3369 4236 3491 4292 aliis
3511 4254 3638 4294 raro

2069 4311 2332 4380 scriptum
2373 4321 2476 4377 est,
2514 4314 2719 4369 caelesti
2769 4314 2941 4373 fretus
2985 4320 3203 4389 virtute,
3229 4324 3513 4383 elementis
3543 4345 3640 4399 po-

2071 4400 2358 4455 tentialiter
2385 4402 2693 4472 imperaret.
2729 4405 2865 4462 Nam
2891 4415 2945 4463 et
2974 4409 3197 4468 ﬂuvium
3239 4414 3532 4474 Jordanem
3570 4423 3636 4476 ad

2070 4491 2361 4545 transitum
2383 4493 2654 4550 exercitus
2686 4512 2907 4553 cursum
2943 4503 3243 4558 naturalem
3278 4507 3468 4561 sistere
3489 4507 3637 4576 fecit,

2068 4589 2120 4636 et
2143 4582 2311 4636 solem
2345 4583 2570 4639 volubili
2597 4589 2896 4643 mobilitate
2917 4591 2971 4644 in
2996 4606 3250 4646 occasum
3272 4593 3636 4666 anhelantem,

2067 4671 2240 4726 donec
2271 4672 2612 4729 adversarios
2641 4677 3013 4745 ulcisceretur,
3051 4681 3206 4749 quasi
3243 4684 3379 4740 alter
3413 4686 3633 4742 Creator

2065 4765 2210 4814 stare
2239 4762 2507 4829 praecepit.
2535 4760 2585 4816 ls
2607 4763 2770 4816 etiam
2799 4779 2987 4823 muros
3018 4765 3239 4825 Jericho
3267 4783 3490 4842 septeno
3515 4790 3629 4843 per-

2064 4845 2306 4903 lustrans
2335 4849 2563 4902 circuitu
2621 4854 3038 4912 sacerdotalium
3082 4861 3335 4930 clangore
3379 4863 3629 4918 tubarum

2063 4936 2278 4989 subruit
2325 4945 2379 4990 et
2424 4939 2635 4993 evertit.
2673 4939 2854 5008 Vides,
2901 4947 3218 5001 charissime
3270 4947 3457 5017 frater,
3504 4955 3627 5022 quid

2064 5027 2278 5082 fervens
2301 5027 2354 5080 in
2379 5029 2578 5085 divinis
2602 5035 2780 5089 causis
2804 5037 3038 5099 animus,
3067 5037 3196 5105 quid
3227 5051 3473 5111 prompta
3503 5046 3624 5101 obe-

2062 5115 2262 5170 dientia
2292 5121 2569 5174 meruerit.
2607 5121 2686 5176 Ad
2721 5123 2882 5190 hujus
2915 5125 3322 5184 similitudinem
3355 5131 3480 5186 facti
3511 5151 3612 5190 nos

2064 5203 2156 5274 qui
2194 5206 2451 5274 populum
2497 5206 2864 5262 Christianum
2908 5211 3225 5271 instituendi
3263 5221 3612 5287 magisteriun

2065 5295 2425 5362 suscepimus,
2453 5306 2685 5350 mentem
2719 5300 3003 5370 vigilanter
3054 5307 3327 5362 intendere
3351 5311 3608 5368 debemus

2065 5397 2130 5434 ne
2161 5382 2484 5437 adversaria;
2519 5390 2801 5454 potestatis
2825 5407 3029 5456 muros,
3055 5404 3240 5447 contra
3266 5400 3614 5454 verumJosiu

2063 5470 2383 5527 rebellantes
2408 5484 2462 5527 ct
2492 5487 2729 5540 erectos,
2769 5479 2984 5531 silentio
3022 5492 3210 5538 nostro
3242 5495 3384 5541 stare
3419 5499 3511 5540 aut
3538 5506 3611 5543 ro-

2062 5557 2245 5611 borari
2268 5554 2557 5629 patiamur.
2597 5557 2961 5628 Quamobrem
2999 5568 3324 5628 fraternitati
3361 5584 3467 5629 tute
3492 5593 3618 5644 apo-

2061 5649 2256 5704 stolica
2287 5655 2605 5707 auctoritate
2635 5653 2971 5724 injungimus
3011 5672 3171 5730 atque
3197 5664 3537 5732 praecipimus
3572 5684 3603 5720 u

2063 5738 2128 5791 ad
2151 5739 2454 5794 castitatem
2474 5741 2797 5798 clericorum
2828 5750 3221 5814 praedicandam
3251 5761 3303 5804 et
3330 5753 3594 5808 studiosiu

2063 5826 2437 5882 inculcandam
2476 5827 2741 5895 buccina
2774 5835 3091 5890 sacerdotali
3154 5837 3522 5896 vehementius
3574 5863 3596 5894 κ
