4218 6430
729 499 830 551 .llfl
1359 495 1414 548 S.
1449 492 1772 548 GllliliORll
1810 489 1901 543 \"ll
1940 489 2138 542 ΡᾹΡίΕ
2176 485 2457 541 OPERL'M
2495 487 2672 542 PARS
2706 487 2746 541 l.
2783 518 2853 527 —
2887 485 3301 544 REGISTRL'M.
3541 535 3548 544 .
3859 487 3971 542 420

731 606 1019 661 instantius
1043 605 1313 674 instrepas
1349 604 1482 666 (los.
1519 604 1616 667 vi),
1641 605 1814 657 donec
1836 601 2054 654 Jeriebo
2085 613 2292 662 muros,
2325 604 2369 655 A
2395 600 2674 653 strictione
2695 600 2875 653 dicere
2905 609 2959 654 et
2994 599 3168 654 facere
3191 616 3298 654 non
3333 600 3636 669 pepercisti.
3671 599 3828 655 L'nde
3855 617 3969 654 non

732 695 882 747 idest
911 693 1227 745 defectionis
1249 707 1409 759 op--ra
1434 701 1486 744 et
1519 691 1750 745 sordidae
1774 690 2012 742 libidinis
2043 689 2298 756 pollutio-
2400 705 2592 758 parum
2619 691 2904 743 adversum
2943 699 2994 744 te
3016 691 3270 747 commoti
3301 706 3420 745 esse
3445 705 3737 760 possumus
3767 693 3864 762 qui
3899 691 3976 746 ad

733 799 828 836 nes
858 784 1092 852 dissipes
1129 794 1180 835 et
1209 785 1492 836 subvertas
1533 784 1674 837 sicut
1703 783 1768 836 ad
1793 783 2109 850 prophetam
2129 780 2303 856 '[sicut
2402 789 2765 848 contemptum
2801 781 3110 848 apostolica:
3137 781 3474 835 auctoritatis
3502 791 3810 852 nostraeque
3840 781 3977 836 fati-

735 873 1094 941 ait’propbeta
1133 873 1294 940 (deest
1345 873 1498 942 forte,
1528 873 1744 934 dicitur,
1780 871 1976 941 ll.\nn.]
2001 889 2018 924 :
2055 871 2216 923 Postti
2256 881 2305 922 te
2402 867 2633 935 nationis
2673 868 3012 936 dispendium
3050 869 3251 923 nostris
3284 870 3545 936 consiliis,
3575 871 3974 925 admonitioni—

734 962 884 1012 Iiodie
907 977 1060 1027 super
1094 971 1263 1028 gentes
1288 969 1338 1012 ct
1381 977 1537 1028 regna
1566 969 1620 1012 ut
1649 959 1860 1021 erelles,
1885 968 1932 1010 et
1963 959 2224 1020 destrnas,
2255 966 2304 1009 et
2401 958 2524 1019 bus,
2551 959 2847 1027 rogalibus,
2876 968 2929 1013 et
2962 959 3126 1028 justis
3153 960 3311 1014 ofﬁcii
3348 961 3520 1030 nostri
3543 961 3980 1030 dispensationi—

735 1051 1028 1119 tlisperdas,
1057 1027 1105 1101 et
1128 1051 1370 1117 dissipes,
1393 1027 1449 1101 et
1472 1050 1722 1116 mliﬁres,
1749 1059 1796 1100 et
1832 1047 2036 1115 platttes
2074 1047 2204 1107 (Jer.
2243 1051 2301 1113 ι).
2404 1046 2506 1098 bus
2530 1055 2579 1098 te
2609 1044 2874 1100 obsistere
2898 1027 3265 1117 intelligimus,
3288 1059 3346 1102 ut
3375 1027 3584 1117 picem,
3606 1027 3769 1119 quam
3793 1050 3985 1105 servis

735 1139 852 1192 Non
881 1151 1062 1193 nostra
1086 1139 1298 1192 decreta
1327 1143 1663 1208 (quanquam
1688 1140 1912 1190 licenter
1937 1139 1979 1190 si
2008 1153 2145 1205 opus
2166 1145 2306 1190 esset
2406 1135 2498 1189 Dei
2531 1152 2655 1190 cum
2692 1147 2894 1205 quanta
2931 1154 3025 1207 per
3055 1137 3222 1192 Deum
3254 1139 3630 1207 cognoscimus
3653 1139 3981 1194 considera-

737 1229 1041 1298 possemus)
1067 1229 1218 1280 vobis
1241 1228 1616 1296 proponimus,
1646 1228 1738 1280 sed
1773 1243 1801 1280 a
1837 1220 2309 1280 szmctisl’atrilnts
2407 1226 2551 1279 tione
2577 1226 2799 1294 iustitia:
2824 1227 3105 1294 providere
3128 1227 3398 1296 cupimus,
3430 1236 3489 1281 tu
3521 1242 3622 1282 nec
3649 1229 3757 1298 pati
3789 1228 3984 1297 possis

739 1328 936 1378 statuta
968 1335 1311 1381 renovamus,
1338 1335 1404 1371 ne
1427 1329 1616 1370 nostro
1640 1318 1856 1370 silentio
1889 1319 2030 1370 servi
2065 1316 2308 1370 Domini-
2407 1326 2499 1369 aut
2532 1317 2685 1369 velis.
2719 1315 3045 1384 Nunquidne
3093 1317 3375 1372 existimas
3413 1317 3693 1386 episcopos
3729 1319 3869 1372 hanc
3918 1318 3984 1372 in

740 1425 857 1461 eam
882 1409 1161 1477 pecuniam
1186 1407 1567 1461 abscondentis
1593 1402 1915 1460 sententiam
1941 1407 2306 1460 incurramus.
2408 1406 2664 1474 pastorali
2689 1394 3292 1477 regimineppotestatem
3307 1416 3468 1476 atque
3491 1406 3760 1460 licentiam
3779 1419 3985 1460 susce-

739 1496 968 1550 ‘rllabora
1018 1497 1197 1565 igitur,
1232 1498 1371 1549 insta
1407 1479 1731 1566 opportune,
1767 1497 2094 1564 importune,
2128 1506 2186 1549 ut
2211 1496 2310 1549 do-
2408 1497 2553 1564 pisse
2585 1504 2642 1549 ut
2687 1475 3038 1558 monasteria,
3066 1513 3188 1566 qua:
3233 1498 3287 1551 in
3331 1498 3446 1553 suis
3484 1497 3756 1568 parochiis
3786 1495 3989 1550 consi-

741 1604 862 1641 mns
884 1588 976 1640 Dei
1003 1588 1096 1640 tibi
1121 1589 1412 1643 commissa
1451 1589 1765 1658 puriticetur
1787 1597 2057 1657 quatenus
2078 1598 2130 1642 et
2154 1605 2183 1642 ιι
2216 1604 2314 1642 ιιο-
2411 1593 2590 1648 stunt,
2612 1594 2876 1654 quantum
2901 1586 3067 1640 velint
3088 1588 3415 1656 opprimant,
3438 1595 3491 1642 et
3506 1587 3742 1641 studium
3758 1585 3992 1656 religio-

740 1676 825 1730 bis
856 1677 921 1728 de
957 1677 1256 1730 obedienua
1285 1688 1374 1730 tua
1399 1677 1600 1746 gratias
1624 1678 1905 1740 merearis,
1929 1688 1980 1731 et
2005 1679 2081 1730 tui
2111 1678 2315 1732 laboris
2413 1676 2498 1729 nis
2533 1690 2646 1729 suae
2675 1676 3003 1745 prmlationis
3039 1677 3347 1741 occasione,
3381 1678 3496 1732 haec
3527 1685 3583 1731 et
3613 1678 3700 1731 illa
3727 1684 3994 1746 potenter

741 1765 1021 1833 prmmium
1065 1751 1384 1836 recepturus
1422 1767 1475 1820 in
1512 1765 1726 1820 Domini
1761 1767 1835 1820 tui
1870 1769 2128 1836 gaulinm
2164 1768 2317 1821 laetus
2414 1763 2677 1833 exigendo
2727 1772 2781 1817 et
2832 1773 3153 1834 potestatem
3204 1779 3359 1820 suam
3387 1766 3705 1829 exercendo,
3745 1765 3991 1819 commi-

745 1853 1129 1908 introducaris.

813 1941 941 1996 Data
970 1943 1171 2009 limum,
1206 1960 1258 1997 tv
1294 1943 1562 1999 Kalendas
1587 1945 1808 2014 Aprilis,
1844 1946 2032 2000 indiet.
2069 1963 2186 2000 sui.

1248 2052 1581 2107 EPISTOLA
1625 2053 1709 2106 LX
1721 2053 1785 2105 l.\'
1799 2095 1810 2105 .

939 2158 1003 2195 AD
1037 2157 1373 2196 ειςκιιιειιτωι
1411 2159 1700 2197 ειιιδιῖοιιι·ιι
1740 2160 2127 2199 ἸΑΙἩΙΧΕΧΞῘῙΜ.

1341 2231 1520 2299 (Anno
1560 2232 1741 2301 l075.)

746 2323 933 2393 Arguit
959 2323 1121 2393 quod
1151 2321 1402 2374 molestiis
1433 2323 1640 2390 afﬁciat
1682 2323 1960 2393 "tonat/tos
1989 2321 2174 2393 Sancti
2212 2321 2320 2374 Mi-

759 2439 765 2444 .
817 2389 1033 2444 Elim-lis.
1068 2389 1238 2442 Monet
1265 2402 1318 2443 ut
1351 2407 1529 2458 pacem
1554 2407 1669 2441 cum
1695 2391 1881 2442 abbate
1907 2392 2068 2454 ineat,
2096 2391 2174 2443 rel
2206 2401 2319 2443 sta-

822 2471 936 2512 tnta
961 2461 1045 2512 die
1061 2459 1130 2510 ad
1146 2460 1313 2511 sedem
1334 2459 1677 2528 apostolicam
1703 2459 1815 2511 litis
1831 2460 2138 2513 dirimendw
2161 2476 2321 2513 causa

781 2575 785 2582 .
820 2529 1055 2591 accedat,
1093 2527 1300 2581 interim
1325 2527 1373 2580 a'
1396 2528 1646 2580 iitolestiis
1685 2529 1966 2596 inferendis
1992 2530 2232 2592 desistat,
2262 2545 2323 2582 ne

819 2599 927 2667 ipse
957 2608 1173 2666 cogatur
1197 2597 1334 2649 illud
1374 2600 1745 2649 monasterium
1771 2598 1833 2648 de
1853 2597 1978 2667 pejus
2009 2598 2325 2667 subjectione

821 2663 1065 2729 eximere,
1087 2675 1136 2718 et
1160 2682 1286 2733 quos
1320 2675 1507 2729 temere;
1532 2666 2036 2729 crrommanirarat,
2063 2663 2319 2719 absolvat.
2361 2663 2365 2668 ’

823 2753 1126 2807 (ἶιιιῖιιοιιιις
1162 2754 1466 2822 episcopus,
1494 2770 1682 2808 servus
1709 2770 1990 2808 servorum
2017 2755 2133 2820 Dei,
2159 2755 2322 2810 Cest-

753 2858 924 2896 ιιειιιο
960 2841 1287 2895 Taurinensi
1315 2843 1595 2910 episeopo,
1623 2843 1852 2895 salutem
1889 2851 1942 2894 et
1972 2843 2325 2912 apostolicam

758 2929 1211 2984 benedictionem.

827 3017 1089 3072 Deeuerat
1137 3027 1207 3083 te,
1255 3016 1422 3072 frater
1477 3018 1818 3082 charissime,
1875 3034 1974 3088 pro
2029 3020 2327 3074 reverentia

755 3123 918 3176 quam
959 3108 1116 3162 beato
1148 3107 1328 3171 Petro,
1367 3109 1740 3176 apostolorum
1780 3109 2009 3178 principi
2040 3119 2095 3163 et
2126 3109 2326 3179 magis-

761 3211 845 3250 tro
873 3198 1190 3252 universalis
1217 3197 1487 3262 Ecclesize,
1512 3197 1696 3260 debes,
1722 3198 2004 3250 nobiscum
2029 3197 2192 3250 etiam
2215 3213 2330 3252 scr-

759 3303 886 3341 vare
920 3289 1185 3342 unitatem
1235 3298 1289 3342 ct
1323 3290 1671 3343 concordiam
1708 3290 1758 3342 in
1804 3291 2020 3343 vinculo
2046 3290 2328 3345 charitatis

755 3387 812 3432 et
847 3376 1016 3446 pacis,
1047 3388 1100 3431 et
1134 3378 1350 3432 labores
1382 3388 1619 3442 nostros,
1655 3388 1712 3432 ut
1744 3379 1796 3432 in
1840 3380 2060 3433 Christo
2099 3379 2326 3448 profice-

759 3480 881 3531 rent
904 3481 956 3524 et
981 3471 1217 3524 fructum
1260 3469 1518 3535 facerent,
1547 3472 1738 3524 saltem
1769 3470 1821 3523 in
1854 3471 2210 3524 attinentibus
2233 3471 2329 3524 tibi

757 3571 815 3614 et
837 3570 1012 3613 tecum
1039 3560 1174 3613 actis
1191 3560 1384 3628 juvare
1407 3561 1654 3630 negotiis.
1689 3559 1886 3614 Verum
1918 3570 2160 3634 econtra,
2189 3561 2331 3614 unde

764 3665 865 3704 nes
889 3665 986 3704 nec
1011 3649 1197 3704 mirari
1224 3665 1322 3703 nec
1343 3650 1530 3704 dolore
1556 3651 1689 3705 satis
1714 3666 2024 3720 possumus,
2059 3661 2110 3705 te
2136 3651 2329 3706 imme-

766 3753 970 3791 morem
1004 3747 1204 3791 nostrae
1237 3737 1544 3791 dilectionis
1581 3752 1610 3790 ιι
1659 3738 1815 3790 nobis
1850 3738 2160 3806 discrepare
2187 3748 2241 3792 et
2269 3755 2331 3791 ea

764 3839 886 3894 quae
933 3824 1184 3894 colligere
1228 3824 1542 3879 laboramus
1575 3825 1724 3878 omni
1777 3833 1972 3879 conatu
2023 3826 2090 3879 ad
2127 3826 2334 3894 disper-

766 3917 997 3985 gendum
1024 3916 1296 3980 insistere,
1319 3916 1528 3970 clamor
1556 3915 1785 3969 fratrum
1814 3916 2126 3970 monasterii
2152 3915 2332 3970 Sancti

767 4001 1064 4066 Michaelis,
1101 4003 1210 4055 imo
1243 4004 1519 4071 multiplex
1555 4005 1822 4071 angustia,
1851 4019 2014 4072 quam
2040 4005 2332 4060 multorum

769 4092 1140 4156 relationibus,
1177 4101 1226 4146 te
1274 4091 1504 4146 faciente
1532 4133 1546 4157 ,
1582 4107 1678 4146 eos
1707 4093 1817 4160 pati
1849 4092 2179 4158 audivimus,
2217 4109 2334 4148 ma-

768 4179 964 4234 nifesta
997 4180 1153 4234 nobis
1176 4181 1371 4234 indicia
1391 4188 1624 4248 praestet.
1663 4178 1972 4234 Meminisse
2001 4180 2145 4233 enim
2176 4180 2338 4234 debes

768 4276 904 4336 quot
932 4277 985 4322 et
1013 4277 1215 4335 quanta
1248 4269 1500 4322 dominus
1523 4278 1578 4322 et
1599 4277 1914 4323 antecessor
1940 4278 2142 4334 noster,
2170 4271 2341 4324 beata:

771 4354 1046 4409 memoriae
1067 4355 1367 4410 Alexander
1387 4371 1544 4424 papa,
1568 4364 1621 4408 et
1643 4371 1742 4409 nos
1757 4356 1880 4424 ipsi,
1897 4373 2022 4410 cum
2046 4359 2341 4413 novissime

772 4442 1125 4510 apostolicam
1153 4445 1332 4497 sedem
1375 4452 1430 4498 et
1465 4444 1809 4513 praesentiam
1847 4455 2092 4499 nostram
2123 4447 2338 4501 visitas—

773 4547 882 4598 ses,
926 4531 993 4585 de
1024 4545 1157 4600 pace
1199 4540 1253 4585 et
1294 4533 1687 4600 tranquillitate
1736 4535 1978 4604 ejusdem
2022 4535 2339 4590 monasterii
2370 4571 2421 4632 Β

772 4639 898 4678 cum
931 4632 1020 4676 tua
1065 4623 1401 4677 fraternitate
1426 4623 1656 4693 egimus,
1689 4640 1756 4677 ne
1789 4625 2038 4681 diabolus
2061 4642 2341 4682 servorum

777 4712 872 4767 Dei
909 4713 1069 4767 saluti
1103 4729 1316 4782 semper
1357 4714 1606 4769 invidens
1631 4723 1684 4768 et
1713 4715 1902 4784 quieti,
1933 4731 2200 4770 venenum
2232 4733 2346 4772 sua:

761 4801 1030 4872 nequitia:
1071 4802 1251 4870 aliqua
1297 4803 1584 4858 occasione
1611 4804 1686 4858 ibi
1721 4813 1903 4874 posset
1954 4804 2258 4871 infundere,
2291 4814 2348 4859 et

777 4893 1000 4947 devotas
1030 4893 1241 4946 animas
1273 4892 1341 4945 ab
1387 4892 1605 4947 assidua
1639 4895 1945 4948 orationum
1977 4903 2031 4950 et
2060 4895 2226 4950 divini
2261 4893 2343 4948 fa-

779 4982 1016 5036 mulatus
1041 4981 1390 5036 meditatione
1415 4981 1687 5035 divellere.
1720 4981 1838 5047 Qua
1864 4983 1930 5036 de
1953 4999 2012 5038 re
2037 4986 2162 5039 licet
2191 4983 2348 5038 nobis

779 5069 982 5139 optime
1015 5069 1350 5137 promiseris,
1377 5069 1624 5125 videlicet
1648 5078 1702 5123 te
1736 5080 1831 5124 aut
1851 5081 2245 5141 competentem
2280 5074 2347 5127 de

781 5161 1038 5215 omnibus
1071 5175 1195 5214 cum
1238 5162 1430 5220 abbate
1476 5177 1662 5230 pacem
1715 5160 2008 5227 facturum,
2059 5170 2174 5228 aut,
2212 5162 2259 5217 si
2295 5165 2346 5217 id

783 5249 897 5303 ﬁeri
933 5264 1040 5303 non
1071 5257 1274 5317 posset,
1323 5249 1440 5300 sine
1471 5250 1618 5302 omni
1657 5250 1878 5304 laesione
1924 5250 2240 5304 monasterii
2281 5244 2348 5304 ad

778 5335 1044 5406 judicium
1075 5337 1383 5404 apostolica:
1408 5335 1767 5392 discussionis
1803 5349 1916 5391 rem
1941 5337 2121 5391 denuo
2141 5338 2350 5392 delatu-

785 5444 927 5491 rum,
971 5435 1151 5480 tamen
1201 5436 1484 5494 postquam
1542 5441 1572 5478 a
1617 5426 1775 5479 nobis
1819 5427 2142 5492 discessisti,
2179 5427 2351 5481 multo

785 5516 1028 5570 asperior
1065 5524 1226 5583 atque
1262 5515 1529 5567 crudelior
1561 5521 1750 5568 contra
1774 5514 2132 5568 venerabilem
2171 5516 2348 5571 locum

789 5602 938 5656 illum
969 5620 1132 5674 quam
1166 5612 1324 5658 antea
1366 5602 1567 5667 fueras,
1591 5613 1753 5672 prout
1793 5603 1951 5658 nobis
1981 5603 2210 5658 relatum
2245 5615 2348 5670 est,

788 5692 1070 5757 exstitisti;
1101 5702 1155 5747 et
1186 5693 1332 5762 quod
1360 5692 1741 5744 detrimentum
1778 5693 1898 5761 ejus
1932 5691 2091 5757 foret,
2117 5708 2222 5745 non
2258 5709 2348 5747 so-

791 5787 902 5839 lum
936 5785 1188 5862 exteriori
1229 5785 1568 5863 fortitudine,
1620 5783 1712 5837 sed
1748 5784 2040 5853 episcopali
2071 5783 2232 5837 etiam
2265 5783 2350 5836 di—

2419 1854 2625 1907 nuant?
2647 1855 2728 1906 An
2753 1855 2972 1924 ignoras
3000 1856 3144 1924 quod
3171 1856 3341 1910 sancti
3367 1855 3555 1910 Patres
3584 1857 3905 1926 plerumque
3929 1865 3998 1908 ct.

2419 1945 2668 2014 religiosa
2705 1945 3034 1999 monasteria
3062 1945 3128 2000 de
3163 1947 3496 2016 subjectione
3525 1960 3906 2017 episcoporum
3930 1955 4000 2000 et

2418 2036 2762 2104 episcopatus
2782 2035 2848 2088 de
2869 2035 3125 2104 parochia
3143 2037 3573 2106 metropolitanat
3593 2037 3738 2092 sedis
3761 2044 3998 2107 propter

2420 2124 2820 2180 infestationem
2857 2127 3258 2196 prtesidentium
3287 2128 3608 2202 diviserunt,
3639 2138 3694 2183 et
3720 2137 3996 2199 perpetua

2421 2215 2666 2270 libertate
2694 2216 2959 2271 donantes
2991 2218 3302 2286 apostolicae
3329 2218 3466 2283 sedi,
3489 2218 3637 2273 velut
3664 2218 3993 2289 principalia

2420 2305 2583 2375 capiti
2625 2319 2726 2359 suo
2758 2306 3020 2372 membra,
3047 2307 3321 2362 adhaerere
3355 2310 3690 2364 sanxerunt?
3721 2309 3999 2365 Percurrc

2422 2406 2735 2449 sanctorum
2758 2385 2978 2450 Patrum
3001 2397 3299 2468 privilegia,
3324 2407 3377 2451 et
3403 2398 3646 2454 invenies
3660 2400 3792 2470 ipsis
3815 2402 3994 2456 etiam

2421 2487 2840 2556 archiepiscopis
2867 2488 3124 2554 oﬂicinm,
3158 2490 3263 2545 nisi
3289 2490 3427 2545 forte
3448 2490 3518 2545 ab
3540 2491 3733 2545 abbate
3755 2493 3990 2558 vocatis,

2425 2581 2476 2632 in
2522 2580 2792 2647 plerisque
2840 2581 3104 2635 emnobiis
3145 2579 3324 2636 facere
3365 2581 3698 2651 prohibitum
3745 2595 3887 2644 esse,
3923 2598 3997 2637 ne

2424 2669 2560 2724 forte
2592 2671 2890 2724 monastica
2924 2670 3082 2739 quies
3109 2672 3453 2725 szecularium
3475 2685 3838 2741 personarum
3872 2669 3992 2726 fre-

2425 2761 2645 2830 quentia
2679 2769 2733 2814 et
2751 2761 3164 2814 conversatione
3199 2761 3528 2816 turbaretur.

2495 2869 2608 2923 lloe
2635 2849 2817 2938 itaque
2848 2885 2917 2924 ne
2941 2879 2996 2924 et
3020 2885 3120 2926 nos
3148 2871 3365 2927 illorum
3386 2872 3708 2928 auctoritate
3733 2882 3787 2928 et
3806 2888 3999 2930 exem-

2425 2960 2516 3029 plo
2545 2960 2612 3014 de
2639 2958 2862 3029 praefato
2906 2959 3090 3016 Sancti
3128 2961 3405 3017 Michaelis
3439 2964 3770 3018 monasterio
3811 2963 3999 3022 facere

2428 3065 2707 3120 cogamur,
2733 3066 2867 3105 neve
2895 3060 2972 3118 tu,
3001 3052 3130 3107 dum
3163 3054 3514 3110 immoderata
3541 3056 3760 3125 quaeris,
3783 3071 3849 3110 ea
3869 3073 4001 3127 quae

2428 3155 2495 3194 ex
2519 3157 2674 3210 aequo
2697 3143 2794 3196 tibi
2826 3143 3054 3197 attinere
3086 3145 3408 3200 videbantur
3430 3146 3577 3216 juste
3599 3147 3839 3213 amittas,
3861 3163 4002 3218 apo-o

2355 3239 2398 3296 ο
2431 3231 2619 3286 stoliea
2669 3239 2719 3285 te
2754 3233 3078 3287 auctoritate
3108 3249 3392 3290 monemus
3430 3243 3592 3305 atque
3625 3236 4000 3306 praecipimus,

2433 3331 2489 3375 ut
2521 3331 2614 3376 aut
2639 3337 2826 3390 pacem
2853 3337 2977 3376 cum
2997 3323 3191 3378 abbate
3213 3339 3451 3394 congrua
3481 3327 3842 3382 conventione
3861 3337 3919 3382 et
3944 3330 4002 3384 in

2431 3426 2717 3465 connnune
2751 3413 2968 3480 proviso
3004 3414 3170 3467 totius
3200 3431 3380 3469 causa:
3412 3415 3780 3471 moderamine
3809 3415 4000 3484 faciat,

2431 3510 2544 3565 aut,
2570 3501 2616 3555 si
2663 3502 2898 3569 peccatis
2935 3503 3351 3582 impedientibus
3383 3506 3487 3560 hoc
3515 3506 3632 3561 fleri
3669 3509 4002 3579 nequiverit,

2432 3592 2486 3644 in
2509 3586 2735 3646 ventura
2768 3594 2938 3646 sancti
2971 3591 3185 3648 Martini
3222 3593 3512 3651 festivitate
3539 3597 3608 3651 ad
3641 3600 4003 3666 apostolicam

2432 3682 2613 3736 sedem
2662 3692 2713 3735 te
2750 3693 3104 3738 convocatum
3145 3688 3396 3754 praesenti
3433 3687 3754 3744 auctoritate
3791 3705 4003 3762 cogno-

2433 3787 2576 3837 scas,
2592 3781 2880 3841 quatenus,
2893 3773 3181 3844 adjuvante
3195 3774 3325 3840 Deo,
3339 3762 3488 3832 litem
3498 3786 3733 3834 vestram
3743 3779 4006 3839 dirimere

2433 3869 2487 3916 et
2515 3863 2663 3932 justo
2685 3863 2790 3918 line
2821 3865 3146 3920 concludere
3175 3867 3472 3924 valeamus.
3511 3867 3728 3924 Interim
3756 3886 3883 3926 vero
3904 3888 4006 3928 ea-

2433 3953 2554 4009 dem
2597 3955 2919 4009 auctoritate
2948 3956 3290 4026 praecipimns
3334 3967 3394 4011 ut
3429 3973 3605 4030 neque
3647 3961 3888 4016 vocando
3932 3962 4006 4017 ad

2436 4043 2726 4113 synodum,
2762 4061 2862 4100 nee
2895 4046 3078 4116 aliquo
3108 4047 3412 4116 interdicto,
3447 4048 3681 4120 denique
3716 4050 3866 4106 nullo
3891 4067 4004 4105 uu-

2437 4153 2600 4208 quam
2622 4140 2918 4196 exactionis
2939 4142 3101 4196 modo
3122 4142 3392 4208 abbatem,
3415 4141 3500 4198 vel
3517 4157 3659 4211 saepe
3681 4141 3850 4197 fatum
3880 4157 4008 4197 ιιιοι

2441 4235 2758 4300 nasterium,
2781 4242 2876 4288 aut
2914 4233 3201 4287 servitores
3231 4233 3374 4301 ejus,
3415 4247 3512 4290 seu
3552 4232 3692 4297 loca,
3728 4233 3810 4286 vel
3857 4234 4004 4287 bona

2439 4323 2567 4380 illuc
2597 4323 2900 4389 attinentia,
2926 4338 3021 4393 per
3039 4331 3112 4390 te,
3144 4323 3257 4378 sive
3277 4337 3372 4393 per
3399 4331 3616 4377 tuorum
3641 4323 3875 4394 aliquem
3902 4325 4006 4380 la-

2439 4417 2568 4471 dere.
2589 4424 2682 4471 aut
2713 4417 3013 4487 inquietare
3034 4431 3362 4486 praasumas;
3393 4425 3447 4470 et
3475 4429 3616 4485 quos
3642 4417 4008 4475 anathemati:

2443 4507 2661 4562 vinculo
2697 4523 2764 4561 ex
2789 4507 2896 4578 _his
2919 4507 3014 4576 qui
3043 4515 3253 4576 partem
3295 4507 3441 4560 illam
3491 4508 3721 4562 attinent
3745 4509 4006 4580 alligasti,

2445 4609 2756 4666 quanquam
2792 4597 2896 4652 hoc
2915 4604 3115 4651 temere
3149 4596 3362 4665 feceris,
3395 4600 3645 4655 charitati
3673 4608 3856 4656 tamen
3888 4601 4010 4658 fra-

2445 4698 2612 4745 terna:
2641 4688 3004 4759 providentes,
3032 4697 3092 4743 ut
3120 4697 3178 4744 tu
3200 4704 3296 4744 eos
3329 4691 3582 4746 absolvas
3619 4692 3802 4747 locum
3831 4694 3926 4748 tibi
3951 4703 4011 4750 et

2445 4781 2647 4835 monita
2675 4779 2889 4835 damus.
2913 4779 3030 4846 Qua
3061 4779 3117 4833 in
3152 4795 3212 4834 re
3245 4780 3292 4835 si
3327 4787 3386 4833 tu
3425 4795 3632 4834 moram
3660 4779 3881 4851 feceris,
3912 4794 4012 4842 aut

2444 4873 2623 4941 aliqua
2642 4870 2929 4926 occasione
2949 4871 3106 4926 nobis
3126 4869 3345 4925 obedire
3369 4870 3639 4936 renueris,
3667 4884 3855 4930 nostra
3876 4891 4007 4946 apo-

2445 4963 2636 5016 stolica
2662 4962 2982 5018 auctoritate
3019 4977 3116 5016 eos
3154 4960 3431 5016 absolutos
3459 4970 3514 5016 et
3533 4963 3604 5018 ab
3631 4965 3890 5022 omnibus
3919 4967 4010 5021 in-

2446 5053 2655 5108 terdicti
2677 5045 2761 5108 vel
2797 5051 3373 5109 excommunicationis
3402 5063 3508 5110 tua:
3548 5055 3778 5117 nexibus
3808 5055 4014 5112 liberos

2445 5160 2565 5202 esse
2601 5143 2833 5199 noveris.
2872 5141 2980 5198 Fac
3008 5141 3194 5213 igitur,
3223 5141 3417 5198 dilecte
3442 5143 3630 5210 frater,
3662 5151 3724 5198 ut
3750 5142 3836 5199 vel
3864 5160 4015 5201 nunc

2448 5252 2554 5291 non
2579 5237 2852 5289 incassum
2874 5233 2969 5288 tibi
2994 5234 3280 5302 scripsisse
3291 5235 3592 5289 videamur.
3609 5230 3784 5290 Crede
3806 5236 4015 5294 nostris

2448 5323 2712 5390 consiliis,
2737 5325 3022 5394 acquiesee
3045 5324 3287 5389 monitis,
3314 5340 3417 5378 nec
3445 5325 3609 5380 libeat
3635 5312 3731 5382 tibi
3755 5344 3859 5385 nos
3891 5331 4015 5399 plu-

2451 5417 2605 5470 rimis
2633 5426 2926 5487 occupatos
2947 5415 3152 5469 diutius
3173 5429 3353 5468 causa:
3375 5414 3538 5483 hujus
3562 5415 3826 5487 implicari
3860 5419 4018 5476 labo-

2452 5507 2624 5572 ribus,
2655 5523 2753 5562 nec
2785 5507 3017 5576 deneges
3063 5505 3223 5559 nobis
3263 5503 3561 5561 fraternum
3603 5516 3657 5562 et
3694 5509 4016 5568 unanimem

2452 5613 2780 5652 consensum
2815 5595 2870 5650 in
2907 5595 3278 5664 componenda
3307 5610 3438 5665 pace
3472 5595 3726 5666 sarpe'fati
3751 5599 4020 5670 emnobii,

2455 5706 2542 5755 ne,
2579 5689 2707 5743 dum
2756 5687 2937 5750 nobis,
2978 5685 3088 5740 imo
3133 5685 3290 5740 beato
3320 5685 3501 5752 Petro,
3533 5688 3744 5741 obstare
3778 5704 3889 5742 non
3915 5688 4022 5744 de-

2457 5779 2632 5843 sieris,
2671 5779 2721 5832 in
2767 5775 3067 5846 graviorem
3099 5776 3311 5845 culpam
3363 5786 3417 5832 et
3458 5776 3810 5832 irrevocabile
3847 5778 4025 5834 detri-

3823 6143 4218 6370 λι
