4218 6396
312 477 404 532 421

1334 476 1533 532 ωηιξη
1568 478 1945 535 SECL'NDL'S.
1977 510 2045 522 -—
2080 480 2294 536 EPIST.
2337 480 2541 565 LXX“.

3433 491 3534 543 ωε

310 597 551 642 mentum
588 579 799 642 tuomet
821 589 985 658 (quod
1022 605 1128 642 non
1152 591 1422 658 optamus)
1454 591 1652 660 impetu
1682 592 1870 660 prmci-
1899 594 1946 649 Α
2041 592 2171 647 Data
2203 596 2402 660 llomte,
2416 596 2624 650 decimo
2653 606 2841 651 octavo
2862 593 2975 668 [xvi
2999 598 3162 652 lialeu
3185 601 3261 653 fas
3293 595 3432 667 Maii,
3458 605 3535 658 in-

309 676 516 745 piteris.
555 675 696 730 Nam
747 678 793 732 si
825 679 1076 747 deinceps
1111 679 1248 732 uitia
1293 688 1532 732 tenorem
1579 683 1876 735 litterarum

307 766 539 819 istarum
593 781 762 835 supra
797 776 1150 821 memoratam
1199 783 1420 822 causam
1461 771 1515 822 in
1548 786 1787 824 errorem
1823 778 1879 824 et

309 855 539 924 litigium
559 857 798 919 trahere,
815 863 910 910 aut
931 858 1262 910 monasterio
1276 856 1647 912 init-stationes
1669 860 1876 928 aliquas

308 942 508 997 inferre
532 946 946 1012 perteutaveris,
990 959 1110 1010 nos,
1143 945 1324 998 divina
1348 954 1402 1000 et
1434 949 1726 1016 apostolica
1758 946 1874 1001 fulti

307 1033 652 1094 auctoritate.
678 1043 738 1086 ut
767 1034 1153 1100 monasterium
1183 1035 1310 1088 illud
1333 1032 1456 1090 cum
1487 1037 1738 1090 omnibus
1761 1038 1874 1092 suis

306 1123 651 1189 pe:tinentiis
682 1122 733 1174 in
768 1131 1020 1190 perpetua
1047 1125 1290 1178 libertate
1337 1126 1618 1189 consistat,
1662 1137 1719 1180 ut
1754 1129 1873 1181 nul-

310 1209 416 1263 lius
443 1212 759 1280 magisterio
793 1212 876 1266 vel
917 1213 1124 1280 judicio
1157 1223 1282 1283 post
1312 1214 1500 1281 Deum,
1533 1217 1634 1270 nisi
1673 1228 1873 1272 sanetae

307 1297 569 1354 Romana:
620 1299 894 1366 Ecclesiae,
942 1303 1216 1357 subditum
1253 1304 1305 1356 in
1351 1307 1628 1373 proposito
1673 1318 1872 1362 sancta:

306 1387 587 1457 religionis
623 1389 740 1442 sine
784 1390 1110 1445 laceratione
1147 1390 1257 1446 Deo
1297 1394 1500 1448 servire
1538 1394 1731 1460 valeat,
1761 1395 1870 1450 Deo

305 1477 617 1549 adjuvante,
645 1479 1079 1545 procurahimus.

372 1565 507 1620 Data
532 1566 739 1634 Romae,
755 1568 949 1638 quinto
969 1568 1092 1624 ldus
1114 1569 1332 1640 Aprilis,
1349 1571 1640 1628 indictione
1661 1573 1868 1630 decima

306 1654 481 1708 tertia.

819 1764 1152 1820 EPISTOLA
1189 1765 1348 1822 LXX.

662 1867 730 1904 AD
762 1866 964 1907 ςειέυι
999 1870 1274 1910 ΙΙΕΝϐᾹῑιΙΒ
1308 1872 1498 1911 υυεειι.

893 1942 1067 2010 (Anno
1102 1945 1280 2015 1075.)

310 2027 467 2102 Optat
488 2039 557 2102 ut
579 2046 685 2098 pax
702 2031 839 2102 inter
861 2048 977 2102 eum
1002 2021 1059 2086 et
1079 2051 1242 2102 regem
1271 2033 1598 2089 Salomoucm
1629 2039 1852 2094 ineatur.

371 2095 649 2184 §igniﬁcat
681 2100 864 2184 merito
880 2095 1187 2184 jus-regni}
1211 2101 1488 2184 Salqmone
1513 2121 1624 2184 rege
1649 2110 1717 2159 ad
1741 2125 1857 2184 eum

369 2165 531 2244 fuisse
555 2165 892 2219 translatum;
923 2165 1196 2244 Ejus'erga
1215 2187 1267 2244 se
1289 2165 1664 2244 observantiam
1688 2178 1858 2244 requi-

370 2235 460 2304 rit,
488 2244 537 2286 et
561 2250 875 2304 qmecunque
899 2253 930 2287 a
953 2235 1188 2290 [laniena
1215 2238 1450 2292 Ecclesia
1474 2241 1733 2295 desiderat
1752 2235 1857 2297 sibi

368 2301 695 2355 litteris'rult
718 2301 931 2370 aperiri.

367 2409 673 2466 Gnscomcs
687 2413 992 2482 episcopus,
1016 2431 1204 2470 servus
1225 2433 1505 2473 servorum
1529 2419 1644 2484 Dei,
1664 2421 1855 2481 (ἔπεσε

301 2497 587 2571 llungarize
610 2503 756 2569 duci,
785 2503 1011 2558 salutem
1042 2514 1097 2559 et
1131 2508 1481 2576 apostolicam
1525 2510 1854 2568 benedictio-

300 2603 420 2643 nem
430 2631 443 2654 ,

367 2677 426 2732 Si
449 2678 606 2733 ollieii
647 2681 820 2734 nostri
863 2689 946 2736 est
976 2683 1228 2738 omnibus
1257 2700 1354 2740 sua
1384 2686 1510 2755 jura
1547 2687 1851 2758 defendere,

299 2779 361 2819 ac
396 2768 538 2821 inter
558 2784 654 2822 eos
675 2784 1000 2840 componere
1033 2778 1249 2842 pacem,
1267 2790 1330 2829 ac
1364 2777 1606 2838 stabilire,
1628 2794 1854 2834 concor-

296 2855 462 2919 diam,
494 2858 662 2913 multo
693 2850 864 2928 magis
890 2860 1029 2915 ratio
1052 2864 1238 2933 exigit,
1271 2876 1430 2934 atque
1455 2883 1586 2920 usus
1608 2869 1852 2925 utilitatis

295 2946 541 3012 exposcit
584 2956 645 3000 ut
684 2949 1016 3006 seminemus
1049 2953 1367 3008 charitatem
1415 2954 1554 3009 inter
1595 2957 1848 3025 majores,

296 3047 528 3100 quorum
551 3051 652 3104 pax
679 3047 772 3090 aut
801 3038 985 3093 odium
1015 3042 1275 3096 redundat
1297 3043 1351 3096 in
1377 3043 1661 3112 plurimos.
1698 3044 1850 3100 Unde

1979 684 2214 740 dictione
2245 688 2451 743 decima
2485 691 2655 742 tertia.

2477 775 2807 829 EPISTOIA
2846 777 3028 832 LXXI.

2223 881 2288 917 AD
2327 882 2676 920 “'Il.\TlSl..-\LTSI
2716 884 3027 921 Blllllillttllljll
3068 885 3258 925 DL’Cliﬂ.

2551 955 2727 1023 (Auno
2772 956 2947 1024 l073.)

1975 1041 2312 1095 Commendat
2345 1043 2679 1118 Frcdericum
2710 1046 2824 1118 eius
2857 1057 3108 1113 nepotem,
3142 1060 3194 1100 ut
3225 1051 3529 1118 bene/icium

2044 1129 2074 1160 η
2110 1128 2204 1160 suo
2243 1124 2389 1177 putre
2422 1114 2654 1166 relictum
2703 1114 2784 1166 illi
2834 1118 3097 1178 roucrtlut,
3138 1119 3212 1168 rel
3253 1114 3400 1171 aliud
3439 1122 3530 1172 tri-

2043 1179 2184 1251 lnmt.
2219 1180 2388 1233 .llonct
2411 1193 2465 1232 ut
2500 1183 2734 1235 dissirliis
2758 1184 2980 1236 sublatis
3013 1202 3190 1251 pacem
3226 1190 3277 1239 in
3316 1191 3525 1240 suu‘di-

2041 1249 2179 1301 tione
2206 1253 2511 1303 servandam
2528 1261 2699 1304 curet.

2039 1337 2342 1391 Gntzcontcs
2363 1342 2670 1408 episcopus,
2697 1357 2886 1394 sen‘tls
2912 1357 3188 1396 servorum
3212 1343 3326 1407 Dei,
3363 1346 3526 1400 Wm-

1969 1442 2154 1482 ‘l‘lSLtO
2207 1429 2563 1484 llohemorum
2613 1433 2756 1495 duci,
2809 1433 3032 1485 salutem
3082 1443 3133 1486 et
3176 1438 3522 1502 apostolicam

1964 1517 2410 1572 benedictionem.

2035 1607 2381 1672 Fredericus,
2409 1626 2570 1678 nepos
2597 1619 2790 1674 vester,
2818 1621 2870 1666 et
2893 1611 3148 1672 Romanae
3180 1614 3431 1669 Ecclesia‘.
3457 1617 3522 1670 li-

1964 1696 2118 1760 delis,
2156 1714 2254 1752 nos
2311 1701 2606 1753 humilibus
2653 1701 2901 1768 precibus
2953 1701 3206 1771 ﬂagitavit
3255 1713 3522 1772 quatenus

1965 1794 2068 1839 lure
2121 1787 2412 1842 nobilitatis
2460 1791 2797 1858 prudentiam
2840 1807 3170 1858 rogaremus,
3213 1802 3285 1847 ut
3324 1795 3523 1848 beneﬁ-

1895 1909 1940 1964 Β
1965 1877 2128 1941 cium,
2161 1866 2302 1946 quotl
2333 1879 2433 1932 sibi
2471 1888 2573 1947 pat:
2596 1897 2620 1932 r
2647 1897 2780 1933 suus
2820 1881 3054 1949 reliquit,
3088 1898 3212 1936 cum
3243 1885 3520 1951 permittes

1962 1968 2090 2022 retis
2125 1969 2321 2021 habere
2353 1977 2405 2021 et
2429 1969 2481 2020 in
2516 1969 2661 2022 omni
2696 1970 2843 2037 pacis
2873 1971 3187 2037 quicludine
3214 1973 3517 2040 possidere;

1959 2058 2115 2126 cujus
2153 2059 2484 2126 supplicibus
2532 2060 2866 2112 orationibus
2901 2060 3041 2124 ﬁeri,
3095 2063 3384 2127 nobilitatis
3424 2080 3520 2117 ve-

1959 2155 2081 2200 sti-.e
2127 2150 2465 2202 serenitatem
2491 2151 2685 2202 obnixe
2726 2167 2978 2219 rogamus
3012 2163 3087 2214 ut,
3118 2154 3163 2206 si
3209 2155 3358 2208 scitis
3391 2171 3516 2208 eum

1957 2229 2155 2288 habere
2185 2237 2469 2304 justitiam,
2526 2247 2637 2292 tum
2674 2241 2797 2306 quia
2848 2256 2909 2293 os
2955 2251 3106 2294 tuum
3154 2253 3206 2296 et
3251 2260 3378 2297 caro
3409 2256 3513 2310 est,

1956 2325 2150 2380 ductus
2180 2328 2504 2396 proprietate
2530 2330 2831 2394 sanguinis,
2861 2341 2971 2384 tum
2999 2334 3124 2400 quia
3159 2336 3222 2386 ad
3248 2335 3514 2403 refugium

1957 2417 2263 2485 apostolicae
2308 2419 2672 2472 miserationis
2725 2421 2998 2492 confugit,
3056 2433 3145 2477 aut
3194 2426 3511 2482 beneﬁcium

1955 2505 2085 2560 illud
2112 2507 2212 2560 sibi
2235 2508 2595 2571 rcddatis,aut
2614 2511 3069 2565 conti-aeanibium
3096 2508 3342 2569 tribuatis
3368 2515 3512 2585 quod

1953 2595 2054 2650 sibi
2071 2595 2138 2649 sit
2151 2596 2496 2665 aceeptabile,
2511 2607 2563 2651 et
2583 2599 2658 2650 tui
2675 2601 2929 2654 condecet
2945 2603 3154 2670 generis
3175 2604 3507 2672 dignitatem.

1952 2685 2102 2750 Quod
2123 2687 2166 2740 si
2190 2687 2573 2754 justitiamfnon
2599 2690 2806 2742 videtur
2825 2691 3039 2755 habere,
3061 2704 3313 2762 rogamus
3329 2704 3507 2751 tamen

1950 2783 2010 2830 ut
2058 2791 2156 2846 pro
2192 2776 2452 2830 charitate
2477 2786 2528 2832 et
2561 2781 2856 2832 reverentia
2883 2773 3023 2834 beati
3060 2781 3201 2836 Petri
3237 2787 3506 2852 apostolo-

1951 2881 2070 2920 rum
2102 2867 2381 2935 principis,
2408 2867 2564 2935 cujus
2594 2869 2839 2936 pr:esidia
2877 2871 3151 2926 humiliter
3192 2875 3503 2942 postulavit,

1949 2955 2162 3024 aliquod
2198 2956 2300 3009 sibi
2330 2956 2669 3022 beneﬁcium,
2702 2975 2811 3027 quo
2847 2962 3014 3028 possit
3043 2963 3264 3016 honeste
3302 2959 3501 3032 vivere,

1947 3036 2216 3100 tribuatis.
2245 3043 2361 3098 Non
2388 3047 2563 3115 pigeat
2586 3048 2766 3117 itaque
2793 3051 3119 3104 nobilitatem
3147 3062 3293 3105 tuam
3317 3053 3369 3105 in
3401 3053 3505 3108 hoc

296 3123 454 3177 nobis
481 3141 611 3180 cura
644 3137 727 3182 est
747 3137 802 3182 et
825 3129 974 3184 cordi
1011 3131 1094 3198 pia
1118 3131 1422 3186 sollicitudo
1446 3133 1688 3198 inhaeret.
1709 3150 1847 3203 qua-
1947 3143 2160 3190 nostras
2183 3151 2370 3204 preces
2399 3137 2608 3201 audire,
2657 3137 2981 3208 beatumque
3029 3139 3247 3194 Petrum
3298 3143 3352 3195 in
3398 3143 3503 3199 hoc

289 3218 454 3268 tenus
474 3215 612 3270 inter
649 3225 784 3272 teet
817 3221 1277 3289 consanguineum
1304 3229 1466 3288 tuum
1510 3221 1850 3279 Salomonem
1878 3225 1918 3281 C
1951 3225 2044 3279 tibi
2080 3227 2370 3280 debitorem
2418 3226 2610 3290 facere,
2641 3229 2894 3295 quoniam
2947 3245 3043 3283 nos
3087 3231 3259 3298 parati
3310 3249 3502 3289 sumus

295 3303 1036 3387 regemfaciamuspacem,si
1057 3305 1368 3387 possumus,
1389 3311 1660 3379 utjustitia
1677 3314 1849 3368 utr‘in—
1947 3314 2126 3370 favere
2173 3316 2265 3370 tibi
2311 3317 2365 3369 in
2407 3317 2605 3386 quibus
2638 3318 2905 3385 possimus
2929 3319 3138 3387 iustitia
3168 3321 3319 3374 duce.
3357 3321 3502 3377 Prae-

293 3404 397 3457 que
419 3375 631 3446 servata
660 3395 890 3448 sufﬁciat
919 3375 1216 3464 unicuique
1231 3400 1375 3466 quod
1409 3375 1569 3454 suum
1595 3409 1700 3466 est,
1738 3411 1848 3456 ter-

293 3477 503 3531 minum
532 3481 755 3549 justitiae
779 3495 886 3536 non
919 3483 1179 3549 transeat,
1211 3493 1409 3540 metam
1442 3489 1596 3542 bona:
1615 3504 1846 3545 consue-

295 3567 498 3622 tudinis
532 3541 643 3636 non
664 3571 931 3636 “excedat,
975 3541 1178 3641 sieqtle'
1195 3573 1290 3627 ﬁat
1322 3575 1378 3628 in
1410 3591 1540 3644 pace
1571 3541 1846 3632 noliilissi-

285 3670 443 3726 _mum
472 3672 697 3727 regnum
733 3658 1022 3736 Hungarize
1047 3662 1193 3731 quod
1225 3663 1488 3718 hactenus
1509 3681 1604 3733 per
1624 3681 1681 3720 se
1705 3667 1849 3736 prin-

291 3743 537 3813 cipaliter
560 3747 754 3818 viguit,
785 3757 848 3804 ut
877 3765 970 3823 rex
1005 3745 1077 3802 ibi
1112 3766 1219 3804 non
1247 3754 1464 3821 regulus
1497 3754 1606 3808 ﬁat.
1649 3754 1845 3824 Verum

292 3834 756 3915 ubi,,contempto'
775 3839 940 3893 nobili
961 3840 1200 3894 dominio
1225 3841 1365 3896 beati
1393 3842 1536 3897 Petri
1571 3849 1844 3914 apostolo-

291 3938 412 3984 rum
452 3927 732 3997 principis,
759 3929 918 3998 cujus
946 3943 1170 4004 regnum
1196 3935 1314 3986 e'sse
1336 3935 1670 4001 prudentiam
1697 3947 1844 3992 tuam

291 4010 458 4095 latere
495 4030 600 4070 non
625 4017 916 4084 credimus,
939 4033 1034 4072 rex
1063 4019 1298 4074 subdidit
1319 4037 1388 4076 se
1413 4020 1709 4079 Teutonico
1733 4027 1846 4097 regi

291 4091 344 4152 et
363 4102 537 4170 reguli
562 4117 760 4158 nomen
787 4107 1037 4172 obtinuit,
1083 4106 1346 4182 Dominus
1387 4119 1566 4166 autem
1591 4091 1842 4182 injuriam

293 4187 393 4269 sua
413 4188 614 4243 illatam
639 4191 870 4261 principi
889 4194 1216 4260 przevidens,
1227 4205 1545 4263 potestatem
1567 4203 1717 4269 regni
1742 4218 1843 4258 suo

293 4268 360 4331 ad
388 4284 440 4331 te
461 4277 665 4347 judicio
693 4274 987 4336 transtulit.
1030 4279 1095 4342 Et
1123 4281 1194 4334 ita
1225 4283 1271 4336 si
1297 4285 1425 4352 quid
1473 4286 1527 4338 in
1551 4268 1842 4344 obtinendo

292 4380 459 4436 regno
498 4366 637 4435 juris
673 4367 826 4436 prius
869 4368 1075 4444 habuit,
1105 4383 1172 4422 eo
1206 4384 1264 4424 se
1313 4373 1571 4444 sacrilega
1607 4391 1838 4445 usurpa-

291 4454 439 4510 tione
481 4455 726 4528 privayit.
763 4456 957 4524 Petrus
980 4457 1123 4511 enim
1166 4473 1196 4512 a
1235 4459 1386 4516 ﬁrma
1431 4471 1580 4532 petra
1622 4466 1833 4532 dicitur,

291 4556 413 4627 qua
449 4552 636 4622 portas
672 4545 832 4601 inferi
865 4545 1174 4623 confringit,
1201 4558 1361 4619 atque
1390 4554 1735 4609 adamantino
1759 4557 1832 4610 ri-
1867 4532 1910 4585 Β

290 4645 421 4699 gere
461 4631 707 4708 destruit,
752 4643 808 4690 et
837 4636 1064 4705 dissipat
1104 4637 1363 4711 quidquid
1413 4642 1644 4696 obsistit.
1687 4642 1835 4710 Qua-

288 4710 507 4786 ’ρωμετ
538 4721 585 4775 si
621 4724 753 4790 quid
786 4726 887 4790 vis,
917 4726 963 4780 si
1002 4725 1131 4795 quid
1158 4727 1356 4782 habere
1391 4745 1421 4782 a
1457 4729 1694 4787 Romana
1734 4734 1836 4790 Ec;-

287 4803 456 4859 'clesia
483 4807 639 4876 digne
682 4825 886 4878 speras,
922 4815 1080 4888 nobis
1125 4814 1456 4870 conﬁdenter
1481 4809 1743 4876 ‘volumus
1775 4832 1835 4878 ut

291 4897 501 4966 aperias
528 4907 583 4952 et
627 4913 750 4967 quae
776 4908 892 4964 tua
939 4901 1010 4956 sit
1036 4901 1250 4956 devotio
1303 4917 1429 4972 erga
1476 4893 1831 4966 universalem

293 4996 537 5054 matrem,
559 4989 854 5059 qualiterve
875 4989 951 5043 illi
973 4991 1225 5044 statueris
1247 4991 1463 5046 obedire
1487 5003 1834 5068 sanctamque

292 5079 643 5150 reverentiam
668 5078 918 5132 exhibere
935 5077 1208 5146 operibus,
1233 5067 1374 5132 sicut
1391 5087 1444 5133 te
1463 5082 1632 5148 decet,
1656 5067 1836 5141 estcu-

293 5149 409 5218 das.
434 5164 564 5230 Quae
585 5176 764 5222 autem
794 5167 884 5222 hic
914 5167 1093 5222 minus
1132 5167 1466 5235 scripsimus,
1494 5171 1687 5226 horum
1707 5191 1832 5243 por...

295 5249 540 5331 titoribus
573 5255 668 5309 tibi
706 5255 934 5310 dicenda
974 5255 1346 5324 relinquimus,
1368 5259 1493 5326 quia
1523 5259 1588 5314 de
1617 5261 1829 5319 illorum

294 5335 543 5395 ﬁdelitate
581 5343 714 5397 satis
761 5343 1098 5400 conﬁdimus.
1145 5341 1491 5414 Omnipotens
1532 5346 1692 5415 Deus,
1735 5353 1829 5420 qui

293 5425 449 5480 beato
474 5426 632 5482 Petro
657 5440 969 5499 potestatem
1001 5433 1198 5503 ligandi
1226 5443 1384 5503 atque
1410 5435 1644 5489 solvendi
1675 5440 1827 5505 prin-

283 5508 531 5584 cipaliter
551 5517 757 5588 ttilmit,
787 5523 906 5591 ejus
926 5523 1177 5592 precibus
1207 5533 1259 5579 te
1291 5533 1514 5594 tuosque
1535 5524 1589 5576 in
1613 5525 1826 5584 Christo

293 5604 476 5660 Meles
500 5619 532 5668 a.
563 5601 770 5686 cunctis
794 5613 1026 5685 peccatis
1049 5614 1307 5684 absolvat,
1340 5625 1392 5671 et
1415 5616 1482 5671 ad
1504 5600 1666 5670 vitam
1698 5633 1795 5687 per
1810 5649 1824 5660 --

290 5691 449 5760 ducat
468 5700 734 5748 aeternam.
1375 5695 1382 5698 ’
1427 5693 1432 5696 ’

1946 3411 2090 3457 terea
2143 3419 2424 3458 monemus
2478 3406 2551 3478 ut
2590 3406 2848 3460 studeatis
2906 3414 3104 3478 t'rram
3147 3420 3402 3476 vestram,
3445 3422 3500 3466 et

1943 3492 2107 3545 vestri
2146 3492 2367 3544 honoris
2400 3477 2658 3562 regimen
2713 3493 3037 3548 ﬁrmissima:
3091 3497 3239 3564 pacis
3291 3497 3497 3554 ﬁndere
3567 3519 3572 3523 ·

1943 3580 2180 3650 undique
2203 3581 2540 3649 praemunire,
2571 3582 2860 3652 scilicetut
2897 3586 3235 3650 nulliustlitis
3269 3591 3496 3645 scanda-

1942 3666 2052 3723 lum
2085 3671 2139 3724 in
2172 3679 2267 3724 tuo
2307 3670 2566 3739 regimine
2613 3674 2827 3726 versari
2881 3676 3182 3742 permittas,
3228 3680 3495 3749 pneeipue

1943 3759 2082 3813 inter
2134 3769 2184 3814 te
2234 3768 2288 3813 et
2331 3759 2524 3813 fratres
2553 3769 2671 3814 tuos
2689 3803 2702 3824 ,
2727 3772 2778 3815 et
2807 3762 3126 3833 Pragensem
3153 3778 3204 3820 et
3235 3766 3512 3824 lloloniu-‘

1942 3864 2154 3904 censem
2187 3850 2519 3918 episcopum,
2547 3852 2823 3919 quoniam.
2851 3854 2990 3908 sicut
3016 3857 3108 3924 qui
3135 3857 3416 3913 discordiae
3439 3871 3494 3915 et

1941 3939 2124 3996 litibus
2141 3949 2332 3996 vacant
2359 3942 2544 4010 procul
2569 3943 2734 3997 dubio
2759 3945 2955 4001 diaboli
2990 3957 3117 4001 sunt
3144 3948 3255 4013 ﬁlii,
3293 3951 3371 4005 sic
3397 3956 3490 4022 qui

1940 4031 2058 4099 paci
2095 4031 2226 4084 dant
2255 4046 2472 4099 operam
2512 4031 2603 4085 ﬁlii
2644 4032 2737 4086 Dei
2771 4044 3053 4110 vocantur,
3101 4038 3217 4110 ipsa
3254 4040 3490 4099 Veritate

1939 4127 2222 4174 attestante
2251 4136 2371 4188 qua:
2397 4121 2472 4173 ait
2497 4139 2509 4174 ε
2536 4121 2687 4176 Beati
2707 4125 2947 4193 paciﬁci,
2971 4107 3344 4197 quoniamﬁlii
3388 4130 3515 4185 οεε·

1937 4209 2254 4272 vocabuntur
2294 4209 2506 4278 (Matth.
2548 4213 2624 4278 ν).
2678 4210 3028 4281 Omnipotens
3060 4213 3204 4270 Deus
3251 4229 3484 4280 mentem

1936 4286 2082 4349 tuam
2113 4296 2394 4361 illuminet,
2425 4299 2609 4366 sicque
2634 4308 2684 4352 te
2712 4299 2873 4354 faciat
2917 4317 3014 4370 per
3061 4303 3200 4359 bona
3253 4311 3484 4366 transire

1935 4387 2246 4454 temporalia
2269 4394 2328 4440 ut
2350 4389 2605 4442 merearis
2631 4389 2852 4457 adipisci
2887 4401 3107 4448 aeterna.

2004 4474 2137 4529 Data
2166 4475 2366 4542 Romae,
2400 4478 2608 4532 decimo
2649 4489 2839 4536 octavo
2871 4479 2986 4557 [xv]
3023 4484 3286 4545 Kalendas
3332 4488 3480 4560 Maii,

1934 4567 2222 4624 indictione
2244 4568 2449 4624 decima
2473 4571 2646 4624 tertia.
2720 4628 2723 4631 _

2406 4675 2738 4733 EPISTOLA
2787 4681 2992 4737 LXXII.

2527 4783 2601 4820 AD
2629 4783 2883 4825 BOlll-IIOS.

2511 4855 2688 4924 (Anno
2718 4857 2898 4928 l075.)

2170 4939 2430 4996 Hortatur
2453 4944 2521 4997 ad
2543 4946 2665 4999 bene
2686 4941 2926 5025 casteque
2942 4947 3230 5003 vivendum.

1996 5025 2298 5084 Caesonius
2325 5032 2629 5106 episcopus,
2655 5048 2840 5112 servus
2867 5047 3143 5103 servorum
3188 5035 3303 5104 Dei,
3342 5043 3468 5095 uni-

1925 5112 2100 5167 versis
2128 5114 2183 5167 in
2208 5113 2460 5180 Bohemia
2487 5116 2790 5169 constitutis
2821 5113 3113 5188 majOribus
3152 5133 3324 5194 atque
3362 5132 3468 5184 mi-

1881 5241 1887 5251 .
1926 5201 2169 5265 naribus,
2194 5202 2416 5256 salutem
2440 5210 2493 5254 et
2521 5206 2866 5271 apostolicam
2894 5200 3332 5271 benedictionem.

1995 5284 2074 5371 Ex
2117 5288 2542 5341 consideratione
2572 5292 2715 5346 sedis
2755 5293 2911 5363 cujus
2944 5299 3069 5353 licet
3118 5301 3340 5371 indigni,
3366 5305 3464 5358 ad-

1925 5370 2373 5426 ministrationem
2404 5375 2660 5444 gerimus,
2683 5379 2988 5454 debitores.
3003 5386 3142 5439 sicut
3165 5370 3343 5452 scitis,
3371 5405 3464 5442 su-

1923 5475 2046 5514 mus
2069 5459 2310 5517 ﬁdelibus
2337 5472 2390 5517 et
2419 5464 2751 5535 inﬁdelibus;
2777 5471 3038 5537 ﬁdelibus,
3063 5484 3121 5527 ut
3151 5476 3292 5542 quod
3328 5476 3461 5528 bene

1923 5558 2232 5617 proponunt
2253 5561 2651 5620 perseveranter
2675 5565 2933 5624 teneant;
2968 5561 3284 5623 inlldelibus,
3307 5570 3375 5612 ut.
3391 5561 3458 5614 ad

1922 5635 2227 5692 Creatorem
2279 5655 2437 5693 suum
2488 5643 2772 5707 credendo,
2807 5654 2860 5698 et
2905 5646 3163 5713 praeterita
3220 5645 3456 5700 facinora

1922 5723 2208 5788 puniendo,
2233 5734 2627 5780 convertantur.
2677 5727 2834 5781 Undc'
2867 5731 2990 5786 quia
3039 5729 3310 5802 relatione.
3335 5731 3453 5788 eni-
