4218 6424
748 476 777 525 Ai
786 470 852 524 ’ξπ

1385 463 1440 517 S.
1483 459 1810 517 GREGORII
1845 456 1934 512 V'II
1972 456 2172 512 PAPz‘E
2212 453 2494 516 OPERUM
2529 455 2709 510 PARS
2745 456 2783 510 1.
2821 487 2891 498 ——
2916 456 3344 540 'REGISTRUI'I.

3877 459 3990 514 ,εει

749 591 1036 648 scaporum
1081 574 1268 646 patrim
1311 582 1501 628 vestra:
1555 572 1744 625 limina
1784 567 2151 639 apostolorum
2187 565 2317 620 visi-
2347 569 2390 624 Α
2417 563 2645 621 Undeet
2681 582 2801 633 nos,
2825 570 2918 637 qui
2947 569 3094 632 illius
3142 571 3284 626 servi
3327 569 3561 624 dicimur
3593 577 3647 623 et
3677 584 3799 624 esse
3829 572 3990 639 cupi—

751 670 980 723 tantium
1004 667 1310 734 accepimus
1333 662 1598 733 quosdam
1618 659 1857 714 vestrum
1881 674 1977 728 per
1996 658 2137 712 viam
2161 671 2317 710 man-

751 759 1001 812 datorum
1053 753 1148 807 Dei
1208 753 1496 814 incedere,
1543 749 1808 820 quosdam
1858 761 1985 800 vero
2041 744 2316 799 nonnullis

751 846 1002 917 periculis
1037 845 1176 899 male
1232 842 1464 896 vivendo
1517 839 1817 908 subjaeere,
1868 837 2174 891 studuimus
2218 849 2318 890 vos

751 947 974 1004 paterna
1000 937 1262 990 eharitate
1281 945 1645 995 commonere,
1667 936 1934 998 quatenus
1965 935 2020 981 et
2048 925 2176 981 boni
2203 939 2318 980 me-

751 1028 916 1080 liores
955 1027 1106 1092 ﬁant,
1132 1032 1186 1078 et
1220 1023 1314 1093 qui
1346 1019 1841 1091 reprehensibiliter
1866 1017 2056 1072 vivunt
2082 1017 2316 1086 irrepre-

752 1115 1045 1169 hensibiles
1091 1127 1151 1168 se
1197 1111 1504 1166 exhibeant.
1560 1107 1804 1162 Primum
1853 1105 2058 1161 scilicet
2101 1095 2198 1160 vos
2248 1117 2316 1158 ex

776 1213 867 1258 oto
889 1203 1069 1268 corde,
1088 1211 1142 1256 et
1161 1218 1225 1256 ex
1250 1208 1359 1254 tota
1379 1199 1586 1262 anima,
1613 1206 1667 1252 et
1697 1213 1762 1252 ex
1787 1195 1933 1251 omni
1975 1195 2173 1252 virtute
2221 1208 2316 1250 ve—

753 1301 862 1346 stra
893 1290 1058 1344 Deum
1091 1288 1478 1358 etproximum
1509 1286 1651 1339 sicut
1685 1283 2045 1352 vosmetipsos
2072 1281 2315 1351 diligere,

750 1396 956 1451 pacem,
978 1381 1094 1436 sine
1122 1393 1228 1448 qua
1251 1391 1410 1437 nemo
1442 1375 1610 1430 Deum
1639 1374 1858 1438 videbit,
1890 1375 2029 1428 inter
2052 1388 2154 1426 vos
2181 1387 2314 1426 con-

751 1473 996 1537 stituere,
1022 1485 1130 1525 non
1159 1468 1335 1525 solum
1365 1466 1611 1530 clericos,
1635 1465 1728 1520 sed
1748 1474 1802 1518 et
1827 1464 1993 1518 laieos
2013 1462 2316 1517 castitatem

751 1569 987 1626 servare,
1017 1559 1256 1637 decimas
1284 1557 1395 1610 Deo
1416 1596 1430 1622 ,
1464 1572 1494 1609 a
1521 1571 1632 1625 quo
1679 1564 1791 1609 tam
1820 1555 1985 1608 vitam
2013 1568 2175 1622 quam
2196 1552 2319 1607 vitaz

751 1651 1200 1705 sustentationem
1251 1648 1548 1717 suscipitis,
1603 1648 1831 1702 ﬁdeliter
1877 1647 2028 1711 dare,
2073 1646 2319 1702 ecclesiis

749 1740 946 1794 vestris
997 1739 1237 1792 debitum
1292 1738 1556 1792 honorem
1593 1738 1930 1806 impendere,
1962 1738 2318 1808 elccmosynis

751 1835 915 1895 atque
945 1826 1292 1894 hospitalitati
1322 1825 1510 1879 devote
1532 1826 1798 1880 insistere.
1827 1824 1949 1880 llaec
1976 1833 2030 1879 et
2057 1825 2142 1880 his
2167 1826 2320 1886 simi-

750 1916 842 1979 lia,
871 1933 994 1986 qua:
1020 1916 1086 1970 ad
1115 1917 1341 1971 salutem
1377 1916 1681 1969 animarum
1699 1924 1999 1971 vestrarum
2027 1916 2315 1984 pertinent,

749 2007 874 2061 licet
895 2006 1177 2076 pontiﬁces
1197 2015 1409 2060 vestros
1439 2003 1766 2060 suﬁicienter
1795 2006 1935 2060 scire
1960 2020 2024 2060 ac
2049 2005 2202 2069 vobis
2230 2004 2316 2058 in-

751 2097 970 2151 sinuare
993 2112 1101 2150 non
1132 2097 1466 2166 ignoremus,
1493 2104 1675 2149 tamen
1699 2095 1826 2164 quia
1855 2095 2015 2150 verba
2041 2102 2224 2148 nostra
2248 2109 2317 2148 ex

751 2186 1052 2240 reverentia
1078 2185 1221 2240 beati
1244 2183 1388 2239 Petri
1416 2192 1631 2239 constat
1658 2199 1754 2238 vos
1781 2184 2002 2238 charius
2027 2189 2190 2253 atque
2210 2183 2318 2238 avi-

751 2273 875 2326 dius
901 2273 1162 2341 recipere,
1185 2273 1301 2342 ipsa
1334 2281 1514 2326 vestra
1565 2272 1816 2326 audiendi
1843 2271 2073 2344 aviditas
2099 2285 2222 2340 qua:
2247 2270 2319 2326 ab

753 2361 874 2417 aliis
900 2361 1016 2416 dari
1043 2371 1271 2430 possunt
1300 2375 1402 2416 nos
1433 2361 1757 2415 documenta
1785 2360 1916 2416 dare
1937 2359 2230 2429 compellit,
2260 2366 2320 2413 ut

752 2456 905 2504 tanto
945 2449 1228 2504 sollicitius
1273 2449 1427 2504 vobis
1470 2449 1712 2503 debitum
1747 2449 2036 2503 reddamus
2063 2448 2319 2502 exhorta-

753 2539 918 2593 tionis
945 2546 1149 2608 quanto
1175 2538 1392 2592 beatum
1427 2537 1647 2592 Petrum
1678 2537 1732 2590 in
1761 2537 1950 2592 eadem
1992 2545 2177 2592 nostra
2218 2552 2317 2591 ex-

753 2628 1059 2681 hortatione
1087 2626 1334 2681 devotius
1368 2626 1661 2680 attenditis.
1697 2623 1808 2680 Vos
1849 2626 2033 2695 igitur,
2079 2625 2318 2680 dilectis-

755 2717 900 2781 simi,
935 2718 1172 2771 carnalia
1201 2718 1466 2772 desideria
1494 2715 1679 2786 fugite,
1711 2716 1778 2770 ad
1808 2716 2048 2771 ctelestia
2076 2725 2131 2769 et
2176 2732 2320 2771 sem-

755 2819 852 2872 per
875 2805 1136 2858 duratura
1164 2805 1353 2874 patriae
1379 2805 1617 2859 ecelestis
1644 2805 1838 2874 gaudia
1866 2813 2074 2858 mentes
2109 2805 2317 2873 erigite,

756 2894 972 2947 beatum
1003 2893 1242 2968 Petrum,
1273 2894 1360 2948 cui
1396 2909 1426 2948 a
1459 2892 1568 2947 Deo
1595 2902 1833 2962 potestas
1859 2893 2227 2962 principaliter
2267 2903 2323 2948 et

756 2980 812 3034 in
843 2990 982 3035 terra
1005 2981 1208 3052 ligandi
1235 2990 1396 3051 atque
1425 2981 1666 3035 solvendi
1693 2981 1816 3035 data
1844 2990 1954 3046 est,
1984 2980 2320 3036 devotissimi

758 3074 964 3126 servitii
1016 3074 1270 3128 ﬁdelitate
1317 3073 1616 3128 debitorem
1663 3070 1843 3137 facite,
1889 3080 2158 3140 quatenus
2200 3079 2322 3140 post

757 3162 1169 3217 dissolutionem
1195 3171 1423 3217 terrente
1444 3161 1798 3214 habitationis
1820 3170 2037 3224 nostrai,
2063 3162 2150 3214 cui
2183 3175 2321 3228 quo—
2349 3194 2389 3249 Ο

761 3252 891 3305 ti‘die
917 3253 1155 3306 volentes
1186 3251 1538 3318 nolentesque
1587 3249 1981 3317 propinquatis,
2007 3265 2103 3302 nec
2153 3249 2323 3301 multo

763 3349 887 3408 post
912 3340 965 3394 in
990 3355 1200 3395 vermes
1224 3349 1278 3394 et
1297 3339 1533 3394 cinerem
1574 3337 1880 3408 redigendi,
1916 3338 2034 3406 ejus
2062 3345 2324 3405 prazstan-

761 3429 1031 3484 tissimum
1056 3439 1181 3487 ante
1207 3429 1509 3484 districtum
1541 3426 1782 3482 Iudicem
1814 3427 2169 3496 patrocinium
2203 3442 2328 3482 sen-

762 3519 930 3572 tiatis.
2240 3587 2243 3592 ι

834 3607 966 3663 Data
998 3609 1200 3676 ltomze,
1229 3608 1440 3664 decimo
1470 3608 1699 3675 septimo
1727 3605 1843 3660 Kal.
1861 3605 2006 3671 Maii,
2037 3605 2326 3660 indictione

764 3696 973 3751 decima
1002 3699 1176 3753 tertia.

1249 3782 1581 3838 EPISTOLA
1619 3781 1848 3835 LXXIII.

1046 3893 1114 3931 ao
1157 3891 1459 3931 BOLESLAU!
1506 3873 2045 3943 romuonuujjoucsu.

1351 3965 1528 4034 (Anno
1566 3949 1745 4033 1075.)

768 4054 1110 4110 Commendat
1138 4052 1251 4123 ejus
1280 4069 1404 4122 erga
1425 4051 1910 4123 “observantiam.
1940 4049 2105 4102 Mittit
2133 4047 2327 4118 legatos

835 4143 930 4194 pro
958 4120 1315 4193 episcoporum
1341 4120 1538 4194 causis,
1565 4121 1654 4192 qui
1681 4120 1911 4194 e_t_pauci
1936 4127 2188 4194 erant_,_‘et
2221 4133 2328 4194 me-

839 4186 1214 4265 tropolitanum
1259 4186 1663 4245 non'ltabebdnt.
1697 4186 1966 4265 Hortatur.
1988 4199 2043 4265 ut
2079 4186 2200 4240 illos
2231 4188 2330 4239 ad—

830 4257 994 4334 juvet,
1020 4265 1142 4317 bene
1168 4263 1328 4334 riunt,
1351 4270 1486 4315 recte
1517 4276 1572 4313 se
1601 4269 1746 4334 gerat
1782 4261 1837 4312 in
1860 4257 2110 4334 regimine
2135 4273 2252 4322 suo,
2278 4267 2328 4310 et

837 4327 1083 4401 pecunias
1116 4333 1224 4402 regi
1247 4332 1533 4385 Bassorum
1547 4327 1753 4398 celatas
1783 4327 2132 4383 restituendas
2164 4337 2325 4379 curet.

841 4423 1144 4478 Caesonius
1161 4422 1464 4490 episcopus,
1487 4435 1676 4482 servus
1700 4434 1979 4474 servorum
2004 4417 2119 4484 Dei,
2133 4416 2331 4472 Bores-

2415 670 2561 720 mus,
2584 664 2779 710 vestra:
2806 658 3063 712 charitati
3081 659 3137 712 in
3153 659 3388 714 Christo
3411 659 3642 714 connexi
3691 675 3906 725 sumus,
3928 670 3991 715 et

2417 759 2602 800 curam
2632 745 2940 813 ministerii,
2966 748 3033 802 ad
3054 749 3200 818 quod
3228 749 3331 803 sub
3364 749 3668 804 obedientia
3696 751 3986 818 apostolici

2416 836 2750 907 principatus
2769 839 2977 894 occulta
3002 823 3099 894 Ι)έί
3132 840 3467 909 dispensatio
3509 854 3642 905 nos,
3662 840 3798 895 licet
3837 841 3987 896 indi-

2417 941 2572 996 gnos,
2604 927 2875 983 ordinavit
2901 938 3063 999 atque
3104 912 3403 995 constituit,
3452 929 3506 982 in
3549 943 3614 982 ea
3668 938 3841 998 parte,
3867 945 3987 999 qua

2415 1016 2570 1078 vobis
2590 1019 2956 1073 necessarium
2977 1026 3032 1073 et
3063 1019 3351 1073 honestum
3381 1018 3497 1074 fore
3537 1020 3984 1088 cognoverimus,

2416 1113 2571 1159 tanto
2617 1105 2904 1161 sollicitius
2956 1107 3110 1162 vobis
3153 1106 3418 1175 impertiri
3469 1106 3721 1176 cupimus
3771 1115 3990 1176 quanto

2419 1194 2578 1250 ﬁdem
2602 1204 2656 1251 et
2683 1195 3002 1252 charitatem
3029 1205 3267 1252 vestram
3285 1204 3352 1250 et
3379 1198 3432 1250 in
3463 1196 3762 1251 obediendo
3789 1212 3989 1266 prom-

2417 1286 2668 1356 ptiorcm,
2693 1295 2746 1342 et
2771 1288 2824 1341 in
2855 1287 3213 1358 promerendo
3236 1288 3567 1360 devotiorem
3605 1287 3986 1357 intelligimus.

2419 1373 2619 1430 Verum
2642 1377 2765 1445 quia
2794 1376 3117 1431 Christiana:
3163 1375 3440 1447 religionis
3480 1376 3615 1430 ordo
3662 1385 3716 1430 et
3755 1376 3988 1446 provida

2417 1461 2749 1531 dispensatio
2797 1463 2877 1517 ab
2922 1463 3010 1518 his
3050 1464 3380 1539 permaxime
3433 1471 3560 1534 post
3594 1462 3762 1517 Deum
3784 1463 3994 1532 pendet
4029 1496 4032 1497 ν

2417 1550 2514 1618 qui
2549 1549 2814 1604 Dominiei
2849 1551 3026 1621 gregis
3072 1560 3321 1621 paStores
3367 1560 3422 1606 et
3469 1563 3710 1606 rectores
3739 1565 3858 1606 esse
3890 1551 4002 1603 vi--

2417 1639 2632 1706 dentur,
2662 1642 2791 1696 illud
2830 1643 2986 1696 nobis
3029 1644 3206 1712 primo
3257 1644 3638 1698 attendendum
3700 1652 3784 1698 est
3832 1644 3989 1713 quod

2418 1727 2677 1796 episcOpi,
2717 1735 2872 1783 terra-
2889 1737 3085 1785 vestrae
3107 1745 3217 1784 non
3254 1731 3517 1786 habentes
3539 1741 3747 1786 eertum
3778 1723 3991 1786 metro-

2417 1815 2668 1882 politana:
2693 1817 2837 1872 sedis
2859 1817 3061 1883 locum,
3088 1833 3189 1872 nec
3226 1819 3330 1881 sub
3374 1820 3557 1888 aliquo
3592 1819 3753 1888 positi
3802 1819 3988 1889 magi-

2418 1905 2604 1970 sterio,
2636 1905 2744 1958 huc
2761 1914 2815 1961 et
2837 1906 2967 1960 illuc
2991 1922 3090 1976 pro
3115 1923 3214 1963 sua
3249 1908 3479 1979 quisque
3504 1905 3842 1963 ordinatione
3878 1924 3990 1963 va-
4059 1975 4066 1980 I

2417 2002 2624 2063 gantes,
2655 1996 2795 2049 ultra
2829 1997 3045 2066 regulas
3068 2005 3124 2052 et
3164 1983 3381 2052 decreta
3413 2005 3728 2053 sanctorum
3755 1997 3989 2052 Patrum

2416 2081 2572 2138 liberi
2606 2093 2734 2138 sunt
2757 2091 2812 2139 et
2829 2084 3082 2139 absoluti.
3125 2085 3328 2140 Deinde
3354 2101 3484 2140 vero
3505 2087 3651 2156 quod
3670 2146 3672 2149 ,
3694 2088 3834 2142 inter
3854 2096 3950 2141 tan
3972 2117 3992 2128 -

2415 2176 2527 2223 tam
2556 2170 2837 2224 hominum
2861 2172 3263 2228 multitudinem
3296 2173 3433 2228 adeo
3471 2175 3630 2243 pauci
3686 2182 3815 2229 sunt
3857 2174 3988 2245 epi-

2417 2259 2564 2327 scopi
2599 2267 2656 2312 et
2681 2261 2874 2328 ampla:
2905 2261 3248 2331 singulorum
3294 2263 3566 2332 parochite
3599 2272 3660 2318 ut
3693 2265 3748 2317 in
3795 2265 3990 2335 subje-

2417 2345 2519 2400 ctis
2551 2345 2796 2414 plebibus
2855 2362 3044 2401 curam
3085 2349 3408 2418 episcopalis
3459 2349 3617 2405 cilicii
3673 2351 3989 2406 nullatenus

2416 2435 2640 2504 exsequi
2668 2444 2762 2490 aut
2786 2436 2887 2490 rite
2917 2437 3300 2493 administrare
3336 2426 3571 2494 valeant.
3617 2439 3725 2494 Pro
3762 2441 3854 2495 his
3877 2441 3989 2511 igi-

2418 2529 2508 2576 tur
2526 2532 2582 2576 et
2601 2523 2722 2576 aliis
2750 2523 2952 2589 causis,
2980 2539 3119 2593 quas
3159 2524 3248 2578 hic
3275 2526 3514 2580 scribere
3547 2525 3854 2592 omisimus,
3877 2527 3989 2581 hos

2415 2613 2620 2684 legatos
2660 2616 2730 2670 ad
2773 2629 2870 2668 vos
2895 2614 3212 2679 direximus,
3248 2624 3514 2685 quatenus
3544 2615 3824 2670 vobiscum
3853 2632 3987 2684 per—

2419 2703 2660 2758 tractatis
2701 2705 2930 2774 negotiis
2960 2693 3082 2773 quae
3125 2705 3192 2758 ad
3230 2704 3652 2759 ecclesiasticam
3689 2720 3879 2758 curam
3929 2714 3990 2759 et

2419 2791 2826 2845 aediﬁcationem
2856 2792 3103 2861 corporis
3130 2790 3334 2845 Christi
3385 2792 3552 2862 (quod
3605 2799 3690 2846 est
3743 2791 3988 2846 ﬁdelium

2419 2879 2784 2950 congregatio)
2825 2881 3094 2948 pertinere
3134 2880 3409 2946 videntur,
3468 2896 3591 2952 quae
3645 2881 3989 2937 emendanda

2420 2982 2567 3038 sunt,
2591 2981 2685 3026 aut
2708 2972 2808 3048 ipsi
2826 2973 2981 3041 juxta
3011 2980 3326 3028 sanctorum
3355 2966 3577 3027 Patrum
3613 2981 3815 3028 statuta
3847 2971 3991 3028 dim-

2420 3065 2593 3131 niant,
2617 3074 2710 3118 aut
2735 3064 2892 3118 nobis
2937 3055 3248 3118 diﬁinienda
3301 3061 3558 3124 referant.
3613 3060 3722 3117 Eos
3778 3063 3988 3131 itaque,

2421 3155 2563 3209 sicut
2591 3170 2710 3218 nos,
2743 3155 2943 3219 audite,
2973 3167 3242 3208 memores
3264 3152 3410 3222 quod
3439 3151 3496 3204 in
3530 3151 3792 3205 missione
3817 3151 3991 3205 disci-

2427 3242 2677 3310 pulorum
2705 3258 2799 3310 per
2828 3241 3177 3312 Evangelium
3235 3240 3449 3298 Veritas
3498 3241 3645 3297 dicat
3678 3259 3692 3295 :
3728 3239 3832 3306 Qui
3902 3257 3992 3294 vos

2425 3335 2596 3399 audit,
2622 3351 2701 3388 me
2719 3336 2899 3398 audit;
2925 3345 2972 3388 et
2985 3337 3074 3407 qui
3087 3331 3171 3389 eos
3193 3336 3409 3405 spernit,
3424 3351 3502 3389 me
3522 3333 3718 3404 spernit
3733 3332 3887 3404 (Luc.
3907 3334 3988 3402 ι).

2424 3423 2490 3478 Et
2511 3434 2570 3478 ut
2600 3423 2911 3480 fructuosus
2936 3425 3076 3494 apud
3100 3439 3197 3479 vos
3223 3441 3420 3479 cursus
3442 3422 3774 3494 fatigationis
3796 3439 3992 3478 eorum

2426 3516 2537 3580 ﬁat,
2574 3523 2792 3583 propter
2827 3515 3183 3569 reverentiam
3217 3514 3526 3584 apostolicae
3561 3513 3848 3584 legationis
3881 3530 3990 3583 qua

2424 3603 2743 3674 funguntur,
2770 3605 3012 3659 consiliis
3059 3612 3114 3658 et
3164 3603 3398 3674 benigno
3445 3601 3628 3658 favore
3669 3601 3877 3672 juvate.
3915 3601 3994 3654 De

2425 3702 2620 3747 caetero
2659 3694 3014 3748 admonemus
3040 3708 3139 3748 vos
3163 3701 3218 3747 et
3244 3693 3601 3748 exhortamur
3634 3692 3689 3745 in
3732 3691 4008 3758 Domino,

2426 3792 2488 3836 ut
2541 3784 2684 3837 diem
2735 3784 2986 3838 ultimum
3044 3785 3170 3838 vita:
3222 3793 3456 3848 vestrae,
3501 3798 3664 3852 quem
3722 3781 3992 3851 ignoratis

2425 3871 2643 3937 quando
2662 3871 2862 3935 veniat,
2887 3882 2943 3926 et
2969 3881 3229 3926 terrorem
3253 3871 3420 3926 futuri
3440 3871 3632 3940 indicii
3656 3885 3872 3940 semper
3899 3887 3994 3926 co—

2428 3978 2545 4016 ram
2570 3962 2745 4015 oculis
2775 3964 3055 4027 habentes,
3083 3963 3431 4018 commissam
3466 3963 3620 4016 vobis
3666 3971 3993 4032 potestatem

2428 4051 2658 4106 sollicita
2693 4061 2748 4107 et
2774 4051 2885 4107 Deo
2918 4053 3113 4122 placita
3135 4051 3606 4107 administratione
3639 4067 3828 4123 gerere
3875 4062 3995 4108 stu-

2428 4143 2619 4210 deatis,
2658 4153 3020 4214 praaparantes
3050 4143 3204 4198 vobis
3225 4144 3441 4199 divitias
3464 4146 3517 4198 in
3549 4145 3808 4214 Operibus
3830 4144 3996 4200 bonis

2427 4244 2482 4291 et
2514 4235 2943 4290 thezaurizantes
2990 4235 3204 4289 ﬁrmum
3253 4243 3308 4289 et
3337 4234 3612 4290 immobile
3665 4233 3996 4290 fundamen-

2431 4335 2566 4393 tum,
2591 4335 2652 4382 ut
2683 4326 2848 4380 vitam
2874 4334 3128 4380 aeternam
3152 4326 3490 4395 possidentis.
3529 4325 3680 4380 Scire
3711 4325 3862 4379 enim
3896 4326 3996 4380 de-

2429 4417 2569 4472 betis
2598 4399 2854 4487 quoniam
2877 4431 3146 4485 supernus
3179 4416 3393 4472 Arbiter
3412 4431 3534 4485 qua:
3565 4414 3722 4469 vobis
3761 4406 3996 4468 commi-

715 4521 722 4527 '
771 4526 871 4567 uo
903 4510 1027 4565 duci
1057 4495 1576 4576 Polonorum'(578),
1610 4508 1840 4570 salutem
1878 4516 1933 4560 et
1977 4507 2328 4575 apostolicam
2361 4524 2406 4579 ο
2431 4506 2504 4561 sit
2531 4506 2839 4573 irrequisita
2861 4519 2970 4558 non
2996 4505 3291 4572 relinquet;
3337 4504 3427 4557 cui
3477 4510 3631 4556 tanto
3686 4501 3996 4556 districtius

771 4603 1218 4658 benedictionem.

840 4693 1109 4761 Quoniam
1138 4692 1331 4754 honor,
1361 4687 1454 4757 qui
1481 4685 1746 4742 ministris
1771 4695 1828 4740 et
1861 4685 2328 4756 dispensatoribus

771 4788 1074 4850 exhibetur,
1100 4782 1167 4836 ad
1189 4779 1540 4835 reverentiam
1567 4778 1912 4847 dominorum
1947 4778 2228 4847 propriam.
2247 4785 2330 4830 at-

757 4862 942 4930 tinere
975 4871 1338 4944 dignoscitur,
1371 4868 1560 4936 procul
1614 4867 1777 4921 dubio
1826 4876 2097 4936 gratanter
2123 4875 2178 4922 et
2204 4883 2328 4924 eum

775 4967 940 5020 multa
969 4963 1253 5020 dilectione
1275 4958 1698 5014 ministrantium
1734 4957 1888 5011 labor
1911 4956 2190 5027 oﬂiciaque
2209 4973 2332 5013 sus-

777 5055 1076 5121 cipiuntur,
1113 5052 1182 5104 ab
1216 5051 1301 5106 his
1336 5050 1457 5104 dico
1481 5048 1572 5117 qui
1608 5049 1955 5118 praelatorum
1988 5062 2248 5116 personas
2280 5057 2335 5102 et

778 5141 1150 5207 auctoritatem
1173 5153 1236 5192 ex
1266 5139 1426 5193 corde
1445 5139 1666 5207 diligere
1695 5137 2134 5207 comprobantur.
2153 5135 2210 5188 ln
2229 5136 2334 5189 hoc

777 5238 959 5283 autem
992 5226 1370 5296 cognoscimus
1394 5229 1537 5294 quod
1561 5229 1875 5282 excellentia
1910 5235 2090 5283 vestra
2114 5227 2330 5280 beatum

776 5315 996 5375 Petrum
1023 5316 1390 5386 apostolorum
1426 5317 1725 5384 principem
1777 5319 2006 5373 sinceris
2051 5316 2331 5372 affectibus

777 5411 975 5481 diligit,
992 5419 1044 5463 ct
1064 5407 1130 5462 ad
1156 5405 1506 5460 reverentiam
1527 5404 1644 5472 ejus
1674 5406 1886 5459 ardenti
1910 5407 2104 5474 spiritu
2135 5406 2328 5458 dilata-

778 5510 886 5565 tur,
921 5497 1180 5568 quoniam
1203 5494 1432 5564 gratuita
1459 5493 1740 5547 devotione
1765 5492 1961 5546 vestris
1996 5507 2133 5563 eum
2177 5492 2330 5546 obla-

780 5591 1016 5644 tionibus
1047 5590 1394 5649 honorantes,
1427 5584 1722 5639 debitorem
1759 5583 1913 5636 vobis
1963 5581 2078 5635 ﬁeri
2126 5580 2336 5635 deside-

780 5681 959 5744 rastis,
983 5690 1034 5733 et
1055 5678 1193 5734 sicut
1219 5679 1272 5730 in
1299 5676 1528 5730 Domino
1554 5673 1896 5737 conﬁdimus,
1933 5669 2330 5749 promeruistis.

2431 4594 2745 4663 responsuri
2768 4592 2900 4646 estis
2918 4600 3122 4661 quanto
3147 4592 3410 4661 ampliora
3435 4599 3563 4646 sunt
3588 4590 3714 4659 jura
3743 4597 3798 4643 et
3838 4589 3994 4658 judi-

2431 4685 2638 4739 ciorum
2670 4683 3036 4737 moderamina
3060 4697 3179 4751 quae
3201 4682 3412 4736 tenetis.
3437 4679 3580 4735 Deus
3602 4687 3780 4733 autem
3813 4679 3998 4734 omni-

2432 4782 2642 4845 potens,
2668 4774 2823 4842 cujus
2845 4772 3099 4842 majestas
3119 4781 3202 4826 est
3222 4787 3384 4842 super
3426 4785 3618 4828 omnes
3651 4770 3996 4840 principatus

2430 4875 2484 4920 et
2505 4880 2687 4934 regna,
2724 4863 2919 4934 dirigat
2938 4879 3032 4918 cor
3066 4871 3119 4917 et
3151 4873 3305 4918 actus
3332 4871 3541 4917 vestros
3566 4861 3634 4915 ad
3666 4875 3829 4923 omne
3851 4875 3995 4930 Opus

2430 4958 2633 5012 bonum
2655 4956 2709 5008 in
2730 4955 2876 5009 omni
2896 4955 3178 5023 prudentia
3212 4962 3267 5008 et
3289 4953 3675 5009 exercitatione
3702 4949 3991 5016 virtutum,

2433 5053 2717 5114 quatenus,
2738 5042 2948 5111 expleto
2981 5058 3141 5096 cursu
3173 5042 3336 5110 hujus
3364 5039 3587 5093 lubricas
3619 5044 3675 5091 et
3699 5037 3809 5092 cito
3839 5036 3992 5104 peri-

2436 5141 2569 5186 tura:
2596 5132 2759 5196 lucis,
2791 5132 3071 5186 beatorum
3097 5130 3263 5185 Petri
3315 5137 3370 5181 et
3407 5126 3562 5178 Pauli
3619 5124 3991 5200 apostolorum

2434 5222 2734 5292 principum
2765 5222 2970 5278 meritis
3011 5231 3065 5276 et
3110 5215 3588 5274 intercessionibus
3624 5213 3692 5267 ad
3727 5227 3910 5269 veram
3938 5224 3994 5270 et

2435 5313 2813 5381 sempiternam
2844 5313 3071 5384 gloriam
3101 5307 3384 5379 pervenire
3415 5303 3762 5372 mereamini;
3789 5305 3993 5376 detque

2432 5407 2605 5468 vobis,
2633 5405 2839 5458 devicta
2874 5419 2969 5472 per
3006 5401 3191 5456 Iesum
3224 5397 3504 5452 Christum
3549 5394 3842 5453 Dominum
3895 5413 3995 5453 no-

2431 5504 2602 5550 strum
2627 5494 2970 5548 inimicorum
2997 5495 3300 5542 vestrorum
3323 5485 3591 5555 superbia,
3610 5486 3759 5554 pacis
3769 5494 3826 5541 et
3846 5495 3995 5541 tran-
4063 5563 4068 5567 ε

2432 5571 2712 5655 quillita'lis
2745 5585 2960 5656 gaudia,
2988 5589 3049 5636 ut
3075 5597 3140 5636 ex
3169 5580 3326 5635 donis
3369 5596 3584 5651 quoque
3630 5583 3993 5652 pnesentibus

854 5793 998 5862 {3-73)
1032 5793 1102 5848 De
1130 5792 1454 5847 Polonorum
1480 5791 1614 5843 duce
1648 5787 1916 5844 Lambert.
1951 5793 2005 5842 et
2031 5766 2325 5849 Berthold.,
2361 5799 2448 5838 an.
2484 5785 2638 5837 1077.

2434 5677 2772 5745 cognoscatis
2804 5672 2986 5726 futura
3009 5677 3213 5740 quanto
3239 5671 3347 5725 sint
3373 5672 3641 5730 desiderio
3665 5671 3988 5744 appetenda.

3991 5963 4218 6368 hi
