4218 6410
291 503 395 558 425

1333 487 1532 542 LIBER
1575 483 1954 542 SECUNDUS.
1995 512 2065 522 ο-
2103 481 2316 536 EPIST.
2383 483 2570 536 LXXV

3425 484 3530 536 ηδ

286 617 418 682 Quae
441 612 704 667 nimirum
728 610 773 665 si
801 623 899 662 vos
915 606 1201 667 delectant,
1219 602 1360 655 inter
1382 599 1564 654 omnia
1597 596 1862 653 servanda
1891 599 1936 653 Α
1963 595 2304 663 permittatis,
2333 595 2425 648 sed
2456 594 2634 664 potius
2655 611 2748 648 eos
2777 597 2984 650 sincera
3016 595 3276 649 charitate
3303 592 3531 648 favendo

285 706 444 762 vobis
479 711 564 758 est
590 700 854 764 charitas,
889 710 1053 766 quam
1101 691 1268 762 (quod
1318 689 1472 744 inviti
1516 685 1771 753 dicimus)
1811 684 1866 737 in

285 797 538 869 pecunia,
573 808 743 865 quam
781 790 892 860 regi
935 787 1237 841 Russorum
1282 777 1603 842 abstulistis,
1633 775 1868 828 violasse

284 866 568 944 videmini.
621 885 963 952 Quapropter
1015 875 1366 931 condolentes
1413 868 1589 932 vobis,
1633 866 1865 920 multum

280 996 387 1035 vos
418 988 679 1045 rogamus
701 981 758 1027 et
782 970 1158 1028 admonemus,
1183 971 1244 1016 ut
1294 976 1393 1030 pro
1447 971 1634 1012 amore
1685 953 1780 1008 Dei
1813 955 1868 1007 et

281 1071 464 1129 sancti
492 1067 634 1122 Petri
655 1060 916 1135 quidquid
939 1058 1041 1112 sibi
1065 1071 1095 1109 a
1117 1053 1272 1109 vobis
1286 1051 1372 1105 vel
1393 1047 1592 1103 vestris
1625 1045 1864 1101 ablatum

278 1172 369 1219 est
395 1157 610 1214 restitui
656 1133 888 1214 faciatis,
935 1161 1042 1202 non
1097 1137 1728 1226 ignorantgvvquoniam
1770 1133 1865 1201 qui
1917 1196 1920 1198 γ

279 1251 525 1305 aliorum
558 1232 1216 1320 bonajnjustejtuict‘unt,
1243 1221 1785 1320 nisiQémendaverint
1819 1223 1865 1276 si

278 1335 582 1392 emendare
612 1311 870 1400 poterint,
898 1323 1207 1378 nullatenus
1245 1319 1301 1372 in
1349 1319 1516 1386 regno
1565 1311 1770 1368 Christi
1811 1321 1867 1365 et

281 1428 384 1481 Dei
425 1431 634 1493 partem
659 1417 857 1472 habere
885 1410 1138 1468 credendi
1165 1417 1312 1464 sunt.
1343 1405 1457 1461 Hoc
1484 1414 1662 1459 autem
1694 1417 1723 1456 a
1769 1417 1864 1457 vo-
1890 1428 1896 1436 ο

280 1517 373 1569 bis
403 1511 593 1568 eadem
615 1507 897 1568 charitate,
929 1494 1035 1572 qua
1055 1499 1309 1580 dicimus,
1335 1511 1435 1566 pro
1467 1495 1644 1550 salute
1668 1493 1865 1547 animat

279 1615 486 1660 vestra)
508 1600 675 1668 recipi
697 1588 1136 1664 concupiscimus

359 1693 497 1746 Data
531 1690 737 1750 Romae,
772 1686 1003 1753 septimo
1051 1675 1178 1750 [xtl]
1223 1674 1492 1729 Kalendas
1530 1671 1675 1738 Maii,
1723 1671 1862 1725 indi-

282 1786 469 1841 ctione
498 1780 710 1836 decima
738 1777 911 1832 tertia.

767 1901 1102 1960 EPlS'l‘OLA
1131 1896 1364 1952 LXXIV.
1435 1966 1447 1978 .

611 2016 678 2055 AD
715 2009 1026 2052 DEIETRIUI
1049 2005 1222 2045 REGI-Ill
1251 1999 1542 2041 RUSSOBUI.

883 2083 1062 2151 (Anno
1095 2077 1279 2138 1075.)

285 2183 490 2237 Scribit
541 2178 749 2232 Rustic
801 2148 1014 2242 regnant
1067 2180 1244 2242 coram
1291 2148 1555 2216 consensu
1590 2159 1864 2242 accedente

356 2229 677 2314 earnm'ﬁtio
707 2260 762 2296 se
793 2229 1108 2314 tradidisse;
1151 2235 1479 2314 iptorumqne
1505 2229 1862 2314 petitionibus

359 2297 694 2387 ié'itiiéidm
717 2310 963 2367 ostendit.
1000 2297 1246 2375 Rogat’ut
1268 2297 1616 2370 suos'legatos
1653 2297 1865 2367 benigne

360 2387 656 2456 excipiant.

360 2499 676 2553 Caesonius
693 2491 1001 2562 episcopus,
1028 2501 1217 2542 servus
1245 2496 1526 2538 servorum
1549 2478 1667 2545 Dei,
1691 2477 1866 2532 Dant:-

288 2606 420 2645 rnio
457 2587 576 2655 regi
620 2583 768 2653 (379)
817 2581 1116 2634 Russorum
1172 2585 1224 2628 et
1272 2573 1470 2642 reginae
1515 2569 1668 2623 uxori
1721 2571 1864 2631 e'us,

284 2681 526 2735 salutem
576 2683 629 2728 et
678 2670 1030 2742 apostolicam
1062 2663 1513 2720 benedictionem.

364 2789 540 2843 Filius
573 2794 771 2845 vester.
799 2779 983 2835 limina
1009 2776 1378 2847 apostolorum
1403 2771 1652 2836 visitans,
1677 2768 1744 2823 ad
1768 2783 1866 2822 nos

286 2880 464 2940 venit,
489 2887 543 2930 et
566 2874 710 2944 quod
742 2885 964 2943 regnum
1015 2867 1147 2921 illud
1187 2866 1330 2920 dono
1373 2862 1546 2918 sancti
1584 2859 1730 2915 Petri
1772 2873 1869 2929 per

285 2983 494 3024 manus
551 2973 768 3018 nostras
806 2960 964 3014 vellet
1014 2956 1288 3015 obtinere,
1319 2953 1495 3008 eidem
1521 2951 1682 3007 beato
1705 2949 1867 3005 Petro

202 3101 213 3111 .
286 3055 671 3125 apostolorum
705 3048 933 3120 principi
965 3046 1143 3102 debita
1192 3042 1445 3122 ﬁdelitate
1492 3038 1752 3104 exhibita,
1775 3037 1869 3090 de-

287 3146 436 3199 votis
489 3141 740 3212 precibus
788 3137 1099 3207 postulavit,
1147 3129 1513 3185 indubitanter
1550 3138 1868 3180 asseverans

289 3237 444 3289 illaut
483 3211 638 3286 suam
671 3228 983 3298 petitionem
1014 3232 1196 3277 vestro
1229 3231 1500 3274 consensu
1545 3223 1718 3269 ratam
1752 3211 1869 3268 fore

287 3340 356 3376 ac
382 3294 730 3382 stabilemisi
757 3310 1066 3383 apostolicm
1088 3307 1427 3363 auctoritatis
1455 3303 1627 3374 gratia
1656 3318 1720 3358 ac
1745 3317 1868 3355 mu-
1896 3294 1937 3349 C

290 3412 506 3467 mmine
541 3407 854 3461 donaretur.
879 3399 1050 3468 Cujus
1084 3397 1226 3450 votis
1249 3403 1304 3449 et
1328 3391 1699 3462 petitionibus,
1740 3390 1869 3458 quia

284 3504 438 3568 justa
479 3496 801 3548 videbantur
837 3500 952 3542 tum
979 3500 1044 3541 ex
1088 3497 1357 3539 consensu
1391 3488 1590 3544 vestro,
1637 3487 1752 3532 tum
1800 3492 1869 3531 ex

290 3565 586 3641 devotione
615 3575 908 3648 poscentis,
945 3572 1159 3628 tandem
1196 3582 1479 3624 assensum
1515 3565 1866 3635 praebuimtrs,

289 3686 344 3729 et
386 3671 544 3742 regni
586 3667 749 3742 vestri
773 3661 1137 3736 gubernacula
1162 3659 1265 3715 sibi
1288 3673 1356 3714 ex
1385 3667 1538 3726 parte
1560 3656 1701 3710 beati
1722 3654 1866 3709 Petri

291 3761 646 3825 tradidimus,
675 3772 738 3812 ea
767 3755 1018 3810 videlicet
1052 3751 1350 3807 intentione
1399 3757 1562 3818 atque
1595 3747 1872 3803 desiderio

293 3851 584 3910 ebaritatis
612 3859 672 3903 ut
699 3850 891 3901 beatus
914 3843 1108 3897 Petrus
1131 3856 1250 3905 vos,
1279 3849 1334 3894 et
1363 3853 1591 3907 regnum
1626 3847 1870 3892 vestrum

294 3943 595 4012 omniaque
618 3947 795 3992 vestra
824 3935 964 3990 bona
992 3948 1092 3989 sua
1122 3931 1263 4002 apud
1287 3928 1457 3984 Deum
1479 3929 1872 3984 intercessione

295 4033 594 4094 custodiat,
629 4041 829 4083 etcum
854 4024 1004 4092 omni
1033 4038 1185 4094 pace,
1208 4022 1412 4079 honore
1441 4034 1659 4090 quoque
1682 4030 1734 4074 et
1758 4021 1870 4091 glo-

297 4127 384 4180 ria
410 4124 554 4178 idem
584 4133 810 4190 regnum
832 4130 1004 4184 usque
1026 4114 1080 4166 in
1107 4114 1267 4167 linem
1293 4112 1419 4166 vita
1462 4119 1654 4166 vestra:
1690 4121 1872 4166 tenere

292 4230 400 4270 vos
436 4211 620 4273 faciat,
650 4219 704 4262 et
740 4206 904 4275 hujus
949 4201 1156 4256 militiae
1199 4199 1355 4255 ﬁnito
1408 4216 1575 4256 cursu
1623 4202 1874 4271 impetret

292 4303 458 4358 vobis
484 4299 626 4370 apud
660 4309 956 4366 supernum
987 4292 1184 4363 Regem
1207 4291 1433 4362 gloriam
1458 4292 1867 4361 sempiternam.

292 4394 448 4460 Quin
472 4391 637 4446 etiam
667 4402 768 4442 nos
787 4383 1162 4456 paratissimos
1189 4396 1312 4436 esse
1334 4381 1543 4437 noverit
1569 4391 1763 4438 vestrae
1782 4398 1873 4437 no-

293 4482 533 4539 bilitatis
555 4478 837 4541 serenitas,
864 4484 924 4530 ut
956 4474 1023 4529 ad
1075 4487 1410 4543 quzncunque
1457 4473 1604 4542 justa
1658 4475 1870 4544 negotia

1961 685 2179 752 juvetis.
2222 682 2576 753 Omnipotens
2597 684 2739 740 Deus
2770 696 2976 740 mentes
2995 696 3204 740 vestras
3243 685 3529 748 illuminet.

1966 787 2128 845 atque
2159 792 2254 845 per
2287 776 2601 845 temporalia
2647 775 2786 830 bona
2834 776 2993 831 faciat
3043 791 3139 831 vos
3186 775 3422 830 transire
3463 777 3548 831 ad'

1966 869 2190 940 gloriam
2254 867 2656 936 sempiternam.

2035 957 2169 1012 Data
2197 956 2399 1027 liomze,
2429 973 2494 1011 xv
2526 955 2796 1012 Kalendas
2822 956 2971 1024 Maii,
2999 957 3296 1013 indictione
3320 955 3530 1010 decima

1965 1047 2146 1103 tertia.

2457 1158 2788 1214 EPlSTOLA
2825 1160 3040 1215 LXXV.

2318 1266 2382 1305 AD
2420 1265 2646 1303 SUENIUI
2691 1265 2861 1304 REGE!
2909 1265 3178 1305 DANORUI.

2550 1342 2728 1410 (Anno
2753 1341 2934 1408 1075.)

1968 1432 2220 1497 Queritur
2245 1431 2308 1484 de
2340 1431 2635 1499 principum
2686 1431 3038 1484 inobedientia
3071 1446 3194 1498 erga
3241 1427 3533 1499 Romanam

2036 1498 2347 1554 Ecclesium.
2373 1499 2716 1553 Commendat
2735 1516 2852 1553 eum
2886 1501 2950 1552 de
2974 1499 3148 1553 debita
3196 1513 3324 1566 erga,
3359 1498 3532 1566 sedem
3631 1525 3635 1528 -

2034 1569 2381 1638 apostolicam
2409 1568 2756 1621 observantia.
2787 1568 2854 1622 Se
2880 1580 3124 1638 paratum
3148 1565 3372 1638 ostendit
3393 1565 3463 1638 ad
3483 1565 3533 1638 ei

2033 1633 2444 1708 gratiﬁcandum
2461 1653 2480 1701 ;
2510 1639 2824 1708 petitque-at
2848 1653 2940 1691 uer
2973 1637 3175 1708 legatos
3199 1635 3297 1689 sibi
3327 1633 3533 1702 signiﬁ-

2036 1705 2116 1761 cet
2156 1722 2226 1759 an
2268 1722 2408 1776 nunc
2455 1705 2659 1759 eadem
2681 1705 2801 1760 velit
2829 1721 2946 1776 quae
2971 1723 3003 1758 α
3027 1705 3405 1775 predecessore
3432 1717 3529 1754 suo

2035 1775 2338 1834 Alexandro
2356 1778 2730 1843 postulaverat.

2034 1877 2340 1932 Camenius
2359 1876 2667 1944 episcopus.
2697 1889 2889 1928 servus
2911 1888 3192 1928 servorum
3247 1871 3341 1926 Dei
3392 1869 3532 1926 Sue-

1966 1982 2053 2022 sto
2073 1955 2378 2039 [Sesamii],
2408 1964 2518 2033 regi
2547 1963 2840 2029 llanorum,
2857 1963 3084 2019 salutem
3107 1973 3161 2018 et
3180 1962 3532 2032 apostolicam

1965 2056 2416 2113 benedictionem.
2856 2072 2857 2075 η

2032 2148 2189 2218 Apud
2225 2156 2600 2202 antecessores
2633 2155 2848 2201 nostros
2876 2146 3020 2215 juris
3041 2152 3096 2198 et
3125 2141 3534 2198 consuetudinis

1963 2245 2082 2292 erat
2111 2235 2450 2291 charitativis
2483 2235 2840 2305 legationibus
2876 2236 3071 2290 docere
3119 2235 3259 2288 viam
3319 2231 3535 2286 Domini

1965 2328 2250 2383 universas
2294 2324 2562 2391 nationes,
2602 2325 2875 2396 corripere
2902 2326 2957 2379 in
2989 2324 3073 2380 bis
3099 2340 3222 2395 qua:
3259 2323 3534 2393 arguenda

1965 2428 2120 2478 erant
2146 2431 2338 2474 omnes
2369 2431 2522 2487 reges
2541 2427 2596 2470 et
2621 2415 2915 2486 principes,
2940 2425 2995 2470 et
3027 2416 3092 2470 ad
3120 2424 3379 2470 aeternam
3407 2413 3535 2467 bea—

1967 2509 2250 2564 titudinem
2274 2515 2498 2560 cunctos
2521 2505 2752 2559 invitare
2779 2504 3043 2574 legalibus
3062 2503 3382 2572 disciplinis.
3405 2501 3536 2555 Plus

1964 2601 2112 2654 enim
2144 2609 2416 2653 terrarum
2467 2596 2552 2650 lex
2598 2594 2969 2650 Romanorum
3018 2593 3332 2664 pontiﬁcum
3367 2606 3533 2661 quam

1967 2689 2356 2759 imperatorum
2380 2687 2631 2742 obtinuit.
2655 2686 2721 2740 In
2742 2703 2944 2740 omnem
2969 2695 3165 2739 terram
3191 2685 3351 2739 exivit
3376 2700 3535 2739 sonus

1965 2795 2144 2834 eorum
2170 2778 2344 2848 (Paul.
2368 2793 2523 2842 xvnt,
2555 2777 2649 2848 5);
2684 2787 2740 2832 et
2773 2777 2973 2846 quibus
3018 2776 3304 2846 imperavit
3347 2775 3534 2846 Augu-

1948 2882 2105 2939 stus,
2130 2869 2417 2940 imperavit
2441 2867 2712 2924 Christus.
2745 2867 2901 2924 Nunc
2922 2885 3051 2924 vero
3084 2883 3238 2940 reges
3261 2861 3329 2922 et
3344 2867 3534 2936 praesi-

1967 2966 2062 3020 des
2090 2972 2249 3018 teme
2278 2969 2676 3030 contemptores
2708 2959 2836 3015 facti
2862 2960 3243 3016 ecclesiastica:
3267 2958 3418 3029 legis,
3441 2960 3537 3029 qui

1956 3053 2201 3122 amplius
2223 3051 2744 3119 justitiamservare
2768 3059 2823 3103 et
2860 3065 2980 3104 eam
3014 3049 3304 3104 defendere
3343 3049 3538 3103 debue-

1967 3152 2109 3206 rant,
2142 3141 2209 3195 ad
2237 3147 2316 3194 tot
2341 3138 2660 3208 irrogandas
2685 3137 2941 3194 Ecclesia:
2964 3137 3323 3194 contumelias
3347 3152 3518 3195 conare

1970 3241 2190 3316 nerunt,
2213 3239 2374 3300 atque
2401 3229 2467 3285 ad
2493 3237 2699 3284 tantam
2725 3228 3166 3296 inobedientiam,
3183 3245 3324 3300 quae,
3341 3243 3536 3285 SCCUII'

1970 3323 2098 3376 dum
2162 3321 2490 3385 Samueiem,
2544 3321 2738 3376 similis
2783 3329 2868 3375 est
2925 3321 3261 3387 idololatriae,
3301 3322 3536 3379 devoluti

1970 3420 2118 3476 sunt,
2142 3421 2202 3465 ut
2226 3410 2338 3464 fere
2360 3411 2475 3478 jam
2510 3409 2914 3479 quiescentibus
2936 3413 3292 3481 legationibus
3313 3415 3534 3479 nostris,

1969 3503 2224 3571 quoniam
2274 3515 2409 3569 pene
2452 3501 2571 3555 'sine
2615 3499 2797 3554 fructu
2841 3498 3114 3565 videntur,
3155 3503 3318 3556 verba
3347 3511 3533 3558 nostra

1971 3591 2347 3646 tantummodo
2373 3590 2580 3656 arando
2609 3598 2988 3644 convertemus
3015 3589 3082 3644 ad
3113 3588 3402 3645 Dominum
3444 3606 3531 3646 re-

1970 3699 2098 3754 gum
2123 3691 2177 3737 et
2200 3681 2368 3736 Deum
2393 3668 2680 3738 ultionutn.
2717 3679 2822 3735 Sed
2855 3681 2984 3750 quia
3013 3680 3217 3737 scimus
3243 3691 3316 3747 te,
3345 3691 3400 3736 et
3421 3682 3537 3737 lor-

1973 3774 2238 3830 tissimam
2260 3779 2471 3842 gentem
2488 3768 2660 3836 tuam",
2684 3787 2806 3841 quas
2828 3769 2985 3841 freno
3005 3771 3284 3840 sapientia!
3304 3780 3410 3826 tua:
3427 3788 3540 3827 mo-

1970 3865 2212 3928 deratur,
2231 3863 2376 3918 circa
2403 3870 2630 3916 matrem
2657 3851 2901 3915 omnium
2922 3859 3287 3914 Ecclesiarum
3302 3861 3537 3917 debitam

1971 3952 2324 4007 reverentiam
2348 3949 2604 4004 exhibere
2625 3963 2746 4017 quin
2767 3955 2921 4001 tanto
2943 3955 3029 4002 est
3062 3940 3225 4003 beato
3252 3947 3413 4004 Petro
3434 3952 3532 4005 hu-

1970 4040 2152 4095 milior
2184 4045 2391 4110 quanto
2419 4036 2473 4091 in
2499 4036 2814 4092 fortitudine
2839 4051 2937 4091 sua
2964 4037 3263 4093 sublimior.
3293 4038 3415 4095 [deo
3441 4040 3537 4096 tibi

1971 4128 2324 4185 dilectissimo
2354 4126 2465 4182 tilio
2499 4136 2688 4182 nostro
2714 4128 2924 4182 litteras
2950 4127 3216 4190 mittimus
3248 4138 3410 4198 atque
3440 4145 3538 4198 pa-

1973 4231 2127 4277 terna
2155 4221 2438 4276 affectione
2477 4219 2822 4282 mandamus,
2852 4228 2912 4272 ut
2969 4219 3017 4273 si
3079 4219 3208 4285 quid
3257 4229 3359 4285 est,
3391 4221 3536 4275 unde

1973 4313 2202 4382 indiges,
2225 4311 2371 4380 quod
2398 4299 2694 4363 auctoritas
2743 4307 3001 4362 Romana:
3061 4306 3312 4363 Ecclesiae
3363 4312 3537 4384 possit

1973 4402 2068 4456 tibi
2099 4401 2247 4468 juste
2273 4397 2477 4467 largiri,
2503 4411 2599 4466 per
2625 4396 2845 4450 nuntios
2865 4404 3010 4461 tuos,
3044 4404 3098 4451 et
3141 4412 3237 4466 per
3270 4399 3370 4454 hos
3388 4416 3534 4470 quos

1976 4505 2120 4545 nunc
2150 4489 2444 4552 mittimus,
2491 4485 2649 4541 nobis
2688 4496 2879 4540 notum
2941 4485 3129 4552 facias,
3161 4497 3450 4557 quatenus,
3479 4491 3533 4544 in

294 4575 475 4643 hujus
494 4570 639 4626 sedis
661 4567 1033 4624 auctoritatem
1054 4579 1152 4634 pro
1176 4579 1272 4619 sua
1295 4563 1618 4630 necessitate
1637 4565 1870 4633 petierit,

1976 4585 2236 4649 quantum
2263 4573 2345 4630 l‘as
2373 4583 2476 4642 est,
2504 4584 2555 4630 te
2587 4575 2947 4640 honoremus,
2969 4585 3023 4630 et
3047 4577 3355 4645 praedictam
3388 4594 3538 4633 reve-

293 4664 498 4736 procul
547 4660 713 4716 dubio
761 4657 1018 4713 continuo
1052 4655 1371 4724 petitionum
1415 4669 1637 4709 suarum
1675 4670 1870 4710 conse-

294 4763 510 4826 quetur
529 4751 798 4806 effectum.
821 4746 1084 4802 Praeterea
1113 4752 1171 4796 ut
1192 4744 1308 4797 haec
1326 4751 1381 4796 et
1409 4744 1512 4796 alia
1547 4745 1716 4798 multa
1751 4761 1874 4815 quat

297 4843 508 4900 litteris
553 4854 662 4892 non
723 4837 1072 4891 continentur
1127 4833 1380 4888 cordibus
1430 4833 1626 4887 vestris
1669 4827 1873 4915 arctius

299 4935 626 5002 inligantur,
685 4923 936 4980 misimus
983 4925 1085 4979 hos
1123 4922 1344 4978 nuntios
1373 4932 1611 4989 nostros,
1639 4937 1873 4993 quorum

303 5037 460 5077 unus
487 5027 666 5074 vester
691 5026 853 5070 notus
877 5024 960 5070 est
979 5022 1038 5099 et
1060 5013 1198 5068 ﬁdus
1223 5013 1450 5079 amicus,
1473 5015 1567 5084 qui
1593 5023 1647 5069 et
1667 5030 1732 5068 ea
1754 5030 1875 5084 quas

305 5118 365 5171 in
393 5110 593 5167 litteris
619 5115 749 5162 sunt
765 5103 1048 5190 diligenter
1073 5103 1228 5158 vobis
1250 5114 1537 5184 exponent,
1559 5114 1614 5160 et
1632 5121 1753 5174 qua;
1773 5108 1875 5162 mi-

307 5222 418 5262 nus
450 5210 580 5258 sunt
599 5198 720 5253 viva
748 5211 878 5250 voce
896 5181 1201 5263 explebunt.
1223 5181 1430 5265 Quibus
1450 5209 1550 5262 pro
1576 5199 1875 5253 reverentia

306 5295 460 5351 beati
485 5291 654 5355 Petri,
676 5289 834 5358 cujus
857 5285 1018 5356 legati
1043 5291 1188 5348 sunt,
1217 5297 1315 5336 vos
1342 5280 1498 5336 mites
1544 5293 1599 5338 et
1636 5286 1877 5344 aﬂ'abiles

308 5381 602 5457 praebeatis
628 5391 683 5434 et
706 5377 966 5448 quidquid
989 5375 1142 5429 vobis
1162 5373 1414 5437 dixerint,
1438 5386 1505 5426 ex
1529 5385 1678 5441 parte
1691 5389 1875 5432 nostra

311 5477 585 5548 patienter
604 5468 841 5524 audiatis
852 5476 1011 5536 atque
1029 5464 1393 5521 indubitanter
1405 5463 1636 5519 credatis
1651 5483 1665 5530 ;
1687 5477 1742 5520 et
1761 5483 1881 5536 qua:

312 5567 389 5621 ibi
413 5582 482 5621 ex
517 5558 838 5618 auctoritate
876 5557 1185 5626 apostolica!
1215 5553 1359 5610 sedis
1392 5553 1600 5621 negotia
1653 5563 1884 5610 tractare

313 5655 590 5712 voluerint
617 5660 674 5706 et
697 5656 953 5713 statuere,
968 5645 1236 5698 nullorum
1262 5645 1406 5698 malo
1426 5641 1639 5711 ingenio
1664 5646 1883 5700 turbare

387 5805 540 5880 (379)
557 5773 821 5855 Demetrii
850 5798 990 5868 regis
1006 5796 1248 5850 meminit
1263 5797 1602 5862 Lantbertus,
1619 5813 1705 5850 an.
1724 5798 1878 5852 l075.

634 5892 913 5950 Ριτιιοι..
947 5885 1270 5949 CXLVII].

1973 4671 2200 4726 rentiam
2234 4667 2559 4723 nobilissimi
2596 4667 2747 4735 regni
2769 4667 2845 4719 tui
2868 4666 3058 4719 merita
3094 4666 3353 4737 dignitate
3376 4656 3537 4725 dene-

1972 4777 2115 4816 mus.
2143 4760 2348 4816 Bonam
2394 4758 2540 4814 enim
2590 4755 2790 4811 tamam
2843 4755 2909 4809 de
2965 4764 3015 4809 te
3059 4757 3389 4827 accepimus,
3415 4774 3536 4828 qum

1973 4850 2224 4918 precibus
2246 4848 2390 4901 beati
2415 4845 2560 4899 Petri
2585 4852 2640 4897 et
2675 4841 2829 4897 Pauli
2869 4859 3147 4913 nunquam
3201 4855 3254 4899 te
3302 4847 3533 4907 deserat,

1973 4940 2084 4992 imo
2141 4936 2208 4991 ad
2260 4935 2487 5004 gloriam
2531 4933 2818 5003 utriusque
2863 4935 2987 4988 vita:
3039 4933 3443 5002 capessendam,
3475 4945 3537 4990 ut

1976 5028 2368 5092 desideramus,
2405 5027 2714 5082 cumuletur
2761 5041 2971 5093 semper
3017 5032 3071 5076 et
3115 5034 3342 5080 crescat.
3399 5026 3535 5091 Quia

1978 5134 2108 5173 vero
2140 5118 2284 5188 apud
2310 5126 2709 5172 antecessorem
2756 5123 3001 5167 nostrum
3045 5113 3218 5169 beata:
3264 5118 3539 5171 memoriae

1979 5207 2340 5262 Alexandrum
2375 5207 2619 5274 quaedam
2657 5201 2925 5270 expetisti,
2952 5201 3151 5270 quibus
3183 5201 3396 5256 beatum
3433 5201 3538 5258 Pe-

1979 5309 2125 5352 trum
2151 5297 2445 5350 debitorem
2477 5293 2701 5354 faceres,
2727 5293 2839 5346 imo
2860 5291 2956 5346 tibi
2978 5302 3033 5346 et
3053 5306 3218 5360 regno
3239 5299 3333 5346 tuo
3359 5293 3538 5346 nobile

1981 5385 2340 5456 patrocinium
2385 5385 2506 5453 ejus
2552 5383 2893 5452 acquirercs,
2925 5397 3020 5449 per
3069 5382 3286 5436 eosdem
3335 5383 3536 5449 legatos

1982 5475 2204 5530 mandes
2248 5484 2431 5529 utrum
2454 5475 2643 5529 eadem
2683 5473 2930 5528 voluntas
2953 5471 3023 5524 sit
3059 5485 3129 5523 an
3167 5470 3326 5524 fuerit
3377 5481 3537 5534 passa

1980 5564 2270 5630 detectum,
2324 5573 2462 5629 ant,1
2492 5564 2636 5633 quod
2685 5562 2855 5630 magis
2916 5570 3186 5629 Optamus,
3243 5557 3540 5624 susceperit

1983 5668 2351 5730 augmentum.
2387 5658 2497 5728 Ego
2519 5657 2662 5710 enim
2695 5669 2818 5709 cum
2847 5654 2900 5709 in
2925 5653 3395 5708 arcliidiaconatus
3424 5649 3539 5707 olli-

3197 5884 3266 5944 1!}
