4218 6446
754 504 855 557 H7

754 631 840 670 t'lO
866 629 1063 678 essent,
1090 613 1320 667 multum
1343 611 1629 681 diligebam
1654 620 1726 675 te,
1748 616 1822 673 et,
1852 606 1985 662 tnihi
2011 600 2315 668 videbatur,
2348 608 2388 663 Α

754 704 1014 775 diligebar
1058 719 1088 757 a
1120 713 1204 769 te;
1230 702 1321 757 sed
1354 702 1445 755 ubi
1471 699 1739 770 pastorale
1785 695 2042 760 ofﬁcium,
2068 694 2213 765 quod
2264 694 2317 746 in

757 796 1040 851 dilectione
1073 793 1166 848 Dei
1186 803 1241 849 et
1269 788 1502 865 proximi
1528 790 1685 860 quasi
1707 789 1764 841 in
1797 786 2155 841 fundamento
2187 779 2319 838 con-

757 886 918 950 sistit,
940 885 1066 939 licet
1085 885 1338 954 indignus
1366 883 1571 953 accepi,
1591 880 1831 935 charitas
1849 892 2012 947 quam
2029 875 2323 929 habueram

759 978 901 1030 circa
926 984 978 1031 te
1011 976 1183 1045 major
1204 973 1343 1029 facta
1365 983 1448 1027 est
1471 982 1678 1042 qum,te
1701 969 2015 1046 proliciente
2037 967 2091 1020 in
2108 966 2324 1030 melius,

758 1081 971 1135 temper
1003 1066 1055 1119 in
1083 1065 1341 1134 majorem
1371 1062 1597 1133 gradum
1635 1059 1746 1128 Deo
1770 1057 2006 1131 propitio
2041 1064 2321 1127 augeatur.

830 1155 958 1209 Data
994 1154 1196 1219 nonne,
1214 1154 1424 1209 decimo
1461 1153 1651 1222 quinto
1694 1148 1967 1205 Kalendas
1996 1146 2144 1215 Maii,
2180 1145 2324 1201 indi-

761 1244 937 1297 ctione
961 1242 1169 1297 decima
1196 1242 1374 1297 tertia.

1215 1352 1544 1407 El‘lSTOI..\
1634 1349 1866 1406 LXXVI.
1888 1394 1899 1402 .

1266 1459 1330 1496 AD
1398 1456 1816 1496 BANBERGESSES.

1342 1535 1521 1599 (Anno
1571 1532 1753 1597 1073J

1382 498 1436 549 s.
1479 492 1801 552 caecout:
1845 492 1932 545 vn
1969 474 2174 545 eam:
2209 487 2491 545 ortznt'u
2533 487 2549 540 l

2445 488 2491 542 Μ
2533 486 2716 541 PARS
2754 487 2791 540 Ι.
2832 516 2899 526 —
2938 486 3357 543 REGISTRL'M.

3898 481 4019 537 £28

2878 599 3215 655 EPISTOLA
3275 598 3411 654 LXX
3425 598 3529 652 ΠΙ.

2494 705 2559 744 All
2587 704 2900 746 GEBOARDC!
2935 705 3410 745 SALTZBL’RGENSEM
3456 701 3933 743 ARCHIEPISCOPUI.

3017 779 3199 849 (Anno
3240 778 3426 848 1075.)

2428 869 2675 938 Increpat
2708 868 2846 938 quod
2881 883 3000 921 cum
3025 883 3058 938 _a
3100 865 3901 938 sedeapostolicaimpetrasset
3946 870 4022 916 κε

2495 935 2733 992 diceresis
2763 952 2874 990 sum
2898 936 3070 1005 portio
3092 935 3440 1000 decideretur,
3467 944 3515 1005 et
3539 935 3593 988 in
3627 951 3687 988 ea
3724 935 4023 1005 episcopus

2494 1002 2918 1068 constitueretur,
2944 1004 3242 1072 episcopum
3263 1005 3471 1073 quidem
3494 1004 3549 1057 in
3562 1002 3762 1073 partem
3791 1002 3976 1073 sollici
3994 1029 4022 1039 -

2498 1077 2695 1129 tudinis
2718 1075 3016 1137 admiserit,
3038 1071 3455 1126 decimasautem
3467 1071 3753 1126 cumessibi
3769 1071 4020 1139 retin”-

2497 1146 2604 1209 rit;
2634 1144 2751 1197 ideo
2777 1152 2949 1196 monet
2976 1151 3033 1195 ut
3055 1141 3288 1196 ecclesiae
3311 1157 3434 1210 suas
3463 1141 3694 1194 decimas
3717 1139 4019 1208 relinquat.

2497 1233 2804 1289 Gasoontus
2831 1231 3138 1302 cpiscopus,
3169 1247 3364 1286 servus
3409 1244 3688 1286 servorum
3748 1227 3865 1293 Dei,
3890 1226 4021 1282 Gz-

2425 1338 2631 1380 noanno
2660 1318 2996 1395 [Germano]
3022 1319 3427 1390 Saltzburgensi
3454 1318 3887 1388 archiepiscopo,
3914 1329 4023 1369 sa-

2423 1417 2594 1469 lntem
2639 1420 2692 1465 et
2721 1408 3076 1480 apostolicam
3108 1407 3560 1461 benedictionem.

2498 1499 2843 1555 Meminimus
2876 1472 3220 1552 dilectionem
3252 1504 3401 1548 tuam
3442 1493 3599 1548 annis
3628 1490 4024 1561 superiOribus

1343 1578 1518 1599 ,.-.-..ν
2648 1589 2658 1600 ,
3149 1583 3182 1595 ..

765 1622 1042 1698 Signiﬁcat
1069 1620 1498 1698 Bambcrgenscm
1520 1621 1604 1688 ep.’
1616 1634 1819 1698 napum
1849 1615 2205 1698 Sitnnoniac‘unt
2223 1631 2255 1667 a
2271 1630 2330 1695 se
2430 1589 2788 1698 θνθξίθιξθδω
2849 1585 3045 1686 sedem.
3326 1593 3575 1698 ﬁlim“:

833 1688 1142 1759 depositum.
1170 1688 1447 1759 lutei-dicit
1497 1705 1559 1741 ne
1598 1689 1872 1756 quisquam
1905 1688 1919 1737 ἰ

836 1761 964 1812 ἰυηιι
994 1760 1219 1826 diripere
1242 1759 1317 1812 vel
1342 1758 1574 1811 alienare
1594 1763 1897 1825 prcrsumat.

835 1850 1138 1903 GREGORICS
1167 1847 1476 1917 episcopus,
1508 1861 1697 1901 servus
1726 1858 2007 1918 servorum
2041 1840 2156 1905 Dei,
2185 1841 2330 1894 clero

1926 1666 2331 1738 ltiiisﬁl‘fcclesite
2430 1688 2620 1735 nostro
2641 1678 2799 1732 bona:
2820 1675 3098 1730 memorite
3124 1673 3453 1737 Alexandro,
3490 1686 3575 1725 me
3598 1670 3759 1724 etiam
3778 1666 4015 1722 favente

2431 1780 2595 1839 atque
2620 1780 2910 1823 assensum
2961 1766 3256 1834 prazbcnte,
3297 1763 3596 1832 imperasse
3616 1766 3677 1813 ut
3728 1757 4025 1828 parochias

2434 1869 2539 1913 tuae
2571 1858 2877 1928 portionem
2900 1869 3011 1935 pra:
3029 1852 3380 1922 amplitudine
3405 1851 3490 1905 sui
3517 1848 3813 1910 decideres,
3835 1854 4019 1916 atque

766 1949 819 1991 et
846 1938 1043 2007 populo
1067 1936 1479 2007 Bambcrgcnsis
1507 1935 1782 1998 Ecclesiae,
1824 1934 2055 1988 salutem
2103 1939 2154 1985 et
2203 1946 2333 2025 apo-
2366 1935 2408 1988 B
2434 1947 2488 2000 in
2513 1960 2577 1998 ea
2609 1944 2981 2012 episcopatum
3003 1950 3058 1996 ει
3087 1940 3403 2010 episcopum
3436 1941 3504 1994 ad
3557 1942 4028 2011 ευρεηδιιηάαη-

767 2028 1017 2082 stolieam
1042 2026 1491 2081 benedictionem.

838 2115 1035 2169 Notum
1079 2123 1162 2167 est
1194 2111 1394 2184 [vobis]
1422 2128 1555 2183 pene
1613 2113 1865 2167 omnibus
1925 2112 1979 2164 in
2025 2108 2336 2165 Teutonicis

779 2205 1026 2274 partibus
1057 2203 1427 2260 habitantibus
1470 2204 1616 2272 quod
1651 2187 2063 2272 Batnhergensis
2097 2199 2337 2255 Ecclesia

772 2295 1023 2363 specialis
1057 2292 1461 2360 quodammodo
1486 2292 1593 2345 lilia
1625 2293 1862 2345 adhaeret
1896 2290 2054 2344 matri
2090 2304 2201 2343 suae
2231 2288 2341 2342 Ro-

774 2398 946 2439 mance
993 2382 1265 2444 Ecclesiae,
1297 2382 1386 2436 cui
1418 2381 1528 2436 Deo
1573 2390 1792 2436 auctore
1834 2380 2188 2443 deservimus,
2218 2379 2341 2433 licet

775 2472 997 2542 indigni,
1026 2486 1090 2526 ac
1138 2472 1361 2541 proinde
1405 2481 1556 2526 tanto
1604 2471 1887 2527 sollicitius
1929 2470 2220 2539 vigilantirc
2244 2484 2342 2522 no.

776 2573 901 2617 strze
944 2577 1045 2617 nos
1067 2570 1278 2632 oportet
1303 2562 1403 2615 sibi
1432 2577 1620 2615 curam
1652 2561 1979 2629 impendere,
2005 2569 2209 2628 quanto
2263 2558 2343 2612 ia-

777 2651 1046 2705 miliarius
1081 2649 1395 2719 apostolica:
1417 2650 1562 2704 sedis
1587 2654 1672 2703 est
1700 2648 1999 2703 munimine
2017 2647 2340 2702 contuenda.

786 2738 938 2794 l'nde
970 2740 1097 2810 quia
1124 2740 1345 2808 quidam
1388 2738 1555 2793 idiota
1590 2738 1902 2808 prardictam
1938 2735 2235 2791 Ecelesiam
2261 2733 2347 2790 Si-

779 2830 1042 2884 moniaca:
1075 2828 1314 2899 perfidiae
1350 2828 1601 2883 haeretica
1636 2828 1902 2898 pravitate
1943 2827 2235 2881 subversus
2263 2826 2346 2880 in-

750 2914 1013 2984 ”vaserat,
1040 2933 1159 2974 eam
1185 2933 1216 2971 a
1237 2918 1369 2988 jugo
1397 2918 1670 2988 sacrilegae
1699 2915 2033 2987 pervasionis
2063 2916 2206 2969 illius
2227 2929 2350 2984 pro-

779 3007 900 3062 vida
946 3008 1378 3064 consideratione
1405 3006 1635 3063 liberare
1674 3005 2000 3062 studuimus.
2037 3005 2348 3059 Exemimns

779 3098 997 3165 quidem
1023 3099 1258 3168 gladium
1295 3099 1667 3171 apostolorum
1714 3098 1973 3169 principis
1996 3096 2161 3162 Petri,
2197 3106 2252 3151 et
2292 3096 2347 3150 in

782 3204 912 3244 cum
948 3189 1275 3271 apostolica
1311 3191 1632 3245 auctoritate
1669 3189 1992 3243 sententiam
2040 3188 2350 3259 promulga-

2435 2044 2543 2088 tem
2579 2032 2857 2102 regiminis
2900 2046 3088 2085 curam
3143 2028 3496 2101 supplendam
3524 2038 3807 2086 statueres.
3829 2029 4021 2097 Quam

2437 2133 2542 2178 tua:
2569 2122 2768 2176 mentis
2799 2119 3156 2173 intentionem
3202 2126 3354 2172 tanto
3409 2117 3642 2173 alacrius
3699 2118 4029 2173 audivimus

2437 2219 2597 2278 atque
2611 2216 2673 2262 ut
2688 2206 3072 2276 adimpleretur
3093 2204 3401 2261 studuimus
3420 2213 3624 2275 quanto
3637 2215 3687 2262 te
3704 2207 4030 2277 religiosius

2439 2299 2493 2353 id
2522 2305 2723 2367 petere,
2748 2302 2911 2365 atque
2932 2293 3229 2349 multorum
3263 2294 3428 2349 saluti
3471 2295 3730 2364 prodesse
3757 2296 3895 2350 velle
3928 2297 4031 2349 in-

2441 2384 2765 2440 telleximus.
2790 2383 2925 2449 Quis
2945 2382 3091 2437 enim
3100 2381 3193 2437 cui
3217 2382 3520 2451 spiritualia
3544 2382 3694 2436 lucra
3706 2384 3855 2438 cordi
3878 2383 4028 2451 sint,

2441 2472 2527 2528 his
2568 2469 2868 2541 praesertim
2916 2468 3270 2539 temporibus,
3315 2484 3439 2523 cum
3473 2469 3628 2539 juxta
3668 2470 4027 2540 Apostolum,

2444 2560 2634 2617 Omnes
2654 2568 2896 2630 quarunt
2929 2573 3046 2627 quc
3072 2574 3171 2612 sua
3191 2566 3335 2624 sunt,
3370 2574 3474 2613 non
3514 2574 3630 2628 qua:
3651 2556 3779 2612 Iesu
3812 2557 4034 2614 Christi

2444 2650 2668 2720 (Philip.
2696 2650 2780 2717 ιι),
2814 2659 2924 2701 non
2955 2646 3312 2702 libentissime
3356 2648 3713 2717 amplectatur
3759 2650 4031 2704 volunta-

2445 2752 2550 2798 tem
2567 2741 2782 2796 divitias
2797 2748 3042 2795 terrenas
3060 2739 3370 2795 animarum
3395 2738 3553 2793 saluti
3567 2746 3982 2809 postponentem
3998 2740 4036 2795 τ

2446 2831 2550 2888 Sed
2580 2831 2667 2888 bis
2691 2831 2883 2889 diebus
2918 2831 2986 2885 ad
3007 2844 3111 2886 nos
3135 2831 3403 2901 perlatum
3434 2838 3520 2885 est
3560 2830 3627 2885 de
3657 2830 3845 2886 eodem
3868 2831 4038 2887 bono

2445 2920 2721 2991 proposito
2747 2929 2862 2985 tuo,
2888 2921 3033 2989 quch
3058 2934 3160 2974 nos
3189 2920 3536 2974 vehementer
3556 2914 3929 2976 contristaris
3966 2929 4034 2976 et

2447 3010 2819 3080 laetitiaepriori
2838 3009 2994 3079 quasi
3007 3009 3272 3080 quasdam
3284 3010 3538 3065 mereris
3561 3011 3784 3066 nebulas
3804 3012 4028 3067 effudit.

2448 3100 2504 3155 In
2525 3115 2636 3171 quo
2658 3099 2999 3170 prudentiam
3021 3106 3171 3153 tuam
3182 3106 3237 3154 et
3249 3098 3567 3170 religionem
3594 3100 3823 3154 multum
3839 3100 4033 3155 admi-

2449 3189 2553 3243 rati
2569 3202 2762 3243 sumus
2785 3187 2837 3241 id
2851 3186 2947 3242 tibi
2962 3186 3234 3241 ullatenus
3247 3188 3563 3256 persuaderi
3579 3190 3844 3258 potuisse;
3868 3198 3932 3245 ut
3954 3191 4039 3244 ad

783 3266 977 3334 vimus.
1013 3279 1211 3353 Verum
1237 3281 1364 3350 quia
1396 3281 1447 3335 in
1474 3281 1785 3336 exclusione
1811 3281 1996 3335 talium
2041 3280 2215 3353 solent
2242 3279 2345 3335 Ec-
2374 3260 2415 3316 (ἶ
2449 3280 2553 3333 hoc
2610 3286 2664 3333 te
2717 3275 2922 3332 factum
2968 3275 3250 3332 debuisses
3300 3276 3592 3332 inﬂectere.
3644 3277 4042 3348 Comperimus

784 3369 963 3424 clesite
986 3369 1156 3424 multa
1180 3370 1376 3425 damna
1406 3371 1538 3440 pati,
1573 3380 1627 3425 et
1661 3370 1800 3424 bona
1826 3384 2013 3423 earum
2037 3351 2263 3423 dist‘rahi
2297 3379 2352 3423 et
2450 3374 2616 3439 enim,
2641 3372 2918 3444 episcopo,
2942 3380 3004 3426 ut
3050 3370 3258 3445 ιιι-τετειιί
3285 3386 3499 3437 sumus,
3529 3371 3583 3425 in
3627 3379 3779 3441 parte
3819 3386 4041 3440 procu-

785 3459 1042 3527 disperdi,
1069 3460 1293 3528 dignum
1317 3461 1572 3513 duximus
1595 3458 1898 3513 imminenti
1929 3458 2132 3511 damno
2166 3456 2352 3512 Ecclc-
2454 3461 2685 3518 rationis
2708 3468 2815 3515 tua:
2837 3460 3161 3530 composito,
3183 3460 3336 3515 illum
3366 3460 3584 3530 quidem
3621 3460 3677 3514 in
3709 3460 4037 3515 societatem

788 3551 881 3605 site
902 3565 1222 3619 prcecavere,
1246 3565 1310 3604 ac
1334 3550 1558 3619 proinde
1583 3548 1860 3618 sacrilegis
1875 3557 1929 3601 et
1954 3547 2200 3619 tyrannis
2231 3561 2356 3616 apo-
2457 3549 2661 3605 laboris
2698 3547 2936 3614 misisse,
2971 3546 3065 3602 sed
3115 3546 3210 3602 tibi
3260 3546 3500 3603 fructum
3549 3547 3750 3602 laboris
3770 3588 3786 3612 ,
3818 3546 4044 3602 scilicet.

794 3638 985 3695 stolica
1017 3639 1343 3693 auctoritate
1368 3636 1640 3701 resistere,
1672 3636 2059 3717 interdicendo,
2089 3651 2156 3690 ne
2196 3650 2356 3691 occa-
2457 3625 2707 3692 decimas
2742 3636 3052 3690 retinuisse.
3107 3634 3265 3701 Quod
3309 3635 3357 3689 si
3413 3649 3603 3690 verum
3641 3643 3754 3701 est,
3786 3636 4039 3711 graviter

792 3727 946 3781 sione
966 3726 1298 3781 exclusionis
1321 3725 1467 3780 illius
1488 3741 1577 3779 res
1602 3725 1844 3780 ecclesire
1872 3725 2085 3779 auferre
2118 3727 2197 3779 vel
2223 3740 2360 3794 quo-
2459 3723 2706 3778 dolemus
2734 3722 2790 3776 in
2821 3730 2931 3776 tam
2965 3720 3229 3791 praeclaro
3255 3729 3362 3777 tua:
3393 3721 3699 3777 dilectionis
3721 3736 3882 3791 opere
3926 3737 4045 3778 cu—

789 3813 923 3900 libet
952 3817 1114 3871 modo
1130 3816 1366 3871 alienare
1390 3824 1737 3885 praesumant.
1765 3813 2104 3885 Quapropter
2123 3829 2189 3868 ex
2212 3821 2363 3884 parte
2461 3812 2761 3884 piditatem,
2784 3827 2907 3882 qua:
2932 3810 3087 3867 radix
3127 3812 3373 3868 omnium
3415 3814 3682 3877 malorum
3716 3824 3819 3880 est,
3842 3814 4043 3870 locum

801 3879 897 3960 ﬁci
945 3915 1000 3961 et
1049 3879 1420 3975 apostolorum
1453 3903 1596 3958 Petri
1618 3914 1669 3959 et
1704 3879 1854 3959 Pauli
1887 3879 2280 3971 interdicimus,
2305 3912 2396 3957 ut‘

795 3996 942 4050 nulla
973 3995 1205 4064 alicujus
1231 3994 1529 4065 dignitatis,
1557 4009 1649 4049 seu
1676 3996 1979 4065 potestatis,
2004 3994 2117 4049 sive
2142 3994 2367 4063 cujusli-

797 4087 890 4141 bet
918 4084 1275 4148 conditionis,
1310 4098 1545 4153 pcrsona
1581 4098 1668 4138 res
1699 4083 1811 4151 jam
1851 4097 1991 4152 saepe
2025 4081 2147 4136 latae
2179 4080 2366 4136 Eccle-

802 4175 929 4239 siae,
961 4175 1197 4229 maxime
1260 4174 1580 4228 thesaurum
1631 4180 1686 4226 et
1741 4170 1942 4241 ptaedia
1998 4169 2245 4232 auferre,
2287 4171 2369 4224 vel

799 4265 981 4333 aliquo
1010 4263 1172 4315 modo
1207 4263 1444 4324 alienare
1480 4262 1676 4331 injuste
1712 4261 2015 4331 diripiendo
2057 4268 2369 4330 przesumat,

799 4352 973 4407 donec
997 4349 1341 4418 omnipotens
1378 4348 1521 4402 Deus
1554 4364 1649 4417 per
1696 4338 2056 4403 interventum
2098 4349 2241 4403 beati
2272 4347 2373 4401 Pe-

824 4441 872 4493 ri
904 4438 1155 4492 Ecclesia:
1178 4439 1252 4492 illi
1277 4438 1530 4491 idoneum
1556 4446 1825 4506 pastorem
1852 4437 2148 4505 provideat.
2171 4435 2228 4488 Si
2250 4436 2374 4505 quis

805 4545 933 4585 vero
960 4536 1147 4583 contra
1178 4527 1342 4596 hujus
1368 4527 1761 4581 interdictionis
1781 4527 2032 4596 paginam
2051 4526 2235 4580 venire
2257 4534 2375 4579 ten-

758 4632 763 4639 '
805 4619 1019 4681 taverit,
1050 4616 1259 4671 noverit
1281 4631 1336 4671 se
1369 4615 1601 4687 gratiam
1631 4614 1803 4670 sancti
1834 4613 1980 4669 Petri
2026 4614 2292 4679 amittere,
2317 4621 2372 4667 et

805 4693 1117 4775 apostolica:
1141 4690 1624 4759 animadversionis
1668 4703 1874 4757 ultione
1899 4701 2260 4771 plectendum.

877 4795 1008 4850 Data
1037 4793 1241 4859 Romze,
1280 4810 1353 4848 xu
1386 4793 1654 4850 Kalendas
1678 4792 1823 4858 Maii,
1862 4791 2154 4846 indictione
2178 4805 2294 4844 xnt.
2319 4822 2323 4825 λ

2464 3902 2567 3959 sibi
2591 3903 2836 3972 potuisse
2864 3903 3167 3971 subripere,
3191 3910 3254 3956 ut
3274 3904 3583 3972 operarium
3608 3904 3665 3958 in
3679 3905 3893 3959 vineam
3915 3903 4045 3959 Do—

2467 3992 2600 4047 mini
2657 3991 2924 4056 mitteres,
2950 3998 3006 4045 et
3055 4007 3178 4046 eum
3209 3992 3389 4062 operis
3422 3993 3671 4048 mercede
3724 3992 4045 4050 fraudem.

2467 4081 2830 4148 Quamobrem
2863 4081 3181 4137 charitotem
3216 4091 3362 4137 tuam
3393 4078 3726 4138 admonitam
3766 4095 3888 4137 esse
3937 4096 4050 4137 vo-

2468 4172 2670 4237 lumus,
2701 4180 2763 4227 ut
2785 4172 2931 4242 quod
2962 4170 3284 4226 devote.Deo
3317 4171 3559 4226 obtulisti
3583 4186 3837 4226 serenum
3849 4179 3903 4226 et
3927 4170 4055 4226 sin-

2470 4276 2658 4323 cerum
2680 4261 2799 4315 sine
2829 4259 2941 4314 luci
2989 4259 3315 4315 admistione
3372 4261 3670 4330 persolvas,
3694 4261 4047 4331 plausibilem

2472 4346 2699 4401 humani
2727 4345 2933 4401 favoris
2967 4346 3180 4402 laudem
3203 4362 3419 4413 caveas,
3445 4356 3500 4401 et
3519 4347 3663 4416 quod
3686 4361 3782 4414 spe
3819 4334 4052 4403 aeterna:

2475 4435 2846 4490 retributionis
2872 4435 3085 4506 coepisti
3120 4435 3187 4512 in
3207 4436 3497 4489 securitate
3519 4434 3759 4504 ejusdem
3782 4449 4019 4491 remune
4034 4464 4054 4472 -

2476 4526 2706 4580 rationis
2739 4524 2976 4593 expleas,
3001 4531 3053 4577 et
3105 4523 3389 4578 ecclesiam
3433 4515 3658 4579 suarum
3700 4523 4053 4579 decimarum

2478 4614 2775 4670 redditibus
2792 4612 3066 4670 investias.

2545 4702 2678 4758 Data
2707 4702 2914 4770 Romae,
2945 4703 3156 4758 decimo
3178 4702 3372 4772 quinto
3416 4700 3682 4758 Kalendas
3727 4698 3881 4768 Julii,
3899 4699 4054 4756 indi-

2475 4788 2652 4861 ctione
2676 4788 2886 4844 decima
2908 4789 3087 4843 tertia.

841 4904 3501 4933 Μ

1634 4942 1992 5073 LIBER
2061 4980 2579 5071 TERTIUS
2652 4980 3243 5069 REGISTRI.

812 5114 988 5175 Anno
1022 5111 1353 5175 Dominica:
1380 5109 1847 5175 Incarnationis
1873 5105 2196 5170 millesimo
2246 5106 2690 5186 septuagesimo
2712 5105 2958 5183 quinto,
3008 5102 3348 5165 indictione
3383 5101 3612 5164 decima
3638 5104 3828 5162 tertia
3856 5102 4054 5181 (380).

1286 5231 1621 5287 EPISTOLA
1667 5229 1900 5286 PRIMA.

1322 5342 1389 5381 AD
1442 5341 1502 5379 BA
1509 5337 1859 5378 XBERGENSE'B.

1405 5406 1585 5505 (Antio
1612 5431 1767 5487 1075.

820 5547 1111 5615 Conﬁrmat
1130 5547 1438 5599 sententiam
1472 5548 1526 5599 in
1568 5544 1950 5615 Herimannum
1981 5545 2276 5615 episcopum
2320 5560 2378 5597 eo

926 5613 1026 5669 uad
1046 5616 1254 5682 judicio
1310 5615 1447 5668 sedis
1503 5614 1803 5683 apostolicte
1853 5630 1907 5667 se
1953 5613 2380 5683 subtraxerat,“

926 5631 1024 5669 uoa
1046 5631 1254 5682 Juatcto
1310 5631 1447 5668 seats
1503 5631 1803 5683 apostoucte
1853 5631 1907 5667 se
1953 5631 2380 5673 suntrasrerat,“

890 5631 1187 5739 gintoniace
1212 5683 1502 5739 Ecclesium
1542 5683 1798 5736 invaserat
1836 5683 2047 5753 ejusque
2077 5683 2211 5735 bona
2244 5681 2384 5733 dila-

896 5792 1180 5863 (380)lmo
1227 5794 1434 5849 decima
1486 5804 1698 5863 quarta,
1753 5795 1817 5847 ad
1872 5808 2034 5863 quam
2116 5790 2386 5862 pertinent

2514 5206 2567 5275 pi
2582 5204 2824 5275 daverat.
2860 5200 2997 5275 Eum
3025 5202 3510 5275 anathematizatet
3533 5199 3853 5275 sacerdotali
3869 5202 4062 5271 ofﬁcio

2552 5273 2762 5348 privat;
2790 5280 2838 5325 et
2857 5272 2980 5323 item
3003 5287 3089 5323 eos
3117 5272 3208 5348 φιρὶ
3234 5271 3299 5323 ab
3320 5268 3583 5348 eo-aliqua
3632 5268 3869 5348 ecclesia:

2553 5339 2645 5393 dia
2666 5348 2975 5409 acceperunt
2998 5350 3055 5391 ut
3080 5339 3136 5392 ei
3166 5340 3417 5407 faverent,
3438 5351 3702 5406 quousque
3745 5339 4060 5409 apostolica:

2553 5410 2664 5463 sedi
2692 5426 2746 5463 se
2758 5417 3053 5478 praesentet.
3792 5418 3793 5421 ‘

2554 5498 2860 5566 GREGORIUS
2880 5498 3190 5570 episcOpus,
3220 5509 3409 5550 servus
3447 5508 3727 5551 servorum
3761 5493 3882 5563 Dei,
3907 5497 4065 5554 clero

2485 5598 2539 5644 et
2559 5588 2758 5658 populo
2782 5585 3195 5653 Bambergensis
3214 5583 3485 5651 Ecclesiae,
3510 5585 3737 5639 salutem
3758 5592 3815 5639 et
3834 5597 4067 5659 aposto-

2487 5680 2649 5735 licam
2671 5675 3125 5733 benedictionem.

2487 5798 2795 5861 sequentes,
2834 5783 3093 5870 exceptis
3120 5784 3296 5840 tribus
3322 5781 3595 5854 prioribus
3621 5781 3894 5851 epistolis.
