4218 6382
294 434 383 489 429

1367 427 1562 483 LIBER
1606 425 1921 480 TERTIUS.
1960 455 2004 464 -
2065 425 2279 481 EPIST.
2323 425 2411 479 111.

3391 427 3492 482 150

353 543 580 598 Litteras
601 557 742 614 quas
763 541 945 614 Poppo
978 542 1302 613 prmpositus
1338 539 1594 595 Ecclesia:
1650 548 1841 593 vestra:
1869 540 1912 595 Α
1939 535 2303 608 [llcrmannus
2333 534 2806 606 Bambet‘gensium
2839 533 3005 608 nunc]
3037 552 3140 589 non
3185 537 3494 606 cpiscopus,

292 645 402 684 cum
427 630 514 684 his
539 631 636 698 qui
669 645 855 684 secum
881 631 1043 698 erant
1091 628 1318 698 decepti,
1338 628 1599 681 Simulata
1666 627 1843 696 ρωπί-

289 721 444 775 tentia
473 720 720 790 falsaque
746 721 1005 790 religione
1031 719 1342 773 llerimanni
1368 720 1495 772 olim
1530 719 1659 772 dicti
1682 719 1846 772 vestri

291 809 544 878 episcopi,
573 808 789 862 incaute
817 822 849 859 a
877 806 1033 860 nobis
1061 806 1228 875 nimia
1260 806 1363 858 sub
1393 804 1740 858 festinatione
1764 818 1849 856 re-

293 899 560 961 cedentes,
585 898 651 951 ad
677 912 774 950 vos
799 896 1008 949 deferre
1057 896 1411 965 neglexerunt
1451 904 1639 948 nostro
1675 893 1850 963 sigillo

291 989 596 1058 insignitas,
618 985 990 1041 idcirco-vobis
1016 985 1080 1038 ad
1117 1000 1354 1054 prmsens
1379 985 1608 1054 dirigere
1630 984 1850 1051 dignum

292 1075 540 1128 duximus
566 1081 628 1127 ut
658 1073 714 1127 in
745 1072 825 1128 eis
848 1071 1134 1125 manifeste
1158 1073 1500 1142 cognoscatis
1522 1087 1644 1140 quae
1693 1070 1854 1122 fuerit

234 1181 237 1184 ·
292 1163 352 1216 de
389 1161 508 1230 jam
566 1161 710 1214 dicto
785 1159 1241 1229 pseudoepiscopo
1311 1170 1496 1213 nostra
1580 1159 1850 1220 voluntas,

290 1267 561 1322 quamque
591 1251 912 1305 sententiam
968 1251 1334 1306 damnationis
1388 1251 1592 1318 judicio
1656 1257 1855 1302 sanctae

294 1337 600 1406 apostolica:
641 1337 784 1390 sedis
834 1335 888 1388 in
931 1351 1054 1388 eum
1093 1336 1582 1407 'protnulgavimus
1635 1334 1852 1389 indubi-

291 1435 472 1480 tanter
505 1427 790 1481 credentes
830 1427 1091 1494 quoniam
1139 1428 1343 1482 nullius
1392 1426 1732 1497 supplicatio,
1765 1431 1858 1477 aut

293 1515 644 1569 fraudulenta
675 1515 946 1584 suggestio
969 1515 1037 1568 ab
1059 1516 1247 1569 eadem
1275 1517 1573 1578 voluntate,
1591 1515 1703 1568 sive
1734 1527 1857 1566 scn-

292 1605 480 1669 tentia,
512 1620 578 1656 ex
603 1619 668 1658 eo
689 1619 798 1672 quo
821 1618 879 1657 se
907 1603 1113 1672 judicio
1148 1614 1347 1659 sanctze
1379 1605 1688 1674 apostolica:
1716 1601 1859 1656 sedis

292 1691 581 1753 subtraxit,
607 1691 848 1743 animum
871 1698 1118 1745 nostrum
1136 1689 1691 1759 potuitrevocare,vel
1717 1703 1859 1748 nun-

298 1796 454 1850 quam
481 1779 596 1834 Deo
620 1789 839 1834 auctore
873 1790 1084 1835 mutare
1119 1781 1332 1834 valebit.
1375 1779 1574 1832 Verum
1606 1779 1732 1846 quia
1754 1775 1858 1830 sub

1946 625 2048 680 hoc
2062 643 2204 680 anno
2224 626 2448 699 Romam
2465 626 2730 695 limiiitetis
2751 624 2900 695 μυρί’,
2919 635 3123 693 petens.
3146 624 3209 677 Et
3229 627 3303 678 sic
3319 625 3371 678 in
3390 626 3504 679 Mu-

1948 718 2072 790 tin.]
2099 735 2156 773 sc
2178 720 2446 782 habuerit,
2475 719 2557 771 Vel
2604 703 2834 787 qualiter
2861 734 2918 770 se
2941 719 3146 786 judicio
3171 721 3501 788 ‘apostolicze.

1949 809 2092 862 sedis
2133 809 2476 872 subtraxerit,
2508 824 2680 876 quave
2736 807 2919 859 fraude
2965 808 3504 876 clericos.przedictze

1949 897 2204 951 Ecelcsim
2241 897 2343 950 sub
2363 898 2584 949 obtentu
2609 895 2934 963 pcrnitentizc
2961 895 3248 962 deceperit,
3273 903 3325 947 et
3370 912 3506 963 quo-

1951 984 2110 1040 modo
2134 1001 2218 1039 res
2246 987 2484 1052 ejusdem
2517 983 2618 1038 sibi
2663 993 2846 1036 contra
2880 983 3044 1035 Deum
3077 984 3376 1035 commissu‘.
3406 981 3505 1034 Ee-

1953 1073 2130 1127 clcsia:
2155 1074 2308 1142 pejus
2337 1088 2499 1140 quam
2525 1071 2673 1140 prius
2703 1071 3047 1132 destruxerit,
3079 1080 3131 1123 et
3188 1071 3240 1122 in
3285 1072 3508 1126 clericos

1953 1161 2225 1231 quondam
2254 1161 2356 1214 sibi
2386 1161 2705 1214 commissos
2731 1160 2872 1212 sicut
2902 1169 3163 1228 tyrannus
3191 1159 3507 1220 surrexerit.

1953 1261 2151 1313 vestra,
2172 1261 2233 1304 ut
2264 1267 2406 1314 reor,
2436 1251 2710 1319 cngnoscit
2746 1249 3053 1302 fraternitas
3081 1259 3135 1302 et
3173 1259 3317 1303 certa
3365 1251 3538 1309 dolet.

1955 1339 2190 1392 tristitia.
2223 1337 2485 1403 Quocirca
2513 1354 2611 1390 nos
2643 1338 2870 1390 ulterius
2908 1345 3088 1390 tantas
3124 1353 3230 1390 non
3273 1339 3514 1393 valentes

1957 1427 2174 1495 impune
2199 1428 2336 1480 ferre
2357 1427 2646 1494 nequitias,
2678 1437 2731 1479 et
2755 1428 2959 1479 noviter
2982 1427 3225 1481 inventas
3253 1429 3511 1492 srcvitias,

1958 1517 2191 1568 maxime
2259 1518 2401 1586 circa
2452 1531 2741 1585 cam,qu:e
2785 1517 2942 1569 beato
3000 1516 3160 1570 Petro
3212 1519 3514 1584 specialiter

1957 1605 2246 1657 commissa
2271 1614 2352 1657 est
2377 1603 2638 1667 Ecclesia,
2666 1604 2869 1672 judicio
2917 1606 3088 1658 sancti
3139 1605 3373 1673 Spiritus
3416 1622 3512 1675 per
3577 1604 3582 1607 ⁷

1957 1693 2196 1762 ejusdem
2225 1694 2596 1747 auctoritatem
2625 1694 2766 1746 beati
2809 1693 2952 1747 Petri
2975 1696 3336 1763 apostolorum
3360 1698 3508 1764 prin—

1960 1781 2095 1849 cipis
2118 1781 2429 1850 praedictum
2462 1780 2849 1836 llerimannum
2899 1783 2967 1835 ab
3014 1783 3186 1836 ollieio
3222 1786 3512 1854 episcopali

297 1867 514 1921 obtentu
547 1867 822 1937 religionis
877 1883 939 1922 ac
971 1869 1207 1922 mentitze
1240 1869 1569 1937 pcenitentiae
1607 1875 1850 1920 sanctam
1883 1853 1925 1907 Β
1951 1877 2112 1937 atque
2141 1868 2424 1922 sacerdotii
2454 1867 2823 1936 deposuimus,
2854 1876 2907 1921 et
2936 1869 2986 1921 in
3015 1853 3274 1938 perpetuo
3302 1853 3516 1941 deposi-

294 1955 744 2026 Bambergensem
769 1957 1084 2022 Ecclesiam,
1117 1958 1404 2026 specialem
1453 1955 1852 2027 quodammodo

299 2055 496 2101 sancta:
523 2046 784 2101 Romanae
810 2045 1063 2101 Ecclesiae
1090 2046 1276 2111 ﬁliam,
1318 2047 1600 2116 tyrannide
1625 2054 1856 2102 conatus

229 2166 233 2170 -
265 2122 268 2123 ⁷
297 2143 378 2188 est
395 2133 752 2198 confundere,
787 2133 1038 2203 bonaque
1060 2134 1206 2190 illius
1225 2135 1520 2204 dilapidarc
1543 2144 1702 2203 atque
1739 2137 1852 2191 dis-

301 2223 540 2294 perdere,
591 2222 828 2292 priorem
871 2223 1194 2278 sententiam
1233 2223 1636 2288 continuantes,
1664 2225 1729 2277 ad
1762 2240 1856 2277 cu-

300 2317 507 2370 mulum
531 2315 896 2370 damnationis
927 2315 1047 2386 ejus
1076 2315 1184 2370 hoc
1203 2315 1474 2381 addimus,
1505 2324 1567 2370 ut
1585 2316 1858 2384 irrccupc-

296 2405 542 2460 rabiliter
561 2405 630 2460 ab
653 2405 945 2473 episcopali
971 2403 1152 2459 ofﬁcio
1181 2414 1446 2469 semotus,
1474 2421 1504 2458 a
1536 2406 1856 2459 sacerdotali

298 2506 518 2562 quoque
540 2492 611 2546 sit
635 2493 856 2546 omnino
886 2492 1131 2546 seclusus
1152 2506 1438 2560 quousque
1468 2492 1773 2560 apostolica:
1801 2506 1860 2545 se

300 2578 590 2645 audientiae
623 2586 989 2646 repraesentet,
1012 2588 1233 2646 paratus
1265 2593 1384 2633 eam
1436 2579 1741 2633 cautionem
1780 2577 1860 2631 fa-

300 2681 418 2721 cere
437 2681 611 2735 quam
642 2665 836 2720 vestrae
861 2665 1114 2723 Ecclesiae
1148 2667 1562 2736 cognoverimus
1583 2666 1854 2736 expedire.

300 2754 381 2808 Ab
403 2753 701 2822 episcopali
747 2765 880 2807 vero
914 2751 1089 2808 ofﬁcio
1144 2768 1270 2808 eum
1303 2748 1445 2808 ideo
1492 2769 1857 2824 segregamus,

297 2841 427 2910 quia
462 2839 774 2895 Simoniace
795 2841 992 2895 invasit
1013 2841 1328 2896 Ecclesiam.
1358 2842 1698 2898 Saoerdotali’
1725 2859 1862 2912 quo—

298 2946 405 3000 que
456 2945 584 2985 eum
636 2929 838 2989 ideirco
889 2931 1190 3001 privamus,
1216 2933 1474 3000 quoniam
1525 2933 1628 2986 sub
1684 2931 1862 3001 specie

301 3019 606 3074 sanctitatis
623 3019 776 3074 visus
803 3029 885 3074 est
903 3035 1023 3074 eam
1037 3020 1297 3077 dilaniare
1316 3030 1479 3090 atque
1510 3019 1856 3077 confundere.

297 3105 368 3161 Et
401 3107 537 3178 quia
561 3115 710 3162 tanta
730 3108 871 3162 mala
905 3117 1094 3162 contra
1118 3107 1413 3164 Ecclesiam
1447 3122 1668 3178 quoquo
1699 3109 1885 3162 modo.

1956 1962 2069 2006 tum
2097 1971 2396 2009 censemus.
2424 1954 2485 2007 Et
2507 1956 2631 2024 quia
2663 1955 3042 2024 lnercsijunxit
3070 1959 3434 2027 sacrilegium,
3463 1975 3518 2014 et

1955 2045 2238 2113 sacrilegio
2268 2055 2506 2114 apertam
2555 2045 2913 2114 tyrannidem,
2943 2049 3518 2103 escommunicationis

1955 2133 2172 2186 vinculo
2200 2148 2326 2187 eum
2373 2134 2736 2202 alligavitnus,
2767 2149 3054 2202 quousque
3102 2151 3161 2190 se
3208 2139 3516 2204 apostolicte

1956 2216 2069 2270 sedi
2097 2224 2461 2284 repmsentet,
2488 2232 2652 2285 quam
2683 2225 2908 2272 conatus
2933 2230 3014 2272 est
3043 2237 3148 2272 non
3176 2222 3348 2274 solum
3371 2223 3517 2276 deei-

1957 2320 2102 2373 pere,
2122 2307 2216 2359 sed
2240 2308 2402 2359 etiam
2425 2306 2548 2360 dolo
2576 2307 2717 2360 malo
2739 2309 2979 2380 irridere.
3014 2308 3068 2362 Si
3091 2320 3268 2364 autem
3295 2314 3361 2365 ad
3389 2315 3518 2367 ulti-

1958 2407 2106 2446 mum
2123 2393 2223 2447 sibi
2235 2394 2376 2448 diem
2390 2395 2831 2465 pcrvencrit,§uon
2847 2398 2895 2451 ei
2906 2401 3275 2465 pcnnitcntiam
3293 2413 3347 2456 et
3362 2418 3510 2456 com-

1954 2482 2619 2557 nunioncmdenegamus,
2649 2484 2740 2537 sed
2765 2500 2909 2548 mox,
2934 2498 2993 2540 ut
3016 2491 3228 2556 poterit,
3259 2495 3515 2558 apostoli-

1956 2585 2075 2623 cam
2099 2569 2248 2624 adire
2276 2570 2478 2635 sedem,
2507 2572 2729 2626 omnino
2779 2573 2854 2625 illi
2885 2577 3244 2645 praecipimus.
3278 2577 3405 2633 llaec
3459 2592 3520 2637 ut

1957 2660 2167 2727 publice
2188 2662 2421 2715 maxime
2448 2659 2708 2718 fratribus
2742 2665 2838 2717 tibi
2885 2667 3143 2735 subjectis
3192 2673 3526 2744 coepiscopis

1959 2748 2206 2803 notilices
2227 2749 2498 2815 volumus,
2528 2759 2582 2805 et
2606 2767 2671 2805 ex
2717 2765 2866 2822 parte
2913 2755 3053 2810 beati
3090 2757 3234 2814 Petri
3274 2765 3523 2833 prmi-ipi-

1959 2851 2103 2901 mus,
2125 2844 2185 2891 ut
2208 2839 2503 2893 secundum
2521 2849 2830 2893 sanctorum
2858 2843 3100 2899 instituta
3126 2847 3343 2904 Patrum
3373 2869 3521 2907 sum-

1914 3001 1920 3005 .
1961 2941 2177 2995 mopere
2209 2942 2468 2996 procures
2517 2930 2570 2981 in
2619 2931 2870 2997 praedicta
2915 2933 3292 3006 Bambergensi
3341 2942 3526 2997 Eccle-

1960 3013 2041 3068 sia
2070 3017 2337 3082 pastorem
2359 3016 2639 3081 ordinarc;
2663 3027 2931 3086 quatenus
2971 3025 3115 3091 quod
3167 3027 3221 3080 in
3268 3033 3524 3096 pranlieto

1967 3101 2274 3158 Simoniaco
2323 3105 2654 3175 negligenter
2706 3107 2895 3177 egisti,
2924 3115 3292 3181 comproberis
3345 3134 3524 3175 emen-

293 3165 437 3250 oliin
465 3197 576 3251 sibi
602 3198 952 3253 commissam
974 3212 1229 3253 exercere
1260 3213 1370 3252 non
1408 3165 1608 3262 timuit,
1645 3197 1867 3251 anathe-
1891 3165 1934 3223 Ο
1965 3193 2113 3248 dare.

297 3286 466 3340 matis
517 3301 643 3340 eum
699 3285 919 3341 vinculo
973 3283 1322 3353 inundamus,
1347 3299 1631 3357 quousque
1677 3302 1867 3355 supra-

297 3373 450 3427 dicto
484 3374 651 3428 modo
693 3389 754 3428 se
801 3375 1113 3443 apostolica
1162 3375 1451 3430 audientiae
1495 3384 1864 3446 repraesentet,

301 3459 410 3515 nisi
437 3459 580 3514 forte
615 3460 672 3515 in
710 3462 966 3517 extremis
996 3462 1194 3523 ductus
1231 3463 1449 3533 dignam
1487 3466 1864 3533 paenitentiam

295 3550 566 3620 accipiat;
593 3542 659 3604 eo
674 3555 854 3604 tamen
881 3559 1090 3617 tenore,
1113 3555 1176 3619 ut
1221 3552 1268 3608 si
1317 3552 1672 3618 convaluerit,
1699 3554 1866 3609 simili

241 3673 248 3679 -
301 3637 492 3702 modo,
530 3639 592 3690 ut
613 3637 816 3692 dictum
841 3647 944 3702 est,
981 3653 1040 3692 se
1088 3639 1397 3707 apostoliCae
1421 3640 1533 3693 sedi
1564 3655 1865 3708 repraesen-

303 3737 418 3780 tare
454 3725 693 3780 festinet.
727 3725 927 3782 Eodem
980 3721 1198 3795 quoilue
1250 3729 1590 3781 anathemate
1639 3728 1870 3796 percuti-

305 3832 428 3871 mus
447 3831 548 3871 eos
572 3817 665 3884 qui
691 3816 938 3882 abiuitio
985 3817 1343 3883 promotionis
1390 3817 1629 3883 ejusdem
1688 3817 1865 3885 aliqua

302 3904 507 3972 praedia
532 3891 784 3957 Ecclesia:
805 3903 876 3956 ab
895 3918 963 3956 eo
987 3913 1328 3974 acceperunt,
1367 3912 1426 3957 ut
1473 3903 1575 3958 sibi
1629 3903 1868 3957 faverent

300 3991 369 4044 ad
390 3992 516 4059 ejus
537 3992 797 4045 malitiam
827 3981 1211 4056 contuendam,
1232 3992 1577 4060 prtemaxime
1598 3991 1718 4044 illos
1750 3992 1864 4060 qui,

299 4085 594 4147 postquam
620 4093 679 4131 se
699 4079 1007 4145 apostolica:
1049 4079 1194 4132 sedis
1232 4080 1436 4147 judicio
1482 4081 1772 4144 subtraxit,
1800 4081 1869 4134 ab

299 4179 369 4218 eo
394 4165 608 4233 aliquid
633 4164 688 4216 in
717 4164 933 4232 praadiis
953 4165 1035 4217 vel
1066 4165 1122 4216 in
1149 4165 1422 4218 thesauris
1447 4164 1697 4220 Ecclesia:
1716 4181 1868 4220 acce-

301 4262 506 4323 perunt
538 4252 608 4307 ad
633 4241 1026 4306 confo‘vendum
1057 4266 1204 4316 eum,
1230 4260 1290 4306 ut
1335 4253 1391 4304 in
1429 4267 1528 4306 sua
1568 4239 1866 4320 pertinacia

302 4341 774 4410 perseveret,nisi
829 4340 1174 4408 resipuerint,
1197 4340 1446 4394 videlicet
1492 4349 1552 4394 ut
1601 4340 1865 4409 condigna

300 4431 682 4486 satisfactione
721 4429 868 4498 quod
912 4429 1168 4498 pmdicto
1195 4428 1475 4498 sacrilegio
1508 4434 1866 4497 peccaverunt

297 4522 613 4586 emendent,
638 4520 902 4589 nobisque
961 4534 1117 4574 suam
1169 4519 1539 4588 penitentiam
1593 4519 1866 4590 resignare

296 4611 588 4668 festinent.
1059 4603 1064 4609 ’

268 4713 274 4717 '
309 4731 313 4734 ~
368 4698 512 4752 Data
542 4697 822 4761 Laurenti,
844 4697 1055 4752 decimo
1106 4698 1268 4752 tertio
1306 4697 1573 4753 Kalendas
1617 4693 1882 4769 Augusti,

296 4786 600 4840 indictione
620 4784 829 4838 decima
854 4787 1032 4840 tertia.

871 4862 1207 4926 EPISTOLA
1245 4873 1310 4928 ll.

440 4975 513 5016 AD
538 4974 856 5015 SIGEFRIDUI
893 4973 1233 5015 IOGUNTINUI
1259 4977 1719 5020 ARCIIEPISCOPUI.

886 5047 1066 5116 (Anno
1105 5047 1286 5118 1075.)
1422 5036 1424 5038 ’

606 5133 610 5136 ’
703 5133 956 5204 Ejusdem
1019 5133 1126 5205 fere
1156 5139 1468 5204 argumenti.

367 5224 682 5280 Caesonius
709 5225 1014 5292 episcopus,
1045 5239 1234 5278 servus
1261 5238 1539 5278 servnrum
1565 5225 1678 5292 Dei,
1713 5227 1867 5281 5ιῦιῖ-

299 5325 462 5363 ramo
472 5309 622 5379 (581)
637 5310 948 5380 Μοειιηῑίηο
985 5311 1400 5380 archiepiscopo,
1427 5311 1650 5366 salutem
1671 5320 1726 5366 et
1743 5327 1872 5380 apo-

300 5399 552 5472 stolicam
582 5398 1032 5455 benedictionem.
1108 5397 1112 5402 ’

367 5482 617 5550 Qualiter
675 5481 1080 5555 Bambergensis
1126 5486 1483 5542 Herimannus
1508 5528 1523 5552 ,
1567 5485 1678 5555 jam
1726 5504 1868 5544 nunc

370 5668 524 5739 (38l)
557 5665 821 5737 Sigifrido
853 5678 901 5720 et
923 5672 998 5724 sic
1017 5673 1220 5744 ubique.

2035 3274 2167 3337 Data
2197 3282 2476 3350 Laurenti,
2506 3285 2716 3342 decimo
2769 3291 2928 3345 tertio
2963 3274 3228 3367 Kalendas
3273 3301 3522 3373 Augusti,

1966 3371 2254 3428 indictione
2279 3374 2486 3429 decima
2511 3378 2693 3431 tertia.

2496 3492 2827 3548 EPISTOLA
2870 3495 2955 3550 ιιι.

2240 3597 2307 3634 ΑΙ)
2336 3595 2600 3636 ΙΙΙ-2811101⁷11
2658 3599 2833 3638 REGE!
2892 3602 3234 3649 ιιοιιλκοῐιωι.

2540 3672 2720 3740 (Anno
2767 3674 2949 3747 1075.)

1965 3755 2399 3851 Detinuere
2427 3759 2816 3851 33:129ch
2845 3769 3028 3851 eadem
3051 3790 3208 3851 -qusv
3234 3779 3311 3851 ,εει
3374 3797 3527 3851 ρυρσ-

2036 3827 2183 3904 riori.
2219 3827 2401 3896 Regem
2423 3827 2896 3904 prwterea'monct,
2935 3848 2992 3890 ut
3039 3827 3331 3898 Ecclesium
3361 3827 3524 3904 ὧἱῖ-

2036 3895 2325 3966 bergensent
2347 3895 2477 3950 recte
2505 3900 2742 3953 ordinari
2766 3895 2926 3965 curet.

2037 3983 2339 4040 Gnscomvs
2357 3988 2661 4057 episcopus,
2679 4005 2960 4048 servorum
2992 3996 3106 4065 Dei,
3124 3999 3358 4060 "ENRICO
3384 4010 3521 4079 regi,

1968 4072 2192 4126 salutem
2216 4082 2270 4128 et
2292 4077 2638 4144 apostolicam
2657 4079 3102 4144 benedictionem.

2037 4159 2180 4215 Inter
2205 4171 2398 4218 caetera
2441 4165 2708 4220 bonarum
2752 4170 3010 4225 virtutum
3057 4189 3237 4243 opera,
3270 4175 3343 4232 fili
3388 4183 3521 4237 cha-

1969 4247 2200 4341 rissimc,
2233 4251 2300 4304 ad
2337 4253 2458 4321 quae
2495 4263 2546 4308 te
2573 4256 2962 4314 meliorationis
3003 4265 3185 4320 studio
3237 4283 3523 4341 assurgere

1968 4332 2109 4389 fama
2135 4337 2396 4394 referente
2411 4343 2737 4411 audivimus,
2762 4348 2974 4406 duobus
3011 4362 3060 4408 te
3109 4358 3280 4414 modis
3325 4332 3524 4420 sanctae

1969 4426 2128 4480 matri
2179 4435 2304 4492 tuze,
2343 4429 2598 4490 Romana:
2646 4435 2900 4494 Ecclesia:
2941 4444 3164 4514 scilicet,
3195 4453 3522 4510 eminentius
3589 4511 3591 4514 .

1966 4515 2372 4571 commendasti.
2416 4518 2476 4574 In
2535 4523 2704 4580 altero
2744 4528 2981 4597 quidem,
3021 4536 3146 4602 quia
3201 4537 3521 4600 Simoniacis

1965 4603 2192 4658 viriliter
2227 4607 2467 4678 resistis;
2525 4612 2581 4666 in
2629 4616 2799 4670 altero
2846 4635 2974 4675 vero
3003 4626 3130 4692 quia
3202 4632 3518 4692 clericorum

1965 4695 2496 4793 castitatcmtutpote
2525 4718 2806 4760 servorum
2845 4691 3076 4780 Domini,
3099 4728 3152 4771 et
3176 4719 3400 4790 libenter
3423 4691 3520 4793 ap-

1966 4785 2160 4853 probas
2187 4796 2236 4840 et
2260 4787 2545 4845 ellicaciter
2570 4793 2845 4852 desideras
2873 4802 3180 4871 adimplere.
3212 4785 3418 4873 Quibus
3452 4785 3519 4870 de

1965 4875 2144 4971 causis
2186 4876 2398 4971 signum
2455 4881 2610 4935 nobis
2666 4884 3013 4952 proposuisti,
3039 4892 3333 4957 opitulante
3383 4901 3515 4971 Deo,

1962 4962 2152 5016 altiora
2179 4963 2245 5017 de
2343 4973 2395 5018 et
2415 4971 2785 5034 prazstantiora
2815 4986 3040 5040 quaaque
3068 4985 3338 5044 sperandi.
3372 4962 3517 5054 ρωιᾷ

1961 5059 2178 5144 propter
2199 5053 2400 5144 et_ba:c
2425 5062 2477 5107 te
2499 5055 2722 5107 firmiter
2746 5059 2974 5115 retinere
2999 5066 3148 5121 valde
3171 5081 3438 5144 optamus,
3463 5094 3519 5137 et

1966 5138 2248 5192 Dominum
2262 5139 2430 5193 Deum
2444 5151 2685 5195 nostrum
2703 5153 2762 5196 ut
2781 5160 2841 5199 ea
2864 5149 2955 5203 tibi
2977 5138 3304 5217 cumulatius
3319 5138 3516 5236 augere

1963 5228 2214 5296 dignetur
2243 5228 2555 5299 suppliciter
2581 5233 2946 5295 obsecramus.
2971 5243 3234 5304 Caeterum
3266 5254 3332 5307 de
3357 5228 3517 5311 Bam-

1969 5314 2218 5385 bergensi
2245 5314 2509 5385 Ecclesia,
2536 5338 2657 5391 quae
2705 5327 2788 5380 sui
2826 5328 3124 5391 fundatoris
3178 5341 3514 5402 institutione

1967 5415 2166 5503 sanctae
2207 5419 2260 5466 et
2286 5413 2589 5503 apostolica:
2635 5417 2765 5480 sedi,
2790 5427 3043 5490 tanquam
3091 5429 3299 5483 humeri
3327 5436 3510 5503 capiti,

1939 5497 2267 5588 .membrutn
2309 5502 2523 5589 scilicet-
2561 5506 2916 5577 propinqnius
2942 5515 3239 5581 specialiori
3277 5497 3508 5588 quadarn
