4218 6436
799 514 893 568 451

1426 508 1482 562 S.
1519 504 1844 563 GREGORII
1887 503 1972 557 ΠΙ
2010 501 2210 557 ΡΑΡΑΞ
2248 489 2377 556 ΟΡΕ

2454 499 2530 555 nt
2571 499 2750 553 PARS
2789 498 2826 551 l.
2858 527 2925 538 -
2965 459 3380 552 neotsrnuu.

3917 493 4036 548 433

797 639 926 676 cura
953 587 1329 676 sollicitudinis
1352 587 1595 684 inhzeret,
1634 619 1979 672 vehementer
2016 613 2280 676 dolemus,
2307 620 2359 665 et
2389 616 2431 670 Α
2459 591 2692 666 formido
2716 611 2880 673 necis,
2905 624 3068 678 quam
3118 615 3256 661 ηοεῑι
3273 608 3319 661 is
3350 606 3529 663 dicitis
3553 604 3814 660 fratribus
3841 606 4037 659 immi-

799 712 916 781 cjus
933 708 1245 766 desolationi
1283 723 1381 777 pro
1416 707 1624 761 viribus
1671 719 1974 769 occurrere,
2003 701 2254 772 opitulari
2304 709 2358 754 et

801 803 1099 866 consulere,
1123 799 1279 855 ofﬁcii
1320 799 1493 853 nostri
1534 793 1856 853 necessitate
1892 790 2239 864 impellimur.
2272 789 2358 844 Si-

803 896 1080 951 moniaeus
1098 892 1242 946 enim
1266 891 1352 944 ille
1375 889 1735 944 Herimannus
1749 888 1926 944 dictus
1943 885 2230 954 episcopus
2255 881 2359 936 hoc

801 998 942 1039 anno
966 982 1032 1037 ad
1046 980 1309 1053 synodum
1323 978 1548 1033 Romam
1563 974 1982 1046 voeatusﬁvenire
2003 971 2324 1042 contempsit
2340 990 2355 1038 ;

801 1076 895 1130 sed
923 1089 1045 1128 cum
1069 1071 1293 1142 propius
1318 1068 1545 1123 Romam
1575 1066 1916 1131 accessisset,
1938 1065 1994 1118 in
2017 1064 2209 1118 itinere
2229 1061 2360 1117 sub-

801 1153 957 1228 stitit,
991 1170 1046 1217 et
1069 1160 1402 1230 praemittens
1424 1157 1642 1212 nuntios
1673 1170 1802 1210 suos
1831 1169 1955 1208 cum
1975 1151 2211 1222 copiosis
2240 1166 2361 1204 mu-

801 1253 1044 1323 neribus,
1069 1258 1195 1305 noto
1222 1248 1324 1304 sibi
1349 1247 1580 1302 artificio
1609 1245 1978 1323 innocentiam
2026 1246 2268 1298 uestram
2305 1249 2360 1295 et

801 1337 1134 1396 confratrum
1170 1344 1482 1392 nostrorum
1512 1334 1873 1405 integritatem
1915 1333 2164 1402 pactione
2195 1346 2358 1400 pecu-

800 1429 903 1482 niae
924 1434 1206 1492 attentare,
1228 1433 1410 1492 atque,
1435 1423 1483 1478 si
1511 1422 1626 1476 fleri
1649 1424 2215 1492 posset,'corrumpere
2243 1435 2360 1474 mo-

800 1515 928 1569 litus
945 1522 1043 1569 est.
1072 1512 1229 1578 Quod
1240 1497 1353 1565 \nbi
1378 1519 1572 1580 praeter
1598 1525 1746 1580 spem
1771 1510 1970 1576 evenit,
1980 1510 2094 1580 jam
2116 1512 2182 1564 de
2207 1509 2359 1564 dam-

798 1606 1018 1660 natione
1069 1619 1168 1658 sua
1223 1602 1502 1667 securior,
1554 1600 1872 1656 festinanter
1917 1602 2251 1668 retrocessit,
2306 1612 2360 1656 et

799 1692 1010 1748 blandis
1035 1690 1425 1760 fallacibusque
1460 1689 1745 1759 promissis
1780 1691 2103 1746 clericorum
2134 1693 2228 1762 qui
2274 1708 2359 1748 se-

707 1795 713 1801 '
800 1799 924 1838 cum
937 1791 1090 1858 erant
1117 1784 1328 1838 animas
1349 1785 1575 1852 lactans,
1606 1785 1783 1840 aiebat
1809 1801 1888 1852 se,
1925 1787 1972 1840 si
1996 1787 2225 1856 patriam
2274 1802 2361 1843 re-

801 1875 996 1943 pedare
1021 1882 1223 1944 posset,
1268 1873 1337 1928 ab
1375 1873 1687 1944 episcopatu
1718 1885 2058 1932 cessaturum
2087 1887 2140 1933 et
2171 1893 2362 1931 mona-

803 1965 950 2019 stica:
986 1965 1109 2018 vita:
1136 1963 1524 2034 professionem
1555 1965 1885 2020 subiturum.
1919 1965 2093 2031 Quam
2117 1967 2362 2035 sponsio-

804 2069 922 2108 nem
979 2053 1209 2123 qualiter
1253 2053 1586 2129 impleverit,
1633 2053 2009 2110 celsitudinem
2063 2063 2234 2120 tuam,
2285 2055 2360 2109 fili

796 2143 1137 2208 charissime,
1161 2158 1269 2197 non
1291 2143 1436 2198 latet.
1465 2141 1607 2208 Quin
1633 2144 1795 2198 etiam
1822 2145 2107 2201 temeraria
2137 2146 2362 2201 ulterius

799 2244 1120 2300 progressus
1161 2230 1404 2294 audacia,
1435 2230 1661 2286 clericos
1684 2228 1938 2287 Ecclesia:
1966 2247 2099 2300 suae,
2130 2233 2357 2288 salutem

802 2328 857 2372 et
899 2319 1155 2373 honorem
1201 2329 1524 2388 quaerentes,
1555 2320 1712 2375 bonis
1762 2323 1879 2376 suis
1910 2322 2258 2392 despoliavit,
2285 2332 2358 2388 et,

805 2407 907 2460 nisi
936 2423 1060 2462 eum
1087 2416 1201 2473 tua,
1235 2416 1293 2461 ut
1332 2409 1656 2476 audivimus,
1681 2410 1877 2480 regalis
1910 2412 2147 2480 potentia
2195 2411 2363 2466 refre-

802 2495 985 2562 gisset,
1015 2495 1229 2563 penitus
1253 2494 1602 2551 confudisset.
1621 2495 1714 2552 His
1741 2498 2052 2553 excessibus
2082 2498 2364 2568 diligenter

799 2583 1176 2648 consideratis,
1204 2583 1272 2638 ab
1317 2585 1607 2654 episcopali
1657 2601 1782 2640 eum
1835 2595 1996 2657 atque
2043 2588 2363 2642 sacerdotali

801 2671 974 2728 oliicio
1029 2671 1344 2742 dejecimus.
1401 2671 1628 2743 Insuper
1682 2675 1941 2743 quoniam
2001 2673 2365 2746 Bambergen-

805 2774 916 2812 sem
963 2750 1302 2824 'Ecclesiam,
1361 2758 1654 2828 apostolica
1711 2761 1854 2815 beati
1920 2760 2068 2816 Petri
2136 2763 2365 2817 tuitione

805 2848 1091 2913 munitam,
1137 2847 1409 2902 crudelius
1476 2857 1638 2917 atque
1683 2850 1972 2905 molestius
2024 2867 2191 2921 quam
2243 2861 2365 2906 ante

805 2935 1063 2991 infestare
1124 2938 1498 3006 praesumpsit,
1549 2939 1909 2995 anathematis
1962 2955 2087 2997 eum
2148 2944 2367 2998 vinculo

805 3025 1200 3090 innodavimus,
1216 3026 1387 3081 donec
1408 3026 1830 3082 ecclesiasticam
1846 3028 2160 3100 dignitatem
2184 3032 2367 3086 illicite

2456 717 2582 756 nere
2605 700 2863 769 principis
2883 699 3036 763 oiio;
3055 697 3136 751 vel
3163 712 3230 750 ne
3255 695 3308 748 bi
3325 696 3419 764 qui
3439 695 3507 750 de
3520 695 3750 750 diversis
3771 693 4037 764 partibus

2457 790 2685 844 invicem
2708 788 3073 852 inimicantur,
3101 786 3148 842 si
3177 786 3231 839 in
3261 799 3431 838 unum
3467 784 3812 847 conveniant,
3845 796 4040 852 usque

2456 881 2522 937 ad
2552 878 2935 934 internecionis
2959 877 3097 932 bella
3139 882 3491 946 consurgant.
3523 861 3660 940 Qui
3679 875 3812 933 sane
3835 871 4039 926 omnia

2456 967 2874 1024 satisvidentur
2921 967 2989 1022 ad
3029 966 3334 1036 cujuspiam
3366 964 3776 1021 excusationem
3801 961 4034 1025 idonea.

2458 1059 2656 1116 Verum
2677 1059 2724 1112 si
2741 1051 3146 1114 consideremus
3166 1063 3432 1126 quantum
3451 1055 3523 1110 ab
3543 1055 3798 1108 humanis
3814 1051 4036 1123 judicia

2456 1150 2658 1206 distant
2677 1149 2878 1213 divina,
2900 1147 3034 1202 nihil
3055 1161 3189 1217 pene
3214 1132 3517 1215 reperimus
3539 1144 3682 1214 quod
3707 1144 3760 1198 in
3783 1156 4040 1213 superno

2456 1238 2703 1293 examine
2731 1235 3038 1302 excusabile
3084 1232 3453 1305 proferamus,
3497 1241 3558 1304 ut
3602 1235 3672 1288 ab
3711 1233 4037 1287 animarum

2457 1330 2622 1384 lucris
2651 1327 2855 1382 retrahi
2895 1326 3015 1381 sine
3057 1325 3299 1395 periculo
3335 1324 3638 1389 valeamus;
3683 1325 3792 1378 non
3821 1323 4039 1377 damna

2457 1416 2722 1486 siquidem
2764 1429 2970 1479 rerum,
3003 1414 3113 1468 non
3141 1413 3412 1466 malorum
3454 1412 3778 1476 simultates,
3811 1421 3910 1466 aut
3942 1411 4040 1466 ira

2457 1513 2758 1576 potentum,
2786 1518 2894 1559 non
2916 1502 3087 1572 ipsius
3111 1501 3301 1556 salutis
3325 1515 3542 1570 quoque
3568 1503 3767 1556 nostrae
3792 1501 4047 1571 vitaeque

2457 1595 2817 1664 dispendium.
2845 1591 2904 1647 In
2934 1593 3036 1646 hoc
3078 1590 3277 1660 quippe
3307 1577 3628 1644 mercenarii
3653 1605 3683 1643 a
3708 1586 4049 1659 pastoribus

2458 1684 2660 1738 distant
2687 1682 2832 1754 quod
2858 1681 2936 1749 hil,
2961 1681 3088 1749 lupo
3107 1668 3376 1745 veniente,
3403 1677 3533 1732 dum
3559 1679 3659 1733 sibi
3691 1694 3798 1733 non
3829 1679 4049 1734 ovibus

2460 1779 2726 1838 metuunt,
2759 1770 2937 1842 gregis
2970 1761 3327 1838 direptionem
3372 1767 3867 1841 dispersionemque
3893 1784 4050 1824 con—

2463 1871 2780 1928 temnentes,
2807 1862 2888 1917 eis
2919 1860 3143 1925 relictis,
3175 1856 3470 1929 effugiunt;
3497 1866 3744 1927 pastores
3772 1874 3902 1913 vero
3931 1860 4049 1928 qui

2400 1937 2440 1992 Β
2467 1969 2595 2009 suas
2615 1953 2844 2022 diligunt
2881 1965 3033 2018 oves,
3074 1964 3167 2004 eas
3194 1963 3537 2018 nequaquam
3563 1949 3822 2003 deserunt
3844 1949 4052 2002 immi-

2449 2052 2626 2126 lnente
2664 2041 2925 2111 periculo,
2971 2055 3069 2110 pro
3117 2039 3316 2108 quibus
3361 2054 3581 2109 quoque
3621 2054 3727 2109 non
3778 2039 4056 2093 dubitant

2463 2133 2694 2204 propriae
2716 2132 2839 2187 vita:
2859 2130 3041 2186 subire
3072 2129 3319 2184 exitium.
3365 2127 3705 2197 Quapropter
3740 2137 3954 2198 oportet
3978 2137 4053 2182 es

2465 2241 2566 2280 nos
2601 2223 2794 2279 studiis
2849 2221 3138 2292 pastoralis
3187 2221 3346 2276 olllcii
3406 2220 3657 2275 insistere
3720 2219 4047 2290 vigilanter,

2465 2322 2626 2381 atque
2659 2311 2728 2365 ad
2788 2308 3002 2364 Domini
3047 2309 3276 2378 gloriam
3323 2308 3506 2362 ovium
3540 2323 3752 2377 semper
3800 2323 4045 2363 suarum

2463 2401 2693 2456 salutem
2723 2413 2986 2469 quaerere,
3020 2397 3086 2451 ad
3120 2398 3298 2467 gregis
3327 2395 3630 2452 custodiam
3665 2398 3843 2452 socios
3868 2397 4049 2451 insti—

2467 2505 2612 2560 gare,
2649 2497 2703 2543 et
2744 2497 2804 2542 ut
2851 2497 3000 2543 recto
3033 2502 3222 2558 gressu
3258 2487 3567 2549 commissis
3601 2486 3792 2542 ovibus
3823 2502 4049 2557 praece—

2466 2578 2597 2632 dant
2654 2576 2942 2631 salubriter
2997 2588 3362 2631 commonere.
3420 2575 3665 2644 hauﬁque
3728 2577 3774 2630 si
3833 2575 4052 2631 fratres

2467 2676 2686 2723 nostros
2737 2667 3144 2723 consideremus
3189 2665 3522 2735 delinquere,
3575 2674 3630 2720 et
3664 2675 3925 2732 tacemus,
3987 2669 4046 2720 si

2467 2757 2698 2826 denique
2727 2771 2930 2822 errare,
2954 2763 3008 2810 et
3038 2770 3150 2810 non
3190 2757 3377 2811 eos-ad
3412 2757 3749 2812 rectitudinis
3781 2758 4048 2811 semitam

2470 2851 2738 2906 monendo
2764 2864 3016 2905 revocare
3041 2865 3322 2916 conemur,
3351 2866 3531 2908 nonne
3555 2860 3610 2906 et
3635 2853 3737 2922 ipsi
3768 2852 4052 2922 delinqui—

2470 2956 2614 3008 mus,
2649 2949 2704 2995 et
2745 2955 2929 2995 errare
2971 2940 3166 2994 merito
3206 2934 3547 3008 iudicamur?
3575 2944 3773 2997 etenim
3807 2942 3902 3013 qui
3933 2957 4045 2996 ne-

2471 3029 2619 3102 gligit
2674 3028 2864 3102 culpas
2913 3027 3223 3093 emendare,
3279 3029 3586 3082 committit.
3639 3029 3708 3084 Et
3758 3047 3857 3086 cur
3913 3028 4046 3082 Heli

806 3116 1512 3185 usurpatamdeponat,etse
1536 3118 2370 3191 nibilominussedisapostolicze
2471 3119 2726 3174 sacerdos
2761 3119 2816 3173 in
2853 3116 2968 3173 Silo
2996 3119 3189 3187 periit?
3230 3127 3283 3172 et
3312 3117 3441 3186 quid
3471 3110 3556 3174 est
3583 3120 3748 3189 quod
3769 3118 4048 3174 Dominus

809 3204 1006 3272 iudicio
1032 3216 1391 3275 repraesentet.
1417 3205 1573 3264 Nunc
1599 3226 1748 3281 ergo,
1772 3213 2222 3270 excellentissime
2270 3216 2365 3281 illi,

809 3293 1192 3349 sublimitatem
1219 3304 1365 3351 tuam
1389 3297 1692 3365 hortamur,
1719 3311 1773 3356 et
1799 3319 1897 3371 pro
1918 3313 2116 3359 nostra:
2169 3305 2369 3360 solliei-

747 3455 756 3460 _
809 3382 1010 3436 tudinis
1069 3382 1250 3435 debito
1309 3383 1619 3448 suademus,
1679 3387 1762 3454 ut!
1798 3389 2178 3458 religiosorum
2241 3408 2372 3447 con—

811 3473 932 3526 silio
972 3474 1212 3528 virorum
1248 3475 1435 3528 eadem
1480 3474 1710 3530 ecclesia
1757 3477 1829 3531 ita
1867 3480 2165 3534 secundum
2205 3481 2374 3535 Deum

810 3561 1106 3628 ordinetur,
1137 3570 1403 3630 quatenus
1424 3562 1565 3616 beati
1586 3561 1751 3630 Petri,
1782 3565 1939 3634 cujus
1968 3567 2174 3621 nomini
2206 3575 2261 3622 et
2282 3568 2376 3621 dc-

815 3645 1041 3703 fensioni
1067 3651 1330 3704 attitulata
1367 3659 1470 3716 est,
1492 3651 1902 3726 intercessidne,
1951 3655 2146 3711 divina:
2169 3672 2376 3712 merea-

817 3738 894 3793 ris
942 3739 1183 3791 obtinere
1223 3738 1482 3807 suffragia
1532 3742 1900 3807 protectionis.
1929 3743 2071 3809 Quid
2127 3761 2254 3804 vero
2275 3746 2377 3806 hac

819 3827 931 3895 ipsa
967 3827 1032 3880 de
1059 3841 1223 3903 causa
1253 3825 1518 3895 Sigefrido
1551 3828 1809 3883 confratri
1842 3842 2030 3893 nostro
2062 3833 2377 3903 Moguntina

818 3917 1088 3986 episcopo,
1114 3897 1352 3971 el‘eidem
1374 3915 1753 3988 Bambergensi
1783 3920 1926 3974 clero
1953 3931 2007 3974 et
2026 3897 2224 3990 populo
2245 3925 2379 3978 seri-

819 4007 1040 4075 pserim,
1074 4021 1140 4061 ex
1171 4006 1364 4062 litteris
1384 3994 1449 4061 ad
1471 4019 1566 4061 eos
1595 4008 1734 4062 datis
1766 4009 1833 4063 ad
1864 4010 2129 4080 liquidum
2179 4013 2380 4080 poteris

821 4110 1135 4164 eognocere.
1185 4169 1190 4174 ,
2021 4116 2050 4126 λλ

891 4187 1020 4238 Data
1050 4180 1250 4248 Romae,
1283 4185 1495 4240 decimo
1522 4187 1677 4241 tertio
1710 4185 1976 4242 Kalendas
2004 4189 2252 4259 Augusti.

1377 4273 1707 4328 EPISTOLA
1733 4275 1795 4328 IV
1807 4317 1819 4328 .

958 4379 1022 4414 AD
1057 4378 1369 4417 SIGEFIIDUI
1402 4379 1741 4419 IOGL‘NTINUI
1784 4381 2243 4422 ARCHIEPISCOPUI.

1412 4451 1590 4516 (Anno
1623 4452 1802 4524 1075.)

898 4607 1152 4676 Praecipit
1186 4602 1528 4676 utinquirat,
1574 4620 1697 4676 num
1747 4602 2138 4676 Stasburgensis
2179 4612 2378 4676 episco-

900 4691 994 4744 pus
1030 4672 1505 4744 Simoniacchlabis
1549 4672 1997 4744 sit‘reusaArgui‘t
2020 4692 2106 4727 eos
2135 4672 2224 4743 qui
2255 4693 2379 4729 con-

900 4741 1082 4797 rilium
1108 4759 1140 4794 a
1165 4757 1223 4794 se
1253 4742 1507 4808 indictum
1550 4741 1899 4808 (li/ferendum
1937 4758 2046 4794 esse
2077 4741 2380 4806 censebant;

895 4814 1043 4882 eique
1076 4811 1304 4880 injungit
1343 4818 1400 4861 ut
1424 4807 1712 4861 Simoniant
1749 4819 1800 4862 et
1829 4811 2224 4877 fornicationem
2248 4815 2372 4866 evel-

898 4883 1107 4934 lendam
1133 4888 1295 4932 curet.

905 4967 1206 5022 GREGORIUS
1234 4967 1540 5036 episcopus,
1567 4979 1754 5019 servus
1778 4981 2056 5020 servorum
2082 4966 2198 5032 Dei,
2231 4966 2386 5022 Sice-

838 5067 996 5106 ramo
1025 5052 1336 5121 Moguntino
1363 5053 1791 5123 archiepiscopo,
1829 5053 2058 5107 salutem
2088 5062 2142 5109 et
2171 5064 2392 5124 aposto-

841 5141 999 5194 licam
1028 5140 1470 5194 benedictionem.

910 5229 1179 5282 Plurimas
1225 5227 1280 5281 in
1324 5230 1432 5283 tuis
1480 5231 1690 5297 litteris,
1728 5233 1912 5300 frater,
1956 5235 2313 5298 excusabiles,
2344 5243 2396 5288 et

841 5325 1106 5389 quantum
1161 5315 1228 5370 ad
1280 5315 1574 5369 humanum
1625 5329 1829 5385 spectat
1875 5323 2138 5388 judicium
2192 5323 2396 5377 validas

843 5407 1114 5477 protulisti
1144 5405 1400 5480 rationes.
1426 5402 1532 5458 Nec
1556 5405 1710 5459 nobis
1731 5418 1946 5475 quoque
1972 5411 2278 5464 viderentur
2309 5413 2394 5464 in-

843 5496 1032 5562 ﬁrm,
1060 5495 1106 5550 si
1133 5491 1444 5562 hujusmodi
1481 5501 1704 5559 possent
1727 5492 1782 5544 in
1813 5491 1995 5545 divino
2021 5509 2122 5547 nos
2151 5498 2396 5552 examine

845 5599 1122 5651 excusare.
1173 5582 1310 5637 Rata
1362 5582 1626 5651 siquidem
1679 5582 1892 5635 videtur
1923 5583 2200 5637 excusatio
2248 5588 2398 5654 regni

816 5682 820 5686 ‘
847 5682 1027 5728 motus
1058 5689 1120 5728 ac
1140 5674 1489 5744 perturbatio,
1515 5673 1650 5726 bella
1675 5681 1730 5727 et
1755 5671 2065 5739 seditiones,
2093 5675 2400 5731 invasiones

849 5758 1084 5816 hostium
1128 5778 1190 5817 ac
1231 5762 1460 5830 perditio
1504 5777 1684 5816 rerum
1726 5773 2049 5830 vestrarum,
2099 5766 2320 5834 insuper
2346 5775 2399 5819 et

2400 3259 2440 3314 C

2473 3209 2712 3280 loquitur
2766 3224 2862 3280 per
2906 3210 3258 3279 prophetam?
3318 3207 3653 3274 Malcdictus,
3706 3211 3896 3280 inquit,
3945 3211 4050 3281 Ἁτνί

2472 3297 2706 3367 prohibet
2741 3297 2975 3367 gladium
3009 3313 3162 3354 suum
3195 3313 3226 3349 α
3259 3298 3510 3366 sanguine
3552 3296 3684 3364 (Jer.
3736 3300 3946 3367 xum),
3987 3299 4050 3353 id

2471 3397 2555 3443 est
2587 3387 2814 3441 verbum
2847 3385 3251 3457 praedicationis
3301 3401 3331 3438 a
3366 3387 3665 3457 carnalium
3702 3387 3822 3442 vita:
3861 3387 4050 3441 inter-

2471 3475 2722 3528 fectione.
2770 3473 3048 3534 Utautem
3084 3473 3236 3548 adid
3279 3475 3425 3543 quod
3469 3475 3535 3528 ad
3579 3491 3816 3544 praesens
3841 3477 4052 3545 premit

2473 3561 2712 3625 animum
2743 3569 2796 3613 et
2830 3562 2974 3630 quod
3023 3562 3176 3630 quasi
3208 3577 3374 3614 causa
3409 3570 3493 3616 est
3543 3563 3715 3617 nostri
3767 3567 4052 3619 sermonis

2475 3650 2776 3714 veniamus,
2809 3650 3082 3718 quomodo
3116 3665 3186 3711 ea.
3228 3649 3497 3718 patienter
3525 3651 3765 3720 perferre
3791 3652 4054 3708 valemus

2474 3753 2594 3808 quae
2623 3738 2690 3792 de
2708 3733 2905 3794 "fratris
2930 3739 3102 3793 nostri
3129 3737 3570 3808 Strasburgcnsis
3594 3740 3830 3808 episcopi
3863 3741 4050 3794 mori-

2475 3827 2577 3881 bus
2613 3827 2941 3893 audivimus,
2969 3837 3024 3882 et
3048 3836 3193 3882 certa
3238 3842 3360 3881 esse
3399 3827 3660 3895 nonnulla
3688 3829 3868 3882 veraci
3896 3828 4054 3882 rela-

2477 3917 2622 3968 tione
2647 3917 3035 3984 cognovimus?
3056 3914 3210 3969 Unde
3232 3917 3483 3970 volumus
3509 3901 3672 3985 atque
3696 3917 4051 3986 praecipimus

2477 4010 2743 4072 quatenus
2773 4017 2963 4067 unum,
3007 4002 3151 4069 quod
3200 4003 3344 4071 apud
3392 4018 3493 4058 nos
3528 4004 3705 4058 adhuc
3753 4017 3938 4060 manet
3985 4008 4048 4062 in

2478 4092 2722 4158 dubium,
2757 4089 3078 4146 Simoniacze
3120 4089 3369 4145 videlicet
3393 4092 3662 4148 baareseos
3703 4095 4046 4165 contagium,

2479 4181 2760 4250 diligenter
2803 4180 3081 4246 discutias,
3114 4188 3168 4235 et
3196 4182 3456 4251 quidquid
3508 4199 3670 4253 super
3716 4200 3783 4240 eo
3829 4195 4048 4240 certum

2480 4272 2744 4342 repereris
2775 4257 2942 4326 nobis
2963 4271 3215 4330 intimare
3247 4287 3354 4326 non
3389 4272 3630 4340 difleras,
3653 4284 3946 4345 quatenus,
3995 4277 4047 4330 si

2478 4379 2665 4418 verum
2698 4362 2878 4432 fuerit,
2906 4361 3108 4416 Christi
3131 4361 3370 4428 Ecclesia
3392 4365 3559 4418 tantis
3581 4365 3834 4420 sordibus
3850 4381 4048 4422 emun-

2417 4506 2419 4508 .
2480 4451 2668 4515 detur,
2692 4458 2746 4503 et
2787 4450 2932 4503 illius
2975 4449 3192 4514 anima,
3239 4464 3306 4502 ne
3350 4458 3553 4517 pereat,
3586 4451 3966 4517 subveniatur;
3998 4455 4049 4507 si

833 4536 1090 4619 "agatur
1116 4537 1204 4619 “ad
1231 4537 1510 4619 Δρςιιιοζαιιξ
1555 4553 1740 4590 munus
1754 4540 2014 4619 “ﬁdeliter
2068 4537 2378 4619 necandum.
2416 4567 2459 4619 ι)
2481 4553 2611 4592 vero
2660 4536 2828 4606 (quod
2857 4535 3031 4606 magis
3072 4528 3348 4604 optamus)
3385 4535 3789 4601 falsum,.tanta
3820 4537 4046 4594 infamia

2484 4627 2671 4695 procul
2696 4626 2765 4678 ab
2784 4639 2871 4689 eo,
2903 4625 3190 4693 adiuvante
3222 4639 3321 4679 nos
3343 4625 3524 4680 divina
3551 4627 3744 4696 gratia,
3775 4629 4046 4698 propella-

2489 4725 2593 4785 tur.
2631 4713 2710 4767 Illi
2762 4728 2888 4769 vero
2933 4715 3026 4783 qui
3065 4715 3252 4775 dicunt
3285 4715 3572 4770 concilium
3601 4718 3744 4787 quod
3780 4719 3935 4776 vobis
3965 4720 4050 4776 in-

2488 4804 2722 4856 diximus
2766 4817 2885 4856 esse
2937 4801 3312 4868 differendum,
3346 4819 3599 4874 rogamus
3641 4809 4046 4877 respondeant:

2492 4890 2640 4958 Regii
2666 4889 2862 4944 milites
2895 4889 3120 4956 dudum,
3147 4901 3205 4944 ut
3236 4907 3293 4946 se
3317 4893 3385 4947 ad
3407 4894 3542 4948 bella
3577 4905 3833 4964 pararent
3854 4897 4046 4952 adno-

2494 4977 2612 5042 niti,
2647 4977 2775 5047 quid
2809 4986 2938 5033 tunc
2961 4987 3142 5034 essent
3174 4982 3366 5047 acturi,
3409 4998 3534 5038 cum
3584 4984 3770 5047 hostes
3813 4985 3870 5037 in
3899 4987 4049 5054 regia

2492 5067 2615 5120 aula
2647 5067 2813 5120 armis
2830 5067 2943 5136 jam
2966 5076 3019 5121 et
3047 5069 3169 5138 igne
3198 5071 3482 5125 saevirent?
3505 5069 3697 5125 Dicant
3709 5085 3840 5140 ergo
3864 5079 4048 5145 utrum

2493 5172 2642 5210 arma
2674 5156 2928 5212 deberent
2952 5158 3019 5212 ad
3041 5159 3189 5228 ipsos
3210 5161 3395 5216 hostes
3417 5159 3815 5227 perturbandos
3838 5167 3895 5216 et
3918 5175 4050 5215 con-

2493 5245 2744 5299 terendos
2763 5245 3026 5301 violenter
3055 5248 3345 5316 corripere,
3376 5261 3447 5299 an
3472 5244 3601 5314 quid
3626 5245 3810 5302 hostes
3833 5261 4051 5318 agerem

2494 5342 2701 5396 tantum
2733 5333 2933 5390 inertes
2957 5336 3319 5390 considerare.
3363 5333 3501 5398 Quid
3532 5332 3677 5388 enim
3709 5335 3854 5391 aliud
3890 5340 4050 5395 mn-

2497 5423 2586 5494 gni
2620 5421 2842 5492 spiritus
2865 5416 3050 5492 agunt,
3080 5422 3183 5475 nisi
3219 5421 3365 5489 quod
3388 5420 3588 5475 Christi
3609 5420 3909 5482 Ecclesium
3930 5428 4054 5498 igne

2498 5513 2752 5567 vitiorum
2777 5511 3111 5566 incessanter
3130 5511 3417 5564 'devastare
3440 5513 3805 5586 contendunt?
3831 5514 3902 5571 Et
3921 5517 4052 5586 quid

2502 5599 2678 5668 regios
2708 5599 2929 5662 milites,
2973 5605 3192 5650 sanctos
3213 5596 3460 5651 videlicet
3492 5585 3820 5668 sacerdotes,
3842 5585 4057 5677 oportet

2502 5683 2700 5749 facere,
2728 5685 2832 5738 nisi
2863 5683 3122 5736 adversus
3154 5697 3342 5736 eorum
3385 5687 3640 5742 saevitiam
3664 5689 3857 5760 clypeo
3879 5692 4057 5748 abari-

2503 5772 2628 5825 tatis
2656 5771 2896 5826 munitos
2929 5769 3105 5838 gladio
3131 5769 3298 5824 divini
3328 5774 3473 5829 verbi
3507 5777 3781 5850 accinctos
3815 5764 4056 5836 auctori-
