4218 6382
294 438 384 493 453

1366 435 1564 491 LIBER
1603 433 1917 489 TERTIUS.
1970 460 2025 470 -ο
2062 437 2275 484 ιιίδι.
2327 437 2403 483 \l.

3411 444 3511 487 ‘03

294 549 409 604 tatis
427 548 615 618 vigore
640 548 1002 617 consurgere?
1026 547 1182 613 Quod
1206 557 1387 601 autem
1420 547 1556 601 dicis
1587 547 1849 617 quosdam
1882 555 1924 607 Α
1950 558 2058 611 quc
2086 557 2284 607 meam,
2319 550 2481 611 atque
2526 541 2749 595 amitam
2799 540 3093 597 [matricem
3123 553 3175 597 et
3203 545 3364 598 tiliam
3393 546 3511 614 ejus

294 637 474 692 fratres
510 651 625 691 non
660 651 821 706 posse
845 636 912 691 ad
941 637 1234 692 concilium
1265 636 1560 690 convenire
1599 636 1673 690 ob
1696 636 1847 705 prin-

292 726 418 797 cipis
446 726 1058 792 inimicitiam,dicimus
1077 728 1126 781 ei
1149 726 1329 798 (forte,
1350 726 1450 790 eis.
1486 724 1680 790 "sum,
1702 736 1751 781 et
1773 727 1848 779 sic

292 818 341 870 in
365 815 585 886 latim]
616 816 882 883 sullicere,
917 818 964 872 si
988 817 1054 872 de
1083 818 1200 873 suis
1230 817 1442 873 clericis
1472 818 1726 888 dirigant,
1755 816 1845 887 qui

293 920 383 974 pro
405 905 488 960 eis
511 906 735 960 valeant
766 906 1109 975 respondere.
1138 905 1245 961 Sed
1267 905 1525 977 quoniam
1550 920 1656 963 non
1693 906 1847 975 igno-

291 1009 471 1049 ramus
512 994 659 1065 quod
701 1010 732 1050 a
781 994 1027 1065 pluribus
1055 994 1365 1051 carnalibus
1394 1010 1458 1051 ac
1501 996 1852 1051 saecularibus

291 1083 610 1149 deborteris,
637 1098 705 1137 ne
730 1084 784 1137 in
813 1084 965 1138 vinea
989 1084 1203 1150 Domini
1234 1099 1334 1154 pro
1357 1085 1663 1139 animarum
1686 1084 1851 1140 lucris

291 1171 501 1227 fortiter
525 1185 591 1226 ac
616 1172 842 1227 ﬁdeliter
864 1175 1129 1242 opereris,
1152 1187 1222 1227 ne
1244 1181 1460 1227 tuarum
1486 1172 1625 1228 forte
1644 1187 1848 1239 rerum,

290 1269 380 1314 aut
412 1260 666 1317 odiorum
708 1270 990 1331 potentum
1031 1262 1325 1318 discrimen
1368 1262 1638 1326 incurras,
1686 1269 1740 1316 te
1784 1276 1850 1315 ex

292 1357 437 1417 parte
470 1348 567 1403 Dei
613 1350 1000 1419 omnipotentis
1042 1359 1100 1405 et
1138 1351 1465 1406 auctoritate
1517 1351 1661 1407 beati
1706 1348 1853 1406 Petri

292 1452 546 1509 rogamus
595 1448 652 1493 ct
682 1455 988 1505 monemus,
1038 1451 1305 1511 quatenus
1345 1441 1546 1498 nullius
1600 1441 1727 1497 odio
1759 1450 1855 1496 aut

290 1526 478 1595 gratia,
521 1542 618 1583 seu
659 1528 839 1600 aliqua
865 1538 1205 1585 terrenarum
1233 1542 1414 1587 rerum
1435 1531 1668 1602 jactura,
1704 1547 1734 1586 a
1768 1546 1854 1586 re-

291 1615 567 1671 ctitudinis
593 1619 811 1673 tramite
832 1619 1103 1674 declinare
1127 1635 1455 1690 praesumas;
1490 1622 1621 1692 quin
1648 1621 1851 1685 omnia,

289 1712 443 1772 prout
468 1703 705 1776 Spiritus
732 1715 954 1762 sanctus
975 1707 1277 1774 donaverit,
1323 1708 1608 1779 diligenter
1645 1710 1852 1765 exami-

291 1806 400 1858 nes,
424 1802 479 1849 et
499 1794 659 1851 nobis
687 1794 948 1866 quidquid
969 1804 1178 1850 certum
1207 1798 1509 1853 constiterit
1527 1799 1851 1869 quantocius“

1950 632 2278 689 .‘li’atliildem.
2333 631 2414 687 Me
2449 646 2598 696 vero,
2630 632 2916 701 adjuvante
2946 633 3194 699 Domino,
3245 635 3312 688 de
3348 648 3508 705 espe-

1948 725 2154 780 ditione
2195 723 2786 803 Saxonicalredcuntc,
2835 726 2973 781 alios
3026 726 3232 796 legatos
3260 725 3509 795 dirigam,

1947 830 2111 885 quam
2170 811 2550 868 familiariores
2598 829 2663 868 ac
2692 813 2958 869 ﬁdeliores
2987 813 3214 879 habebo,
3244 828 3339 882 per
3374 830 3516 884 quos

1949 920 2165 960 omnem
2218 904 2375 959 vobis
2417 919 2593 959 meam
2643 903 2975 958 voluntatem
3025 912 3080 957 et
3133 905 3509 968 reverentiam,

1950 1010 2113 1064 quam
2144 995 2302 1049 beato
2319 993 2480 1049 Petro
2504 1001 2557 1046 et
2584 993 2739 1048 vobis
2761 993 2951 1058 debeo,
2974 993 3305 1063 signiﬁcabo.
3322 991 3511 1047 Postea

1950 1096 2077 1135 vero
2126 1078 2365 1150 praefatis
2416 1080 2608 1149 legatis
2664 1078 2895 1133 dicendo
2933 1079 3211 1134 mandavit
3232 1082 3513 1150 quatenus

1953 1184 2060 1232 non
2083 1168 2433 1234 mirarentur,
2463 1182 2564 1224 nec
2598 1168 2833 1239 graviter
2872 1167 3076 1224 ferrent
3112 1167 3258 1239 quod
3288 1169 3517 1238 promis-

1952 1273 2045 1315 sos
2090 1259 2314 1315 minime
2360 1258 2539 1314 adhuc
2584 1259 2843 1314 direxerit
2881 1260 3123 1323 nuntios,
3171 1258 3363 1329 eisque
3406 1274 3515 1312 non

1919 1407 1922 1409 λ
1952 1350 2104 1405 fieret
2131 1364 2424 1405 onerosum
2451 1364 2567 1415 eos,
2590 1348 2763 1413 donec
2786 1350 2900 1423 ipse
2922 1350 3175 1414 mitteret,
3193 1348 3513 1418 praestolari,

1950 1439 2211 1508 quoniam
2239 1438 2427 1509 procul
2450 1437 2615 1491 dubio
2644 1438 2766 1496 illos
2792 1439 3063 1494 missurus
3093 1447 3229 1503 erat,
3261 1446 3315 1491 et
3346 1438 3400 1491 in
3425 1454 3517 1491 ca-

1948 1530 2075 1584 dcm
2098 1530 2366 1584 sententia
2394 1528 2741 1585 immobiliter
2769 1529 3135 1599 permanebat.
3154 1528 3309 1584 Nunc
3335 1538 3515 1583 autem

1950 1619 2185 1689 qualiter
2206 1620 2311 1674 hoc
2355 1619 2645 1676 consilium
2682 1634 2899 1683 versum
2929 1619 3020 1683 sit,
3056 1618 3109 1672 c't
3152 1617 3297 1688 quod
3340 1616 3519 1673 facere

1952 1706 2182 1763 latenter
2208 1708 2555 1781 dispesucrat
2582 1709 2756 1776 palam
2788 1706 2905 1761 fieri
2931 1708 3078 1771 velit,
3109 1706 3324 1775 penitus
3353 1706 3519 1759 mira-

1954 1796 2227 1870 murdtisi
2256 1793 2401 1865 quod
2427 1794 2589 1849 datur
2611 1794 2856 1865 intelligi,
2882 1795 3010 1865 quia
3035 1794 3150 1864 ipse
3176 1808 3520 1864 nequaquam

291 1879 566 1937 insinuare
600 1898 880 1953 procures.
928 1882 1159 1941 lultum
1208 1900 1445 1956 namque
1488 1885 1649 1942 debet
1694 1887 1852 1942 nobis
1886 1907 1926 1962 Β
1954 1885 2094 1939 hanc
2120 1884 2303 1953 cupiat
2329 1897 2517 1953 pacem
2540 1882 2816 1953 componi,
2838 1898 3001 1953 quam
3027 1884 3188 1937 modo
3206 1884 3319 1938 vult
3344 1884 3521 1953 palam

291 1970 453 2024 videri
496 1972 831 2041 pudendum,
876 1973 1021 2043 quod
1050 1973 1280 2044 quilibet
1320 1975 1609 2032 amiares
1653 1976 1851 2035 milites

292 2059 527 2129 quotidie
548 2075 649 2132 pro
678 2070 893 2117 terreno
914 2061 1158 2133 principe
1183 2077 1285 2119 suo
1306 2062 1362 2118 in
1381 2064 1499 2121 acie
1520 2066 1849 2133 consistunt,

291 2159 341 2205 et
360 2150 511 2206 necis
524 2150 764 2222 perferre
775 2152 1090 2208 discrimina
1116 2155 1203 2208 vix
1222 2165 1586 2225 expavescunt
1612 2176 1623 2211 :
1647 2166 1702 2212 et
1726 2173 1849 2226 nos,

290 2236 377 2306 qui
404 2237 718 2294 sacerdotes
741 2237 956 2296 Domini
979 2240 1235 2308 dicimur,
1274 2258 1385 2297 non
1418 2259 1518 2314 pro
1545 2244 1637 2299 illo
1660 2257 1851 2303 nostro
1886 2246 1897 2253 '

291 2338 409 2394 rege
438 2339 767 2395 pugnemus,
818 2329 912 2399 qui
943 2329 1125 2385 omnia
1151 2328 1279 2387 fecit
1328 2345 1395 2387 ex
1429 2333 1619 2401 nihilo,
1652 2337 1854 2406 quique

292 2426 392 2466 non
416 2412 704 2469 abhorruit
730 2418 923 2472 mortis
948 2432 1048 2488 pro
1075 2418 1235 2475 nobis
1264 2420 1450 2476 subire
1486 2421 1851 2492 dispendium,

292 2501 555 2574 nobisque
592 2505 858 2574 promittit
890 2506 1144 2577 meritum
1192 2508 1313 2563 sine
1357 2508 1464 2563 ﬁne
1508 2524 1849 2567 mansurum.

290 2588 398 2645 Hoc
426 2590 613 2648 autem
643 2592 820 2650 adhuc
848 2603 955 2652 tua
994 2595 1321 2653 fraternitati
1352 2598 1688 2670 iniungimus
1717 2616 1853 2673 qua-

288 2688 440 2751 tenus
469 2680 542 2737 de
581 2677 892 2739 Simoniaca
916 2685 1111 2743 haeresi
1145 2703 1208 2744 ac
1248 2686 1605 2745 fornicatione
1626 2690 1852 2749 clerico-

289 2784 425 2835 rum,
463 2768 609 2825 sicut
652 2771 721 2828 ab
757 2775 1057 2851 apostolica
1114 2778 1242 2834 sede
1288 2778 1564 2850 accepisti,
1613 2781 1855 2838 studiose

288 2860 591 2932 perquiras,
624 2870 680 2918 et
696 2863 969 2947 quidquid
1011 2876 1344 2925 retroactum
1377 2870 1671 2938 inveneris,
1705 2873 1853 2945 lega-

288 2949 405 3005 liter
449 2951 676 3021 punias,
716 2961 772 3009 et
814 2953 1059 3015 funditus
1100 2973 1336 3027 reseces,
1374 2975 1438 3019 ac
1481 2976 1551 3017 ne
1595 2961 1855 3033 quidquid

288 3040 511 3097 ulterius
538 3040 717 3115 Vorte,
750 3059 819 3101 ne
839 3047 967 3117 quid
992 3049 1239 3119 ulterius,
1264 3046 1523 3119 nam,"
1550 3053 1628 3107 sic
1653 3054 1709 3106 in
1732 3051 1855 3106 lfu-

288 3130 407 3204 εἰει]
432 3132 533 3188 ﬁat
558 3134 776 3211 penitus
802 3137 1117 3197 interdicas.

1951 1974 2031 2029 eis
2056 1973 2195 2037 ﬁeri,
2220 1973 2421 2044 quibus
2450 1970 2757 2028 eam'autea
2805 1974 3018 2027 volebat
3065 1971 3344 2039 uincendi,
3374 1982 3428 2027 et
3456 1973 3524 2029 de

1950 2062 2150 2133 quibus
2178 2062 2319 2118 idem
2345 2048 2650 2123 testabatur
2677 2062 2979 2131 magiscos
3008 2062 3074 2116 dc
3101 2071 3286 2116 nostra
3308 2062 3521 2117 discor-

1950 2149 2037 2204 dia
2081 2165 2248 2220 quam
2295 2149 2363 2204 de
2412 2157 2599 2215 mutua
2629 2150 2918 2203 concordia
2963 2151 3152 2204 trctari.
3182 2150 3524 2221 Quapropter

1949 2259 2049 2301 vos
2081 2237 2237 2299 scire
2273 2240 2530 2297 volumus
2582 2253 2685 2313 nos
2729 2240 2856 2294 huic
2906 2240 3156 2311 petitioni
3210 2241 3524 2296 nullatenus

1952 2346 2341 2401 consensuros,
2389 2331 2651 2402 quoniam
2703 2331 2849 2400 quod
2899 2330 3061 2385 modo
3105 2330 3382 2383 inventum
3440 2339 3524 2383 est

1952 2437 2062 2477 non
2090 2421 2304 2476 videtur
2331 2420 2493 2476 beato
2518 2417 2679 2474 Petro
2724 2433 2791 2473 ac
2839 2418 2998 2477 nobis
3042 2418 3359 2475 honorabilc
3387 2418 3525 2471 velle

1952 2519 2075 2591 ejus
2094 2515 2315 2571 utilitati
2344 2514 2651 2585 provenire.
2681 2512 2839 2581 Quod
2866 2515 2912 2569 si
2940 2515 3008 2570 ad
3046 2515 3199 2584 prius
3222 2522 3525 2579 revertatur

1952 2605 2262 2669 consilium,
2282 2603 2336 2659 id
2351 2601 2565 2657 videtur
2582 2603 2858 2658 salubrius
2879 2603 3146 2673 nobisque
3161 2604 3518 2673 sequendum.

1952 2695 2029 2751 De
2049 2695 2282 2752 consilio
2310 2708 2441 2748 vero
2470 2692 2618 2764 quod
2642 2693 2925 2764 cxpetistis
2973 2708 3003 2749 a
3032 2693 3192 2749 nobis
3218 2693 3349 2763 quid
3370 2692 3525 2748 vobis

1952 2788 2024 2842 sit
2066 2784 2503 2857 respondendum
2547 2782 2839 2839 Gotefredo
2910 2784 3207 2846 nescimus,
3255 2799 3381 2839 cum
3436 2784 3527 2839 ille

1952 2883 2136 2946 aperte
2186 2874 2467 2945 infregerit
2512 2872 2658 2947 quod
2707 2873 2862 2929 vobis
2896 2872 3209 2942 iuramento
3252 2873 3521 2942 promisit,

1953 2981 2055 3021 nec
2103 2972 2312 3031 certum
2363 2962 2664 3034 quidquam
2710 2962 2778 3016 de
2839 2963 3013 3031 ipsius
3068 2961 3521 3033 promissionibus

1953 3054 2174 3111 credere
2204 3052 2505 3108 valeamus.
2550 3050 2755 3107 Verum
2790 3052 2838 3107 si
2890 3050 3108 3121 aliquod
3147 3049 3345 3117 fmdus,
3373 3052 3520 3121 quod

1932 3160 1988 3201 ‘a
2031 3152 2347 3207 sanctorum
2371 3140 2600 3197 Patrum
2635 3144 2915 3197 sanctione
2939 3156 3047 3195 non
3072 3140 3362 3210 discrepet,
3386 3141 3525 3196 inire

352 3192 493 3279 nam
515 3192 721 3293 ιιὶωε,
748 3192 908 3285 ωηίά
948 3192 1133 3289 iis.
1177 3230 1527 3303 Septembris,
1560 3234 1851 3293 indictione
1876 3227 1920 3285 c
1952 3192 2497 3305 ξυιῖἷξρἷιῖετὶιῖᾇξ
2514 3192 2733 3287 Eii:
2740 3192 3523 3297 i;.;i;..'i;;;;;i;.1.‘.;g“si

287 3309 586 3387 incipiente
615 3313 826 3370 decima
861 3311 1078 3388 quarta.

658 3473 687 3481 η
852 3405 1205 3491 seisrosa,
1224 3410 1286 3464 ν.

450 3508 525 3547 an
558 3509 873 3569 ettanth~
895 3515 966 3554 ετ
993 3496 1301 3569 Iaruman
1332 3518 1453 3559 eius
1477 3520 1676 3559 ritual.

252 3652 256 3655 ,
870 3566 1053 3658 (Anno
1084 3566 1268 3667 4055.)
1416 3666 1419 3667 ν

290 3670 559 3757 ρκενιξιιξ
714 3676 1070 3757 inconstantia
1088 3681 1254 3757 [regis
1280 3740 1285 3745 ,
1312 3681 1552 3757 Henriei,
1610 3687 1700 3756 qui
1728 3702 1855 3743 cum

351 3748 655 3828 scripsisset
673 3762 750 3828 ,κ
787 3748 1392 3828 occultamjegdtionent
1406 3748 1705 3828 missurum
1732 3772 1856 3828 pro-

349 3821 468 3881 pter
511 3814 778 3895 principes
803 3820 886 3872 sui
920 3814 1443 3895 regni,_quosmogis
1486 3814 1564 3880 de,
1587 3814 1855 3881 discordia

352 3882 623 3965 quoque
649 3882 778 3965 pace
816 3882 1043 3965 gaudere
1058 3882 1429 3965 Lintelligebdt,
1467 3910 1617 3965 gutta
1652 3905 1859 3965 mutato

613 3952 790 4008 amatio
818 3952 998 4036 balani
1020 3953 1158 4027 ’βενε
1193 3952 1426 4020 uolebat;
1463 3958 1619 4036 l_lnde_
1643 3964 1849 4036 colligit
1918 3978 1921 3981 λ

353 4018 727 4103 ἱμξιιμρσοςπι
766 4018 832 4079 αἱ
864 4018 1410 4103 animo'noncupere.
1455 4018 1855 4103 DeLGotefre'do

352 4087 815 4208 quwiig‘romiuam
872 4094 1023 4147 ﬁdem
1088 4087 1374 4152 uiolauerat
1431 4101 1662 4169 explicat
1705 4087 1853 4169 'qm

354 4242 671 4300 Caesonius
693 4249 998 4320 episcopus,
1038 4267 1230 4309 servus
1270 4268 1548 4310 servorum
1576 4254 1690 4321 Dei,
1712 4256 1852 4311 ΒΕΑ·
1906 4290 1907 4293 η

291 4349 433 4390 valet
455 4334 683 4403 duci,et
702 4336 969 4397 Mumth
991 4340 1115 4399 ﬁlia:
1138 4344 1275 4415 ejus,
1304 4345 1532 4401 salutem
1557 4355 1612 4402 et
1632 4356 1851 4416 aposto-

288 4421 447 4480 licam
480 4426 934 4497 benedictionem.
1090 4484 1095 4485 ,

353 4514 476 4571 Non
499 4533 699 4589 parum
715 4520 782 4575 de
802 4522 953 4579 vobis
978 4514 1240 4580 miramur
1259 4527 1404 4596 quod
1429 4526 1495 4582 de
1517 4527 1602 4582 bis
1622 4544 1742 4598 qua:
1761 4544 1855 4598 per

287 4577 520 4701 περιέ
550 4609 758 4667 ne...
801 4577 1852 4701 ηεηδεειίξςιξωξέδηξιιιιῑεῖιξοξέξ
1885 4577 2080 4701 Pcw»
2114 4584 2347 4639 nam

274 4694 462 4761 'vistis,
492 4711 624 4752 cum
645 4708 854 4756 constet
872 4696 1013 4772 apud
1037 4720 1135 4761 vos
1153 4706 1298 4775 quod
1322 4707 1462 4763 idem
1505 4724 1598 4763 rex
1627 4709 1765 4765 duos
1790 4726 1853 4765 ac

289 4781 503 4838 nobiles
532 4797 604 4838 ac
626 4785 907 4856 religiosos
931 4791 1079 4845 viros
1100 4792 1167 4848 ad
1189 4809 1289 4849 nos
1328 4804 1453 4850 ante
1476 4812 1714 4853 mensem
1738 4801 1852 4869 Au-

288 4878 509 4939 gustum
530 4869 739 4942 legatos
756 4873 985 4944 miserit,
994 4878 1088 4947 qui
1106 4879 1353 4936 videlicet
1371 4882 1548 4941 adhuc
1571 4888 1854 4946 nobiscum

290 4969 537 5029 manent,
587 4974 686 5032 per
727 4976 867 5034 quos
907 4965 1034 5020 talia
1068 4969 1345 5025 mandavit
1369 4989 1384 5025 :
1408 4970 1630 5042 Hoverit
1672 4958 1856 5038 vestra

290 5051 795 5121 aanctitas,.Pater,
827 5054 1085 5126 quoniam
1130 5056 1261 5112 dum
1312 5073 1414 5131 ego
1463 5077 1601 5131 pene
1660 5080 1854 5129 omnes

291 5142 573 5213 principes
604 5144 711 5201 mei
731 5147 881 5218 regni
903 5146 971 5201 de
992 5156 1177 5203 nostra
1201 5146 1371 5221 magis
1396 5151 1666 5210 discordia
1689 5162 1876 5226 quam
1960 5206 1963 5215 λ

291 5228 584 5288 demutna
621 5230 1010 5307 paee'gaudere
1040 5238 1299 5308 percipio,
1323 5241 1401 5296 ad
1415 5257 1513 5298 vos
1548 5243 1683 5301 istos
1710 5262 1855 5301 nun-

294 5314 398 5372 tios
416 5317 659 5375 latenter
682 5323 879 5395 dirigo,
907 5340 1047 5395 quos
1088 5328 1223 5382 satis
1250 5329 1458 5385 nobiles
1482 5345 1548 5385 ac
1574 5334 1857 5404 religiosos

292 5417 415 5489 esse
442 5418 747 5478 cognosco,
768 5420 822 5465 ct
845 5415 993 5481 pacis
1016 5415 1219 5469 bonum
1243 5416 1386 5471 inter
1411 5432 1510 5473 nos
1528 5425 1716 5488 optare
1734 5433 1861 5475 con—

292 5492 445 5564 ἱεῦεί
473 5508 826 5567 nequaquam
862 5502 1070 5559 dubito.
1101 5504 1214 5562 Hoc
1235 5515 1417 5563 autem
1462 5508 1608 5578 quod
1640 5509 1859 5575 mando,

298 5587 577 5648 neminem
605 5588 748 5643 scire
773 5592 896 5647 volo
927 5608 1120 5664 praeter
1145 5615 1261 5666 vos,
1288 5599 1559 5655 dominam
1608 5608 1863 5655 matrem-

367 5695 521 5765 (383)
550 5694 665 5751 iloc
688 5705 861 5753 totum
887 5702 1032 5759 deest
1071 5708 1125 5761 in
1157 5709 1345 5764 Mutin.

1950 3334 2155 3391 autem,
2191 3324 2535 3387 cbaritatem,
2560 3337 2671 3393 qua
2709 3337 2811 3378 nos
2856 3321 3338 3392 Deusconjunxit,
3367 3322 3517 3375 nullo

1952 3415 2116 3470 modo
2139 3427 2302 3484 posse
2330 3412 2556 3467 dissolvi
2582 3420 2678 3466 aut
2697 3400 3046 3481 aliquatimus
3076 3412 3360 3475 minorari,
3397 3426 3518 3466 cer-

1952 3505 2162 3559 tissime
2196 3501 2340 3572 apud
2386 3515 2485 3579 vos
2520 3509 2775 3556 constare
2819 3498 3288 3570 optamus.,Undc
3323 3501 3370 3557 si
3424 3516 3523 3557 vos

1951 3592 2220 3657 dilexerit,
2244 3605 2371 3646 eum
2405 3589 2715 3660 diligemus,
2754 3590 2799 3646 si
2835 3604 2963 3644 vero
2994 3606 3061 3647 ex
3084 3606 3183 3647 sua
3213 3591 3373 3660 culpa
3396 3590 3524 3645 odio

1953 3684 2155 3751 habere
2188 3680 2434 3751 cmperit,
2466 3679 2609 3735 sicut
2652 3680 3004 3737 charissimas
3038 3679 3178 3736 ﬁlias
3204 3681 3383 3757 modis
3410 3681 3527 3752 qui-

1953 3774 2057 3832 bus
2078 3771 2377 3846 poterimus
2397 3785 2495 3825 vos
2517 3769 2808 3840 diligendo,
2842 3770 2892 3825 ei
2917 3769 3028 3825 Deo
3042 3769 3277 3841 favente,
3306 3769 3527 3832 regiue-

2027 3957 2161 4013 Data
2210 3954 2419 4019 Romae,
2475 3954 2635 4008 tertio
2672 3949 2799 4009 ldus
2829 3951 3185 4023 Septembris,
3229 3952 3524 4006 indictione

1943 4048 2164 4119 decima
2195 4061 2323 4117 quat
2336 4054 2413 4098 ta.
3393 4059 3399 4064 ’

2024 4137 2294 4206 Depositio
2318 4135 2451 4204 regis
2495 4131 2715 4187 Hererici
2761 4131 2862 4203 filii
2908 4131 3241 4199 imperatoris
3280 4127 3522 4195 Henrici,

1952 4235 2005 4279 et
2034 4224 2295 4279 absolutio
2324 4224 2557 4276 omnium
2585 4223 2675 4291 qui
2707 4220 2809 4289 sibi
2853 4214 3213 4284 prtutiterant
3248 4219 3523 4289 jura-mle».

1942 4322 2067 4383 tum
2097 4312 2269 4386 (382).
2332 4348 2347 4389 η
2598 4354 2611 4358 μ
2802 4298 2809 4306 ’

2022 4403 2188 4459 Beate
2212 4401 2389 4467 Petro,
2412 4401 2785 4471 apostolorum
2817 4401 3093 4471 princeps,
3123 4402 3345 4459 inclina.
3373 4417 3523 4471 quac-

1955 4509 2166 4559 sumus,
2199 4494 2317 4563 pias
2339 4507 2502 4548 aures
2534 4499 2658 4549 luas
2690 4492 2870 4558 nobis,
2892 4500 3093 4558 etc.,ut
3127 4493 3269 4564 infra
3305 4492 3359 4546 in
3398 4508 3520 4544 τυκ-

2513 4670 2843 4742 netsrosa
2878 4669 2967 4727 γι.

2346 4782 2413 4819 ω
2448 4778 2733 4820 υκιηιωθ
2768 4777 3133 4819 οιιιιετωιοι.

2547 4855 2728 4924 (Anno
2757 4852 2936 4923 l075.)

1964 4946 2227 5016 lnjlm
2256 4945 2561 5016 apostolica
2584 4945 2760 5016 _eedis_
2784 4955 3126 5016 exaggerans,
3160 4930 3424 5016 ﬁciuntur
3451 4948 3517 4995 ad

2030 5006 2265 5069 divinam
2287 5006 2433 5083 open
2463 5006 2966 5081 implorandumit-
2983 5017 3077 5061 ut
3098 5006 3287 5083 impios
3313 5009 3388 5083 ad
3416 5023 3512 5079 με-

2031 5076 2613 5143 κίιειιιίσπιόοητεγιὲιι,
2658 5086 2749 5148 catt
2776 5092 2955 5148 eorum
2984 5076 3209 5148 consilia
3251 5076 3500 5148 reprimet

2031 5155 2204 5220 eisque
2234 5148 2527 5215 exemplain
2557 5144 3111 5223 anathentatizotionis
3161 5144 3316 5218 regis
3338 5148 3500 5200 mittit

2031 5238 2335 5292 Caesonius
2356 5235 2666 5303 episcopus,
2689 5225 2879 5290 servus
2905 5224 3188 5301 servorum
3211 5234 3326 5301 Dei,
3353 5237 3500 5297 omni

1964 5328 2067 5382 bus
2111 5326 2207 5395 qui
2235 5323 2461 5393 cupiunt
2507 5338 2566 5378 se
2617 5326 2965 5379 annumerari
3012 5312 3159 5379 inter
3203 5339 3334 5379 oves
3376 5336 3506 5391 qua:

1961 5416 2213 5471 Christus
2245 5416 2403 5471 beato
2432 5412 2592 5469 Petro
2628 5414 2924 5479 commisit,
2960 5414 3193 5468 salutem
3214 5416 3505 5487 etaposto.

1966 5508 2122 5561 licam
2154 5506 2601 5563 benedictionem.

2024 5597 2172 5667 (383)
2186 5596 2441 5659 Audistis,
2456 5594 2672 5672 fratres,
2682 5602 2875 5647 novam
2887 5589 3244 5644 etinauditam
3259 5601 3492 5656 praesum

2038 5708 2183 5775 (383)
2215 5705 2492 5758 Omittitur
2516 5712 2625 5757 tota
2649 5704 2703 5755 in
2728 5691 2951 5765 Mutinf;
2977 5698 3105 5752 hinc
3130 5697 3354 5765 septima
3371 5705 3498 5751 sext.-

1968 5778 2223 5842 signatur.
