4218 6430
754 447 858 502 435
1034 533 1035 536 γ
1381 456 1439 544 ς,ἶ
1479 461 1802 518 GREGORII
1839 463 1931 519 vn
1966 461 2166 522 pars:
2204 435 2484 520 orenun
2520 459 2700 519 rans
2733 461 2774 518 ι.
2817 493 2887 550 -1
2924 459 3340 520 ηεςιετιιυκ.
3376 512 3379 514 .
3868 460 3979 516 456

754 558 1017 627 ptionem,
1075 565 1304 624 audistis
1354 573 1670 629 sceleratam
1731 577 2204 634 schismatieorum
2253 577 2532 647 etAquia
2585 577 2727 631 hanc
2783 585 3043 643 nostram,
3078 579 3190 631 imo
3225 577 3390 632 totius
3427 574 3680 631 Ecclesia:
3724 592 3978 643 causam,

756 663 955 740 nomen
971 651 1201 710 Domini-
1217 659 1272 712 in
1300 660 1458 718 beato
1481 661 1641 720 Petro
1671 666 2159 736 blasphemantium
2185 685 2310 740 gar-
2411 665 2677 738 religiosis
2694 667 3006 721 hominibus
3025 667 3235 737 coepisti
3257 666 3607 733 conmittere,
3625 666 3718 736 qui
3740 682 3842 721 nos
3866 682 3982 721 non

758 738 1029 828 rulitatem
1076 755 1130 800 et
1179 749 1481 819 audaciam,
1529 755 1755 811 audistis
1787 759 2095 828 superbiam
2125 738 2308 814 ad'in-
2411 766 2593 812 nostra
2616 746 2815 826 injuste
2839 757 3094 827 diligunt,
3123 766 3179 810 et
3203 764 3263 811 ut
3287 755 3598 812 Christiana
3642 758 3990 818 iustauretut'

756 824 958 919 iuriam
987 841 1040 886 et
1066 842 1446 896 contumeliam
1497 854 1696 900 sancta:
1724 855 1780 902 et
1813 824 2122 918 apostolicae
2167 849 2312 905 sedis
2410 845 2597 917 religio
2645 824 2802 901 suam
2837 824 3013 918 [[ονξε,
3038 847 3232 912 solam,
3261 845 3467 919 iitum].
3499 848 3854 902 intentionem
3891 864 3990 903 re—

759 915 975 1010 eiatam,
1007 926 1219 991 qualem
1239 933 1404 985 vestri
1433 941 1615 1001 patres
1651 951 1750 992 nec
1778 915 2030 993 viderunt
2072 955 2172 994 nec
2216 956 2315 996 au-
2413 915 2653 1004 quirunt.
2680 935 2790 1005 Ego
2819 915 2998 989 autem
3042 937 3122 1005 (ut
3153 936 3343 1006 paucis
3385 915 3598 1008 iciluar)
3625 939 3820 1010 borum
3845 952 3991 990 con-

758 1003 978 1064 dierunt
1005 1029 1387 1084 unquam,nec
1404 1022 1810 1092 Scripturarum
1827 1028 1996 1082 series
2023 1029 2316 1099 aliquando
2415 1003 2537 1079 silio
2578 1003 2803 1094 paratus
2846 1041 2988 1091 sum,
3035 1003 3256 1080 Christo
3289 1003 3524 1094 favenie,
3563 1003 3830 1098 gremium
3878 1026 4000 1081 tibi

761 1110 795 1152 a
828 1102 1050 1188 paganis
1074 1107 1160 1160 vel
1192 1108 1458 1168 haereticis
1487 1113 1647 1170 docet
1669 1130 1967 1185 emersam;
2005 1119 2162 1188 cujus
2189 1121 2318 1176 mali
2341 1152 2382 1170 κ
2416 1123 2615 1169 sancte
2641 1114 2899 1170 Romamn
2919 1114 3423 1185 Ecclesim'aperire,
3436 1127 3597 1188 teque
3618 1127 3677 1172 ut
3698 1118 4002 1172 dominum.

759 1187 864 1279 etsi
899 1190 1117 1260 aliquod
1141 1212 1379 1268 unquam
1402 1213 1528 1272 post
1559 1202 1840 1260 fundatam
1883 1215 1937 1262 et
1969 1187 2318 1279 propagatam
2417 1201 2635 1260 fratrem
2656 1213 2711 1260 et
2730 1205 2899 1259 filium
2929 1205 3225 1274 suscipere,
3249 1200 3618 1277 auxiliumque
3640 1217 3800 1277 prout
3817 1222 3996 1278 opor-

763 1273 925 1332 fidem
969 1280 1172 1339 Christi
1227 1293 1596 1357 praecessisset
1655 1273 2004 1365 exemplum;
2066 1273 2322 1354 omnibus

762 1371 945 1466 tamen
981 1370 1230 1464 fidelibus
1260 1392 1360 1446 pro
1393 1388 1544 1436 tanto
1575 1393 1885 1454 contemptu
1933 1396 1989 1442 et
2029 1389 2318 1443 conculca-

764 1463 912 1544 tione
942 1466 1268 1534 apostolica,
1292 1469 1401 1525 imo
1427 1471 1623 1530 divina:
1645 1476 2005 1544 auctoritatis,
2032 1477 2322 1534 dolendum

763 1543 906 1602 foret
928 1559 981 1602 et
1000 1557 1339 1621 gemendum.
1362 1559 1701 1633 Quapropter
1721 1565 1769 1620 si
1791 1566 1950 1620 beato
1973 1543 2133 1622 Petro
2147 1569 2325 1624 claves

765 1637 918 1704 regni
949 1642 1210 1700 calorum
1255 1663 1286 1705 a
1319 1647 1550 1708 Domino
1577 1651 1687 1708 Deo
1730 1663 1919 1709 nostro
1947 1655 2076 1712 Jesu
2107 1656 2324 1714 Christo

765 1726 996 1818 traditas
1027 1747 1148 1788 esse
1183 1738 1504 1806 creditis,'et
1530 1743 1683 1798 vobis
1713 1760 1809 1812 per
1832 1761 2027 1801 manus
2057 1748 2230 1817 ipsius
2256 1749 2325 1804 ad

768 1822 984 1873 internae
1009 1822 1135 1878 vita:
1170 1828 1362 1896 gaudia
1396 1830 1675 1887 introitum
1711 1844 1894 1905 patere
1927 1837 2143 1906 cupitis,
2179 1839 2327 1909 cogi-

2420 1294 2581 1348 tuerit
2613 1296 2871 1366 praebere,
2899 1294 3034 1347 nihil
3062 1294 3207 1349 aliud
3245 1312 3276 1351 a
3305 1306 3357 1351 te
3380 1312 3651 1366 quaerens,
3681 1298 3786 1352 nisi
3817 1306 3878 1352 ut
3915 1297 3992 1351 ad

2420 1385 2625 1438 monita
2651 1389 2757 1440 tua:
2786 1385 2977 1439 salutis
3006 1399 3113 1438 non
3138 1394 3454 1442 contemnas
3481 1401 3666 1442 aurem
3699 1387 3992 1454 inclinare,

2420 1483 2474 1528 et
2489 1471 2734 1530 Creatori
2754 1484 2867 1542 tuo,
2887 1475 3028 1529 sicut
3048 1474 3295 1542 te'decet,
3311 1491 3417 1531 non
3435 1476 3771 1538 eontradicas
3791 1475 3999 1530 offerre

2423 1563 2644 1632 gloriam
2673 1575 2727 1618 et
2758 1565 3040 1620 honorem.
3069 1561 3234 1617 Valde
3267 1556 3466 1634 quippe
3507 1566 3789 1636 indignum
3815 1572 3901 1619 est
3925 1575 4002 1620 ιιι

2423 1651 2704 1721 honorem,
2745 1670 2907 1726 quem
2955 1669 2987 1708 a
3041 1655 3318 1710 conservis
3363 1663 3418 1710 et
3465 1655 3726 1710 fratribus
3779 1654 4001 1709 nostris

2424 1744 2710 1814 exigimus,
2761 1743 3005 1798 Creatori
3048 1753 3102 1799 et
3143 1743 3489 1817 Redemptori
3545 1753 3733 1799 nostro
3761 1744 4002 1798 reddere

2427 1845 2857 1890 contemnamus.
2884 1834 3094 1889 Moveat
3123 1834 3306 1903 itaque
3346 1850 3449 1889 nos
3465 1835 3652 1888 divina
3675 1834 4006 1903 promissio,

769 1909 996 1964 tandum
1046 1915 1199 1971 vobis
1231 1927 1314 1973 est
1343 1930 1607 1990 quantum
1658 1903 1804 1978 nunc
1847 1925 1913 1979 de
1943 1903 2180 1997 irrogata
2223 1903 2325 1983 sibi
2357 1927 2400 1982 B
2423 1940 2530 1994 qua
2561 1925 2760 1980 dicitur
2786 1943 2798 1978 :
2826 1923 2937 1994 Ego
2965 1903 3316 1995 gloriﬁcantes
3344 1941 3424 1977 me
3470 1923 3798 1993 gloriﬁcabo,
3821 1931 3869 1976 et
3898 1925 4002 1991 qui

769 1997 972 2068 injuria
992 2003 1173 2060 dolere
1187 2007 1447 2065 debeatis.
1472 2009 1586 2067 Nisi
1607 2013 1752 2067 enim
1778 2014 1885 2080 hic,
1913 2015 2004 2070 ubi
2027 2032 2123 2086 per
2140 2018 2328 2074 discri-

769 2089 918 2145 mina
953 2095 1314 2152 tentationum
1339 2109 1517 2157 vestra
1552 2100 1684 2156 ﬁdes
1729 2110 1782 2157 et
1815 2103 1975 2159 corda
2008 2105 2326 2180 probantur,

771 2181 907 2234 socii
931 2185 1246 2250 passionum
1273 2187 1600 2257 eﬂiciamini,
1634 2194 1825 2260 procul
1856 2193 2023 2248 dubio
2057 2211 2164 2251 non
2195 2199 2331 2254 estis

773 2268 921 2338 digni
951 2280 1012 2325 ut
1044 2275 1332 2345 participes
1363 2277 1560 2334 futurae
1590 2281 1998 2340 consolationis
2028 2291 2084 2339 et
2111 2283 2205 2337 lilii
2242 2301 2348 2340 re-'

773 2360 867 2428 gni
899 2361 1174 2420 caelestem
1220 2383 1478 2426 coronam
1512 2381 1567 2426 et
1600 2373 1825 2443 gloriam
1864 2376 2185 2448 sortiamini.
2220 2376 2332 2432 Ro-

773 2462 966 2516 gamus
1006 2451 1171 2522 igitur
1198 2456 1516 2515 charitatcm
1547 2472 1808 2530 vestram,
1842 2474 1902 2518 ut
1954 2466 2220 2520 instanter
2250 2467 2335 2521 di-

774 2537 957 2612 vinam
990 2543 1416 2609 misericordiam
1451 2551 1740 2621 implorare
1762 2554 2046 2627 studentis,
2068 2565 2336 2625 quatenus

778 2638 875 2685 aut
921 2634 1085 2688 corda
1131 2636 1423 2706 impiorum
1480 2641 1547 2696 ad
1599 2643 1969 2712 paenitentiam
2004 2652 2196 2710 vertat,
2245 2653 2341 2698 aut

781 2721 1126 2788 reprimendo
1172 2741 1363 2781 eorum
1420 2730 1652 2785 nefanda
1698 2733 1947 2798 consilia,
1998 2748 2162 2800 quam
2207 2733 2340 2787 insi-

779 2810 999 2879 pientes
1025 2820 1081 2868 et
1101 2816 1252 2871 stulti
1276 2826 1404 2872 sunt
1417 2820 1510 2888 qui
1538 2829 1746 2888 petram
1773 2837 1805 2874 a
1821 2819 2040 2875 Christo
2063 2820 2340 2877 fundatam

779 2910 1046 2970 evertere,
1103 2913 1158 2960 et
1215 2907 1394 2962 divina
1448 2910 1724 2980 privilegia
1785 2911 1989 2964 violare
2053 2921 2338 2977 conantur,

781 2991 1054 3047 ostendat.
1102 2993 1344 3060 Qualiter
1399 3006 1581 3052 autem
1623 3008 1720 3053 aut
1767 3015 1864 3068 pro
1920 2999 2118 3068 quibus
2161 3001 2343 3056 causis

786 3078 981 3157 beatus
1004 3081 1200 3140 Petrus
1242 3088 1600 3143 anathematis
1642 3089 1860 3142 vinculo
1886 3104 2066 3157 regem
2093 3089 2346 3157 alligave-

721 3190 736 3193 π
785 3168 876 3234 rit,
902 3169 957 3222 in
991 3171 1236 3226 chartula
1260 3185 1383 3243 quae
1428 3177 1556 3230 huic
1581 3177 1790 3230 inclusa
1818 3185 1902 3231 est
1933 3176 2088 3246 plene
2115 3179 2344 3246 potestis

785 3274 1134 3329 cognoscere.
1514 3276 1517 3279 '

1189 3438 1195 3445 ι
1321 3355 1654 3412 EPISTOLA
1685 3357 1794 3412 νη.

1091 3459 1155 3497 Δί)
1185 3461 1452 3502 ιιεκιυευκ
1481 3464 1655 3504 REGE!
1692 3463 2036 3503 BOMNOBUI.

1378 3539 1561 3608 (Anno
1580 3539 1760 3608 1075.)

791 3618 1030 3700 Lrelatur
1051 3639 1218 3692 regem
1241 3625 1499 3744 religiosis
1521 3629 1646 3680 viris
1667 3627 1944 3680 discordia
1968 3643 2203 3690 causam,
2229 3642 2348 3694 qua!

862 3699 999 3742 inter
1023 3693 1320 3744 eos‘interce
1353 3696 1490 3744 ebat.
1516 3696 1853 3744 commisisse.
1881 3710 2099 3744 auorum
2127 3694 2345 3744 consilio

862 3699 999 3742 inter
1023 3699 1320 3746 eos‘interce

863 3836 1011 3903 tatur
1024 3837 1092 3903 ut
1114 3845 1266 3903 erga_
1281 3829 1520 3903 Saxones
1545 3829 1778 3903 devictos
1793 3829 2066 3903 clementer
2098 3847 2150 3903 ξε
2179 3839 2346 3903 gerat,

862 3910 910 3954 et
935 3901 989 3952 in
1002 3901 1184 3972 locum
1214 3901 1522 3957 Herimanni
1555 3900 1778 3972 (ἱερὸδὶιὶ
1813 3899 1979 3955 alium
2018 3902 2074 3954 in
2097 3899 2350 3956 Bambcr-

865 3971 1010 4038 gensi
1034 3969 1272 4024 Ecclesia
1295 3975 1541 4026 canonice
1569 3969 1953 4042 subrogandum
1979 3980 2140 4024 curet.

859 4059 1163 4115 Caesonius
1182 4061 1465 4131 episcopus
1488 4079 1675 4119 servus
1696 4053 1976 4116 servOrum
1996 4059 2088 4114 De'i
2108 4059 2350 4123 Henalco

797 4148 932 4217 regi,
957 4149 1182 4202 salutem
1211 4161 1266 4205 et
1289 4154 1641 4231 apostolicam
1677 4152 2120 4206 benedictionem.
2268 4215 2272 4227 .

865 4235 1093 4300 Quando
1115 4240 1321 4297 litteras
1347 4251 1453 4299 tua:
1473 4244 1859 4314 magnitudinis
1881 4243 2083 4310 accepi,
2098 4244 2256 4310 longe
2284 4241 2354 4296 ab

801 4327 936 4380 urbe
967 4331 1199 4384 maxime
1233 4331 1410 4401 [forte,
1466 4336 1744 4402 maximae,
1777 4333 1975 4405 iitum]
2007 4350 2172 4400 causa
2201 4333 2355 4396 inii!“

803 4417 1005 4471 mitatis
1022 4418 1324 4487 aberamus,
1348 4439 1470 4476 cum
1488 4425 1684 4491 quibus
1699 4407 1803 4496 l[f.,
1818 4433 1872 4477 et
1897 4425 1965 4478 ab
1993 4425 2108 4491 bis,
2128 4425 2205 4476 sic
2225 4431 2273 4475 et
2300 4422 2357 4474 in

805 4505 1026 4576 Mutin.)
1055 4510 1418 4564 necessarium
1447 4520 1564 4564 erat
1592 4519 1822 4566 tractare
1845 4512 1978 4580 quid
2003 4520 2200 4576 vestrae
2213 4512 2359 4578 lega-

805 4597 937 4651 tioni
969 4599 1037 4653 ad
1067 4599 1304 4666 plenum,
1329 4600 1472 4671 sicut
1491 4609 1720 4670 oportet,
1743 4600 2144 4669 responderem.
2173 4597 2363 4651 Vester

806 4693 968 4746 etiam
1000 4691 1243 4767 nuntius,
1285 4693 1480 4745 borum
1512 4691 1754 4745 videlicet
1793 4690 2042 4759 portitor,
2073 4686 2144 4742 ob
2165 4687 2370 4756 przediv

789 4791 948 4837 'ctam
976 4769 1195 4838 causam
1209 4784 1547 4854 aegritudinis
1567 4783 1791 4837 timebat
1816 4783 2097 4836 nobiscum
2123 4796 2358 4835 manere.

814 4870 921 4925 Sed
956 4873 1083 4940 quia
1107 4873 1477 4929 desideramus
1506 4889 1615 4928 non
1646 4873 1821 4926 solum
1869 4873 2170 4936 vobiscum,
2203 4885 2364 4939 quem

813 4958 959 5014 Deus
1000 4962 1057 5013 in
1099 4979 1312 5018 summo
1352 4981 1530 5020 rerum
1558 4965 1739 5033 posuit
1779 4961 2034 5027 culmine,
2080 4961 2364 5022 sed.etiam

813 5063 943 5102 cum
987 5050 1237 5112 omnibus
1269 5053 1577 5117 hominibus
1611 5069 1792 5124 pacem
1818 5067 1939 5126 qua:
1966 5053 2020 5105 in
2051 5046 2369 5105 Christoest

818 5138 1038 5203 habere,
1071 5138 1270 5207 jusque
1302 5155 1459 5193 suum
1480 5143 1772 5212 unicuique
1795 5140 2369 5209 observare,cupimus

817 5243 1161 5297 summopere
1205 5229 1363 5282 corde
1390 5237 1446 5281 et
1476 5231 1658 5284 animo
1689 5232 1981 5286 adhaerere.
2033 5230 2168 5286 Novi
2223 5229 2369 5299 enim

819 5319 992 5391 (quod
1026 5328 1078 5372 te
1101 5319 1264 5373 credo
1294 5334 1402 5372 non
1429 5319 1695 5389 ignorare)
1721 5321 1848 5388 quia
1872 5321 1966 5386 qui
1987 5320 2157 5398 Deum
2187 5337 2371 5374 revera

821 5409 1071 5479 diligunt,
1096 5419 1152 5464 et
1172 5409 1467 5464 Romanam
1493 5409 1786 5464 Ecciesiam
1833 5411 2240 5477 Romanumque
2267 5412 2372 5463 im-

824 5499 1057 5565 perium,
1102 5501 1170 5555 ad
1196 5500 1490 5555 vindictam
1520 5499 1699 5572 [forte,
1730 5516 1792 5554 ac
1829 5500 2145 5564 vindictam,
2181 5496 2380 5568 HABDJ

825 5602 1052 5641 suorum
1095 5590 1383 5645 criminum
1415 5607 1524 5646 non
1556 5591 1958 5661 pertimescunt.
1987 5590 2127 5643 inter
2159 5603 2259 5642 nos
2284 5602 2382 5654 pa-

833 5688 949 5742 cem
972 5684 1024 5730 et
1047 5679 1387 5747 concordiam
1413 5680 1650 5750 inserere
1680 5681 1886 5750 agendo
1913 5681 1994 5733 vel
2026 5677 2232 5733 orando
2257 5692 2386 5729 con—

836 5763 1136 5831 cupiscunt.
1195 5769 1531 5841 Quapropter
1582 5772 1777 5827 bonam
1835 5770 2054 5840 concepi
2109 5767 2384 5834 fiduciam,

1353 3696 1491 3763 eoat,
1516 3696 1853 3760 commisisse,
1881 3710 2099 3763 quorum
2127 3694 2345 3763 consilio
2378 3694 2385 3698 ’

863 3759 943 3810 ait
964 3775 1018 3811 se
1040 3776 1155 3812 eum
1181 3761 1250 3813 ad
1276 3761 1526 3833 Ecclesia:
1556 3763 1806 3833 gremium
1834 3759 2174 3833 recepturum.
2202 3761 2372 3815 Hor-'

2426 2032 2506 2069 me
2533 2024 2882 2081 contemnunt,
2912 2023 3062 2068 erunt
3097 2014 3346 2084 ignobiles
3378 2013 3434 2083 (Ι
3460 2013 3586 2084 Reg.
3636 2014 3734 2082 It);
3782 2022 3836 2066 et
3855 2012 4005 2067 offe—

2426 2122 2614 2163 ramus
2635 2107 2684 2161 ei
2710 2105 2856 2175 quod
2877 2106 3053 2174 placet
3073 2105 3228 2159 nobis
3249 2105 3351 2159 hac
3370 2105 3426 2165 in
3449 2105 3536 2158 via
3551 2102 4001 2178 [vita]sa2culari,

2431 2205 2489 2252 ut
2509 2196 2852 2266 perfruamur
2879 2195 2936 2247 in
2960 2195 3269 2250 cmiestibus
3289 2195 3444 2249 dono
3471 2195 3761 2263 Spirituali.
3787 2192 3864 2249 De
3893 2209 4003 2248 su-

2429 2285 2613 2355 perbia
2662 2299 2790 2338 vero
2833 2282 3108 2337 Saxonum
3153 2284 3308 2339 vobis
3364 2283 3564 2353 injuste
3595 2284 4003 2352 resistentium,

2431 2392 2553 2446 quae
2581 2375 2765 2430 divino
2805 2359 3012 2444 judicio
3047 2390 3076 2429 a
3108 2373 3263 2442 facie
3297 2384 3477 2432 vestra
3522 2376 3759 2446 contrita.
3795 2385 3898 2440 est,
3943 2385 4010 2431 es

2433 2467 2772 2538 gaudendum
2792 2474 2875 2520 est
2895 2481 2998 2535 pro
3013 2482 3144 2536 pace
3171 2466 3446 2534 Ecclesiae,
3468 2476 3523 2523 et
3541 2467 4009 2537 dolendum,quia

2434 2559 2638 2611 multus
2670 2555 3104 2610 Christianorum
3148 2558 3369 2627 sanguis
3394 2556 3597 2614 effusus
3624 2566 3726 2614 est.
3755 2557 3863 2612 Vos
3897 2574 4007 2612 au-

2436 2638 2542 2702 tem
2579 2647 2634 2699 in
2665 2645 2861 2700 talibus
2901 2646 3024 2714 plus
3048 2647 3310 2700 honorem
3355 2645 3452 2702 Dei
3494 2657 3548 2700 et
3588 2647 3855 2716 justitiam
3875 2647 4010 2716 ejus

2436 2745 2721 2806 procurate
2741 2735 3026 2791 defendere
3040 2752 3202 2806 quam
3220 2722 3422 2792 honori
3443 2725 3660 2808 proprio
3681 2737 4004 2806 providere;

2438 2827 2685 2882 securius
2705 2827 2851 2881 enim
2871 2827 3099 2896 quilibet
3129 2827 3380 2897 princeps
3420 2827 3565 2883 mille
3595 2828 3789 2897 impios
3824 2835 4013 2896 potest

2437 2933 2602 2973 causa
2639 2918 2872 2988 iustitia:
2910 2917 3105 2984 punire
3149 2933 3313 2986 quam
3345 2917 3578 2988 propriae
3624 2933 3789 2976 causa
3819 2917 4013 2989 gloriae

2438 3007 2731 3076 quemlibet
2743 3004 3115 3060 Christianum
3140 3005 3318 3076 gladio
3350 3016 3609 3077 sternere.
3635 3007 3827 3062 Omnia
3855 3010 4012 3064 enim

2437 3095 2639 3150 creavit
2669 3095 2900 3164 et'regit,
2944 3095 3039 3163 qui
3068 3095 3242 3150 dixit:
3267 3093 3379 3164 Ego
3400 3089 3646 3166 gloriam
3675 3114 3845 3151 meam
3900 3115 4021 3153 non

2437 3199 2616 3253 quem
2643 3182 2820 3255 (Joan.
2852 3185 2992 3256 vui).
3033 3183 3208 3240 Saluti
3249 3186 3450 3255 quippe
3495 3196 3692 3242 nostra:
3720 3197 3849 3243 tunc
3878 3204 4016 3244 vere

2441 3273 2804 3342 providemus,
2832 3290 2960 3329 cum.
2978 3275 3034 3329 in
3059 3276 3274 3342 eunetis
3298 3276 3499 3332 nostris
3532 3277 3741 3332 actibus
3776 3273 4013 3348 gloriam

2442 3361 2536 3417 Dei
2555 3364 2932 3432 preponirnus.
2961 3363 3038 3418 De
3059 3363 3391 3421 Herimanuo
3410 3381 3539 3421 vero
3567 3369 3840 3436 Quondam
3865 3385 4018 3423 nun-

2441 3461 2638 3522 cupato
2673 3452 3062 3524 Bambcrgensi
3088 3456 3363 3525 episcopo,
3379 3441 3605 3512 "noverit
3631 3468 3808 3513 vestra
3839 3460 4020 3515 subli-

2442 3543 2624 3606 mitas,
2661 3543 2787 3610 quia
2809 3542 3018 3610 jamdiu
3053 3553 3138 3597 est
3183 3559 3251 3597 ex
3285 3561 3394 3613 quo
3419 3561 3514 3614 per
3545 3549 3835 3624 quemdam.
3859 3550 4019 3619 ejus-

2441 3629 2566 3683 dem
2608 3627 2864 3683 Ecclesize
2910 3629 3168 3684 clericum
3213 3633 3366 3686 vobis
3410 3643 3703 3703 nostroque
3747 3638 4018 3694 confratri

2446 3718 2714 3790 Sigifredo
2741 3717 3057 3788 Moguntina
3086 3721 3494 3792 archiepiscopo
3541 3733 3597 3804 et
3630 3725 3840 3780 clericis
3872 3742 4023 3796 pra-
4071 3718 4083 3724 ’

2445 3809 2603 3867 dicta:
2649 3807 2904 3865 Ecclesia:
2950 3809 3201 3866 misimus
3233 3829 3329 3881 per
3371 3806 3586 3869 nostras
3631 3814 3834 3870 litteras
3864 3819 4020 3886 quod

2447 3901 2765 3959 auctoritate
2809 3902 3117 3970 apostolicae
3165 3894 3309 3958 sedis
3355 3905 3425 3958 ab
3465 3905 3612 3959 omni
3643 3908 3936 3977 episcopali
3963 3919 4025 3963 et

2448 3992 2766 4047 sacerdotali
2799 3991 3059 4061 dignitate
3098 3993 3170 4047 sit
3209 3993 3504 4062 depositus,
3548 4004 3603 4050 et
3651 3997 4022 4054 anathematis

2447 4084 2664 4138 vinculo
2687 4083 2954 4152 alligatus,
2977 4084 3103 4153 quia
3138 4100 3246 4138 non
3271 4085 3449 4140 timuit
3471 4086 3789 4142 Simoniacze
3813 4089 4017 4146 haeresi

2452 4173 2792 4245 sacrilegium
2847 4174 3098 4243 adjicere,
3150 4163 3502 4246 sanctamque
3547 4177 3842 4233 Ecclesiam
3907 4180 4022 4237 sibi

2453 4266 2801 4324 commissam
2835 4266 2978 4319 sicut
3000 4273 3264 4336 tyrannus
3288 4267 3588 4321 devastare.
3621 4266 3776 4321 Unde
3805 4272 4027 4338 rogavi—

2454 4371 2578 4410 mus
2600 4365 2654 4409 et
2683 4341 2929 4422 exparte
2953 4355 3095 4407 beati
3121 4347 3276 4408 Petri
3298 4355 3651 4422 praecepimus
3691 4364 3744 4408 et
3767 4358 4031 4425 praecipi-

2457 4456 2602 4508 mus,
2628 4450 2690 4494 ut
2713 4441 2768 4494 in
2798 4441 3050 4508 pnedicta
3087 4439 3327 4495 Ecclesia
3369 4441 3664 4495 secundum
3703 4440 3871 4495 Deum
3898 4445 4031 4500 talis

2392 4570 2436 4623 Β
2461 4539 2645 4600 pastor
2671 4530 2971 4593 ordinetur,
2996 4529 3088 4598 qui
3117 4530 3259 4598 quod
3285 4529 3371 4583 fur
3395 4539 3448 4583 et
3474 4530 3610 4583 latro
3636 4531 3891 4586 mactavit
3912 4531 4028 4588 Deo

2466 4623 2680 4677 favente
2707 4619 2960 4686 viviﬁcet,
2983 4629 3038 4673 et
3067 4621 3212 4689 quod
3237 4621 3324 4674 ille
3347 4620 3630 4690 dissipavit
3651 4622 4033 4684 valeatresar-

2466 4714 2597 4769 cire.
2635 4711 2986 4781 Omnipotens
3028 4711 3194 4778 Deus,
3239 4728 3270 4766 a
3298 4728 3408 4782 quo
3442 4723 3636 4768 cuncta
3663 4714 3804 4768 bona
3837 4731 4030 4785 proce-

2467 4805 2622 4870 dunt,
2645 4804 2850 4858 meritis
2871 4811 2924 4858 et
2944 4804 3330 4859 intercessione
3354 4805 3633 4858 beatorum
3658 4807 4030 4874 apostolorum

2469 4893 2612 4948 Petri
2630 4903 2683 4949 et
2708 4893 2861 4948 Pauli
2895 4908 2993 4948 sua
3021 4894 3217 4963 pietate
3249 4894 3302 4947 in
3330 4895 3433 4949 hac
3458 4895 3568 4948 vita
3594 4909 3695 4947 vos
3720 4893 3872 4964 [nos]
3901 4910 4034 4962 pro-

2470 4992 2634 5053 tegat,
2690 4992 2744 5037 et
2773 4990 2911 5037 'cum
2961 4984 3123 5052 dupla
3170 4984 3396 5038 victoria
3439 4980 3727 5053 perducat‘
3757 4980 3907 5051 [nos]
3963 4975 4060 5036 ad'

2473 5074 2640 5130 vitam
2664 5081 2938 5128 aeternam.
3066 5108 3068 5110 τ

2636 5148 2641 5154 ’
2891 5195 2894 5198 ,
2991 5139 3326 5196 EPISTOLA
3374 5137 3502 5192 Vill.

2683 5247 2747 5286 AD
2778 5247 3059 5285 TEDALDUI
3081 5244 3346 5297 οιεωευι
3372 5239 3820 5281 ιευιοιικεδεει.

3057 5318 3234 5388 (Anno
3257 5314 3448 5382 ¹1075.)

2475 5411 2666 5480 Arguit
2691 5408 2994 5480 cumquod,
3026 5404 3300 5480 superstite
3317 5403 3554 5480 episcopo
3583 5406 3831 5459 canonice
3851 5405 4038 5480 electo,

2549 5472 2602 5532 ie
2655 5480 2708 5530 in
2743 5472 2891 5545 iam.
2937 5472 3108 5545 locum
3160 5472 3451 5545 intruserit.
3487 5472 3658 5545 Monet
3681 5483 3752 5545 ut
3780 5472 4041 5545 synodum

2548 5547 2782 5614 proxime
2802 5542 3093 5614 [iubendam
3125 5538 3358 5614 accedat,
3381 5541 3525 5614 eique
3557 5541 3625 5594 ad
3651 5538 3955 5614 scaenica“
3975 5547 4045 5614 ﬁ—

2550 5608 2664 5665 dem
2689 5611 2950 5680 publicam
2972 5608 3250 5680 promittit,
3284 5610 3585 5676 pra’cipiens
3614 5626 3678 5664 ne
3708 5611 3925 5666 interim
3949 5608 4044 5667 υἱι-

2553 5696 2666 5732 cros
2689 5675 2897 5731 ordines
2919 5675 3189 5742 suscipiat.

2557 5767 2863 5822 GREGOBIUS
2911 5765 3210 5835 episcopus,
3256 5772 3440 5822 servus
3470 5781 3750 5822 servorum
3785 5767 3903 5833 Dei,
3938 5759 4048 5821 1's-
