4218 6384
349 427 453 479 457

1469 432 1672 491 LIBER
1711 437 2110 494 TERTIUS.—
2147 440 2361 496 EPIST.
2405 442 2490 494 IX.

3480 445 3580 503 £38

345 553 521 595 DALDO
544 538 934 599 Mediolanensi
957 542 1174 611 clerico,
1216 535 1444 603 salutem
1470 557 1524 604 et
1569 553 1919 620 apostolicam
1953 556 1994 609 Α
2025 569 2131 607 non
2154 555 2468 620 credideris,
2514 555 2792 624 pmnitcbit
2833 565 2884 610 te
2912 556 3257 626 quandoque,
3284 575 3408 613 cum
3459 568 3580 616 tua-

345 626 807 697 benedictionem,
831 633 880 687 si
909 635 1192 690 obedierit.

418 715 742 773 Nuntiatum
797 721 953 775 nobis
1001 730 1086 777 est
1125 737 1159 778 a
1199 724 1524 793 quibusdam
1570 727 1772 783 nostris
1807 727 1924 798 [ve-

342 803 503 875 stris]
544 804 796 863 ﬁdelibus
825 817 879 862 et
913 808 1020 865 tuis
1053 809 1245 865 amicis
1271 819 1323 865 te
1364 813 1657 866 amicitiam
1684 821 1924 868 nostram

342 909 551 964 cupere
604 904 660 949 et
705 906 976 966 expetere,
1022 914 1186 967 quam
1238 914 1339 955 nos
1375 901 1593 969 quidem
1625 903 1789 956 etiam
1818 916 1926 955 non

342 982 639 1049 quesitam
665 985 833 1054 gratis
879 982 1196 1054 otl'erimus‘;
1251 988 1533 1057 quaesitam
1581 1003 1710 1042 vero
1741 1004 1926 1058 prom-

344 1072 602 1140 ptissime
628 1074 842 1139 damus,
875 1077 920 1130 si
945 1077 999 1129 in
1034 1077 1120 1132 his
1141 1093 1263 1146 qua;
1288 1078 1382 1132 Dei
1405 1088 1551 1145 sunt,
1581 1081 1783 1134 nostris
1811 1094 1928 1133 mo-

346 1160 503 1224 nitis,
531 1161 644 1213 imo
677 1161 874 1216 divinas
927 1164 1191 1218 voluntati
1215 1166 1282 1232 ad
1314 1166 1580 1235 justitiam
1633 1175 1685 1220 te
1713 1166 1930 1235 acquie-

345 1260 505 1300 scere
532 1247 671 1301 velle
717 1251 1150 1319 cognoverimus.
1207 1251 1266 1305 In
1318 1268 1485 1321 causa
1535 1254 1732 1308 etenim
1764 1268 1926 1322 quam

346 1338 662 1406 suscepisse
694 1340 915 1406 videris,
943 1349 998 1395 et
1043 1351 1245 1396 nostra:
1289 1343 1642 1399 sollicitudini
1693 1343 1931 1398 necessi-

344 1433 520 1478 tatem
570 1427 836 1495 gravioris
889 1430 1586 1507 sarcinaasuperaddidisti,
1617 1440 1671 1486 et
1698 1432 1927 1500 teipsum

344 1513 552 1582 quibus
579 1529 691 1568 non
749 1517 988 1584 oportuit
1008 1505 1456 1586 implicuisti;in
1505 1511 1612 1590 qua
1666 1519 1928 1575 nimirum

344 1620 541 1670 causa,
573 1607 715 1660 sicut
736 1609 1106 1676 periculosum
1142 1612 1301 1666 nobis
1353 1622 1500 1667 esset
1538 1613 1742 1684 aliquid
1787 1615 1929 1669 ultra

344 1692 578 1747 limitem
607 1695 878 1764 aequitatis
921 1697 1199 1768 prosequi,
1230 1700 1303 1754 ita
1330 1701 1493 1755 etiam
1521 1701 1746 1770 justitia“:
1770 1719 1928 1773 regu-

347 1781 434 1835 las
479 1782 756 1838 declinare
788 1793 840 1838 et
863 1787 965 1839 sub
1022 1786 1237 1842 silentio
1272 1789 1618 1845 dissimulare
1651 1798 1924 1859 putamus.

347 1867 468 1922 Non
501 1879 686 1925 autem
745 1875 1085 1942 prudentiam
1130 1883 1276 1929 tuam
1325 1877 1574 1946 ignorare
1633 1879 1922 1942 credimus,
1959 1885 1999 1939 Β

345 1959 495 2026 quod
518 1960 587 2014 ad
617 1961 976 2032 episcopalem
1003 1965 1334 2028 cathedram,
1384 1964 1570 2033 inqua
1607 1967 1816 2034 positus
1839 1982 1916 2030 es,

345 2058 475 2102 ante
503 2058 560 2103 te
595 2051 699 2106 alia
733 2065 853 2121 qum
895 2053 1074 2108 adhuc
1129 2062 1404 2124 superstes
1450 2065 1533 2110 est
1573 2041 1746 2110 \fuerit
1785 2056 1922 2111 assi-

343 2146 509 2207 gnata
555 2154 828 2208 persona;
871 2158 993 2212 quae
1050 2143 1157 2198 nisi
1209 2143 1373 2213 justis
1424 2145 1728 2202 rationibus
1772 2147 1923 2216 prius

343 2240 578 2300 excepta
605 2232 786 2300 fuerit,
808 2236 1108 2306 legitimum
1133 2236 1187 2291 in
1216 2251 1280 2292 ea
1304 2238 1398 2292 tibi
1426 2245 1520 2293 aut
1543 2239 1798 2308 cuiquam
1825 2254 1922 2308 pa-

345 2327 463 2373 tere
496 2320 679 2374 locum
724 2338 822 2377 nec
877 2325 1138 2379 canonica
1185 2339 1284 2378 nec
1349 2323 1648 2393 apostolica
1692 2333 1924 2381 censura
1971 2345 1976 2349 ’

345 2409 634 2476 permittit.
663 2409 798 2466 Nam
828 2413 894 2466 de
923 2413 1014 2466 illo
1052 2414 1180 2483 quid
1200 2413 1489 2468 dicendum
1521 2415 1677 2470 nobis
1701 2423 1804 2481 est,
1830 2416 1925 2484 qui

344 2496 484 2548 dum
511 2497 774 2552 honorem
803 2500 1043 2568 ejusdem
1082 2500 1226 2554 sedis
1258 2499 1505 2558 nefandis
1531 2502 1804 2558 aﬁ'ectaret
1830 2503 1926 2558 dc-

348 2584 593 2650 sideriis,
619 2587 764 2655 quod
783 2586 993 2655 justitia
1027 2588 1128 2642 sibi
1168 2589 1452 2661 denegavit
1503 2592 1764 2663 sacrilega
1798 2592 1850 2646 vi
1876 2602 1931 2647 et

348 2674 528 2727 armis
557 2675 812 2730 invadere
833 2692 896 2732 ac
917 2677 1153 2747 diripere
1179 2695 1285 2732 non
1314 2682 1590 2750 pepercit,
1627 2696 1787 2751 quem
1810 2696 1928 2735 am-

349 2764 585 2820 bitionis
605 2767 784 2836 culpa,
815 2783 978 2838 quam
1003 2770 1254 2824 deserere
1285 2770 1476 2837 noluit,
1505 2785 1679 2840 usque
1728 2770 1793 2825 ad
1837 2771 1927 2841 ju-

348 2865 500 2910 stam
522 2855 1013 2929 damnationistuae
1034 2860 1328 2929 perniciem
1352 2861 1553 2916 traxit?
1581 2860 1658 2916 De
1689 2876 1757 2917 eo
1774 2860 1932 2916 nobis

347 2955 440 3000 est
471 2961 654 3002 sermo
679 2949 774 3017 qui
800 2949 1081 3006 nobiscum
1103 2961 1204 3018 est,
1220 2967 1381 3021 quem
1406 2953 1636 3006 electum
1667 2952 1723 3006 in
1743 2951 1932 3004 eadem

349 3033 601 3089 Ecclesia
634 3046 781 3091 certe
811 3039 1200 3108 cognovimus;
1257 3038 1350 3092 sed
1404 3053 1502 3092 cur
1532 3037 1808 3108 reprobari
1834 3037 1930 3091 de-

350 3124 504 3190 beat,
562 3126 706 3180 nulla
736 3127 913 3181 adhuc
939 3127 1341 3196 deprehendere
1375 3128 1654 3198 potuimus
1699 3128 1928 3182 ratione.

2029 653 2136 696 met
2162 644 2579 713 praecipitatione
2609 654 2659 699 te
2679 662 2745 699 eo
2773 661 3008 698 mersum
3036 646 3260 709 videbis,
3292 645 3432 701 unde
3460 662 3583 702 cum

2029 733 2262 788 volueris
2298 733 2505 789 salvum
2541 743 2593 788 te
2619 734 2825 803 eripere
2848 749 2952 786 non
2987 734 3180 802 possis.
3213 734 3268 788 Si
3305 736 3396 803 qui
3424 737 3584 805 igitur

2028 838 2135 876 non
2162 823 2516 894 percipientes
2540 839 2602 877 ea
2647 840 2768 893 qua:
2793 823 2887 877 Dei
2916 833 3060 889 sunt,
3092 824 3245 878 aliter
3272 825 3367 878 tibi
3395 840 3586 896 sugge-

2027 927 2147 967 rere
2173 921 2226 968 et
2252 915 2575 982 persuadere
2601 914 2876 982 incipiant,
2901 923 3232 969 ostentantes
3261 924 3460 984 quanta
3487 915 3585 970 tibi

2027 1002 2136 1058 sint
2162 1003 2218 1056 in
2246 1019 2370 1072 rege
2397 1004 2662 1073 praesidia,
2693 1011 2892 1073 quanta
2946 1004 3002 1056 in
3029 1012 3121 1058 tua
3170 1004 3444 1059 nobilitate
3489 1021 3585 1074 po-

2029 1092 2214 1157 tentia,
2245 1101 2450 1162 quanta
2476 1093 2636 1148 etiam
2656 1093 2708 1148 in
2735 1092 2944 1146 civibus
2960 1093 3070 1147 tuis
3094 1093 3380 1162 adjutoria,
3412 1101 3582 1148 tntum

2028 1182 2124 1235 tibi
2154 1182 2260 1236 illis
2309 1182 2529 1237 credere
2577 1198 2684 1237 non
2719 1182 3015 1248 existimes,
3069 1182 3419 1238 considerans
3458 1184 3585 1252 quid

2031 1272 2310 1341 Scriptura
2340 1273 2484 1327 dicat
2543 1292 2555 1326 :
2603 1272 2916 1327 Maledictus
2956 1272 3128 1336 homo,
3155 1273 3243 1340 qui
3271 1288 3412 1340 spem
3437 1289 3587 1325 suam

2026 1365 2172 1432 ponit
2203 1365 2258 1417 in
2290 1363 2495 1416 homine
2534 1362 2666 1432 (Jer.
2705 1379 2836 1428 xvu,
2888 1362 2960 1432 7).
2991 1362 3164 1430 Atque
3193 1361 3297 1416 hoc
3323 1361 3376 1415 in
3406 1362 3589 1416 animo

2027 1462 2239 1523 gerens,
2260 1454 2403 1524 quod
2435 1469 2622 1523 regum
2668 1462 2722 1507 et
2750 1453 3134 1521 imperatorum
3164 1453 3354 1517 virtus,
3383 1461 3437 1506 et
3464 1453 3586 1510 uni-

2027 1560 2182 1598 versa
2210 1545 2521 1598 mortalium
2560 1544 2866 1607 conamina,
2908 1551 3096 1613 contra
3139 1542 3435 1610 apostolica
3463 1536 3585 1610 jura

2027 1642 2080 1688 et
2105 1633 2550 1702 omnipotentiam
2593 1632 2792 1686 summi
2846 1631 2942 1684 Dei
2971 1630 3125 1700 quasi
3153 1628 3335 1683 favilla
3362 1645 3586 1698 compu-

2028 1732 2209 1777 tentur
2233 1731 2286 1777 et
2308 1723 2481 1792 palea,
2512 1723 2714 1776 nullius
2736 1735 2975 1790 unquam
3006 1718 3264 1774 instinctu
3287 1718 3370 1773 vel
3397 1718 3590 1773 ﬁducia

2030 1813 2289 1867 adversus
2373 1811 2609 1866 divinam
2680 1819 2734 1864 et
2795 1809 3145 1878 apostolicam
3217 1808 3590 1863 auctoritatem

2025 1895 2295 1957 obstinata
2347 1901 2645 1956 temeritate
2677 1908 2730 1953 te
2753 1898 3001 1954 rebellem
3033 1907 3087 1952 et
3115 1897 3442 1966 pertinacem
3477 1898 3590 1951 ﬁeri

2021 1991 2203 2046 libeat.
2736 1990 2742 1993 “

2093 2079 2226 2134 Data
2264 2079 2468 2146 Romze,
2523 2096 2616 2134 V‘lll
2674 2079 2773 2152 [vn]
2815 2079 2940 2136 ldus
2987 2076 3315 2148 Septembris
3341 2075 3587 2148 [Decem-

2022 2169 2178 2242 bris],
2210 2171 2319 2225 ind.
2347 2186 2455 2224 xw.

2584 2303 2916 2360 EPISTOLA
2947 2302 3039 2358 IX.

2187 2413 2252 2450 ΑΙ)
2269 2411 2671 2452 SUFFBAGANEOS
2707 2408 2968 2450 Εοειεειιε
2982 2448 2985 2449 ν
2999 2407 3409 2464 κευιοιέικιῃεις

2607 2487 2785 2556 (Anno
2825 2485 3008 2552 1075.)

2030 2579 2304 2650 Signiﬁcat
2327 2595 2395 2650 se
2419 2577 2705 2650 Tedatdum
2736 2578 2788 2629 in
2829 2573 3205 2650 Mediolaneusi
3241 2570 3480 2626 Ecclesia
3512 2574 3590 2650 in-

2101 2641 2301 2701 tru'sum
2328 2648 2396 2699 ad
2420 2647 2675 2715 synodum
2707 2659 2932 2715 vocasse.
2959 2642 3210 2710 Prwcipit
3239 2657 3315 2695 eis
3354 2657 3416 2695 ne
3456 2659 3488 2695 τι
3513 2641 3596 2695 lus

2097 2717 2289 2770 audeat
2324 2732 2442 2771 eum
2459 2714 2538 2768 'ad
2564 2731 2741 2769 sacros
2768 2714 2974 2768 ordines
2998 2727 3315 2781 promovere.

2103 2831 2406 2886 GBEGORIUS
2425 2831 2732 2900 episcopus,
2768 2843 2958 2884 servus
2982 2814 3269 2882 servorum
3312 2825 3426 2891 Dei,
3490 2825 3602 2881 fra-

2035 2921 2226 2984 tribus,
2261 2929 2317 2974 et
2360 2921 2628 2988 episcopis
2672 2918 3029 2986 coepiscopis,
3068 2917 3342 2972 Caesonio
3387 2916 3598 2971 Vercel-
3655 2931 3658 2935 ‘

2033 3011 2189 3075 lensi,
2213 3010 2522 3065 CUNIBERTO
2548 3008 2892 3073 Taurinensi,
2918 3007 3096 3062 lucos!
3120 3005 3373 3078 [Hucoxl]
3411 3007 3603 3062 Asteri-

2036 3105 2103 3169 si,
2128 3101 2330 3157 OGERIO
2358 3101 2728 3171 Eporediensi,
2753 3098 2972 3155 Orizom
3000 3097 3290 3163 Laudensi,
3312 3105 3366 3150 et
3391 3095 3600 3152 caeteris

350 3213 719 3284 Quapropter,
770 3224 908 3271 teste
951 3189 1282 3273 cgnsciemi,
1325 3189 1534 3283 ηδςιη,
1559 3219 1772 3273 sincero
1807 3218 1935 3272 Cha-
1961 3202 2002 3257 C.
2035 3195 2394 3264 suﬁ'raganeis
2418 3204 2619 3253 sanctae
2638 3192 3053 3249 Mediolanensis
3081 3189 3337 3284 Ecclesiae
3351 3189 3601 3284 obedien-

350 3305 540 3360 ritatis
566 3306 759 3361 affectu
787 3315 838 3360 te
859 3308 1215 3362 admonemus
1235 3316 1297 3361 ut
1317 3308 1364 3361 si
1391 3306 1688 3362 Ecelesiam
1730 3307 1932 3376 diligis,

351 3404 411 3450 et
431 3403 490 3449 te
513 3396 717 3463 pariter
737 3404 900 3465 atque
942 3396 1091 3450 illam
1136 3413 1167 3451 a
1190 3397 1434 3467 periculo
1464 3395 1803 3451 confusionis
1823 3395 1934 3449 eri-

351 3497 492 3552 pere
512 3482 687 3550 cupis,
733 3483 801 3536 ad
830 3483 1135 3552 proximam
1159 3482 1450 3557 synodum,
1485 3500 1652 3554 quam
1682 3485 1736 3539 in
1760 3484 1933 3555 prima

354 3571 702 3628 hebdomada
725 3571 986 3628 venturae
1007 3573 1466 3646 Quadragesimze,
1499 3573 1612 3629 Deo
1639 3581 1934 3639 annuente,

353 3659 638 3715 celebrare
660 3660 1048 3729 disposuimus,
1085 3664 1191 3730 vel,
1221 3663 1269 3718 si
1297 3663 1506 3729 malles,
1529 3671 1655 3716 ante
1668 3663 1938 3732 synodum

352 3749 660 3816 apostolica
703 3749 893 3803 limina
946 3759 1002 3803 et
1028 3758 1269 3805 nostram
1297 3751 1545 3820 requiras
1565 3750 1934 3819 praesentiam,

351 3845 635 3906 quatenus
661 3837 729 3892 de
758 3838 987 3894 introitu
1006 3849 1121 3908 tuo,
1152 3842 1535 3914 priusquamte
1564 3841 1783 3911 gravius
1808 3854 1939 3909 prae-

352 3928 573 3998 cipites,
601 3944 778 3998 aequa,
827 3929 1125 3998 opitulante
1182 3931 1328 3999 Deo,
1365 3928 1767 3987 examinatione
1811 3945 1936 4000 per-

353 4024 504 4082 acta,
532 4018 679 4085 quod
703 4027 762 4072 tu
795 4019 908 4086 ipse
931 4027 1109 4074 tutum
1123 4020 1220 4076 tibi
1248 4019 1364 4074 fore
1387 4020 1709 4091 cognoveris
1735 4021 1940 4090 absque

355 4107 754 4176 impedimento
772 4117 827 4163 et
847 4109 1088 4178 periculo
1114 4110 1308 4165 animae
1333 4117 1440 4166 tua:
1488 4111 1644 4182 sequi
1667 4127 1732 4168 ac
1755 4120 1940 4166 tenere

354 4196 565 4267 possis.
620 4194 733 4253 Nec
775 4198 1129 4253 dubitandum
1179 4199 1278 4253 tibi
1307 4191 1519 4267 credas,
1567 4201 1614 4256 si
1655 4200 1804 4266 huic,
1844 4200 1938 4268 qui

357 4287 655 4342 nobiscum
683 4297 786 4354 est,
812 4289 1046 4344 dictante
1064 4289 1276 4360 justitia
1312 4291 1635 4347 cessandum
1664 4306 1785 4346 esse
1815 4305 1939 4361 per-

357 4378 732 4446 spexerimus,
769 4377 900 4450 quin
919 4378 984 4433 in
1019 4380 1362 4450 promotione
1389 4390 1482 4435 tua
1521 4379 1781 4436 benevola
1807 4394 1940 4434 con-

357 4469 622 4524 cessione
677 4469 745 4525 ad
799 4470 1063 4526 honorem
1117 4471 1502 4540 omnipotentis
1553 4471 1649 4526 Dei
1706 4479 1760 4526 et
1798 4468 1942 4524 beati

358 4558 646 4614 Ambrosii
685 4573 968 4614 assensum
994 4560 1199 4627 pariter
1242 4555 1580 4628 praebcamus
1608 4568 1663 4614 et
1683 4558 1939 4614 studium.

361 4648 454 4703 Ad
477 4648 770 4702 tollendam
817 4662 944 4702 vero
990 4648 1157 4704 totius
1184 4647 1410 4717 periculi
1442 4647 1827 4718 suSpicionem,
1855 4660 1942 4700 se-

361 4736 662 4791 curitatem
689 4735 786 4790 tibi
828 4750 924 4805 per
971 4752 1166 4793 manus
1203 4737 1434 4792 ﬁliarum
1463 4746 1775 4792 nostrarum
1804 4719 1947 4789 ’Βεε-

360 4824 526 4880 tricis
553 4833 609 4878 et
627 4826 747 4895 ejus
780 4825 902 4882 ﬁlia:
931 4825 1204 4897 Mathildis
1224 4827 1612 4897 promittimus,
1639 4832 1696 4878 et
1726 4824 1945 4880 indubi—

367 4923 554 4970 tanter
579 4903 793 4981 damus,
827 4925 888 4970 ut
907 4895 1041 5004 nihil
1059 4916 1178 4982 tibi,
1206 4895 1287 4970 vel
1322 4915 1409 4969 bis
1438 4913 1534 4983 qui
1573 4914 1630 4968 in
1654 4921 1748 4969 tuo
1773 4915 1946 4969 comi-

367 5013 494 5058 tatu
522 5003 741 5068 fuerint,
764 5001 1162 5081 contrarietatis
1188 5020 1218 5058 a
1253 5003 1411 5061 nobis
1460 5003 1545 5056 v'el
1576 5003 1778 5058 nostris
1805 5001 1942 5056 inle-

369 5101 564 5159 ratur;
586 5093 681 5147 sed
711 5092 764 5146 in
794 5093 956 5146 rebus
1001 5099 1057 5146 et
1095 5090 1345 5161 personis
1370 5089 1586 5155 vestris,
1615 5098 1727 5144 tam
1779 5089 1832 5143 in
1861 5103 1948 5143 ve-

373 5182 579 5238 niendo
597 5198 763 5252 quam
803 5181 1097 5247 redeundo,
1126 5181 1230 5235 tuti
1281 5180 1496 5250 penitus
1549 5187 1604 5235 et
1641 5179 1815 5254 illaesi,
1837 5177 1948 5232 Deo

373 5277 738 5341 costodiente,
787 5277 1068 5342 maneatis,
1125 5281 1344 5329 ostensa
1374 5274 1716 5329 solummodo
1736 5280 1790 5325 et
1815 5284 1949 5324 eon-

376 5365 596 5422 ﬁrmata
621 5381 686 5422 ea
712 5380 835 5435 quae
861 5365 918 5419 in
944 5381 1111 5421 causa
1155 5372 1248 5418 tua
1295 5362 1459 5419 fuerit
1484 5363 1712 5436 tenenda
1741 5369 1952 5414 senten-

379 5457 478 5512 tia.
510 5457 732 5513 lnterim
760 5469 978 5525 quoque
1004 5471 1070 5510 ex
1104 5463 1256 5525 parte
1314 5453 1411 5510 Dei
1461 5451 1867 5522 omnipotentis,
1897 5459 1952 5504 et

379 5548 681 5617 apostolica
737 5544 880 5599 beati
931 5544 1074 5600 Petri
1103 5545 1444 5610 auctoritate,
1485 5542 1580 5596 tibi
1609 5540 1951 5621 praecipimus

383 5647 446 5691 ut
472 5637 681 5692 nullum
709 5635 776 5690 de
802 5635 972 5689 sacris
998 5635 1277 5690 ordinibus
1301 5631 1524 5709 gradum
1554 5629 1790 5698 recipere
1817 5643 1950 5696 prae-

386 5742 592 5793 sumas,
628 5726 808 5782 sciens
835 5724 1091 5792 quoniam
1124 5725 1168 5778 si
1201 5739 1308 5779 non
1329 5722 1584 5778 obediens
1621 5718 1775 5774 nobis
1792 5717 1950 5771 modo

2038 3287 2184 3340 tibus
2213 3286 2525 3354 apostolica:
2560 3286 2696 3349 sedi,
2756 3284 2990 3338 salutem
3026 3291 3081 3336 et
3107 3279 3475 3349 apostolicam
3510 3278 3602 3332 be-

2038 3375 2416 3430 nedictionem.
2491 3403 2493 3406 ‹

2105 3465 2304 3521 Notum
2352 3465 2508 3520 vobis
2547 3479 2668 3526 esse
2692 3464 2944 3517 volumus
2977 3459 3044 3515 de
3072 3458 3306 3514 Tedaldo
3343 3455 3602 3511 Mediola-

2039 3561 2194 3616 nensi
2217 3559 2436 3625 clerico,
2463 3574 2645 3630 quem,
2664 3573 2781 3622 rex,
2812 3562 3169 3626 praeterquam
3231 3549 3386 3605 nobis
3412 3546 3604 3603 litteris

2039 3667 2102 3706 ac
2129 3653 2426 3722 legatorum
2456 3633 3014 3719 verbis-promiserit,
3068 3644 3120 3697 in
3156 3641 3604 3696 Mediolanensem

2039 3737 2332 3793 Ecelesiam
2363 3740 2563 3809 posuit,
2576 3731 3091 3807 quodbpiscopalem
3120 3734 3322 3795 sedem,
3353 3731 3416 3784 ad
3439 3744 3602 3798 quam

2037 3829 2141 3881 alia
2171 3827 2320 3898 prius
2355 3836 2479 3897 quae
2513 3827 2690 3880 adhuc
2740 3831 3015 3893 superstes
3044 3831 3127 3876 est
3150 3820 3311 3874 fuerit
3334 3819 3628 3888 assignata»

2037 3931 2289 3986 persona,
2319 3932 2427 3971 non
2453 3917 2588 3971 satis
2604 3915 2848 3969 ordinate
2870 3912 3172 3982 suscepisse
3194 3910 3424 3964 videtur.
3452 3906 3606 3973 Quod

2040 4023 2162 4062 cum
2189 4023 2286 4078 per
2317 4007 2585 4078 quosdam
2617 4004 3053 4060 ﬁdeles-nostros
3096 4010 3339 4056 nostram
3367 3998 3606 4066 require-

2041 4107 2124 4152 ret
2152 4099 2470 4164 amicitiam,
2495 4096 2814 4166 scripsimus
2839 4094 2889 4147 ei
2936 4094 3040 4147 hoc
3062 4105 3164 4144 nos
3196 4089 3424 4142 multum
3471 4085 3607 4139 velle

2040 4196 2094 4240 et
2118 4202 2333 4256 cupere,
2381 4178 2546 4255 atque
2594 4199 2660 4239 eo
2700 4191 2893 4252 ‘pacto
2951 4173 3267 4250 facillimum
3319 4175 3609 4231 convenire

2041 4293 2222 4346 posse,
2253 4277 2299 4332 si
2336 4273 3011 4348 requisitisapostolornm
3037 4269 3316 4323 liminibus
3344 4276 3398 4321 et
3421 4273 3608 4321 nostra

2043 4369 2329 4438 praesentia
2376 4383 2597 4423 causam
2642 4363 3001 4436 promotionis
3051 4376 3162 4417 suae
3213 4375 3404 4429 puram
3450 4365 3611 4426 atque

2045 4458 2375 4528 probabilem
2404 4458 2690 4514 ostendere
2711 4456 2870 4510 vellet
2909 4463 2964 4507 et
3008 4458 3208 4521 posset.
3233 4449 3314 4504 Ad
3343 4447 3608 4528 quodex-

2045 4549 2378 4618 sequendum
2407 4549 2762 4604 amicabiliter
2783 4534 2906 4598 eum
2948 4540 3283 4604 vocavimus,
3316 4548 3370 4593 et
3392 4537 3610 4606 praeﬁxo

2047 4641 2150 4696 sibi
2179 4641 2412 4695 termino
2436 4642 2501 4695 ad
2543 4638 2843 4708 proximam
2894 4631 3161 4703 synodum
3188 4639 3428 4684 venturae
3462 4625 3609 4692 Qua-

2048 4731 2384 4801 dragesimae,
2423 4737 2534 4792 aut,
2582 4727 2627 4782 si
2684 4725 2857 4788 malit,
2904 4731 3029 4800 ante
3081 4721 3342 4792 synodum
3399 4717 3608 4768 ﬁrmam

2049 4821 2394 4892 securitatem
2421 4817 2672 4872 veniendi
2714 4817 2783 4871 ad
2828 4829 2929 4870 nos
2952 4821 3006 4866 et
3047 4807 3302 4866 redeundi
3333 4820 3398 4858 ex
3425 4811 3612 4858 nostra

2048 4920 2200 4982 parte
2225 4910 2600 4982 promisimus,
2636 4916 2691 4962 et
2736 4906 2866 4960 dare
2918 4898 3106 4971 parati
3145 4911 3356 4952 sumus.
3389 4894 3615 4964 insuper

2043 5005 2207 5058 etiam
2237 5019 2304 5057 ne
2330 5003 2545 5056 interim
2603 4999 2835 5065 aliquem
2880 4993 2947 5046 de
2983 4989 3154 5044 sacris
3185 4987 3466 5042 ordinibus
3490 5000 3616 5054 gra-

2045 5096 2176 5150 dum
2211 5094 2436 5162 recipiat
2456 5088 2752 5159 apostolica
2781 5084 2830 5137 ei
2865 5080 3184 5136 auctoritate
3214 5074 3611 5130 interdiximus.

2049 5185 2205 5250 Quod
2228 5183 2354 5236 item
2389 5189 2442 5233 et
2469 5177 2622 5232 vobis
2647 5189 2743 5244 per
2763 5188 2883 5226 eam
2909 5185 3071 5240 quam
3107 5168 3264 5222 beato
3303 5163 3461 5216 Petro
3484 5176 3614 5231 apo-

2051 5274 2314 5329 stolorum
2338 5267 2567 5339 principi
2590 5265 2798 5320 debetis
2819 5257 3198 5332 obedientiam,
3245 5262 3300 5307 et
3321 5269 3387 5307 ex
3426 5259 3614 5306 nostra

2054 5378 2217 5432 quam
2240 5376 2336 5430 per
2376 5358 2550 5422 illum,
2597 5356 2722 5409 licet
2740 5349 2963 5418 indigni,
3009 5342 3366 5414 suscepimus,
3395 5346 3612 5432 aposto:

2056 5428 2159 5506 lica
2193 5428 2518 5505 auctoritate
2567 5440 2938 5499 interdicimus
2956 5445 3017 5490 ut
3047 5435 3500 5510 nullusvestrum
3543 5428 3611 5480 ad

2055 5541 2446 5611 promotionem
2493 5532 2721 5599 alicujus
2752 5527 2957 5582 ordinis
2994 5538 3210 5580 manum
3236 5521 3616 5611 ei‘przesutnat

2058 5607 2350 5698 imponere,
2375 5626 2544 5677 donec
2571 5621 2750 5674 oblata
2777 5617 2932 5675 nobis
2950 5629 3046 5671 sua
3069 5609 3368 5698 praesentia,
3393 5607 3520 5698 quid
3545 5607 3611 5660 dc

2059 5693 2276 5771 introitu
2314 5711 2431 5779 ejus
2453 5707 2800 5780 iudicandum
2826 5714 2878 5758 et
2919 5697 3258 5757 statuendum
3290 5695 3357 5750 sit
3379 5693 3609 5754 sincera,
