4218 6416
647 422 750 476 439

1283 420 1337 472 s.
1381 420 1705 477 (illi-300ml
1748 421 1834 474 vn
1871 419 2071 474 eam
2109 419 2386 476 erant.“
2430 421 2608 476 PARS
2648 422 2684 475 ι.
2725 415 2792 463 I—
2828 412 3246 481 ltECES't'ttL’M.

3769 68 3814 88 μ’.
3839 62 3890 98 ..ᾗ
3905 58 4038 225 '51

3783 429 3887 486 ΗΟ

649 533 759 586 Deo
791 535 1102 602 adiuvante,
1140 535 1414 601 possimus
1454 534 1853 588 examinatione
1892 533 2216 587 discernere.
2253 539 2297 592 Α
2326 535 2418 587 tibi
2446 547 2545 603 pro
2570 535 2670 589 hac
2693 537 2848 603 culpa
2873 537 3162 607 injungens
3204 539 3576 607 paenitentiam
3617 551 3667 596 te
3702 542 3887 598 absol—

643 625 798 688 ωτι
823 624 1041 692 quidem
1086 639 1210 676 cmn
1245 625 1524 676 communi
1559 623 1789 676 consilio
1831 631 1886 676 et
1927 623 2217 692 conjuncta

646 713 890 785 omnium
919 720 1224 764 vestrorum
1244 711 1571 765 discretione
1599 727 1662 764 ac
1699 711 1906 780 judicio
1935 711 2051 764 tieri
2091 725 2215 779 per—

648 804 882 856 tnaxime
923 802 1194 872 cupimus.
1232 803 1276 856 si
1309 803 1391 854 vel
1449 803 1593 856 illius
1639 801 1896 856 Ecclesia
1930 815 2082 865 cura,
2135 799 2217 854 vel

647 904 924 962 respectus
946 894 1259 963 apostolictc
1281 896 1612 958 reverentiae,
1655 905 1749 948 aut
1769 903 1954 948 nostra
1977 893 2218 947 eharitas

645 998 744 1038 vos
781 985 848 1038 ad
884 985 984 1044 hoc
1011 985 1286 1053 negatium
1316 1001 1616 1039 convocare
1643 985 1860 1054 poterit.
1889 984 2075 1039 Videte
2116 984 2217 1055 igi-

645 1083 831 1128 turne
891 1075 1015 1143 quis
1059 1084 1296 1129 vestrum
1342 1085 1652 1146 contempto
1703 1076 1804 1130 hoc
1833 1076 2116 1130 interdictu
2153 1075 2218 1129 ad

645 1163 791 1216 illius
814 1164 1012 1231 pariter
1032 1173 1085 1218 et
1107 1166 1190 1218 sui
1215 1166 1514 1234 periculum
1540 1182 1759 1220 manutn
1783 1166 2055 1229 extendat,
2082 1181 2220 1235 quo-

646 1253 791 1306 niam
818 1254 864 1307 si
886 1255 1029 1323 quis.
1088 1257 1234 1324 quod
1282 1271 1389 1310 non
1431 1256 1725 1320 credimus,
1759 1256 1838 1310 -in
1871 1273 1933 1311 ca
1958 1271 2221 1326 presum—

645 1343 827 1410 ptione
851 1358 909 1395 se
929 1358 1197 1412 occupare
1237 1343 1565 1412 proruperit,
1587 1327 1862 1398 continuo
1887 1359 1946 1399 se
1978 1359 2010 1396 a
2046 1335 2219 1412 gratia

644 1435 786 1488 beati
813 1433 954 1488 Petri
979 1443 1033 1488 ct
1062 1443 1249 1488 nostra
1293 1435 1580 1490 dilectione
1602 1476 1616 1499 ,
1645 1451 1743 1490 nec
1770 1450 1878 1489 non
1909 1449 1940 1488 a
1971 1448 2218 1488 commu-

647 1523 807 1575 nione
842 1523 981 1576 sacri
1029 1523 1274 1591 corporis
1314 1533 1367 1576 et
1416 1523 1698 1593 sanguinis
1749 1522 1964 1577 Domini
2022 1537 2218 1592 seque-

643 1620 871 1665 stratum
903 1628 1024 1667 esse
1059 1623 1372 1684 cegnoscat.
1423 1613 1622 1667 Verum
1669 1613 1719 1667 id
1751 1614 1911 1683 agite,
1934 1614 2006 1678 id,
2032 1614 2079 1668 si
2116 1612 2222 1665 Do-

643 1701 851 1754 minum
876 1702 1121 1770 diligitis”,
1145 1702 1354 1756 edicere
1369 1711 1674 1772 procurate,
1693 1712 1751 1756 ut
1776 1701 1938 1757 frater
1958 1702 2066 1765 ille,
2091 1700 2220 1755 dum

642 1801 842 1858 potest,
879 1791 1007 1844 dum
1045 1792 1226 1845 locum
1256 1792 1434 1856 habet,
1462 1791 1562 1846 sibi
1600 1801 1654 1846 et
1677 1792 1929 1847 Ecclesia!
1951 1790 2220 1852 consulat,

2320 633 2427 686 vat,
2459 631 2518 676 ut
2554 623 2709 678 nobis
2745 633 2840 677 tuo
2885 640 3154 679 consensu
3184 627 3404 682 modum
3433 630 3763 697 ptenitentia:
3786 640 3892 685 tua:

2317 726 2413 781 per
2435 711 2720 782 epistolam
2758 729 2914 767 suam
2947 714 3211 768 veraciter
3254 715 3506 772 intimare
3552 720 3768 774 audeat.
3817 717 3891 770 De

2317 806 2514 852 cetero
2541 799 2740 854 mirum
2773 801 2928 855 nobis
2951 801 3104 856 valde
3126 803 3338 858 videtur
3358 805 3502 874 quod
3548 808 3705 862 toties
3732 808 3890 862 nobis

2320 893 2430 938 tam
2469 885 2693 941 devotas
2744 888 3002 956 epistolas
3043 898 3098 942 et
3141 898 3345 944 tantam
3403 892 3762 948 humilitatem
3789 905 3890 947 tusc

2319 976 2657 1031 celsitudinis
2681 977 3087 1049 pcrlegatorum
3114 990 3332 1035 tuorum
3359 982 3518 1037 verba
3543 985 3889 1047 transmittis,

2320 1066 2490 1121 filium
2517 1076 2567 1121 te
2592 1077 2792 1123 sancta:
2836 1070 3027 1123 matris
3056 1069 3311 1139 Ecclesia:
3336 1082 3391 1128 et
3436 1083 3684 1128 nostrum
3727 1091 3893 1130 vocas

2320 1155 2374 1209 in
2401 1156 2504 1211 ﬁde
2525 1157 2852 1226 subjectum,
2881 1159 2935 1212 in
2953 1159 3242 1215 dilectione
3265 1162 3510 1227 unicum,
3531 1163 3584 1216 in
3605 1163 3893 1219 devotione

2320 1245 2672 1315 praecipuum,
2720 1257 2996 1316 postremo
3029 1264 3155 1302 cum
3186 1251 3338 1304 omni
3368 1251 3562 1306 affectu
3589 1252 3894 1308 dulcedinis

2269 1341 2272 1344 ’
2319 1343 2373 1388 et
2429 1337 2743 1391 reverentia:
2790 1347 2855 1424 ιρι
2885 1339 3255 1404 commendas,
3301 1355 3360 1393 re
3407 1348 3586 1395 tamen
3628 1351 3684 1396 et
3735 1341 3896 1396 factis

2320 1425 2702 1511 asperrimum,
2726 1428 3006 1483 canonicis
3047 1436 3211 1498 atque
3242 1430 3557 1499 apostolicis
3581 1431 3820 1487 decretis
3839 1433 3894 1485 in

2321 1517 2408 1571 his
2437 1533 2559 1586 quae
2581 1519 2955 1574 ecclesiastica
2968 1519 3158 1590 religio
3185 1521 3422 1576 maxime
3472 1523 3648 1592 poscit
3671 1533 3725 1580 te
3757 1541 3884 1581 con-

2323 1609 2548 1663 trarium
2567 1610 2829 1665 ostendis.
2860 1609 2995 1664 Nam
3018 1611 3159 1666 utdc
3181 1611 3405 1682 reliquis
3432 1622 3727 1681 taceamus,
3747 1619 3896 1686 quod

2321 1696 2386 1751 de
2411 1711 2574 1752 causa
2619 1695 3006 1754 Mediolanensi
3041 1713 3138 1768 per
3170 1708 3399 1755 matrem
3435 1708 3605 1767 tuam,
3633 1705 3736 1773 per
3763 1718 3894 1760 con-

2323 1785 2519 1839 fratres
2548 1794 2768 1839 nostros
2791 1785 3076 1855 episcopos
3131 1800 3280 1855 quos
3299 1783 3364 1840 ad
3397 1795 3449 1842 te
3497 1787 3768 1855 misimus,
3799 1806 3894 1845 no-

641 1879 758 1946 paci
782 1888 973 1933 vestrze
1011 1889 1064 1933 et
1106 1880 1267 1934 saluti
1314 1891 1476 1935 tanta:
1511 1881 1873 1934 multitudinis
1933 1879 2215 1933 hominum
2250 1863 2292 1917 Β
2318 1873 2401 1926 bis
2437 1870 2788 1940 promiseras,
2810 1871 3046 1940 qualiter
3079 1871 3393 1941 attenderis,
3431 1881 3526 1927 aut
3567 1890 3678 1942 quo
3709 1876 3896 1930 animo

640 1984 775 2037 pene
799 1969 1218 2037 periclitantium
1253 1971 1552 2039 provideat,
1588 1984 1685 2023 nec
1724 1978 1939 2022 suamet
1969 1967 2218 2036 praecipi-

641 2059 846 2112 tatione
896 2074 1086 2112 casum
1143 2069 1332 2128 petens
1375 2059 1574 2114 multos
1627 2074 1812 2113 secum
1837 2058 1906 2113 ad
1931 2070 2220 2113 commune

641 2148 941 2214 periculum
990 2149 1187 2201 trahat.
1226 2147 1283 2201 ln
1320 2164 1430 2217 quo
1479 2165 1624 2204 nunc
1675 2149 1955 2218 apparebit
1981 2146 2105 2216 quis
2151 2144 2222 2198 sit

641 2247 828 2305 pastor
856 2240 908 2290 in
950 2238 1102 2290 vobis
1138 2237 1408 2304 iniquitati
1441 2248 1624 2306 aperte
1667 2239 1950 2299 resistens,
1999 2235 2122 2304 quis
2151 2233 2222 2288 sit

640 2328 728 2380 fur
767 2328 1169 2380 simulationem
1206 2326 1428 2391 faciens,
1465 2329 1589 2398 quis
1625 2329 1764 2384 latro
1807 2326 2093 2382 manifeste
2130 2325 2221 2394 ju-

646 2418 806 2471 stitbe
827 2434 868 2471 c-
896 2419 1221 2473 ntradicens.
1239 2419 1592 2473 Considerate
1613 2435 1744 2489 ergo
1764 2419 2040 2490 quomodo
2063 2429 2220 2484 caute

642 2510 955 2570 atnbuletis,
1003 2511 1130 2577 quia
1178 2511 1318 2563 sicut
1348 2509 1546 2564 durum
1587 2519 1670 2565 est
1700 2520 1890 2564 contra
1938 2511 2218 2565 stimulum

643 2598 949 2660 ealeitrare,
982 2599 1062 2651 sie
1098 2614 1350 2667 asperum
1391 2609 1477 2653 est
1513 2608 1712 2664 sanctae
1755 2599 2014 2674 Romana:
2034 2598 2220 2654 Ecclco

647 2689 741 2741 size
764 2691 1055 2753 contraire,
1081 2690 1166 2743 cui
1194 2705 1292 2744 vos
1335 2700 1595 2759 tanquam
1625 2690 1786 2744 matri
1809 2705 2024 2761 semper
2058 2705 2219 2761 opor-

642 2788 714 2832 tel
738 2780 976 2834 obedire.

710 2868 843 2922 Data
885 2869 1090 2933 llomte,
1128 2880 1284 2924 sexto
1331 2870 1457 2924 ldus
1514 2870 1768 2926 Octobris
1835 2855 2217 2943 [Decembris],

642 2961 933 3027 indictione
969 2961 1174 3015 decinta
1198 2971 1412 3032 quarta.

1011 3115 1017 3120 _
1113 3113 1116 3116 ,
1230 3051 1522 3107 ειετοιΑ
1551 3051 1619 3105 x.
1748 3117 1751 3121 _

959 3157 1023 3193 ΑΒ
1048 3157 1313 3194 ηελιιιευι
1341 3157 1512 3194 REGE!
1557 3157 1878 3196 ROJIANOBI'I

1229 3223 1411 3301 (Anno
1448 3231 1628 3301 l075.)

640 3322 830 3388 Arguit
873 3321 1010 3388 quod
1041 3337 1158 3372 cum
1190 3322 1656 3374 excommunicatis
1688 3322 2050 3374 communicet.
2095 3322 2218 3374 Mo-

711 3399 796 3440 net
831 3399 886 3440 ut
917 3390 984 3471 ἐξ
1008 3389 1086 3440 ita
1115 3398 1214 3452 este
1267 3388 1540 3471 «(reliquo
1569 3391 1810 3471 episcopo
1844 3389 2222 3471 obtuli-uicum»

709 3468 868 3524 ριοεαι.
909 3456 1142 3527 Μέγαιρα·
1159 3456 1501 3527 enmﬁtteris
1534 3456 1957 3527 et‘lcgutionibus
1981 3459 2222 3513 devotum

709 3544 762 3578 se
786 3543 909 3595 erga
937 3525 1226 3579 Rontauam
1277 3525 1566 3580 Ecclesium
1608 3525 1915 3591 ostendere;
1956 3545 2009 3582 re
2049 3539 2221 3582 tamen

712 3595 1221 3678 eidentladecrsari...
1241 3596 1534 3678 nocerem
1588 3613 1620 3647 α
1675 3613 1729 3649 se
1767 3599 1822 3678 ἕρ
1851 3597 2051 3678 synodo
2077 3599 2228 3678 «Lita-

715 3679 815 3715 non
838 3662 1126 3716 observare.
1171 3661 1434 3716 Hortatur
1449 3666 1518 3717 ad
1542 3680 1716 3718 veram
1742 3661 2089 3720 obedientiam
2113 3665 2220 3719 Ro-

709 3748 880 3785 mam:
903 3731 1156 3786 Ecclesia:
1177 3733 1556 3801 prtestandam.
1603 3732 1825 3787 Demum
1857 3744 2029 3790 monet
2050 3751 2113 3788 ne
2133 3751 2221 3789 cc-

710 3801 1024 3855 clesiusticw
1053 3802 1291 3856 libertati
1315 3803 1437 3856 velit
1461 3818 1570 3855 csse
1596 3803 1987 3870 impedimento.

711 3889 1020 3947 Gaucoaws
1040 3893 1352 3962 episcopus,
1377 3907 1568 3947 servus
1594 3889 2040 3955 servornmJJei,
2079 3889 2222 3945 liss-
2263 3909 2269 3912 ·

643 3995 764 4034 nico
809 3983 942 4050 regi,
999 3985 1230 4037 salutem
1285 3991 1339 4036 ct
1383 3982 1738 4052 apostolicam
1790 3982 2220 4038 benedictionem

669 4073 825 4138 58$);
857 4074 901 4127 si
933 4083 1112 4128 tamen
1135 4074 1447 4143 apostolica:
1475 4073 1612 4137 sedi,
1640 4082 1698 4126 ut
1721 4072 2095 4128 Christianum
2127 4073 2222 4127 de-

647 4175 729 4220 cet
759 4181 962 4234 regem,
991 4164 1258 4219 obcdicrit
1283 4164 1566 4237 [obediat].

709 4255 1135 4309 Consideraan
1156 4271 1221 4310 ac
1255 4257 1484 4310 sollicite
1521 4265 1810 4328 pensantes
1836 4272 2001 4327 quam
2035 4255 2224 4311 distri-

642 4357 732 4400 cto
752 4347 921 4415 judici
945 4348 1012 4400 de
1038 4347 1443 4416 dispensatione
1474 4350 1666 4402 crediti
1693 4349 1853 4404 nobis
1882 4365 1978 4419 per
2001 4350 2220 4405 beatum

613 4439 616 4443 ’
644 4438 862 4491 Petrum
891 4437 1261 4507 apostolorum
1294 4438 1591 4506 principem
1635 4439 1922 4495 ministerii
1952 4441 2220 4495 rationem

2321 1959 2659 2030 promiseris,
2685 1959 2802 2030 ipsa
2826 1974 2916 2016 res
2941 1961 3165 2026 indicat,
3189 1969 3243 2016 et
3265 1976 3412 2018 nunc
3442 1962 3660 2031 quidem
3686 1973 3747 2020 ut
3775 1966 3892 2020 vul-

2322 2066 2427 2105 nus
2443 2051 2658 2123 vulneri
2681 2051 2972 2121 intligeres,
3000 2061 3190 2106 contra
3223 2060 3448 2106 statuta
3470 2053 3784 2122 apostolica:
3806 2069 3893 2110 sc-

2319 2139 2406 2194 dis
2433 2138 2702 2193 tradidisti
2730 2137 3043 2193 Firmanam
3077 2147 3132 2194 et
3182 2138 3527 2208 Spoletanam
3553 2139 3850 2196 Ecclesium
3879 2161 3893 2207 ;

2320 2229 2367 2283 si
2404 2238 2585 2283 tamen
2612 2229 2682 2284 ab
2731 2229 2952 2284 homine
2977 2230 3114 2285 tradi
3147 2229 3389 2286 Ecclesia
3435 2240 3532 2286 aut
3561 2233 3754 2288 donari
3797 2250 3895 2303 po-

2321 2328 2426 2374 test
2447 2319 2776 2390 quibusdam
2803 2320 3053 2389 personis
3078 2320 3236 2374 nobis
3257 2320 3421 2374 etiam
3437 2321 3666 2390 ignotis;
3697 2323 3898 2391 quibus

2321 2424 2431 2464 non
2459 2409 2585 2465 licet
2614 2410 2720 2464 nisi
2745 2409 2988 2480 probatis
3015 2418 3070 2464 et
3091 2419 3216 2465 ante
3258 2411 3396 2465 bene
3417 2411 3648 2482 cognitis
3678 2412 3894 2482 regula-

2318 2498 2450 2553 riter
2473 2514 2696 2552 manum
2726 2499 3022 2567 imponere.
3054 2498 3319 2556 Dccucrat
3359 2501 3563 2570 regiam
3583 2501 3895 2572 dignitatem

2320 2594 2491 2652 tuam,
2523 2600 2648 2640 cum
2691 2595 2744 2641 te
2768 2583 2942 2639 tilium
2984 2585 3242 2642 Ecclesia:
3267 2587 3563 2654 conﬁteris,
3601 2589 3896 2644 honorabi-

2319 2675 2426 2731 lius
2455 2675 2778 2746 magistrum
2833 2675 3112 2742 Ecclesiae,
3141 2677 3246 2731 hoc
3287 2684 3373 2732 est
3409 2677 3631 2732 beatu‘m
3675 2677 3895 2734 Petrum

2318 2765 2692 2834 apostolorum
2716 2765 3019 2836 principem
3074 2765 3296 2831 intueri,
3321 2765 3433 2832 cui,
3473 2766 3523 2823 sl
3553 2765 3621 2821 de
3656 2765 3896 2822 Domini-

2316 2855 2400 2911 cis
2421 2856 2616 2912 ovibus
2635 2871 2717 2923 es,
2747 2856 3031 2912 Dominica
3055 2871 3188 2912 voce
3211 2865 3268 2910 et
3286 2849 3559 2926 potestate
3587 2857 3655 2912 ad
3679 2873 3899 2929 pascen-

2318 2947 2450 3002 dum
2471 2945 2707 3003 traditus
2729 2961 2812 3011 es.
2846 2947 3062 3002 dicente
3086 2944 3192 3001 sibi
3221 2944 3444 3000 Christo
3476 2965 3488 3000 :
3523 2946 3701 3012 Petro,
3748 2964 3898 3025 posce

2319 3051 2435 3091 me
2461 3053 2604 3091 tuens
2629 3036 2809 3108 (loco.
2842 3037 2997 3107 xvtt),
3024 3046 3080 3093 et
3099 3036 3296 3092 iterum
3330 3055 3344 3091 :
3375 3035 3753 3112 Tibi-traditi:
3783 3047 3898 3091 sunt

2320 3125 2490 3180 dum
2514 3127 2660 3196 regni
2692 3127 2964 3192 calorum,
2988 3136 3040 3179 et
3070 3127 3412 3196 quodcunque
3469 3112 3718 3197 ligaveris
3747 3143 3898 3196 super

2242 3211 2284 3267 (Ζ
2315 3223 2534 3280 terram,
2550 3215 2656 3290 erit
2687 3213 2910 3284 ligatum
2930 3223 2979 3268 ct
3010 3215 3066 3266 in
3095 3213 3272 3277 cclis;
3316 3221 3366 3267 et
3409 3215 3757 3285 quodcunque
3797 3215 3898 3269 sol-

2323 3305 2456 3359 veris
2488 3320 2645 3373 super
2689 3314 2905 3371 terram,
2931 3306 3032 3359 erit
3080 3303 3315 3359 solutum
3340 3303 3470 3358 etin
3499 3302 3646 3358 ccli:
3682 3303 3893 3373 (.Ilutth.

2324 3393 2457 3465 xvi).
2494 3391 2554 3447 in
2597 3392 2758 3463 cujus
2808 3394 2938 3450 sede
2981 3404 3036 3448 et
3083 3392 3383 3464 apostolica
3431 3393 3898 3449 administratione

2321 3483 2452 3540 dum
2480 3499 2582 3539 nos
2601 3484 3015 3554 qualescunque
3045 3493 3360 3554 peccatores
3382 3491 3436 3538 et
3482 3484 3691 3556 indigni
3721 3485 3896 3539 divina

2321 3570 2694 3641 dispositione
2707 3572 2882 3626 vicem
2913 3586 3028 3627 sua
3068 3570 3355 3641 potestatis
3376 3569 3639 3641 gerimus,
3663 3571 3898 3640 profecto

2322 3661 2590 3733 quidquid
2618 3662 2687 3716 ad
2708 3676 2811 3717 nos
2841 3661 2926 3715 vel
2955 3675 3052 3730 per
3073 3660 3298 3730 scripta,
3322 3668 3384 3715 ut
3407 3661 3571 3716 nudis
3595 3661 3775 3717 verbis
3801 3660 3897 3714 mi-

2323 3739 2464 3806 seris
2487 3752 2605 3823 ipse
2629 3750 2820 3820 recipit
2845 3769 2860 3816 ;
2892 3758 2948 3806 et
2968 3749 3099 3805 dum
3131 3765 3236 3806 nos
3265 3759 3361 3806 aut
3389 3750 3658 3807 elementa
3681 3767 3896 3822 percur-

2323 3838 2517 3905 rimus,
2552 3847 2648 3893 aut
2690 3839 3032 3908 loquentium
3059 3853 3222 3894 voces
3266 3839 3662 3906 auscultatuus,
3701 3843 3815 3910 ipse
3833 3856 3892 3894 es

2321 3940 2434 3996 quo
2475 3926 2641 3982 corde
2686 3927 2944 3981 mandata
2999 3925 3303 3996 prodierint
3325 3927 3511 3991 subtili
3569 3928 3895 3999 inspectione

2321 4015 2600 4071 discernit.

2388 4163 2732 4235 Quapropter
2756 4164 3318 4234 providendumesset
3343 4176 3451 4222 tua:
3478 4167 3808 4232 celsitudini.
3833 4186 3896 4226 ne

2321 4270 2450 4325 erga
2476 4251 2658 4309 sedem
2715 4247 3071 4325 apostolicam
3121 4255 3176 4310 in
3226 4257 3408 4312 verbis
3462 4267 3519 4312 et
3543 4257 3893 4331 legationibus

2323 4347 2432 4401 tuis
2455 4348 2636 4418 aliqua
2694 4347 3033 4403 inveniretur
3055 4347 3426 4419 discrepantia
3470 4352 3794 4420 voluntatis,
3845 4361 3893 4406 et

2323 4438 2380 4492 in
2415 4437 2521 4502 his,
2557 4452 2654 4507 per
2680 4451 2804 4506 quae
2829 4434 3140 4492 Christiana
3175 4436 3309 4494 ﬁdes
3327 4448 3380 4494 et
3427 4446 3608 4494 status
3646 4427 3894 4496 Ecclesia»

4036 1193 4037 1252 ι

4035 1253 4037 1328 ι

4036 1331 4037 1408 ι

4036 1789 4037 1872 ἰ

4036 1911 4037 1986 ι

641 4527 908 4582 reddituri
945 4543 1158 4592 smnus,
1185 4545 1311 4582 cum
1337 4529 1678 4584 dubitatione
1709 4531 2065 4600 apostolicam
2115 4531 2214 4586 tibi
2248 4537 2292 4593 Ι)
2315 4529 2384 4583 ad
2404 4536 2659 4582 aeternam
2683 4528 2914 4582 salutem
2937 4528 3173 4584 maxime
3197 4527 3433 4600 proficit,
3461 4545 3571 4585 non
3599 4531 3777 4595 nobis,
3805 4531 3890 4586 sed

641 4618 1073 4681 benedictionem
1105 4606 1504 4685 mandavimus,
1548 4621 1809 4692 quoniam
1831 4621 2042 4691 judicio
2071 4621 2217 4676 sedis
2320 4617 2432 4673 Deo
2467 4619 2825 4689 omnipotenti
2851 4617 3091 4674 debitam
3139 4635 3249 4674 non
3293 4619 3591 4691 denegares
3645 4636 3890 4676 reveren-

641 4710 954 4780 apostolica:
995 4726 1061 4765 ac
1126 4711 1372 4782 synodali
1432 4727 1664 4766 censura
1728 4699 2216 4768 excommunicatis
2322 4709 2474 4780 tiam,
2510 4719 2825 4780 quanquam
2869 4709 3133 4780 apostolis
3168 4723 3466 4778 eorumque
3488 4711 3890 4767 successoribus

641 4803 1080 4856 communionem
1109 4813 1258 4856 tuam
1286 4805 1518 4859 scienter
1545 4804 1802 4858 exhibere
1821 4805 2038 4860 diceris.
2058 4804 2216 4871 Quod
2321 4798 2586 4855 Dominus
2613 4799 2794 4854 dicere
2819 4798 3076 4868 disﬂams
3098 4797 3170 4853 δίε
3199 4816 3216 4851 τ
3237 4796 3344 4864 ριὶ
3381 4815 3469 4853 νο*
3497 4800 3672 4866 ad“.
3701 4817 3781 4854 me
3802 4817 3890 4853 η’

641 4893 686 4948 si
712 4910 900 4949 verum
930 4903 1034 4959 est,
1058 4904 1114 4948 tu
1146 4894 1260 4963 ipse
1282 4895 1569 4964 cognoscis
1590 4895 1737 4965 quod
1771 4909 1873 4950 nec
1897 4894 2096 4952 divinae
2118 4911 2218 4950 nec
2321 4891 2400 4944 dit
2423 4932 2437 4953 ,
2472 4899 2521 4944 et
2551 4891 2640 4960 qui
2665 4905 2750 4943 cos
2792 4889 3010 4957 spernit,
3038 4904 3118 4942 me
3147 4889 3346 4959 spernit
3387 4887 3537 4961 (an.
3571 4889 3887 4959 1).,Scimus

579 5016 582 5017 ν
641 4988 951 5057 apostolica:
1002 4986 1393 5042 benedictionis
1417 4985 1647 5056 gratiam
1691 4984 1970 5056 percipere
2014 4985 2216 5058 possis,

645 5076 748 5131 nisi
782 5071 869 5130 his
894 5074 988 5144 qui
1042 5074 1502 5128 excommunicati
1527 5082 1654 5128 sunt
1702 5087 1734 5126 a
1777 5081 1831 5128 te
1869 5074 2135 5142 separatis
2167 5083 2221 5129 et

643 5166 938 5235 compulsis
961 5166 1025 5219 ad
1037 5151 1410 5239 paenitentiam
1427 5165 1493 5219 de
1518 5161 1953 5239 transgressione
1975 5171 2067 5218 tua
2089 5177 2219 5218 con-

641 5256 806 5326 digna
834 5253 1172 5323 pmnitudine
1216 5262 1269 5307 ct
1305 5251 1678 5306 satisfactione
1720 5254 1874 5323 prius
1918 5254 2218 5309 absolutio-

643 5361 768 5400 nem
792 5344 1149 5412 consequaris
1178 5353 1232 5396 et
1261 5341 1668 5412 indulgentiam.
1705 5341 1859 5397 Unde
1891 5343 2221 5399 excellentia:

642 5446 748 5489 tuae
770 5435 1112 5489 consulimus
1135 5441 1214 5496 ut.
1238 5432 1284 5488 si
1307 5434 1362 5486 in
1396 5434 1580 5489 hae‘re
1603 5440 1655 5488 te
1681 5431 2004 5502 culpabilem
2026 5434 2216 5501 sentis,

644 5525 806 5580 celeri
835 5524 1182 5579 confessione
1227 5523 1296 5577 ad
1342 5524 1632 5577 consilium
1694 5522 1933 5595 religiosi
1985 5522 2218 5592 alicujus

642 5613 878 5684 episcOpi
908 5599 1115 5677 venias,
1139 5613 1232 5684 qui
1263 5627 1388 5667 eum
1445 5620 1630 5666 nostra
1655 5612 1870 5668 licentia
1921 5626 2218 5683 congruam

715 5736 863 5815 (δαί)
891 5745 1033 5798 deest
1062 5754 1112 5798 et
1143 5756 1315 5813 apost.
1348 5745 1542 5798 bened.

2318 4980 2464 5035 enim
2493 4978 2752 5050 quoniam
2778 4977 2873 5048 qui
2905 4979 3112 5052 ﬁdelem
3142 4975 3623 5034 Deoohedientiam
3643 4977 3887 5032 exhibere

2321 5087 2431 5128 non
2466 5069 2667 5134 renuit,
2697 5069 2752 5124 in
2802 5069 2888 5126 his
2917 5085 3041 5140 quae
3079 5073 3395 5124 sanctorum
3425 5066 3652 5122 Patrum
3696 5073 3884 5123 statuta

2322 5167 2612 5232 sequentes
2634 5155 2956 5225 dixerimus,
2979 5159 3146 5212 veluti
3178 5159 3225 5213 si
3255 5158 3326 5210 ab
3349 5171 3444 5211 ore
3467 5155 3641 5226 ipsius
3671 5156 3887 5228 apostoli

2325 5249 2640 5321 accepisset,
2667 5257 2855 5306 nostra
2883 5249 3089 5304 monita
3111 5263 3328 5303 servare
3363 5261 3469 5301 non
3510 5249 3737 5317 spernit.
3764 5245 3884 5300 Nam

2289 5325 2291 5327 ’
2325 5339 2371 5394 si
2401 5348 2620 5410 propter
2640 5339 2998 5394 reverentiam
3014 5336 3283 5392 cathedrae
3301 5335 3470 5409 Moysi
3483 5335 3885 5408 Dominuspra-

2324 5427 2466 5499 cepit
2490 5429 2753 5497 apostolis
2777 5436 2839 5483 ut
2865 5441 3205 5500 quascunque
3225 5425 3429 5482 Scriba;
3448 5436 3503 5482 et
3519 5424 3781 5483 Pharisai
3802 5441 3882 5480 suc

2323 5533 2420 5588 per
2428 5531 2549 5572 eam
2560 5519 2721 5576 seden
2729 5527 2809 5574 tes
2817 5519 3059 5573 dicerent
3073 5518 3300 5573 observa
3307 5526 3447 5584 rent',
3458 5532 3566 5572 non
3577 5517 3800 5572 dubium
3808 5524 3882 5570 est

2325 5609 2456 5679 quin
2478 5610 2772 5682 apostolica
2793 5617 2847 5664 et
2864 5608 3173 5678 evangelica
3191 5607 3459 5676 doctrina,
3480 5607 3639 5676 cujus
3671 5607 3816 5665 sedes
3835 5613 3879 5660 et
