4218 6382
314 383 407 440 ιιι
787 373 797 383 ’
1396 372 1596 427 LIBER
1634 370 1915 426 TERTIUS

1942 411 1949 425 .
1989 400 2059 410 --
2096 367 2311 423 EPIST.
2350 365 2437 420 XI.
3437 361 3542 414 442

317 495 726 551 fundamentum
763 489 1013 544 Christus
1041 496 1145 552 est,
1180 486 1267 542 cui
1304 485 1453 540 omni
1483 483 1829 538 veneratione
1852 497 1881 534 ει
1912 482 1955 536 Α
1984 478 2277 533 rieulosum
2326 474 2527 543 cogites
2552 512 2565 537 ,
2622 480 2676 524 ct
2714 471 3011 524 libertatem
3058 469 3328 535 Ecclesiae,
3379 484 3541 539 quam

316 583 560 639 ﬁdelibus
615 595 711 651 per
738 594 833 633 eos
854 576 947 647 qui
989 577 1043 631 in
1085 574 1446 631 ministerium
1480 571 1879 642 praedicationis
1980 582 2239 638 sponsam
2286 565 2389 619 sibi
2438 561 2645 618 cmicsti
2697 559 2972 615 consortio
3021 558 3246 628 jungere
3294 558 3545 628 dig-natus

308 672 465 729 electi
484 649 636 735 sunt,
675 668 1019 738 suscipienda
1053 674 1109 721 et
1151 663 1379 721 tenenda
1415 663 1504 719 sit.
1542 661 1877 730 Congregata
1980 667 2082 724 est,
2117 672 2226 712 non
2268 655 2380 725 jam
2433 662 2525 708 tua
2560 652 2915 722 occupatione
2962 649 3241 723 impedias,
3291 650 3383 703 sed
3437 663 3546 718 quo

314 776 549 832 namque
579 762 686 817 hoc
730 761 785 816 in
836 773 982 813 anno
1003 756 1147 826 apud
1177 754 1358 812 sedem
1396 751 1747 822 apostolicam
1791 765 1880 819 sy-
1981 748 2215 803 maxime
2257 753 2466 801 crescat
2490 743 2600 798 Deo
2628 740 2985 812 omnipotenti
3013 750 3067 795 et
3102 741 3259 793 beato
3289 738 3467 803 Petro,
3515 754 3545 793 a
3586 745 3591 751 ‘

312 830 475 918 nodo,
501 853 593 907 cui
624 868 728 907 nos
758 864 992 919 superna
1023 843 1353 916 dispensatio
1382 842 1667 912 prasidere
1688 840 1878 901 voluit,
1981 839 2179 911 quibus
2205 845 2258 891 et
2280 846 2371 892 tua
2408 842 2680 889 mereatur
2705 832 3023 903 amplificari
3060 832 3249 903 gloria,
3286 830 3545 885 auxilium

312 940 397 995 cui
418 940 586 995 etiam
614 938 859 992 nonnulli
890 944 1104 989 tuorum
1133 931 1340 986 infuere
1360 930 1618 993 fidelium,
1641 927 1882 981 videntes

313 1029 558 1085 ordinem
585 1026 909 1080 Christianae
939 1023 1214 1093 religionis
1240 1020 1426 1075 multis
1448 1020 1561 1089 jam
1593 1016 1883 1073 labefacta-

314 1128 426 1172 tum
459 1116 815 1185 temporibus,
848 1124 903 1169 et
927 1113 1251 1182 principales
1281 1127 1345 1166 ac
1391 1110 1639 1180 proprias
1662 1109 1881 1162 lucran-

311 1208 504 1261 darum
528 1206 835 1260 animarum
862 1218 1056 1259 causas
1079 1202 1170 1256 diu
1208 1201 1510 1271 prolapsas,
1538 1207 1592 1253 et
1625 1197 1884 1252 suadente

310 1294 528 1351 diabolo
562 1295 932 1359 eoneulcatas,
958 1292 1211 1347 concussi
1248 1291 1488 1361 periculo
1515 1299 1569 1345 et
1599 1287 1884 1342 manifesta

312 1386 615 1456 perditione
642 1384 911 1439 Dominici
954 1383 1162 1454 gregis,
1198 1381 1266 1437 ad
1317 1389 1628 1436 sanctorum
1663 1376 1883 1432 Patrum

312 1474 527 1529 decreta
558 1473 970 1541 doctrinamque
1006 1470 1360 1534 recurrimus,
1397 1469 1532 1523 nihil
1568 1468 1715 1533 novi,
1750 1464 1885 1520 nihil

313 1562 693 1617 adinventione
721 1569 905 1614 nostra
933 1566 1254 1625 statuentes,
1292 1558 1383 1613 sed
1425 1556 1656 1626 primam
1686 1563 1742 1609 et
1766 1553 1886 1608 uni-

313 1666 429 1713 cam
456 1652 841 1707 ecclesiastica:
866 1650 1164 1720 disciplinae
1190 1649 1454 1720 regulam,
1478 1655 1532 1702 et
1553 1648 1735 1701 tritam
1761 1661 1887 1700 san-

1985 940 2089 984 tuze
2111 929 2328 983 virtutis
2352 928 2495 983 ﬁdeli
2526 926 2813 980 devotione
2842 924 3098 978 exhibere
3122 922 3363 993 incipias.
3391 920 3546 986 Quod

1985 1020 2263 1085 nimirum,
2295 1033 2395 1089 pro
2421 1019 2615 1073 collata
2641 1016 2737 1070 tibi
2762 1030 2828 1069 ex
2865 1014 3116 1068 hostibus
3146 1012 3254 1068 tuis
3292 1011 3545 1073 victoria,

1985 1127 2129 1167 nunc
2161 1119 2213 1165 te
2248 1109 2581 1179 permaxime
2631 1107 2737 1162 illis
2771 1106 3011 1161 debitum
3062 1105 3180 1159 fore
3224 1100 3565 1173 cognoscere“

1983 1202 2167 1266 debes,
2193 1209 2250 1255 ut
2276 1200 2405 1254 dum
2433 1207 2482 1252 te
2512 1196 2849 1252 memorabili
2872 1195 3230 1266 prosperitate
3255 1193 3550 1258 laetificant,

1952 1278 2050 1347 nex
2095 1291 2368 1346 concessis
2406 1286 2683 1343 beneflciis
2726 1287 3068 1340 devotionem
3111 1283 3343 1337 videant.
3376 1281 3554 1349 Atque

1986 1384 2089 1457 hoc
2108 1391 2168 1437 ut
2202 1383 2364 1436 timor
2392 1380 2521 1447 Dei,
2549 1382 2604 1434 in
2637 1380 2793 1450 cujus
2818 1394 2984 1432 manu
3014 1388 3069 1432 et
3096 1385 3363 1447 potestate
3392 1390 3553 1429 omne

1986 1488 2214 1543 regnum
2271 1482 2353 1526 est
2400 1480 2455 1528 et
2503 1471 2789 1540 imperium
2818 1511 2832 1535 ,
2880 1468 3194 1539 praecordiis
3239 1467 3351 1521 tuis
3391 1466 3554 1520 altius

1956 1568 2169 1641 ’ijuam’
2210 1570 2398 1617 nostra
2450 1561 2752 1617 admonitio
2793 1560 3010 1630 inligat,
3046 1559 3103 1612 in
3137 1543 3316 1611 mente
3352 1558 3555 1611 habeas

1988 1656 2118 1726 quid
2155 1654 2304 1708 Sauli
2345 1662 2466 1724 post
2486 1654 2734 1722 adeptam
2782 1653 3095 1716 victoriam,
3136 1665 3241 1719 qua
3293 1648 3555 1717 prepheta

314 1751 525 1796 ctorum
550 1740 697 1795 viam
723 1741 907 1795 relicto
928 1756 1114 1795 errore
1138 1739 1481 1811 repetendam
1503 1746 1557 1793 et
1577 1736 1884 1793 sectandam
1985 1748 2211 1817 iubente
2268 1761 2401 1800 usus
2450 1753 2561 1808 εει,
2613 1743 2680 1797 de
2740 1758 2841 1795 suo
2878 1741 3158 1811 triumpho
3197 1737 3476 1810 gloriam},
3503 1744 3559 1791 ει

313 1845 432 1886 esse
459 1831 797 1903 censuimus.
833 1829 1018 1900 Neque
1053 1831 1199 1885 enim
1246 1831 1412 1885 alium
1459 1836 1659 1884 nostra:
1698 1827 1889 1882 salutis

1942 1818 1963 1866 ³
1990 1834 2234 1908 ejusdem
2264 1836 2539 1907 propheta:
2560 1833 2763 1888 monita
2789 1847 2895 1884 non
2930 1829 3247 1899 exsequenti
3270 1826 3557 1891 acciderit,

314 1929 605 1977 “mm
639 1923 762 1976 νίίε
790 1922 1071 1975 "limitum
1108 1920 1311 1975 Chiis“
1353 1921 1546 1974 ("ibus
1592 1933 1890 1987 eorumque
1991 1937 2043 1982 et
2096 1928 2328 1997 qualiter
2375 1942 2407 1981 a
2442 1924 2671 1979 Domino
2696 1922 3014 1992 reprobatus
3044 1921 3140 1984 sit;
3193 1925 3397 1987 quanta
3431 1930 3561 1969 vero

314 2008 627 2076 pastoribus
656 2017 840 2080 patere
886 2009 1296 2079 cognoscimus,
1332 2008 1437 2062 nisi
1465 2022 1627 2078 quem
1673 2007 1742 2060 ab
1770 2007 1888 2073 ipso

1991 2020 2161 2091 gratia
2202 2017 2369 2072 David
2402 2031 2584 2087 regem
2612 2031 2678 2070 ex
2709 2014 2904 2068 merito
2927 2008 3247 2067 humilitatis
3271 2007 3413 2060 inter
3442 2006 3557 2060 vir-

315 2105 675 2152 monstratum
721 2098 814 2167 qui
850 2098 1025 2152 dixit:
1064 2098 1176 2168 Ego
1211 2115 1326 2152 sum
1350 2098 1584 2161 ostium;
1612 2113 1702 2167 per
1730 2112 1809 2150 me
1842 2096 1888 2149 si

313 2189 425 2258 quis
448 2188 738 2255 introierit,
759 2190 1068 2257 mirabitur,
1082 2200 1130 2244 et
1145 2207 1342 2260 pascua
1359 2192 1580 2244 inveniet
1602 2188 1783 2261 (Joan.
1798 2183 1855 2257 ιι)
1874 2208 1884 2241 :

314 2289 366 2333 et
407 2280 478 2334 ab
510 2279 775 2349 apostolis
824 2282 1196 2350 praedicatum,
1233 2290 1287 2335 et
1317 2298 1347 2335 a
1383 2281 1587 2336 sanctis
1636 2279 1890 2333 Patribus

314 2370 665 2425 observatum
710 2371 764 2424 in
807 2372 1118 2441 evangelica
1163 2380 1217 2426 et
1271 2372 1326 2427 in
1381 2372 1529 2426 omni
1579 2370 1886 2425 divinarum

316 2458 724 2529 Seripturarum
757 2461 952 2531 pagina
974 2460 1283 2517 didicimus.

379 2552 556 2623 Hujus
580 2561 762 2606 autem
784 2551 1004 2617 decreti,
1031 2551 1177 2622 quod
1200 2552 1420 2624 quidam
1452 2552 1659 2618 dicunt,
1695 2554 1887 2605 huma-

314 2656 412 2697 nos
463 2641 667 2697 divinis
730 2627 1029 2696 honoribus
1088 2650 1489 2711 prmponentes,
1547 2640 1887 2711 importabile

314 2734 548 2801 pondus,
603 2742 657 2787 et
692 2733 1017 2786 immensam
1060 2734 1491 2803 gravitudinem;
1545 2748 1647 2787 nos
1704 2740 1886 2787 autem

312 2823 485 2893 magis
530 2823 753 2893 proprio
791 2824 1088 2891 vocabulo,
1132 2825 1516 2894 recuperandae
1559 2823 1748 2879 salutis
1788 2838 1884 2877 ne-

313 2914 608 2969 cessariam
644 2915 924 2970 veritatem
954 2931 1215 2970 vocamus
1247 2925 1302 2971 et
1330 2917 1526 2981 lucem,
1574 2928 1682 2967 non
1708 2913 1885 2966 solum

314 3021 344 3061 a
368 3015 437 3072 te,
466 3006 553 3061 vel
584 3006 655 3061 ab
676 3007 762 3061 his
784 3006 875 3075 qui
907 3007 960 3060 in
1003 3020 1171 3075 regno
1196 3014 1289 3060 tuo
1315 3013 1469 3071 sunt,
1495 3004 1588 3058 sed
1618 3003 1687 3057 ab
1707 3001 1886 3057 omni-

316 3098 719 3195 bus-terrarum
752 3096 1089 3167 principibus
1131 3106 1185 3151 et
1225 3096 1441 3168 populis
1478 3096 1572 3167 qui
1606 3093 1883 3149 Christum
1911 3133 1959 3195 ο

315 3189 644 3245 confitentur
665 3197 721 3243 et
744 3190 950 3254 colunt,
980 3190 1171 3244 devote
1197 3188 1601 3258 suscipiendam
1624 3194 1678 3241 et
1700 3186 1887 3262 obser—

315 3280 547 3334 vandam
572 3279 970 3347 adjudieamus.
1000 3278 1325 3350 Quanquam
1349 3278 1453 3332 hoc
1488 3278 1717 3331 multum
1746 3275 1890 3329 desi-

313 3370 569 3424 deremus
601 3379 655 3425 et
689 3376 743 3423 te
767 3364 1378 3439 permaxime'deceret,
1426 3377 1486 3423 ut
1515 3367 1656 3423 sicut
1680 3365 1890 3421 caeteris

314 3459 503 3525 gloria,
530 3460 741 3516 honore
783 3461 1091 3533 virtuteque
1129 3461 1422 3533 potentior,
1460 3460 1532 3514 ita
1574 3473 1726 3513 esses
1752 3458 1889 3512 etin

313 3547 516 3605 Christi
543 3550 833 3607 devotione
860 3554 1164 3608 sublimior.
1192 3553 1440 3608 Attamen
1468 3568 1534 3607 ne
1575 3552 1691 3605 haec
1726 3564 1889 3619 supra

315 3641 535 3697 modum
562 3642 660 3696 tibi
691 3644 873 3711 gravia
906 3652 1000 3697 aut
1034 3644 1220 3713 iniqua
1264 3644 1597 3707 viderentur,
1642 3656 1737 3710 per
1766 3648 1907 3699 tuos.

315 3731 497 3787 tideles
549 3733 649 3786 tibi
682 3734 1063 3801 mandavimus
1123 3750 1191 3789 ne
1237 3750 1416 3804 prava:
1477 3734 1889 3791 consuetudinis

314 3816 542 3877 mutatio
592 3829 647 3877 te
690 3816 1078 3891 commoveret,
1110 3824 1356 3882 mitteres
1402 3826 1469 3882 ad
1493 3842 1593 3881 nos
1630 3841 1771 3897 quns
1803 3842 1891 3883 sa-

313 3913 520 3981 pientes
545 3923 604 3989 et
644 3915 930 3987 religiosos
976 3916 1031 3972 in
1064 3933 1231 3988 regno
1267 3926 1360 3973 tuo
1384 3919 1625 3974 invenire
1658 3926 1887 3989 posses;

312 4006 401 4075 qui
432 4009 479 4063 si
514 4008 699 4076 aliqua
730 4007 941 4061 ratione
970 4008 1348 4063 demonstrare
1379 4011 1464 4063 vel
1490 4018 1736 4064 astruere
1764 4026 1890 4078 pos-

312 4108 447 4162 sent,
476 4100 535 4153 in
560 4112 674 4167 quo
701 4097 871 4155 salvo.
888 4098 1079 4155 aeterni
1107 4097 1524 4173 Regishonore,
1548 4107 1604 4153 et
1634 4098 1751 4153 sine
1791 4114 1888 4168 pe—

312 4187 479 4244 riculo
491 4190 804 4244 animarum
832 4198 1146 4247 nostrarum
1164 4190 1559 4261 promulgatam
1575 4197 1888 4244 sanctorum

310 4276 529 4334 Patrum
542 4293 829 4349 possemus
841 4286 1139 4349 temperare
1151 4281 1496 4348 sententiam,
1508 4296 1699 4335 eorum
1709 4280 1891 4336 consi-

310 4367 394 4424 liis
412 4370 996 4427 condescenderemus.
1012 4369 1167 4438 Quod
1184 4373 1402 4445 quidem
1422 4373 1524 4429 etsi
1546 4388 1578 4428 a
1601 4372 1760 4430 nobis
1777 4381 1887 4427 tam

308 4461 667 4516 amicabilitcr
691 4462 934 4533 monitus
948 4479 1057 4517 non
1073 4462 1290 4528 fuisses,
1313 4475 1528 4532 aequum
1558 4471 1734 4516 tamen
1770 4461 1885 4516 fue-

309 4561 406 4618 rat,
431 4562 490 4607 ut
504 4554 661 4622 prius
673 4552 729 4606 in
747 4569 857 4622 quo
873 4561 925 4607 te
938 4569 1305 4623 gravaremus,
1328 4561 1423 4607 aut
1446 4554 1552 4607 tuis
1585 4554 1885 4612 honoribus

308 4643 672 4708 obstaremus,
685 4642 995 4697 rationabili
1003 4652 1083 4699 ter
1094 4660 1124 4698 a
1138 4644 1297 4700 nobis
1315 4644 1558 4716 exigeres
1574 4659 1737 4716 quam
1750 4644 1883 4715 'apo-

309 4734 493 4798 stolica
524 4734 745 4790 decreta
792 4735 1041 4819 violares.
1077 4734 1273 4792 Verum
1320 4738 1511 4808 quanti
1557 4746 1651 4791 aut
1696 4744 1881 4790 nostra

311 4826 510 4880 monita
537 4835 635 4881 aut
658 4829 1060 4907 observantiam
1085 4830 1311 4900 justitia:
1334 4829 1545 4894 feceris,
1574 4829 1629 4880 in
1651 4828 1737 4882 his
1762 4844 1883 4899 qua:

309 4919 654 4983 postmodum
679 4933 710 4971 a
744 4926 795 4972 te
823 4922 984 5000 gesta
1001 4928 1056 4974 et
1095 4920 1361 4988 disposita
1394 4925 1521 4973 sent
1552 4918 1877 4975 declaratur.

313 5006 413 5061 Sed
432 5025 461 5077 (_
493 5008 564 5063 tia
601 5008 731 5061 dum
761 5008 940 5061 adhuc
990 5009 1149 5078 longa
1182 5008 1277 5062 Dei
1313 5011 1568 5078 patientia
1606 5012 1673 5066 ad
1698 5028 1881 5067 emen-

310 5096 583 5152 dationem
629 5106 683 5151 te
720 5098 934 5161 invitat,
969 5108 1245 5155 crescente
1290 5102 1645 5172 intelligentia
1681 5111 1772 5157 tua
1814 5106 1881 5159 ad

311 5187 670 5245 obedientiam
698 5189 1078 5246 mandatorum
1108 5190 1202 5246 Dei
1239 5207 1335 5247 cor
1367 5202 1423 5247 et
1456 5196 1697 5249 animum
1731 5205 1880 5252 tuum

312 5276 445 5332 [laeti
494 5295 657 5347 posse
690 5297 995 5350 speramus.
1027 5281 1260 5337 Paterna
1308 5294 1359 5339 te
1385 5287 1648 5342 eharitate
1696 5302 1882 5343 mone-

313 5380 450 5436 mus,
481 5378 545 5424 ut
585 5369 794 5443 Christi
828 5388 992 5443 super
1038 5383 1088 5429 te
1131 5373 1418 5445 imperium
1458 5391 1880 5445 recognoscens,

313 5456 508 5517 honore
520 5479 570 5517 at
600 5470 757 5524 tuum
783 5463 905 5533 ejus
931 5466 1123 5520 honori
1149 5483 1460 5537 prmponere
1494 5482 1657 5535 quam
1686 5468 1757 5521 sit
1791 5484 1881 5538 pe—

268 5638 271 5641 ’
373 5633 516 5703 (385‘)
552 5639 627 5694 De
678 5638 916 5707 Rogcrio
958 5645 1050 5711 qui
1116 5644 1214 5699 fuit
1276 5645 1472 5699 Sicilia:
1527 5660 1709 5699 comes
1772 5644 1881 5700 Leo

316 5730 472 5786 (estis
522 5729 808 5784 Friderici.

1992 2119 2169 2165 tutum
2223 2108 2457 2179 insignia
2508 2108 2800 2162 subsecuta
2840 2105 2959 2159 fuit.
2998 2102 3241 2171 Denique
3274 2112 3437 2167 super
3473 2096 3559 2150 his

1990 2216 2113 2271 qua:
2151 2200 2202 2253 in
2231 2198 2472 2269 epistolis
2497 2197 2605 2251 tuis
2628 2196 2741 2251 visa
2756 2210 2821 2249 ac
2853 2195 3067 2265 cognita
3100 2191 3420 2253 reticemus,
3452 2202 3559 2241 non

1991 2301 2147 2346 antea
2166 2292 2271 2345 tibi
2294 2300 2439 2345 certa
2469 2305 2733 2359 responsa
2768 2287 3050 2350 dabimus,
3086 2284 3259 2338 donec
3286 2280 3446 2350 legati
3482 2280 3560 2333 tui

1992 2382 2233 2437 Rabbodi
2287 2381 2584 2450 Adelpreeh
2632 2377 3009 2451 [Adelprecus]
3041 2383 3095 2431 et
3136 2371 3400 2427 Vodescal
3431 2368 3523 2423 Re'

1989 2488 2127 2543 quos
2177 2471 2591 2544 [Vodescaleus,
2632 2468 2794 2541 quos]
2821 2470 2907 2524 his
2939 2464 3308 2537 adjunximus,
3351 2460 3418 2514 ad
3460 2474 3560 2517 ac:

1989 2563 2219 2628 reversi,
2264 2578 2429 2632 super
2469 2562 2555 2616 his
2591 2576 2714 2631 quae
2754 2560 2860 2614 illis
2882 2568 3061 2613 tecum
3096 2553 3303 2625 agenda
3334 2551 3533 2605 comml

1957 2718 1959 2725 Α
1990 2655 2164 2709 simus
2190 2664 2340 2709 tuam
2372 2653 2528 2708 nobis
2552 2652 2768 2723 plenius
2796 2650 3041 2721 aperiant
3060 2647 3415 2701 voluntatem.

2058 2745 2190 2800 Data
2202 2744 2406 2811 Romae,
2430 2753 2582 2799 sexto
2604 2743 2730 2799 ldus
2750 2740 3013 2809 Januarii,
3039 2736 3332 2794 indictione
3352 2733 3560 2789 decima

1990 2845 2208 2905 quarta.

2534 2921 2871 2993 EPlSTOLA
2902 2920 2993 2975 ιιι.

2296 3031 2500 3071 ARNALD
2508 3032 2577 3069 Ill
2610 3029 2897 3069 EPISCOPUI
2944 3024 3349 3068 ACIIERUNTINIIN
3358 3048 3369 3061 .

2478 3110 2481 3111 ⁷
2539 3183 2542 3186 ἢ
2570 3107 2751 3175 (Anno
2784 3104 2971 3174 1075.)

1992 3194 2318 3278 Potestatem
2347 3180 2478 3273 facit
2512 3183 2546 3250 a
2584 3194 3136 3278 peccatisfbsolvendi
3166 3189 3444 3278 Rogerium
3467 3203 3563 3278 fo-

2064 3267 2240 3318 mitem
2270 3265 2375 3318 uaa
2404 3265 2523 3321 eum
2545 3265 2660 3335 ejus
2682 3265 2940 3335 militibus
2968 3273 3153 3317 contra
3178 3273 3424 3335 paganos
3463 3272 3561 3335 ρει-ᾖ

2058 3336 2300 3403 gnaturis
2319 3376 2333 3400 ,
2372 3336 2420 3390 si
2459 3325 2641 3403 tamin”
2666 3334 3031 3403 penitentiam
3054 3325 3279 3403 egerint:
3304 3325 3479 3403 Monet
3504 3333 3562 3376 ut

2058 3394 2128 3477 ξω
2156 3394 2457 3477 Τείίσξρηεηι
2490 3402 2627 3477 inter
2644 3394 2874 3477 paganos
2890 3394 3333 3477 propugnantium
3356 3394 3560 3448 eosdem

2058 3468 2612 3530 incitetfParatum‘se
2635 3468 2858 3526 estindit
2884 3468 3163 3525 Robertum
3182 3468 3246 3520 ab
3271 3479 3562 3519 excommu-

2058 3543 2321 3598 nicatione
2348 3542 2641 3609 absolvere,
2667 3544 2715 3596 si
2732 3543 2971 3596 devotum
2991 3556 3118 3609 ergo
3139 3531 3560 3609 Romanam}??-

2062 3611 2279 3667 clesiam
2299 3631 2354 3668 se
2382 3602 2698 3682 ostenderit.
2721 3612 3030 3682 Injungitut
3052 3602 3322 3682 Baiduino
3344 3602 3560 3682 μειρθιξ·

2061 3690 2184 3735 ²⁰¹⁸⁰
2203 3684 2441 3752 ερίκορο
2462 3693 2579 3753 pou
2612 3670 3245 3753 peractampwnitentiam
3272 3670 3556 3744 episcopale

2062 3766 2249 3806 manus
2277 3753 2482 3807 reddat.
2758 3774 2759 3777 ‘

2066 3841 2374 3900 Cascellius
2401 3845 2719 3915 episcOpus,
2750 3856 2941 3895 servus
2963 3853 3245 3893 servorum
3285 3834 3411 3900 Dei,
3453 3833 3553 3889 Aa-

1990 3951 2161 3991 uxcno
2215 3934 2370 3989 fratri
2413 3945 2468 3987 et
2516 3932 2834 4002 coepiscopo
2873 3932 3283 3995 Acnsnummo,
3332 3927 3553 3982 salutem

1989 4036 2043 4079 et
2074 4024 2423 4095 apostolicam
2454 4023 2908 4077 benedictionem.

2060 4114 2281 4171 Noverit
2328 4112 2642 4168 fraternitas
2686 4124 2776 4166 tua
2809 4110 3067 4180 quoniam
3109 4105 3370 4174 Roget-ius
3408 4101 3547 4171 (585]

1991 4223 2202 4273 comes,
2249 4203 2418 4259 frater
2468 4201 2690 4256 Roberti
2723 4199 2905 4263 ducis,
2951 4195 3260 4267 apostolica:
3290 4191 3433 4247 sedis
3460 4190 3544 4244 be-

1992 4299 2352 4356 nedictionem
2400 4303 2455 4347 et
2502 4290 2896 4345 absolutionem
2921 4286 3177 4357 requirit,
3214 4284 3439 4355 ejusque
3492 4282 3540 4335 li-

1991 4391 2096 4444 lius
2128 4385 2314 4441 vocari
2354 4392 2409 4438 et
2441 4397 2564 4438 esse
2591 4380 2879 4436 desiderat.
2929 4378 3267 4447 Quapropter
3299 4373 3534 4451 pastoral

2186 3032 2252 3070 AD

1918 4466 2116 4534 Dcura
2171 4477 2276 4531 hoc
2326 4474 2531 4528 laboris
2577 4488 2717 4527 onus
2766 4471 2862 4525 tibi
2921 4468 3281 4538 imponimus,
3330 4465 3441 4518 imo
3491 4478 3539 4515 et

1983 4579 2135 4641 parte
2182 4567 2351 4623 beati
2380 4563 2526 4620 Petri
2569 4564 2903 4632 imperamus
2926 4599 2941 4622 ,
2989 4567 3049 4611 ut
3086 4555 3532 4626 postpositaomn

1984 4663 2217 4734 torporis
2263 4659 2470 4715 desidia
2520 4655 2671 4709 illum
2707 4651 2899 4717 adeas,
2936 4666 3172 4720 eumque
3198 4650 3361 4717 hujus
3385 4651 3525 4698 nosti

1981 4753 2232 4823 praecepti
2280 4747 2604 4803 auctoritate
2648 4743 2819 4800 fultus
2842 4786 2857 4810 ,
2894 4744 2941 4799 si
2965 4743 3119 4797 nobis
3150 4751 3339 4808 parere
3364 4778 3379 4801 ,
3415 4736 3531 4791 sicu

1982 4843 2255 4913 pollicitus
2296 4850 2405 4903 est,
2441 4837 2703 4903 voluerit,
2744 4845 2798 4892 et
2829 4830 3201 4905 pmnitentiam
3232 4828 3315 4899 (ut
3345 4837 3527 4898 oportr

1979 4934 2378 5002 Christianum)
2428 4930 2629 5001 egerit,
2674 4929 2744 4981 ab
2783 4924 2931 4979 omni
2954 4929 3300 4992 peccatorum
3330 4935 3525 4974 suorur

1980 5025 2226 5091 vinculo,
2278 5032 2389 5077 tam
2443 5022 2594 5075 illum
2658 5031 2823 5086 quam
2858 5014 3020 5069 etiam
3058 5030 3188 5068 suos
3219 5012 3416 5065 milites
3459 5025 3514 5079 qi

1982 5133 2105 5171 ('um
2149 5132 2213 5168 eo
2258 5122 2444 5167 contra
2486 5124 2725 5179 paganos
2760 5108 2857 5179 (ita
2890 5116 3066 5161 tamen
3091 5112 3149 5156 ut
3182 5108 3343 5169 agant
3374 5100 3519 5169 pmni

1982 5206 2226 5274 tentiam)
2255 5201 2548 5273 pugnaturi
2582 5209 2731 5265 sunt,
2764 5196 3001 5273 peccatis
3021 5193 3254 5248 maxime
3280 5191 3518 5244 absolvas

1982 5298 2246 5351 Addimus
2290 5306 2550 5365 praeterea
2595 5304 2653 5346 ut
2694 5307 2817 5346 eum
2840 5290 2927 5358 pia
2954 5285 3321 5342 admonitione
3358 5282 3515 5337 admo

1982 5402 2116 5441 neas
2150 5382 2420 5457 quatenus
2462 5398 2521 5439 se
2562 5379 2881 5449 capitalibus
2908 5376 3227 5454 criminibus
3253 5367 3512 5433 custodiat

1981 5485 2033 5530 ct
2070 5451 2365 5531 Christiani
2414 5470 2649 5526 nominis
2697 5468 2965 5523 culturam
2999 5467 3136 5520 inter
3161 5451 3399 5530 paganos
3432 5471 3507 5509 an

1982 5650 2245 5707 Ostiensis
2305 5649 2338 5700 l.
2399 5664 2478 5711 ιιι,
2517 5664 2565 5701 c.
2603 5648 2684 5712 15,
2722 5646 2847 5701 Otto
2908 5640 3269 5708 Frismgcnsis
3312 5635 3502 5692 librof
