4218 6382
732 428 836 481 ωδ
1368 423 1425 480 S.
1462 422 1791 481 GREGORII
1828 421 1919 479 VII
1956 422 2156 480 ΡΑΡᾹΞ
2192 422 2473 481 OPEBUM
2509 424 2689 480 PARS
2726 424 2765 480 l.
2807 456 2877 466 —
2910 425 3327 483 REGISTRL'M.
3852 430 3936 485 4M

730 540 969 608 pliticare
1013 537 1258 605 studeat,
1305 547 1364 591 ut
1394 538 1462 592 de
1489 537 1693 591 eisdem
1732 526 1981 593 hostibus
2010 536 2296 591 victoriam
2326 540 2370 595 Α
2396 535 2710 602 condoluit,
2765 536 2839 590 ita
2884 537 2951 592 de
3005 536 3377 592 satisfactione
3424 534 3654 592 laetetur.
3701 534 3938 594 Volumus

731 629 989 699 consequi
1040 638 1332 683 mereatur.
1384 625 1632 696 Amplius
1672 626 1721 682 si
1768 627 1835 681 de
1882 625 2119 681 Roberto
2162 624 2301 680 duce
2397 625 2561 681 etiam
2583 625 2780 682 utvice
2801 636 2988 681 nostra
3009 624 3632 696 Pipponem'l‘ullensem
3651 623 3938 699 episcopum

731 720 895 774 fratre
925 734 1027 774 suo
1052 719 1255 786 aliquid
1289 718 1387 772 tibi
1420 718 1697 785 retulerit,
1727 716 2058 787 respondeas
2085 715 2135 769 ei
2156 729 2299 785 quo-
2398 717 2735 772 admoneatis
2757 758 2772 783 ,
2806 705 3076 786 quatenus
3097 732 3160 771 ea
3180 732 3301 787 quae
3330 716 3434 772 sibi
3457 717 3794 787 iniunximus
3812 719 3940 773 dein-

729 811 876 865 niam
926 809 1183 864 Romana:
1219 808 1471 864 Ecclesia:
1508 802 1676 878 ianua
1712 806 2099 863 misericordia:
2121 803 2300 859 omni-
2398 818 2526 875 ceps
2577 804 2756 860 facere
2776 821 2887 859 non
2923 807 3160 861 omittat.
3204 805 3471 862 Decuerat
3506 807 3653 861 enim
3687 816 3746 861 ut
3778 807 3843 862 de
3858 809 3941 864 ob-

700 902 834 963 ,bus
904 909 1081 969 patet,
1144 886 1456 968 quicunque
1532 898 1865 968 pmnitcntite
1917 910 2103 950 amore
2151 893 2297 948 ducti
2347 903 2351 906 ’
2393 894 2553 965 jectis
2582 895 2686 950 sibi
2724 895 3002 952 debuisset
3038 896 3366 966 respondere
3398 896 3573 968 magis
3591 912 3753 966 quam
3777 907 3939 954 contra

728 990 1042 1047 omensionis
1102 990 1354 1044 scandala
1397 990 1695 1059 deserunt,
1742 1000 1797 1045 et
1850 987 1917 1041 ad
1962 982 2306 1060 rectitudinis
2398 985 2776 1041 auctoritatem
2813 985 3074 1056 principis
3111 988 3489 1057 apostolorum
3511 987 3579 1042 ad
3598 986 3939 1043 defensionem

728 1083 872 1134 viam
905 1080 1168 1133 inoffenso
1196 1080 1330 1149 pede
1359 1079 1567 1148 regredi
1599 1076 2012 1146 concupiscunt.
2052 1072 2109 1127 Si
2135 1071 2300 1149 igitur
2398 1075 2744 1146 iniquitatum
2779 1089 3006 1130 suarum
3041 1092 3201 1131 arma
3246 1077 3552 1146 corripere,
3592 1088 3754 1148 atque
3784 1093 3940 1147 regem

728 1171 837 1224 dux
872 1169 1138 1224 Robertus
1163 1179 1365 1225 sancte
1390 1169 1646 1224 Romanae
1675 1167 1950 1231 Ecclesia,
1978 1166 2118 1220 sicut
2133 1160 2296 1223 Illius,

729 1275 919 1330 parcre
968 1271 1212 1329 οχοιιιειι,
1258 1272 1483 1331 paratus
1528 1276 1651 1316 sum
1691 1268 1918 1329 paterno
1956 1268 2142 1311 amore
2168 1266 2295 1306 CIIII]

729 1353 1033 1421 suscipere,
1068 1360 1122 1405 et
1153 1368 1254 1406 suo
1294 1352 1603 1406 consilio'ei
1639 1349 1908 1421 justitiam
1940 1339 2294 1407 conservare,

726 1450 780 1493 et
806 1442 875 1495 ab
900 1441 1479 1496 excommunicationis
1511 1439 1730 1495 vinculo
1751 1437 1968 1506 penitus
1988 1430 2295 1495 absolvere,

725 1540 779 1585 et
809 1531 947 1584 inter
988 1532 1351 1595 divinasoves
1372 1546 1497 1585 cum
1528 1532 1906 1585 adnumerare.
1940 1524 2096 1592 Quod
2128 1523 2176 1577 si
2206 1533 2296 1573 rc-

728 1623 912 1675 nuerit
954 1622 1097 1676 idem
1122 1621 1423 1677 -I{obertus
1449 1622 1590 1686 (lux,
1627 1630 1688 1676 ut
1720 1636 1845 1675 cum
1879 1636 1945 1675 eo
1970 1620 2114 1674 ultra
2143 1632 2294 1672 com-

725 1713 967 1767 niunicet
1014 1728 1081 1766 ex
1142 1722 1295 1781 parte
1344 1713 1652 1782 apostolicae
1690 1713 1835 1768 sedis
1872 1710 2144 1766 licentiam
2186 1711 2330 1762 non

724 1801 919 1871 poterit
946 1802 1251 1871 impetrare.
1281 1801 1393 1858 lloc
1430 1804 1594 1858 etiam
1626 1812 1734 1858 tua:
1762 1801 2086 1858 fraternitati
2114 1799 2297 1869 injun-

724 1889 905 1957 gimus
932 1900 990 1945 ut
1016 1892 1274 1947 confratri
1304 1903 1489 1949 nostro
1519 1889 1785 1948 Balduino
1805 1892 2135 1963 Melphitano
2184 1895 2296 1964 θρί-

724 1995 907 2049 scopo,
934 1982 1027 2050 qui
1049 1984 1442 2039 correctionem
1465 1982 1785 2038 universalis
1801 1983 1989 2041 matris
2016 1985 2295 2043 humiliter

721 2077 778 2123 et
831 2070 1035 2125 audivit
1073 2081 1128 2126 et
1174 2070 1510 2139 observavit,
1557 2073 1699 2135 sicut
1729 2090 1760 2128 a
1797 2072 2059 2131 fratribus
2089 2076 2293 2133 nostris

719 2160 1033 2228 accepimus
1051 2203 1071 2228 ,
1122 2161 1364 2225 officium
1394 2163 1701 2234 episcOpale
1738 2164 1904 2233 hujus
1947 2166 2122 2220 nostri
2149 2180 2292 2236 pra:-

723 2246 865 2313 eepti
920 2245 1092 2303 fultus
1133 2250 1482 2312 auctoritate,
1515 2264 1583 2302 ex
1616 2259 1769 2318 parte
1793 2250 1937 2305 beati
1969 2250 2147 2319 Petri,
2170 2260 2294 2323 post

726 2336 1100 2403 pmnitentiam
1131 2337 1311 2390 datam
1340 2337 1406 2391 de
1426 2336 1696 2407 aliquibus
1728 2339 2072 2407 excessibus,
2097 2340 2292 2399 reddas

724 2431 781 2477 et
826 2424 967 2478 sicut
1003 2440 1102 2495 ego
1136 2442 1236 2497 pro
1276 2429 1369 2481 illo
1392 2443 1581 2498 preces
1612 2429 1904 2487 confratris
1950 2432 2126 2489 nostri
2167 2431 2289 2488 Ste-

723 2517 886 2585 phani
918 2516 1140 2586 Trojani
1176 2519 1357 2573 audivi
1386 2521 1654 2590 episcopi,
1680 2522 1752 2575 ita
1784 2522 1900 2590 ipse
1922 2522 2075 2577 illum
2097 2524 2165 2580 de
2191 2542 2292 2581 sua

720 2606 896 2661 salute
937 2609 1109 2661 nostri
1160 2624 1226 2663 ex
1264 2619 1417 2679 parte
1467 2611 1709 2667 monitus
1760 2612 1950 2669 audire
1995 2627 2288 2685 procuret,
2334 2677 2339 2681 ,

723 2699 988 2768 suamque
1017 2700 1183 2767 vitam
1219 2716 1443 2772 semper?
1461 2703 1514 2758 in
1552 2705 1747 2761 melius
1771 2745 1787 2772 ,
1823 2703 1936 2761 Deo
1956 2705 2247 2787 adiuvante
2271 2750 2289 2775 ,

727 2786 1009 2853 perducat.

794 2872 926 2929 Data
964 2874 1446 2945 Romze,'secundo
1478 2878 1607 2938 Idus
1631 2881 1842 2953 Martii,
1867 2884 2163 2942 indictione
2191 2884 2289 2941 de-

723 2963 865 3019 cima
910 2976 1124 3024 euarta.
1245 3000 1271 3027 ,η

750 3038 752 3041 ’
1263 3038 1598 3096 EPISTOLA
1625 3040 1740 3097 XII.

2397 1165 2690 1220 sollicitare
2710 1164 2763 1220 id
2791 1174 2982 1221 contra
3005 1181 3107 1221 nos
3128 1182 3459 1237 praesumere
3480 1208 3497 1233 ,
3520 1168 3665 1237 quod
3686 1182 3940 1238 nunquam

2398 1256 2550 1311 licuit
2572 1296 2588 1323 ,
2612 1271 2792 1327 neque
2811 1297 2830 1325 ,
2859 1254 2975 1312 Deo
2995 1265 3291 1323 annuente,
3314 1256 3501 1312 licebit
3522 1257 3577 1310 in
3599 1257 3828 1327 aliquem
3846 1257 3943 1311 cle-

2396 1345 2635 1401 ricorum
2663 1346 2798 1401 fieri.
2825 1345 3001 1441 Quilsi
3022 1346 3185 1401 verba
3205 1346 3600 1404 exhortationis
3621 1354 3817 1401 nostra:
3836 1363 3943 1402 exn-

2395 1436 2677 1505 tempserit
2698 1477 2714 1502 ,
2754 1435 3077 1492 auctoritate
3118 1436 3263 1492 beati
3302 1435 3449 1492 Petri
3477 1452 3602 1492 eum
3644 1452 3675 1491 a
3714 1452 3941 1492 commu-

2396 1526 2558 1582 nione
2572 1527 2818 1597 corporis
2839 1536 2894 1582 et
2904 1528 3183 1599 sanguinis
3200 1527 3417 1583 Domini
3431 1527 3602 1582 nostri
3616 1525 3743 1583 Iesu
3758 1527 3951 1582 Christi

2395 1625 2707 1687 separatum
2753 1633 2877 1674 esse
2909 1618 3129 1673 sibimet
3160 1618 3452 1688 notiﬁcetis
3472 1625 3529 1673 et
3562 1634 3668 1672 non
3701 1617 3869 1673 solum
3896 1618 3941 1672 in

2394 1708 2612 1775 anima,
2643 1707 2739 1763 sed
2763 1709 2820 1763 in
2840 1723 3071 1778 corpore
3108 1710 3279 1779 ipsius
3301 1697 3563 1780 principis
3596 1710 3943 1779 apostolorum

2395 1798 2600 1852 ultione
2619 1797 2779 1868 digna
2808 1796 2925 1853 fore
2952 1799 3285 1868 puniendum
3308 1798 3478 1869 (586).

2922 1907 3261 1965 EPISTOLA
3301 1907 3439 1963 XIII.

2920 2000 3004 2055 Ἀυ
3043 2014 3395 2055 noscamus.

2989 2089 3170 2158 (Anno
3191 2088 3373 2161 l076.)

2383 2185 2626 2260 Exponit
2657 2189 3007 2260 gementium
3033 2187 3201 2260 latent
3240 2191 3298 2242 in
3340 2205 3503 2260 causa
3522 2205 3640 2260 qua!
3674 2171 3947 2245 vertebatur

2488 2258 2630 2312 inter
2648 2255 2947 2311 Ecclesium
2967 2255 3309 2335 Rusellanum
3345 2266 3395 2313 et
3417 2255 3865 2327 Populoniensent.

2458 2346 2767 2405 Camenius
2796 2348 3118 2426 episcopus,
3139 2362 3333 2414 servus
3351 2362 3636 2425 servorum
3670 2348 3794 2416 Dei,
3814 2349 3944 2404 clero

2390 2447 2446 2493 et
2489 2437 2689 2509 populo
2731 2436 3034 2497 Bosellante
3062 2433 3319 2499 εωιεείω
3341 2480 3357 2506 ,
3391 2437 3625 2513 salutem
3658 2447 3713 2495 et
3747 2448 3943 2511 aposto-

2393 2528 2556 2582 licam
2578 2526 3033 2584 benedictionem.
3175 2536 3179 2539 ‘
3254 2534 3271 2575 J
3336 2604 3337 2607 η
3442 2560 3445 2563 -

2460 2617 2598 2684 Quia
2645 2616 2813 2672 officii
2845 2616 3019 2673 nostri
3062 2625 3147 2673 est
3181 2616 3459 2674 disa'trdes
3505 2616 3577 2673 ad
3604 2618 3938 2675 concordiam

2391 2722 2647 2764 revocare
2665 2749 2681 2774 ,
2717 2708 3046 2769 discordiam
3078 2708 3221 2763 inter
3254 2706 3603 2774 Rosellanam
3624 2702 3696 2763 ἀ
3730 2706 3940 2777 Populo-

2390 2798 2633 2852 niensem
2665 2797 2963 2853 Eeclesiam
2991 2799 3228 2870 graviter
3256 2806 3504 2871 exortam
3541 2797 3782 2870 diligenti
3822 2812 3938 2852 exa-

2390 2888 2687 2944 minatione
2731 2872 3116 2945 discussimus.
3159 2887 3400 2965 Tandem
3430 2897 3555 2961 post
3584 2890 3764 2945 varias
3780 2889 3941 2945 utriu-

2389 2994 2496 3048 que
2533 2979 2771 3050 prolatas
2812 2979 3053 3035 rationes
3097 2978 3294 3033 claruit
3330 2967 3439 3033 neu
3470 2978 3650 3033 solum
3681 2992 3776 3049 per
3793 2980 3940 3049 privi-

2363 3068 2529 3141 legia
2573 3071 2883 3140 apostolicae
2922 3070 3098 3137 sedis,
3139 3059 3331 3126 verum
3358 3069 3523 3124 etiam
3565 3085 3664 3140 per
3692 3069 3937 3140 quoddam

721 3141 789 3180 AD
838 3142 1045 3203 υυοκεῃ
1066 3169 1081 3194 ,
1112 3144 1484 3185 τειεουοιιιεωι
1513 3146 1582 3187 ΕΤ
1614 3147 1955 3188 εειιιωιευιι
1989 3148 2284 3189 EPISCOPOS.
2316 3164 2359 3222 ϐ

2274 3174 2284 3187 ·
2316 3164 2359 3222 c
2388 3156 2733 3215 difﬁnitionis
2777 3160 3041 3230 scriptum
3064 3199 3078 3226 ,
3106 3161 3393 3228 praesentia
3419 3158 3666 3217 Silvestri
3686 3177 3858 3232 palm,
3891 3170 3940 3215 et

1288 3218 1466 3289 (Anno
1501 3218 1681 3290 l076.)

725 3300 907 3380 Monet
929 3315 995 3380 ut
1018 3323 1064 3380 tt
1084 3307 1673 3380 schismaticisecareant
1688 3351 1703 3375 ,
1727 3318 1776 3363 et
1805 3313 1944 3380 quod
1966 3328 2144 3366 eorum
2166 3329 2293 3366 sua-

795 3375 940 3450 sione
961 3376 1289 3450 deliquerunt
1320 3378 1607 3450 corrigam;
1642 3375 2124 3450 utque—episcopum
2160 3380 2291 3434 Tul-

792 3442 1111 3513 lensem,qui
1134 3455 1315 3499 contra
1341 3442 1514 3499 sedem
1551 3442 1895 3516 apostolicam
1921 3442 2294 3514 insurrcxerat

795 3524 1040 3588 moneant
1086 3524 1139 3566 ut
1174 3516 1415 3588 pontiﬁci
1459 3517 1700 3588 obedint;
1742 3517 1879 3588 quod
1908 3519 1956 3571 si
1985 3534 2294 3588 parere‘no-

794 3580 985 3647 fuerit,
1023 3580 1531 3637 excommunicatum
1566 3580 1719 3638 illum
1750 3580 2072 3641 denuntient.

726 3704 731 3739 ί
795 3668 1103 3727 Gnscomrs
1135 3673 1453 3743 episcopus,
1477 3690 1668 3730 servus
1699 3691 1980 3732 servorum
2017 3676 2109 3733 Dei
2135 3719 2150 3745 ,
2180 3676 2292 3733 fra-

712 3750 896 3817 tribus
929 3772 982 3817 et
1013 3764 1346 3833 coepiscOpis
1366 3764 1538 3820 UDONI
1580 3766 1918 3835 Trevirensi,
1950 3768 2291 3827 THEODOBICO

725 3852 1072 3920 \‘irdunensi,
1102 3864 1154 3909 et
1183 3853 1494 3911 "EBISIASSO
1520 3855 1774 3925 .‘iletensi,
1800 3859 2028 3930 salutem
2067 3868 2121 3915 et
2166 3875 2293 3930 apo-

721 3945 969 3998 stolicam
1004 3945 1453 4002 benedictionem.
1958 3928 1971 3940 χ

693 4096 696 4100 Α
792 4033 1022 4089 Litteras
1062 4036 1373 4113 apostolicae
1427 4038 1571 4093 sedis
1618 4039 1740 4094 ideo
1784 4039 1936 4096 vobis
1981 4039 2292 4111 dirigendas

721 4141 842 4180 esse
884 4126 1224 4193 censuimus,
1274 4129 1400 4197 quia
1428 4130 1819 4198 schismaticis,
1846 4131 1939 4201 qui
1965 4141 2154 4187 contra
2179 4131 2289 4186 Do-

725 4218 934 4270 minum
987 4227 1042 4272 et
1098 4219 1478 4273 auctoritatem
1520 4231 1723 4277 sanctae
1749 4221 2009 4277 Romanae
2039 4221 2290 4278 Ecclesia:

724 4323 784 4362 se
821 4314 1148 4376 erexerunt‘,
1180 4327 1299 4365 non
1320 4320 1513 4381 sponte
1531 4327 1630 4367 vos
1654 4315 1998 4370 consensisse
2024 4314 2290 4371 intellexi-

724 4416 866 4481 mus.
910 4399 1024 4468 Qua
1059 4401 1115 4455 in
1162 4416 1221 4456 re
1265 4404 1499 4471 qualiter
1547 4405 1867 4474 resipiscere
1894 4420 1991 4460 vos
2011 4416 2287 4475 oporteat,

2389 3244 2711 3306 clericorum
2748 3249 3118 3328 Romanorum
3139 3249 3346 3321 judicio
3366 3251 3744 3307 confirmatum
3766 3292 3780 3321 ,
3801 3252 3938 3322 quid-

2389 3341 2521 3410 ‘luid
2564 3341 2620 3393 in
2659 3340 2959 3409 quaestione
2997 3339 3175 3396 fuerat
3193 3340 3496 3397 Rosellanae
3520 3339 3773 3398 Ecclesia
3789 3340 3937 3412 perti-

2390 3446 2538 3486 nere.
2586 3429 2738 3486 Unde
2776 3431 3170 3488 collaudatione
3226 3440 3335 3488 tam
3376 3433 3757 3504 episcoporum
3792 3450 3936 3505 quam

2388 3521 2550 3575 etiam
2582 3520 2839 3576 Romana:
2861 3520 3115 3577 Ecclesia:
3135 3522 3479 3590 clericorum,
3515 3522 3787 3592 prmfatam
3806 3524 3937 3578 litem

2390 3625 2455 3665 eo
2486 3620 2671 3677 tenore
2696 3611 2996 3665 decidimus
3022 3652 3038 3678 ,
3066 3620 3127 3666 ut
3153 3611 3473 3687 investitura
3512 3596 3796 3668 Rbsellano
3832 3613 3937 3683 epi-

2391 3716 2555 3772 scopo
2599 3702 2852 3772 deinceps
2898 3718 3155 3759 concessa
3180 3743 3196 3769 ,
3223 3703 3269 3758 si
3293 3712 3418 3759 ante
3445 3704 3752 3774 proximum
3775 3702 3938 3759 Domi-

2389 3791 2524 3846 niese
2563 3792 2901 3852 ascensionis
2948 3789 3146 3846 festum
3199 3792 3457 3862 aliquam
3483 3793 3821 3863 scriptionem
3844 3789 3938 3846 Po-

2389 3883 2726 3953 puloniensis
2750 3883 3038 3952 episcopus
3059 3873 3357 3945 ostenderit
3378 3925 3394 3950 ,
3415 3900 3538 3953 qua:
3559 3894 3772 3941 ostensa
3797 3882 3936 3940 nobis

2388 3987 2540 4043 papa:
2592 3970 2835 4027 Silvestri
2868 3972 3015 4042 juste
3056 3972 3364 4043 improbare
3407 3971 3691 4041 videatur,
3734 3971 3936 4042 Populo-

2391 4064 2598 4119 niensis
2639 4065 2932 4134 episcopus
2977 4064 3045 4119 ad
3086 4064 3492 4121 reclamandum
3532 4075 3582 4121 et
3620 4065 3933 4122 renitendum

2388 4153 2615 4209 licenter
2658 4152 2994 4208 admittatur.
3036 4151 3133 4207 Sin
3171 4162 3353 4208 autem
3374 4153 3652 4210 abeadem
3672 4155 3936 4212 festivitate

2392 4246 2705 4315 hujusmodi
2750 4247 3121 4302 controversia
3164 4255 3489 4318 perpetuum
3536 4249 3807 4305 silentium
3844 4251 3932 4305 ba-

2390 4333 2550 4401 beat,
2590 4344 2647 4390 et
2680 4332 2966 4390 Rosellana
2990 4335 3233 4392 Ecclesia
3257 4337 3571 4407 apostolicae
3596 4337 3739 4395 sedis
3761 4339 3931 4394 iterata

2392 4423 2713 4481 difﬁnitione
2760 4424 2914 4492 fulta,
2963 4425 3019 4480 in
3057 4436 3376 4497 perpetuum
3423 4429 3494 4484 ab
3521 4432 3627 4486 hac
3661 4432 3932 4502 quastione

722 4508 848 4548 cum
872 4494 1116 4590 callide")
1161 4493 1748 4590 qufﬂﬁosﬁatfem“?
1772 4495 1960 4590 ίξάθηξν
1987 4506 2041 4551 ει
2067 4497 2291 4590 ἀέμδδυ·
2322 4484 2367 4538 D
2391 4514 2654 4583 quiescat,
2679 4523 2734 4569 et
2771 4484 2994 4585 insuper
3012 4484 3265 4587 deinceps
3287 4516 3627 4587 privilegium
3656 4484 3831 4590 fiam,
3844 4534 3929 4588 per

715 4590 937 4652 gtorum
974 4581 1197 4635 Patrum
1227 4574 1381 4638 libris
1403 4582 1683 4638 scientiam
1715 4582 1978 4652 habeatis,
2003 4585 2290 4641 omisimus

722 4671 1031 4743 significare
1050 4714 1065 4737 ,
1104 4684 1387 4741 sperantes
1413 4673 1810 4731 fraternitatem
1842 4683 2051 4730 vestras
2082 4675 2290 4731 stultis-

724 4764 918 4819 simam
961 4763 1304 4818 inimicorum
1348 4773 1662 4821 nostrorum
1687 4765 2164 4837 praesumptionem
2191 4767 2289 4822 de-

723 4857 939 4922 testari,
962 4866 1015 4912 et
1037 4858 1091 4911 in
1112 4872 1177 4911 ea
1212 4871 1319 4926 qua
1341 4856 1550 4911 debetis
1567 4898 1582 4923 ,
1608 4864 1664 4911 et
1683 4857 1829 4912 soliti
1852 4858 1985 4912 estis
2005 4857 2291 4912 devotione

725 4956 780 5001 et
799 4960 986 5000 amore
1006 4954 1209 5000 sanctae
1230 4944 1543 5020 apostolicae
1563 4946 1676 5016 sedi
1700 4946 1929 5003 fideliter
1949 4948 2111 5001 uniri.
2136 4946 2290 5004 Unde

724 5051 981 5108 rogamus
1032 5043 1088 5091 et
1128 5036 1483 5093 admonemus
1524 5046 1585 5092 ut
1626 5037 1775 5107 quod
1814 5037 2287 5092 schismaticorum

724 5128 1079 5196 persuasione
1099 5126 1406 5199 deliquistis
1430 5128 1759 5198 competenti
1775 5127 2152 5184 emendatione
2173 5142 2291 5183 eor-

723 5218 946 5291 rigatis,
993 5227 1054 5274 ut
1094 5221 1238 5277 sicut
1281 5227 1453 5275 mater
1490 5228 1670 5274 vestra
1723 5222 1793 5278 de
1832 5236 2060 5278 excessu
2103 5230 2289 5278 vestro

795 5351 944 5423 (386)
970 5350 1036 5425 In
1057 5353 1173 5425 cod.
1200 5353 1391 5425 Mittin.
1424 5361 1540 5425 post
1561 5353 1897 5425 puniendum
1925 5354 2036 5420 bac
2055 5355 2287 5411 addunt:

728 5418 933 5495 verum
967 5422 1221 5495 idagite;
1264 5423 1340 5487 id,
1361 5418 1435 5477 si'
1457 5418 1631 5495 Deum
1671 5418 2285 5495 diligitisgproculjate;

727 5488 783 5560 ni
805 5488 970 5560 frater
992 5488 1103 5557 ille:
1130 5492 1259 5546 dum
1301 5500 1498 5560 potest,
1525 5494 1656 5548 dum
1683 5488 1863 5550 locum
1902 5488 2085 5558 habet,
2109 5493 2215 5548 sibi
2234 5488 2289 5552 et

725 5556 985 5630 Ecclesia:
1002 5562 1269 5627 consulat,
1293 5556 1410 5630 pari
1430 5556 1624 5630 vestra:
1643 5572 1697 5616 et
1718 5563 1879 5618 saluti
1902 5556 2080 5617 tanth
2104 5563 2288 5616 multi-

727 5627 932 5701 tudinis
954 5628 1243 5701 hominum
1274 5627 1410 5701 pene
1436 5629 1856 5701 periclitantium
1898 5630 2181 5701 providere
2219 5647 2289 5687 ne

731 5695 782 5746 in
805 5707 1013 5768 suamet
1035 5695 1455 5767 pnecipithtioné
1493 5715 1712 5754 cassum
1755 5695 1941 5768 petens
1982 5701 2182 5756 multos
2201 5715 2287 5754 se-

733 5779 854 5818 cum
878 5767 941 5820 ad
963 5783 1246 5823 commune
1270 5768 1566 5837 periculum
1607 5767 1861 5835 attrahat,
1904 5769 1959 5824 in
1998 5786 2106 5840 quo
2145 5786 2288 5825 nunc

2392 4603 2731 4676 privilegium
2763 4606 2992 4661 munita.
3015 4605 3190 4680 Hann]
3215 4605 3591 4663 dillinitionem
3621 4618 3848 4663 nostram
3866 4606 3931 4660 la-

2390 4695 2503 4751 tius
2544 4695 2825 4751 continens
2860 4696 3152 4763 munitum,
3173 4697 3397 4768 prmdia,
3425 4713 3666 4768 quorum
3695 4699 3760 4755 lis
3789 4697 3929 4754 tantis

2392 4784 2739 4855 temporibus!
2763 4785 3020 4838 ventilata
3045 4794 3130 4839 est
3155 4825 3172 4852 ,
3210 4785 3328 4839 sine
3357 4785 3544 4855 aliqua
3581 4786 3926 4843 molestation

2392 4873 2679 4942 possideat.

2636 4952 2641 4955 π
2724 4954 2727 4957 ν
2926 4948 3263 5005 EPISTOLA
3281 4948 3402 5025 xiv

2605 5055 2669 5095 AD
2700 5054 2995 5097 DOIllNlCUI
3019 5057 3393 5097 ΡΔΠῙΛΒΟΙΙΔΙ
3417 5056 3747 5100 αιωειηεει.

2982 5131 3163 5203 (Anno
3177 5130 3362 5203 1076.)

2391 5220 2604 5276 Gratias
2624 5222 2735 5292 agit
2755 5222 2821 5275 de
2839 5221 2951 5290 ejus
2971 5224 3299 5277 observantia
3317 5239 3442 5294 ergo
3458 5221 3752 5277 Romanam
3770 5217 3924 5277 Βιάιδ

2388 5354 2668 5425 apparebit
2676 5353 2801 5426 quis
2822 5352 3098 5426 sit‘pastor
3116 5355 3171 5426 in
3194 5353 3352 5426 nobis
3371 5352 3649 5426 iniquitati
3664 5362 3921 5426 aper-tere-

2388 5420 2609 5504 si's'tens,
2635 5420 2760 5493 quis
2798 5423 2871 5506 sit
2889 5420 2979 5504 fur
2999 5423 3400 5504 simulationem
3423 5420 3659 5508 ficiens,-
3675 5420 3923 5494 quidam

2388 5490 2691 5563 manifestat
2726 5492 2954 5563 iustitia:
2988 5493 3392 5563 contradicens.
3434 5489 3783 5563 Considerate
3814 5502 3921 5563 αν

2481 5509 2691 5548 nuesue
2732 5509 2954 5548 ιιιειιιιω
2988 5509 3392 5548 commulcens.

2388 5509 2691 5550 mannesue
2726 5509 2954 5563 iustitia:
2988 5509 3392 5549 eontramcens.
3434 5509 3783 5550 considerate
3814 5509 3921 5561 up

2388 5562 2667 5642 quomodo
2706 5572 2863 5642 caute
2907 5561 3219 5642 ambuletis,
3264 5563 3393 5642 quia
3437 5564 3583 5617 sicut
3619 5562 3812 5642 durum

2389 5630 2575 5704 contra
2602 5631 2881 5704 stimulum
2910 5630 3213 5704 calcitrare,
3236 5630 3326 5704 sic
3338 5645 3598 5701 asperum
3631 5639 3714 5687 est
3749 5634 3919 5704 sint?

2390 5699 2645 5755 Romanae
2657 5698 2912 5780 Ecclesiae
2931 5698 3219 5780 contraire,
3243 5701 3330 5756 cui
3354 5698 3478 5767 nos,
3491 5706 3744 5780 tanquam

2390 5784 2599 5835 semper
2620 5776 2829 5837 oportet
2851 5769 3084 5825 obedire.
3310 5828 3311 5833 η
3533 5769 3552 5780 ’
3603 5769 3621 5771 “
3868 5776 3893 5795 "
