  <div class='ocr_page' id='page_1' title='image "/cluster/home/n/w/nwhite01/storage/ocr_20150623/148/uva.x000829792/230.png"; bbox 0 0 4218 6386; ppageno 0'>
   <div class='ocr_carea' id='block_1_1' title="bbox 265 391 2435 480">
    <p class='ocr_par' dir='ltr' id='par_1_1' title="bbox 265 391 2435 480">
     <span class='ocr_line' id='line_1_1' title="bbox 265 391 2435 480; baseline -0.01 -1"><span class='ocrx_word' id='word_1_1' title='bbox 265 423 350 480; x_wconf 75' lang='lat' dir='ltr'><strong>us</strong></span> <span class='ocrx_word' id='word_1_2' title='bbox 1329 415 1528 469; x_wconf 77' lang='lat' dir='ltr'><strong>LIBER</strong></span> <span class='ocrx_word' id='word_1_3' title='bbox 1567 408 1966 467; x_wconf 66' lang='lat' dir='ltr'><strong>vannus—</strong></span> <span class='ocrx_word' id='word_1_4' title='bbox 1995 404 2211 460; x_wconf 73' lang='lat' dir='ltr'><strong>EPlST.</strong></span> <span class='ocrx_word' id='word_1_5' title='bbox 2251 403 2386 458; x_wconf 77' lang='lat' dir='ltr'><strong>xvr.</strong></span> <span class='ocrx_word' id='word_1_6' title='bbox 2427 391 2435 399; x_wconf 86' lang='lat'>&#39;</span> 
     </span>
    </p>
   </div>
   <div class='ocr_carea' id='block_1_2' title="bbox 3375 397 3475 450">
    <p class='ocr_par' dir='ltr' id='par_1_2' title="bbox 3375 397 3475 450">
     <span class='ocr_line' id='line_1_2' title="bbox 3375 397 3475 450; baseline 0.01 -1"><span class='ocrx_word' id='word_1_7' title='bbox 3375 399 3406 449; x_wconf 11' lang='lat' dir='ltr'><strong>al»</strong></span> <span class='ocrx_word' id='word_1_8' title='bbox 3419 397 3475 450; x_wconf 64' lang='grc'><strong>46</strong></span> 
     </span>
    </p>
   </div>
   <div class='ocr_carea' id='block_1_3' title="bbox 317 507 3471 596">
    <p class='ocr_par' dir='ltr' id='par_1_3' title="bbox 317 507 3471 596">
     <span class='ocr_line' id='line_1_3' title="bbox 317 507 3471 596; baseline -0.012 0"><span class='ocrx_word' id='word_1_9' title='bbox 317 541 545 596; x_wconf 83' lang='lat' dir='ltr'><strong>clesiam.</strong></span> <span class='ocrx_word' id='word_1_10' title='bbox 577 536 815 594; x_wconf 74' lang='lat' dir='ltr'><strong>Osten&#39;tlit</strong></span> <span class='ocrx_word' id='word_1_11' title='bbox 852 535 965 587; x_wconf 83' lang='lat' dir='ltr'><strong>ideo</strong></span> <span class='ocrx_word' id='word_1_12' title='bbox 1010 531 1314 585; x_wconf 84' lang='lat' dir='ltr'><strong>Teutonicos</strong></span> <span class='ocrx_word' id='word_1_13' title='bbox 1355 537 1404 580; x_wconf 88' lang='lat' dir='ltr'><strong>et</strong></span> <span class='ocrx_word' id='word_1_14' title='bbox 1446 526 1810 596; x_wconf 72' lang='lat' dir='ltr'><strong>Langobardos</strong></span> <span class='ocrx_word' id='word_1_15' title='bbox 1842 524 1884 578; x_wconf 87' lang='lat' dir='ltr'><strong>A</strong></span> <span class='ocrx_word' id='word_1_16' title='bbox 1912 530 2055 573; x_wconf 87' lang='lat' dir='ltr'><strong>stras</strong></span> <span class='ocrx_word' id='word_1_17' title='bbox 2113 515 2602 584; x_wconf 81' lang='lat' dir='ltr'><strong>interpellaverunt,</strong></span> <span class='ocrx_word' id='word_1_18' title='bbox 2663 511 2860 580; x_wconf 69' lang='lat' dir='ltr'><strong>quibus</strong></span> <span class='ocrx_word' id='word_1_19' title='bbox 2915 526 3014 563; x_wconf 80' lang='lat' dir='ltr'><strong>nos</strong></span> <span class='ocrx_word' id='word_1_20' title='bbox 3075 507 3471 576; x_wconf 82' lang='lat' dir='ltr'><strong>respomlimus,</strong></span> 
     </span>
    </p>
   </div>
   <div class='ocr_carea' id='block_1_4' title="bbox 319 595 1805 680">
    <p class='ocr_par' dir='ltr' id='par_1_4' title="bbox 319 595 1805 680">
     <span class='ocr_line' id='line_1_4' title="bbox 319 595 1805 680; baseline -0.015 -15"><span class='ocrx_word' id='word_1_21' title='bbox 319 613 578 680; x_wconf 78' lang='lat' dir='ltr'><strong>episcopos</strong></span> <span class='ocrx_word' id='word_1_22' title='bbox 601 617 783 680; x_wconf 83' lang='lat' dir='ltr'><strong>contra</strong></span> <span class='ocrx_word' id='word_1_23' title='bbox 803 622 855 680; x_wconf 54' lang='lat' dir='ltr'><strong>se</strong></span> <span class='ocrx_word' id='word_1_24' title='bbox 878 599 1323 680; x_wconf 53' lang='lat' dir='ltr'><strong>insnrgere,ngttia</strong></span> <span class='ocrx_word' id='word_1_25' title='bbox 1344 613 1518 677; x_wconf 73' lang='lat' dir='ltr'><strong>eorum</strong></span> <span class='ocrx_word' id='word_1_26' title='bbox 1541 595 1805 675; x_wconf 43' lang='lat' dir='ltr'><strong>.crintini-</strong></span> 
     </span>
    </p>
   </div>
   <div class='ocr_carea' id='block_1_5' title="bbox 319 666 1809 735">
    <p class='ocr_par' dir='ltr' id='par_1_5' title="bbox 319 666 1809 735">
     <span class='ocr_line' id='line_1_5' title="bbox 319 666 1809 735; baseline -0.013 -1"><span class='ocrx_word' id='word_1_27' title='bbox 319 666 402 734; x_wconf 59' lang='lat' dir='ltr'><strong>llus</strong></span> <span class='ocrx_word' id='word_1_28' title='bbox 426 666 634 731; x_wconf 51' lang='lat' dir='ltr'><strong>ob&#39;viam</strong></span> <span class='ocrx_word' id='word_1_29' title='bbox 657 679 772 729; x_wconf 86' lang='lat' dir='ltr'><strong>iret.</strong></span> <span class='ocrx_word' id='word_1_30' title='bbox 801 674 874 726; x_wconf 87' lang='lat' dir='ltr'><strong>De</strong></span> <span class='ocrx_word' id='word_1_31' title='bbox 915 666 1132 726; x_wconf 69' lang='lat' dir='ltr'><strong>Cirtildo</strong></span> <span class='ocrx_word' id='word_1_32' title='bbox 1159 666 1432 735; x_wconf 82' lang='lat' dir='ltr'><strong>Sipontiuo</strong></span> <span class='ocrx_word' id='word_1_33' title='bbox 1471 666 1706 732; x_wconf 80' lang='lat' dir='ltr'><strong>episcopo</strong></span> <span class='ocrx_word' id='word_1_34' title='bbox 1731 679 1809 715; x_wconf 89' lang='lat' dir='ltr'><strong>re-</strong></span> 
     </span>
    </p>
   </div>
   <div class='ocr_carea' id='block_1_6' title="bbox 319 740 1252 818">
    <p class='ocr_par' dir='ltr' id='par_1_6' title="bbox 319 740 1252 818">
     <span class='ocr_line' id='line_1_6' title="bbox 319 740 1252 818; baseline -0.013 -15"><span class='ocrx_word' id='word_1_35' title='bbox 319 748 564 818; x_wconf 75' lang='lat' dir='ltr'><strong>spondere</strong></span> <span class='ocrx_word' id='word_1_36' title='bbox 586 748 641 799; x_wconf 84' lang='lat' dir='ltr'><strong>in</strong></span> <span class='ocrx_word' id='word_1_37' title='bbox 663 745 812 798; x_wconf 82' lang='lat' dir='ltr'><strong>aliud</strong></span> <span class='ocrx_word' id='word_1_38' title='bbox 839 752 1034 810; x_wconf 82' lang='lat' dir='ltr'><strong>tempus</strong></span> <span class='ocrx_word' id='word_1_39' title='bbox 1056 740 1252 806; x_wconf 77' lang='lat' dir='ltr'><strong>differt.</strong></span> 
     </span>
    </p>
   </div>
   <div class='ocr_carea' id='block_1_7' title="bbox 323 826 1808 906">
    <p class='ocr_par' dir='ltr' id='par_1_7' title="bbox 323 826 1808 906">
     <span class='ocr_line' id='line_1_7' title="bbox 323 826 1808 906; baseline -0.011 -11"><span class='ocrx_word' id='word_1_40' title='bbox 323 841 624 896; x_wconf 71' lang='lat' dir='ltr'><strong>Caesonius</strong></span> <span class='ocrx_word' id='word_1_41' title='bbox 644 838 949 906; x_wconf 90' lang='lat' dir='ltr'><strong>episcopus,</strong></span> <span class='ocrx_word' id='word_1_42' title='bbox 981 846 1173 886; x_wconf 87' lang='lat' dir='ltr'><strong>servus</strong></span> <span class='ocrx_word' id='word_1_43' title='bbox 1195 844 1477 883; x_wconf 90' lang='lat' dir='ltr'><strong>servorum</strong></span> <span class='ocrx_word' id='word_1_44' title='bbox 1503 827 1617 890; x_wconf 79' lang='lat' dir='ltr'><strong>Dei,</strong></span> <span class='ocrx_word' id='word_1_45' title='bbox 1643 826 1808 879; x_wconf 81' lang='lat' dir='ltr'><strong>Dom-</strong></span> 
     </span>
    </p>
   </div>
   <div class='ocr_carea' id='block_1_8' title="bbox 266 916 1806 999">
    <p class='ocr_par' dir='ltr' id='par_1_8' title="bbox 266 916 1806 999">
     <span class='ocr_line' id='line_1_8' title="bbox 266 916 1806 999; baseline -0.012 -13"><span class='ocrx_word' id='word_1_46' title='bbox 266 947 365 986; x_wconf 76' lang='lat' dir='ltr'><strong>iuco</strong></span> <span class='ocrx_word' id='word_1_47' title='bbox 392 928 718 999; x_wconf 65' lang='lat' dir='ltr'><strong>patriarchae</strong></span> <span class='ocrx_word' id='word_1_48' title='bbox 758 921 1040 986; x_wconf 88' lang='lat' dir='ltr'><strong>Gradensi,</strong></span> <span class='ocrx_word' id='word_1_49' title='bbox 1092 920 1319 974; x_wconf 89' lang='lat' dir='ltr'><strong>salutem</strong></span> <span class='ocrx_word' id='word_1_50' title='bbox 1361 927 1414 972; x_wconf 91' lang='lat' dir='ltr'><strong>et</strong></span> <span class='ocrx_word' id='word_1_51' title='bbox 1457 916 1806 986; x_wconf 80' lang='lat' dir='ltr'><strong>apostolicam</strong></span> 
     </span>
    </p>
   </div>
   <div class='ocr_carea' id='block_1_9' title="bbox 267 1019 696 1077">
    <p class='ocr_par' dir='ltr' id='par_1_9' title="bbox 267 1019 696 1077">
     <span class='ocr_line' id='line_1_9' title="bbox 267 1019 696 1077; baseline -0.016 0"><span class='ocrx_word' id='word_1_52' title='bbox 267 1019 696 1077; x_wconf 73' lang='lat' dir='ltr'><strong>benedictionem.</strong></span> 
     </span>
    </p>
   </div>
   <div class='ocr_carea' id='block_1_10' title="bbox 317 1093 1808 1180">
    <p class='ocr_par' dir='ltr' id='par_1_10' title="bbox 317 1093 1808 1180">
     <span class='ocr_line' id='line_1_10' title="bbox 317 1093 1808 1180; baseline -0.015 -12"><span class='ocrx_word' id='word_1_53' title='bbox 317 1112 449 1179; x_wconf 85' lang='lat' dir='ltr'><strong>Quia</strong></span> <span class='ocrx_word' id='word_1_54' title='bbox 469 1119 697 1165; x_wconf 79' lang='lat' dir='ltr'><strong>matrem</strong></span> <span class='ocrx_word' id='word_1_55' title='bbox 719 1115 868 1160; x_wconf 87' lang='lat' dir='ltr'><strong>tuam</strong></span> <span class='ocrx_word' id='word_1_56' title='bbox 892 1109 1130 1180; x_wconf 71' lang='lat' dir='ltr'><strong>sanctam</strong></span> <span class='ocrx_word' id='word_1_57' title='bbox 1172 1097 1472 1150; x_wconf 81' lang='lat' dir='ltr'><strong>Romanam</strong></span> <span class='ocrx_word' id='word_1_58' title='bbox 1513 1093 1808 1148; x_wconf 81' lang='lat' dir='ltr'><strong>Ecclesiam</strong></span> 
     </span>
    </p>
   </div>
   <div class='ocr_carea' id='block_1_11' title="bbox 267 1185 1810 1274">
    <p class='ocr_par' dir='ltr' id='par_1_11' title="bbox 267 1185 1810 1274">
     <span class='ocr_line' id='line_1_11' title="bbox 267 1185 1810 1274; baseline -0.015 -15"><span class='ocrx_word' id='word_1_59' title='bbox 267 1205 415 1274; x_wconf 88' lang='lat' dir='ltr'><strong>(sicut</strong></span> <span class='ocrx_word' id='word_1_60' title='bbox 437 1203 492 1256; x_wconf 92' lang='lat' dir='ltr'><strong>in</strong></span> <span class='ocrx_word' id='word_1_61' title='bbox 513 1201 624 1255; x_wconf 89' lang='lat' dir='ltr'><strong>tuis</strong></span> <span class='ocrx_word' id='word_1_62' title='bbox 646 1197 842 1252; x_wconf 78' lang='lat' dir='ltr'><strong>litteris</strong></span> <span class='ocrx_word' id='word_1_63' title='bbox 864 1189 1192 1256; x_wconf 72' lang='lat' dir='ltr'><strong>continetur)</strong></span> <span class='ocrx_word' id='word_1_64' title='bbox 1231 1195 1281 1241; x_wconf 90' lang='lat' dir='ltr'><strong>te</strong></span> <span class='ocrx_word' id='word_1_65' title='bbox 1302 1201 1438 1256; x_wconf 90' lang='lat' dir='ltr'><strong>puro</strong></span> <span class='ocrx_word' id='word_1_66' title='bbox 1467 1185 1627 1239; x_wconf 87' lang='lat' dir='ltr'><strong>corde</strong></span> <span class='ocrx_word' id='word_1_67' title='bbox 1650 1199 1810 1237; x_wconf 81' lang='lat' dir='ltr'><strong>vene-</strong></span> 
     </span>
    </p>
   </div>
   <div class='ocr_carea' id='block_1_12' title="bbox 268 1272 1812 1360">
    <p class='ocr_par' dir='ltr' id='par_1_12' title="bbox 268 1272 1812 1360">
     <span class='ocr_line' id='line_1_12' title="bbox 268 1272 1812 1360; baseline -0.015 -11"><span class='ocrx_word' id='word_1_68' title='bbox 268 1272 392 1360; x_wconf 86' lang='lat' dir='ltr'><strong>rari,</strong></span> <span class='ocrx_word' id='word_1_69' title='bbox 453 1305 663 1360; x_wconf 86' lang='lat' dir='ltr'><strong>nosque</strong></span> <span class='ocrx_word' id='word_1_70' title='bbox 737 1300 836 1357; x_wconf 91' lang='lat' dir='ltr'><strong>pro</strong></span> <span class='ocrx_word' id='word_1_71' title='bbox 891 1295 1075 1336; x_wconf 88' lang='lat' dir='ltr'><strong>amore</strong></span> <span class='ocrx_word' id='word_1_72' title='bbox 1129 1275 1497 1346; x_wconf 82' lang='lat' dir='ltr'><strong>apostolorum</strong></span> <span class='ocrx_word' id='word_1_73' title='bbox 1553 1272 1812 1342; x_wconf 77' lang='lat' dir='ltr'><strong>principis</strong></span> 
     </span>
    </p>
   </div>
   <div class='ocr_carea' id='block_1_13' title="bbox 268 1364 1812 1444">
    <p class='ocr_par' dir='ltr' id='par_1_13' title="bbox 268 1364 1812 1444">
     <span class='ocr_line' id='line_1_13' title="bbox 268 1364 1812 1444; baseline -0.015 -4"><span class='ocrx_word' id='word_1_74' title='bbox 268 1387 462 1440; x_wconf 80' lang='lat' dir='ltr'><strong>sincera</strong></span> <span class='ocrx_word' id='word_1_75' title='bbox 483 1382 746 1439; x_wconf 87' lang='lat' dir='ltr'><strong>eharitate</strong></span> <span class='ocrx_word' id='word_1_76' title='bbox 769 1375 988 1444; x_wconf 80' lang='lat' dir='ltr'><strong>diligere</strong></span> <span class='ocrx_word' id='word_1_77' title='bbox 1009 1368 1277 1440; x_wconf 82' lang='lat' dir='ltr'><strong>profiteris</strong></span> <span class='ocrx_word' id='word_1_78' title='bbox 1306 1407 1321 1430; x_wconf 94' lang='lat'><strong>,</strong></span> <span class='ocrx_word' id='word_1_79' title='bbox 1365 1364 1685 1419; x_wconf 87' lang='lat' dir='ltr'><strong>fraternitati</strong></span> <span class='ocrx_word' id='word_1_80' title='bbox 1707 1372 1812 1417; x_wconf 77' lang='lat' dir='ltr'><strong>tua:</strong></span> 
     </span>
    </p>
   </div>
   <div class='ocr_carea' id='block_1_14' title="bbox 268 1453 1812 1548">
    <p class='ocr_par' dir='ltr' id='par_1_14' title="bbox 268 1453 1812 1548">
     <span class='ocr_line' id='line_1_14' title="bbox 268 1453 1812 1548; baseline -0.017 -16"><span class='ocrx_word' id='word_1_81' title='bbox 268 1486 430 1548; x_wconf 79' lang='lat' dir='ltr'><strong>grates</strong></span> <span class='ocrx_word' id='word_1_82' title='bbox 449 1472 757 1532; x_wconf 75' lang='lat' dir='ltr'><strong>referimus,</strong></span> <span class='ocrx_word' id='word_1_83' title='bbox 781 1475 833 1521; x_wconf 91' lang='lat' dir='ltr'><strong>et</strong></span> <span class='ocrx_word' id='word_1_84' title='bbox 856 1458 1196 1532; x_wconf 73' lang='lat' dir='ltr'><strong>rependendo</strong></span> <span class='ocrx_word' id='word_1_85' title='bbox 1219 1456 1390 1510; x_wconf 88' lang='lat' dir='ltr'><strong>vicem</strong></span> <span class='ocrx_word' id='word_1_86' title='bbox 1440 1455 1681 1523; x_wconf 85' lang='lat' dir='ltr'><strong>ejusdem</strong></span> <span class='ocrx_word' id='word_1_87' title='bbox 1729 1453 1812 1507; x_wconf 89' lang='lat' dir='ltr'><strong>di-</strong></span> 
     </span>
    </p>
   </div>
   <div class='ocr_carea' id='block_1_15' title="bbox 268 1545 1812 1621">
    <p class='ocr_par' dir='ltr' id='par_1_15' title="bbox 268 1545 1812 1621">
     <span class='ocr_line' id='line_1_15' title="bbox 268 1545 1812 1621; baseline -0.016 0"><span class='ocrx_word' id='word_1_88' title='bbox 268 1545 494 1621; x_wconf 79' lang='lat' dir='ltr'><strong>lectionis</strong></span> <span class='ocrx_word' id='word_1_89' title='bbox 512 1573 623 1618; x_wconf 87' lang='lat' dir='ltr'><strong>tam</strong></span> <span class='ocrx_word' id='word_1_90' title='bbox 647 1557 904 1614; x_wconf 66' lang='lat' dir='ltr'><strong>Ecclesiae</strong></span> <span class='ocrx_word' id='word_1_91' title='bbox 923 1563 1046 1616; x_wconf 64' lang='lat' dir='ltr'><strong>tum,</strong></span> <span class='ocrx_word' id='word_1_92' title='bbox 1071 1563 1231 1618; x_wconf 90' lang='lat' dir='ltr'><strong>quam</strong></span> <span class='ocrx_word' id='word_1_93' title='bbox 1270 1546 1366 1600; x_wconf 84' lang='lat' dir='ltr'><strong>tibi</strong></span> <span class='ocrx_word' id='word_1_94' title='bbox 1402 1547 1552 1599; x_wconf 87' lang='lat' dir='ltr'><strong>salvo</strong></span> <span class='ocrx_word' id='word_1_95' title='bbox 1573 1545 1812 1610; x_wconf 83' lang='lat' dir='ltr'><strong>librami-</strong></span> 
     </span>
    </p>
   </div>
   <div class='ocr_carea' id='block_1_16' title="bbox 272 1637 1811 1724">
    <p class='ocr_par' dir='ltr' id='par_1_16' title="bbox 272 1637 1811 1724">
     <span class='ocr_line' id='line_1_16' title="bbox 272 1637 1811 1724; baseline -0.014 -13"><span class='ocrx_word' id='word_1_96' title='bbox 272 1673 329 1711; x_wconf 87' lang='lat' dir='ltr'><strong>ne</strong></span> <span class='ocrx_word' id='word_1_97' title='bbox 347 1653 608 1724; x_wconf 69' lang='lat' dir='ltr'><strong>aaquitatis</strong></span> <span class='ocrx_word' id='word_1_98' title='bbox 627 1647 821 1707; x_wconf 90' lang='lat' dir='ltr'><strong>honori</strong></span> <span class='ocrx_word' id='word_1_99' title='bbox 848 1654 1026 1700; x_wconf 89' lang='lat' dir='ltr'><strong>vestro</strong></span> <span class='ocrx_word' id='word_1_100' title='bbox 1069 1639 1353 1709; x_wconf 89' lang='lat' dir='ltr'><strong>providere</strong></span> <span class='ocrx_word' id='word_1_101' title='bbox 1399 1653 1612 1706; x_wconf 84' lang='lat' dir='ltr'><strong>semper</strong></span> <span class='ocrx_word' id='word_1_102' title='bbox 1637 1637 1811 1705; x_wconf 84' lang='lat' dir='ltr'><strong>parati</strong></span> 
     </span>
    </p>
   </div>
   <div class='ocr_carea' id='block_1_17' title="bbox 270 1724 1812 1810">
    <p class='ocr_par' dir='ltr' id='par_1_17' title="bbox 270 1724 1812 1810">
     <span class='ocr_line' id='line_1_17' title="bbox 270 1724 1812 1810; baseline -0.014 -7"><span class='ocrx_word' id='word_1_103' title='bbox 270 1763 461 1804; x_wconf 86' lang='lat' dir='ltr'><strong>sumus.</strong></span> <span class='ocrx_word' id='word_1_104' title='bbox 485 1724 752 1810; x_wconf 80' lang='lat' dir='ltr'><strong>Quoniam</strong></span> <span class='ocrx_word' id='word_1_105' title='bbox 795 1748 926 1793; x_wconf 87' lang='lat' dir='ltr'><strong>vero</strong></span> <span class='ocrx_word' id='word_1_106' title='bbox 947 1733 1130 1789; x_wconf 90' lang='lat' dir='ltr'><strong>mirari</strong></span> <span class='ocrx_word' id='word_1_107' title='bbox 1175 1747 1238 1784; x_wconf 88' lang='lat' dir='ltr'><strong>ac</strong></span> <span class='ocrx_word' id='word_1_108' title='bbox 1278 1729 1504 1782; x_wconf 90' lang='lat' dir='ltr'><strong>nimium</strong></span> <span class='ocrx_word' id='word_1_109' title='bbox 1545 1738 1595 1782; x_wconf 90' lang='lat' dir='ltr'><strong>te</strong></span> <span class='ocrx_word' id='word_1_110' title='bbox 1627 1729 1812 1782; x_wconf 90' lang='lat' dir='ltr'><strong>dolere</strong></span> 
     </span>
    </p>
   </div>
   <div class='ocr_carea' id='block_1_18' title="bbox 271 1820 1811 1906">
    <p class='ocr_par' dir='ltr' id='par_1_18' title="bbox 271 1820 1811 1906">
     <span class='ocr_line' id='line_1_18' title="bbox 271 1820 1811 1906; baseline -0.014 -12"><span class='ocrx_word' id='word_1_111' title='bbox 271 1837 458 1901; x_wconf 71' lang='lat' dir='ltr'><strong>dixisti,</strong></span> <span class='ocrx_word' id='word_1_112' title='bbox 482 1825 627 1906; x_wconf 81' lang='lat' dir='ltr'><strong>quod</strong></span> <span class='ocrx_word' id='word_1_113' title='bbox 675 1827 1038 1901; x_wconf 85' lang='lat' dir='ltr'><strong>Lougobardi,</strong></span> <span class='ocrx_word' id='word_1_114' title='bbox 1083 1835 1243 1893; x_wconf 88' lang='lat' dir='ltr'><strong>atque</strong></span> <span class='ocrx_word' id='word_1_115' title='bbox 1275 1822 1517 1876; x_wconf 88' lang='lat' dir='ltr'><strong>nonnulli</strong></span> <span class='ocrx_word' id='word_1_116' title='bbox 1553 1820 1811 1875; x_wconf 87' lang='lat' dir='ltr'><strong>Teutoni-</strong></span> 
     </span>
    </p>
   </div>
   <div class='ocr_carea' id='block_1_19' title="bbox 271 1911 1806 1997">
    <p class='ocr_par' dir='ltr' id='par_1_19' title="bbox 271 1911 1806 1997">
     <span class='ocr_line' id='line_1_19' title="bbox 271 1911 1806 1997; baseline -0.014 -11"><span class='ocrx_word' id='word_1_117' title='bbox 271 1945 441 1986; x_wconf 88' lang='lat' dir='ltr'><strong>corum</strong></span> <span class='ocrx_word' id='word_1_118' title='bbox 479 1925 716 1997; x_wconf 81' lang='lat' dir='ltr'><strong>episcopi</strong></span> <span class='ocrx_word' id='word_1_119' title='bbox 752 1924 807 1976; x_wconf 87' lang='lat' dir='ltr'><strong>in</strong></span> <span class='ocrx_word' id='word_1_120' title='bbox 856 1936 956 1974; x_wconf 91' lang='lat' dir='ltr'><strong>nos</strong></span> <span class='ocrx_word' id='word_1_121' title='bbox 996 1914 1314 1970; x_wconf 88' lang='lat' dir='ltr'><strong>insaniendo</strong></span> <span class='ocrx_word' id='word_1_122' title='bbox 1361 1921 1470 1966; x_wconf 88' lang='lat' dir='ltr'><strong>tam</strong></span> <span class='ocrx_word' id='word_1_123' title='bbox 1505 1911 1806 1970; x_wconf 71' lang='lat' dir='ltr'><strong>vehementi</strong></span> 
     </span>
    </p>
   </div>
   <div class='ocr_carea' id='block_1_20' title="bbox 273 2002 1808 2077">
    <p class='ocr_par' dir='ltr' id='par_1_20' title="bbox 273 2002 1808 2077">
     <span class='ocr_line' id='line_1_20' title="bbox 273 2002 1808 2077; baseline -0.012 -3"><span class='ocrx_word' id='word_1_124' title='bbox 273 2020 384 2074; x_wconf 89' lang='lat' dir='ltr'><strong>odio</strong></span> <span class='ocrx_word' id='word_1_125' title='bbox 407 2018 750 2073; x_wconf 85' lang='lat' dir='ltr'><strong>inardescunt</strong></span> <span class='ocrx_word' id='word_1_126' title='bbox 773 2052 788 2077; x_wconf 92' lang='lat'><strong>,</strong></span> <span class='ocrx_word' id='word_1_127' title='bbox 830 2009 1032 2065; x_wconf 90' lang='lat' dir='ltr'><strong>nullius</strong></span> <span class='ocrx_word' id='word_1_128' title='bbox 1066 2005 1236 2072; x_wconf 75' lang='lat' dir='ltr'><strong>culpa:</strong></span> <span class='ocrx_word' id='word_1_129' title='bbox 1258 2011 1456 2058; x_wconf 66' lang='lat' dir='ltr'><strong>nostrae</strong></span> <span class='ocrx_word' id='word_1_130' title='bbox 1476 2002 1808 2056; x_wconf 88' lang='lat' dir='ltr'><strong>conscientia</strong></span> 
     </span>
    </p>
   </div>
   <div class='ocr_carea' id='block_1_21' title="bbox 273 2094 1808 2174">
    <p class='ocr_par' dir='ltr' id='par_1_21' title="bbox 273 2094 1808 2174">
     <span class='ocr_line' id='line_1_21' title="bbox 273 2094 1808 2174; baseline -0.011 -10"><span class='ocrx_word' id='word_1_131' title='bbox 273 2109 382 2164; x_wconf 90' lang='lat' dir='ltr'><strong>inde</strong></span> <span class='ocrx_word' id='word_1_132' title='bbox 403 2105 689 2174; x_wconf 78' lang='lat' dir='ltr'><strong>redarguit.</strong></span> <span class='ocrx_word' id='word_1_133' title='bbox 718 2103 822 2158; x_wconf 85' lang='lat' dir='ltr'><strong>Sed</strong></span> <span class='ocrx_word' id='word_1_134' title='bbox 873 2099 1076 2154; x_wconf 86' lang='lat' dir='ltr'><strong>scimus</strong></span> <span class='ocrx_word' id='word_1_135' title='bbox 1107 2095 1178 2150; x_wconf 91' lang='lat' dir='ltr'><strong>ob</strong></span> <span class='ocrx_word' id='word_1_136' title='bbox 1206 2095 1279 2148; x_wconf 90' lang='lat' dir='ltr'><strong>nil</strong></span> <span class='ocrx_word' id='word_1_137' title='bbox 1308 2094 1452 2148; x_wconf 86' lang='lat' dir='ltr'><strong>aliud</strong></span> <span class='ocrx_word' id='word_1_138' title='bbox 1479 2108 1572 2148; x_wconf 88' lang='lat' dir='ltr'><strong>eos</strong></span> <span class='ocrx_word' id='word_1_139' title='bbox 1595 2094 1686 2148; x_wconf 90' lang='lat' dir='ltr'><strong>illo</strong></span> <span class='ocrx_word' id='word_1_140' title='bbox 1717 2109 1808 2147; x_wconf 90' lang='lat' dir='ltr'><strong>co-</strong></span> 
     </span>
    </p>
   </div>
   <div class='ocr_carea' id='block_1_22' title="bbox 273 2183 1810 2262">
    <p class='ocr_par' dir='ltr' id='par_1_22' title="bbox 273 2183 1810 2262">
     <span class='ocr_line' id='line_1_22' title="bbox 273 2183 1810 2262; baseline -0.011 -10"><span class='ocrx_word' id='word_1_141' title='bbox 273 2199 470 2252; x_wconf 88' lang='lat' dir='ltr'><strong>namine</strong></span> <span class='ocrx_word' id='word_1_142' title='bbox 513 2196 632 2260; x_wconf 91' lang='lat' dir='ltr'><strong>niti,</strong></span> <span class='ocrx_word' id='word_1_143' title='bbox 674 2194 780 2250; x_wconf 90' lang='lat' dir='ltr'><strong>nisi</strong></span> <span class='ocrx_word' id='word_1_144' title='bbox 802 2191 946 2262; x_wconf 89' lang='lat' dir='ltr'><strong>quod</strong></span> <span class='ocrx_word' id='word_1_145' title='bbox 965 2205 1030 2243; x_wconf 85' lang='lat' dir='ltr'><strong>ex</strong></span> <span class='ocrx_word' id='word_1_146' title='bbox 1060 2194 1326 2256; x_wconf 66' lang='lat' dir='ltr'><strong>praecepto</strong></span> <span class='ocrx_word' id='word_1_147' title='bbox 1368 2183 1461 2237; x_wconf 87' lang='lat' dir='ltr'><strong>Dei</strong></span> <span class='ocrx_word' id='word_1_148' title='bbox 1503 2193 1663 2253; x_wconf 87' lang='lat' dir='ltr'><strong>atque</strong></span> <span class='ocrx_word' id='word_1_149' title='bbox 1685 2199 1810 2238; x_wconf 83' lang='lat' dir='ltr'><strong>san-</strong></span> 
     </span>
    </p>
   </div>
   <div class='ocr_carea' id='block_1_23' title="bbox 275 2273 1829 2356">
    <p class='ocr_par' dir='ltr' id='par_1_23' title="bbox 275 2273 1829 2356">
     <span class='ocr_line' id='line_1_23' title="bbox 275 2273 1829 2356; baseline -0.011 -14"><span class='ocrx_word' id='word_1_150' title='bbox 275 2297 464 2342; x_wconf 89' lang='lat' dir='ltr'><strong>ctorum</strong></span> <span class='ocrx_word' id='word_1_151' title='bbox 487 2287 944 2356; x_wconf 65' lang='lat' dir='ltr'><strong>praedecessorum</strong></span> <span class='ocrx_word' id='word_1_152' title='bbox 969 2286 1278 2333; x_wconf 91' lang='lat' dir='ltr'><strong>nostrorum</strong></span> <span class='ocrx_word' id='word_1_153' title='bbox 1311 2273 1829 2342; x_wconf 67' lang='lat' dir='ltr'><strong>illorumperversi-</strong></span> 
     </span>
    </p>
   </div>
   <div class='ocr_carea' id='block_1_24' title="bbox 275 2361 1811 2439">
    <p class='ocr_par' dir='ltr' id='par_1_24' title="bbox 275 2361 1811 2439">
     <span class='ocr_line' id='line_1_24' title="bbox 275 2361 1811 2439; baseline -0.013 -7"><span class='ocrx_word' id='word_1_154' title='bbox 275 2377 457 2431; x_wconf 85' lang='lat' dir='ltr'><strong>tatibus</strong></span> <span class='ocrx_word' id='word_1_155' title='bbox 475 2375 777 2438; x_wconf 90' lang='lat' dir='ltr'><strong>obviamus,</strong></span> <span class='ocrx_word' id='word_1_156' title='bbox 799 2383 1003 2439; x_wconf 89' lang='lat' dir='ltr'><strong>eosque</strong></span> <span class='ocrx_word' id='word_1_157' title='bbox 1025 2368 1091 2422; x_wconf 88' lang='lat' dir='ltr'><strong>ad</strong></span> <span class='ocrx_word' id='word_1_158' title='bbox 1113 2375 1321 2420; x_wconf 88' lang='lat' dir='ltr'><strong>rectum</strong></span> <span class='ocrx_word' id='word_1_159' title='bbox 1363 2363 1632 2418; x_wconf 90' lang='lat' dir='ltr'><strong>tramitem</strong></span> <span class='ocrx_word' id='word_1_160' title='bbox 1650 2361 1811 2430; x_wconf 88' lang='lat' dir='ltr'><strong>justi-</strong></span> 
     </span>
    </p>
   </div>
   <div class='ocr_carea' id='block_1_25' title="bbox 275 2451 1812 2531">
    <p class='ocr_par' dir='ltr' id='par_1_25' title="bbox 275 2451 1812 2531">
     <span class='ocr_line' id='line_1_25' title="bbox 275 2451 1812 2531; baseline -0.011 -13"><span class='ocrx_word' id='word_1_161' title='bbox 275 2467 353 2523; x_wconf 69' lang='lat' dir='ltr'><strong>tize</strong></span> <span class='ocrx_word' id='word_1_162' title='bbox 371 2466 635 2528; x_wconf 85' lang='lat' dir='ltr'><strong>reducere,</strong></span> <span class='ocrx_word' id='word_1_163' title='bbox 659 2464 706 2518; x_wconf 90' lang='lat' dir='ltr'><strong>si</strong></span> <span class='ocrx_word' id='word_1_164' title='bbox 729 2461 982 2531; x_wconf 86' lang='lat' dir='ltr'><strong>possibile</strong></span> <span class='ocrx_word' id='word_1_165' title='bbox 1021 2465 1184 2517; x_wconf 88' lang='lat' dir='ltr'><strong>esset,</strong></span> <span class='ocrx_word' id='word_1_166' title='bbox 1205 2471 1271 2508; x_wconf 81' lang='lat' dir='ltr'><strong>ex</strong></span> <span class='ocrx_word' id='word_1_167' title='bbox 1293 2454 1474 2507; x_wconf 90' lang='lat' dir='ltr'><strong>debito</strong></span> <span class='ocrx_word' id='word_1_168' title='bbox 1495 2451 1812 2504; x_wconf 84' lang='lat' dir='ltr'><strong>sollicitudi-</strong></span> 
     </span>
    </p>
   </div>
   <div class='ocr_carea' id='block_1_26' title="bbox 278 2542 1812 2624">
    <p class='ocr_par' dir='ltr' id='par_1_26' title="bbox 278 2542 1812 2624">
     <span class='ocr_line' id='line_1_26' title="bbox 278 2542 1812 2624; baseline -0.012 -14"><span class='ocrx_word' id='word_1_169' title='bbox 278 2558 353 2612; x_wconf 90' lang='lat' dir='ltr'><strong>nis</strong></span> <span class='ocrx_word' id='word_1_170' title='bbox 367 2548 536 2610; x_wconf 90' lang='lat' dir='ltr'><strong>divina</strong></span> <span class='ocrx_word' id='word_1_171' title='bbox 557 2551 962 2624; x_wconf 87' lang='lat' dir='ltr'><strong>dispensatione</strong></span> <span class='ocrx_word' id='word_1_172' title='bbox 985 2547 1143 2600; x_wconf 90' lang='lat' dir='ltr'><strong>nobis</strong></span> <span class='ocrx_word' id='word_1_173' title='bbox 1164 2542 1594 2612; x_wconf 73' lang='lat' dir='ltr'><strong>superimposita:</strong></span> <span class='ocrx_word' id='word_1_174' title='bbox 1615 2555 1812 2609; x_wconf 89' lang='lat' dir='ltr'><strong>procu-</strong></span> 
     </span>
    </p>
   </div>
   <div class='ocr_carea' id='block_1_27' title="bbox 276 2630 1813 2702">
    <p class='ocr_par' dir='ltr' id='par_1_27' title="bbox 276 2630 1813 2702">
     <span class='ocr_line' id='line_1_27' title="bbox 276 2630 1813 2702; baseline -0.013 -1"><span class='ocrx_word' id='word_1_175' title='bbox 276 2661 461 2702; x_wconf 85' lang='lat' dir='ltr'><strong>ramus.</strong></span> <span class='ocrx_word' id='word_1_176' title='bbox 485 2644 559 2698; x_wconf 90' lang='lat' dir='ltr'><strong>De</strong></span> <span class='ocrx_word' id='word_1_177' title='bbox 578 2643 777 2697; x_wconf 88' lang='lat' dir='ltr'><strong>litteris</strong></span> <span class='ocrx_word' id='word_1_178' title='bbox 796 2649 974 2694; x_wconf 90' lang='lat' dir='ltr'><strong>autem</strong></span> <span class='ocrx_word' id='word_1_179' title='bbox 998 2653 1028 2691; x_wconf 94' lang='lat' dir='ltr'><strong>a</strong></span> <span class='ocrx_word' id='word_1_180' title='bbox 1051 2634 1381 2690; x_wconf 76' lang='lat' dir='ltr'><strong>fraternitate</strong></span> <span class='ocrx_word' id='word_1_181' title='bbox 1402 2641 1494 2685; x_wconf 87' lang='lat' dir='ltr'><strong>tua</strong></span> <span class='ocrx_word' id='word_1_182' title='bbox 1543 2631 1700 2684; x_wconf 91' lang='lat' dir='ltr'><strong>nobis</strong></span> <span class='ocrx_word' id='word_1_183' title='bbox 1731 2630 1813 2682; x_wconf 90' lang='lat' dir='ltr'><strong>di-</strong></span> 
     </span>
    </p>
   </div>
   <div class='ocr_carea' id='block_1_28' title="bbox 277 2720 1812 2800">
    <p class='ocr_par' dir='ltr' id='par_1_28' title="bbox 277 2720 1812 2800">
     <span class='ocr_line' id='line_1_28' title="bbox 277 2720 1812 2800; baseline -0.012 -8"><span class='ocrx_word' id='word_1_184' title='bbox 277 2732 442 2800; x_wconf 68' lang='lat' dir='ltr'><strong>rectis,</strong></span> <span class='ocrx_word' id='word_1_185' title='bbox 463 2735 608 2789; x_wconf 91' lang='lat' dir='ltr'><strong>nullo</strong></span> <span class='ocrx_word' id='word_1_186' title='bbox 628 2733 808 2788; x_wconf 89' lang='lat' dir='ltr'><strong>studio</strong></span> <span class='ocrx_word' id='word_1_187' title='bbox 830 2728 1126 2797; x_wconf 88' lang='lat' dir='ltr'><strong>eomperire</strong></span> <span class='ocrx_word' id='word_1_188' title='bbox 1159 2723 1465 2794; x_wconf 83' lang='lat' dir='ltr'><strong>potuimus,</strong></span> <span class='ocrx_word' id='word_1_189' title='bbox 1515 2720 1659 2790; x_wconf 87' lang='lat' dir='ltr'><strong>quod</strong></span> <span class='ocrx_word' id='word_1_190' title='bbox 1689 2720 1812 2773; x_wconf 89' lang='lat' dir='ltr'><strong>hinc</strong></span> 
     </span>
    </p>
   </div>
   <div class='ocr_carea' id='block_1_29' title="bbox 278 2814 1813 2892">
    <p class='ocr_par' dir='ltr' id='par_1_29' title="bbox 278 2814 1813 2892">
     <span class='ocr_line' id='line_1_29' title="bbox 278 2814 1813 2892; baseline -0.012 -13"><span class='ocrx_word' id='word_1_191' title='bbox 278 2827 391 2880; x_wconf 89' lang='lat' dir='ltr'><strong>illuc</strong></span> <span class='ocrx_word' id='word_1_192' title='bbox 410 2825 602 2879; x_wconf 89' lang='lat' dir='ltr'><strong>fuerint</strong></span> <span class='ocrx_word' id='word_1_193' title='bbox 623 2830 926 2892; x_wconf 67' lang='lat' dir='ltr'><strong>reportatae.</strong></span> <span class='ocrx_word' id='word_1_194' title='bbox 950 2818 1123 2886; x_wconf 89' lang='lat' dir='ltr'><strong>Super</strong></span> <span class='ocrx_word' id='word_1_195' title='bbox 1141 2814 1438 2885; x_wconf 58' lang='lat' dir='ltr'><strong>quaestione</strong></span> <span class='ocrx_word' id='word_1_196' title='bbox 1458 2826 1674 2882; x_wconf 82' lang='lat' dir='ltr'><strong>quoque</strong></span> <span class='ocrx_word' id='word_1_197' title='bbox 1686 2825 1813 2863; x_wconf 89' lang='lat' dir='ltr'><strong>con-</strong></span> 
     </span>
    </p>
   </div>
   <div class='ocr_carea' id='block_1_30' title="bbox 279 2900 1815 2977">
    <p class='ocr_par' dir='ltr' id='par_1_30' title="bbox 279 2900 1815 2977">
     <span class='ocr_line' id='line_1_30' title="bbox 279 2900 1815 2977; baseline -0.01 -5"><span class='ocrx_word' id='word_1_198' title='bbox 279 2917 566 2971; x_wconf 83' lang='lat' dir='ltr'><strong>fraternitas</strong></span> <span class='ocrx_word' id='word_1_199' title='bbox 595 2925 688 2969; x_wconf 89' lang='lat' dir='ltr'><strong>tua</strong></span> <span class='ocrx_word' id='word_1_200' title='bbox 724 2913 790 2968; x_wconf 89' lang='lat' dir='ltr'><strong>de</strong></span> <span class='ocrx_word' id='word_1_201' title='bbox 811 2909 1026 2967; x_wconf 88' lang='lat' dir='ltr'><strong>Giraldo</strong></span> <span class='ocrx_word' id='word_1_202' title='bbox 1059 2906 1324 2977; x_wconf 84' lang='lat' dir='ltr'><strong>Sponti&#39;no</strong></span> <span class='ocrx_word' id='word_1_203' title='bbox 1349 2904 1618 2973; x_wconf 73' lang='lat' dir='ltr'><strong>epist-0pc</strong></span> <span class='ocrx_word' id='word_1_204' title='bbox 1659 2900 1815 2956; x_wconf 76' lang='lat' dir='ltr'><strong>nobis</strong></span> 
     </span>
    </p>
   </div>
   <div class='ocr_carea' id='block_1_31' title="bbox 281 2991 1816 3078">
    <p class='ocr_par' dir='ltr' id='par_1_31' title="bbox 281 2991 1816 3078">
     <span class='ocr_line' id='line_1_31' title="bbox 281 2991 1816 3078; baseline -0.012 -15"><span class='ocrx_word' id='word_1_205' title='bbox 281 3008 543 3078; x_wconf 84' lang='lat' dir='ltr'><strong>suggessit,</strong></span> <span class='ocrx_word' id='word_1_206' title='bbox 571 3005 653 3061; x_wconf 82' lang='lat' dir='ltr'><strong>ad</strong></span> <span class='ocrx_word' id='word_1_207' title='bbox 698 3018 935 3074; x_wconf 66' lang='lat' dir='ltr'><strong>praesens</strong></span> <span class='ocrx_word' id='word_1_208' title='bbox 977 3015 1084 3070; x_wconf 84' lang='lat' dir='ltr'><strong>pro</strong></span> <span class='ocrx_word' id='word_1_209' title='bbox 1112 2995 1354 3069; x_wconf 86' lang='lat' dir='ltr'><strong>absentia</strong></span> <span class='ocrx_word' id='word_1_210' title='bbox 1399 2992 1637 3062; x_wconf 80' lang='lat' dir='ltr'><strong>episcopi</strong></span> <span class='ocrx_word' id='word_1_211' title='bbox 1663 2991 1816 3045; x_wconf 74' lang='lat' dir='ltr'><strong>vobis</strong></span> 
     </span>
    </p>
   </div>
   <div class='ocr_carea' id='block_1_32' title="bbox 280 3082 1816 3168">
    <p class='ocr_par' dir='ltr' id='par_1_32' title="bbox 280 3082 1816 3168">
     <span class='ocr_line' id='line_1_32' title="bbox 280 3082 1816 3168; baseline -0.012 -16"><span class='ocrx_word' id='word_1_212' title='bbox 280 3098 580 3168; x_wconf 87' lang='lat' dir='ltr'><strong>respondere</strong></span> <span class='ocrx_word' id='word_1_213' title='bbox 601 3112 708 3150; x_wconf 90' lang='lat' dir='ltr'><strong>non</strong></span> <span class='ocrx_word' id='word_1_214' title='bbox 738 3108 1047 3165; x_wconf 89' lang='lat' dir='ltr'><strong>possumus.</strong></span> <span class='ocrx_word' id='word_1_215' title='bbox 1077 3089 1213 3143; x_wconf 91' lang='lat' dir='ltr'><strong>Cum</strong></span> <span class='ocrx_word' id='word_1_216' title='bbox 1245 3097 1422 3142; x_wconf 90' lang='lat' dir='ltr'><strong>autem</strong></span> <span class='ocrx_word' id='word_1_217' title='bbox 1449 3085 1673 3147; x_wconf 85' lang='lat' dir='ltr'><strong>venerit,</strong></span> <span class='ocrx_word' id='word_1_218' title='bbox 1706 3082 1816 3135; x_wconf 86' lang='lat' dir='ltr'><strong>Deo</strong></span> 
     </span>
    </p>
   </div>
   <div class='ocr_carea' id='block_1_33' title="bbox 281 3165 1885 3254">
    <p class='ocr_par' dir='ltr' id='par_1_33' title="bbox 281 3165 1885 3254">
     <span class='ocr_line' id='line_1_33' title="bbox 281 3165 1885 3254; baseline -0.012 -11"><span class='ocrx_word' id='word_1_219' title='bbox 281 3188 622 3254; x_wconf 85' lang='lat' dir='ltr'><strong>concedente,</strong></span> <span class='ocrx_word' id='word_1_220' title='bbox 685 3203 848 3242; x_wconf 88' lang='lat' dir='ltr'><strong>causa</strong></span> <span class='ocrx_word' id='word_1_221' title='bbox 895 3186 1178 3253; x_wconf 80' lang='lat' dir='ltr'><strong>diligenter</strong></span> <span class='ocrx_word' id='word_1_222' title='bbox 1221 3177 1489 3249; x_wconf 82' lang='lat' dir='ltr'><strong>exquisita</strong></span> <span class='ocrx_word' id='word_1_223' title='bbox 1527 3219 1542 3242; x_wconf 95' lang='lat'><strong>,</strong></span> <span class='ocrx_word' id='word_1_224' title='bbox 1592 3176 1817 3244; x_wconf 68' lang='lat' dir='ltr'><strong>justitize</strong></span> <span class='ocrx_word' id='word_1_225' title='bbox 1844 3165 1885 3219; x_wconf 73' lang='grc' dir='ltr'><strong>(ἶ</strong></span> 
     </span>
    </p>
   </div>
   <div class='ocr_carea' id='block_1_34' title="bbox 281 3260 1817 3348">
    <p class='ocr_par' dir='ltr' id='par_1_34' title="bbox 281 3260 1817 3348">
     <span class='ocr_line' id='line_1_34' title="bbox 281 3260 1817 3348; baseline -0.01 -18"><span class='ocrx_word' id='word_1_226' title='bbox 281 3276 440 3348; x_wconf 80' lang='lat' dir='ltr'><strong>[fortc,</strong></span> <span class='ocrx_word' id='word_1_227' title='bbox 490 3279 656 3346; x_wconf 86' lang='lat' dir='ltr'><strong>justa,</strong></span> <span class='ocrx_word' id='word_1_228' title='bbox 693 3263 890 3345; x_wconf 60' lang='lat' dir='ltr'><strong>Hum]</strong></span> <span class='ocrx_word' id='word_1_229' title='bbox 919 3260 1350 3342; x_wconf 85' lang='lat' dir='ltr'><strong>_providcbimus.</strong></span> <span class='ocrx_word' id='word_1_230' title='bbox 1379 3265 1648 3333; x_wconf 84' lang='lat' dir='ltr'><strong>Principis</strong></span> <span class='ocrx_word' id='word_1_231' title='bbox 1690 3277 1817 3316; x_wconf 86' lang='lat' dir='ltr'><strong>vero</strong></span> 
     </span>
    </p>
   </div>
   <div class='ocr_carea' id='block_1_35' title="bbox 281 3355 1818 3438">
    <p class='ocr_par' dir='ltr' id='par_1_35' title="bbox 281 3355 1818 3438">
     <span class='ocr_line' id='line_1_35' title="bbox 281 3355 1818 3438; baseline -0.008 -18"><span class='ocrx_word' id='word_1_232' title='bbox 281 3367 392 3420; x_wconf 84' lang='lat' dir='ltr'><strong>vani</strong></span> <span class='ocrx_word' id='word_1_233' title='bbox 422 3367 687 3437; x_wconf 83' lang='lat' dir='ltr'><strong>negotium</strong></span> <span class='ocrx_word' id='word_1_234' title='bbox 712 3366 857 3419; x_wconf 90' lang='lat' dir='ltr'><strong>nulla</strong></span> <span class='ocrx_word' id='word_1_235' title='bbox 887 3364 1092 3417; x_wconf 87' lang='lat' dir='ltr'><strong>ratione</strong></span> <span class='ocrx_word' id='word_1_236' title='bbox 1122 3359 1303 3438; x_wconf 76' lang='lat' dir='ltr'><strong>videre</strong></span> <span class='ocrx_word' id='word_1_237' title='bbox 1324 3373 1634 3428; x_wconf 84' lang='lat' dir='ltr'><strong>possumus,</strong></span> <span class='ocrx_word' id='word_1_238' title='bbox 1673 3365 1730 3408; x_wconf 93' lang='lat' dir='ltr'><strong>ut</strong></span> <span class='ocrx_word' id='word_1_239' title='bbox 1753 3355 1818 3408; x_wconf 90' lang='lat' dir='ltr'><strong>ad</strong></span> 
     </span>
    </p>
   </div>
   <div class='ocr_carea' id='block_1_36' title="bbox 284 3445 1820 3539">
    <p class='ocr_par' dir='ltr' id='par_1_36' title="bbox 284 3445 1820 3539">
     <span class='ocr_line' id='line_1_36' title="bbox 284 3445 1820 3539; baseline -0.008 -28"><span class='ocrx_word' id='word_1_240' title='bbox 284 3471 497 3526; x_wconf 64' lang='lat' dir='ltr'><strong>praesens</strong></span> <span class='ocrx_word' id='word_1_241' title='bbox 549 3459 701 3512; x_wconf 89' lang='lat' dir='ltr'><strong>illum</strong></span> <span class='ocrx_word' id='word_1_242' title='bbox 741 3471 901 3539; x_wconf 76' lang='lat' dir='ltr'><strong>quem</strong></span> <span class='ocrx_word' id='word_1_243' title='bbox 946 3449 1179 3532; x_wconf 76' lang='lat' dir='ltr'><strong>postulat</strong></span> <span class='ocrx_word' id='word_1_244' title='bbox 1217 3448 1476 3516; x_wconf 89' lang='lat' dir='ltr'><strong>consequi</strong></span> <span class='ocrx_word' id='word_1_245' title='bbox 1526 3447 1700 3516; x_wconf 84' lang='lat' dir='ltr'><strong>possit</strong></span> <span class='ocrx_word' id='word_1_246' title='bbox 1736 3445 1820 3499; x_wconf 87' lang='lat' dir='ltr'><strong>vel</strong></span> 
     </span>
    </p>
   </div>
   <div class='ocr_carea' id='block_1_37' title="bbox 284 3537 1089 3602">
    <p class='ocr_par' dir='ltr' id='par_1_37' title="bbox 284 3537 1089 3602">
     <span class='ocr_line' id='line_1_37' title="bbox 284 3537 1089 3602; baseline -0.006 -3"><span class='ocrx_word' id='word_1_247' title='bbox 284 3546 456 3601; x_wconf 87' lang='lat' dir='ltr'><strong>debeat</strong></span> <span class='ocrx_word' id='word_1_248' title='bbox 481 3548 676 3602; x_wconf 86' lang='lat' dir='ltr'><strong>habere</strong></span> <span class='ocrx_word' id='word_1_249' title='bbox 703 3537 974 3600; x_wconf 81' lang='lat' dir='ltr'><strong>elfectum.</strong></span> <span class='ocrx_word' id='word_1_250' title='bbox 1084 3537 1089 3544; x_wconf 67' lang='grc'><em>“</em></span> 
     </span>
    </p>
   </div>
   <div class='ocr_carea' id='block_1_38' title="bbox 353 3629 1573 3719">
    <p class='ocr_par' dir='ltr' id='par_1_38' title="bbox 353 3629 1573 3719">
     <span class='ocr_line' id='line_1_38' title="bbox 353 3629 1573 3719; baseline -0.016 -22"><span class='ocrx_word' id='word_1_251' title='bbox 353 3639 470 3696; x_wconf 79' lang='lat' dir='ltr'><strong>Data</strong></span> <span class='ocrx_word' id='word_1_252' title='bbox 487 3637 702 3719; x_wconf 52' lang='lat' dir='ltr'><strong>30min,</strong></span> <span class='ocrx_word' id='word_1_253' title='bbox 742 3629 1262 3713; x_wconf 58' lang='lat' dir='ltr'><strong>indictione/decima</strong></span> <span class='ocrx_word' id='word_1_254' title='bbox 1298 3635 1508 3696; x_wconf 89' lang='lat' dir='ltr'><strong>quarta.</strong></span> <span class='ocrx_word' id='word_1_255' title='bbox 1567 3692 1573 3696; x_wconf 91' lang='lat'><strong>_</strong></span> 
     </span>
    </p>
   </div>
   <div class='ocr_carea' id='block_1_39' title="bbox 785 3711 1251 3788">
    <p class='ocr_par' dir='ltr' id='par_1_39' title="bbox 785 3711 1251 3788">
     <span class='ocr_line' id='line_1_39' title="bbox 785 3711 1251 3788; baseline -0.019 1"><span class='ocrx_word' id='word_1_256' title='bbox 785 3711 1116 3788; x_wconf 79' lang='lat' dir='ltr'><strong>EPISTOLA</strong></span> <span class='ocrx_word' id='word_1_257' title='bbox 1158 3728 1251 3782; x_wconf 84' lang='lat' dir='ltr'><strong>xv</strong></span> 
     </span>
    </p>
   </div>
   <div class='ocr_carea' id='block_1_40' title="bbox 489 3812 1594 3892">
    <p class='ocr_par' dir='ltr' id='par_1_40' title="bbox 489 3812 1594 3892">
     <span class='ocr_line' id='line_1_40' title="bbox 489 3812 1594 3892; baseline -0.016 -5"><span class='ocrx_word' id='word_1_258' title='bbox 489 3849 553 3887; x_wconf 70' lang='lat' dir='ltr'><strong>AD</strong></span> <span class='ocrx_word' id='word_1_259' title='bbox 579 3812 862 3885; x_wconf 61' lang='grc' dir='ltr'><strong>πιῖίιειδωι</strong></span> <span class='ocrx_word' id='word_1_260' title='bbox 893 3835 1324 3892; x_wconf 61' lang='grc' dir='ltr'><strong>διευιοιλκεκεειι</strong></span> <span class='ocrx_word' id='word_1_261' title='bbox 1353 3832 1594 3870; x_wconf 65' lang='grc' dir='ltr'><strong>ιιιωτεν.</strong></span> 
     </span>
    </p>
   </div>
   <div class='ocr_carea' id='block_1_41' title="bbox 851 3895 1306 3986">
    <p class='ocr_par' dir='ltr' id='par_1_41' title="bbox 851 3895 1306 3986">
     <span class='ocr_line' id='line_1_41' title="bbox 851 3895 1306 3986; baseline -0.011 -20"><span class='ocrx_word' id='word_1_262' title='bbox 851 3895 1029 3983; x_wconf 79' lang='lat' dir='ltr'><strong>(Anno</strong></span> <span class='ocrx_word' id='word_1_263' title='bbox 1045 3909 1191 3986; x_wconf 60' lang='lat' dir='ltr'><strong>lore</strong></span> <span class='ocrx_word' id='word_1_264' title='bbox 1220 3964 1230 3978; x_wconf 69' lang='grc' dir='ltr'><strong> </strong></span> <span class='ocrx_word' id='word_1_265' title='bbox 1304 3959 1306 3961; x_wconf 73' lang='lat'><strong>.</strong></span> 
     </span>
    </p>
   </div>
   <div class='ocr_carea' id='block_1_42' title="bbox 293 3994 1822 4066">
    <p class='ocr_par' dir='ltr' id='par_1_42' title="bbox 293 3994 1822 4066">
     <span class='ocr_line' id='line_1_42' title="bbox 293 3994 1822 4066; baseline -0.011 -5"><span class='ocrx_word' id='word_1_266' title='bbox 293 4007 512 4061; x_wconf 69' lang='lat' dir='ltr'><strong>Insinuat</strong></span> <span class='ocrx_word' id='word_1_267' title='bbox 532 4005 864 4058; x_wconf 80' lang='lat' dir='ltr'><strong>Normannos</strong></span> <span class='ocrx_word' id='word_1_268' title='bbox 886 4000 1098 4066; x_wconf 79' lang='lat' dir='ltr'><strong>cupidos</strong></span> <span class='ocrx_word' id='word_1_269' title='bbox 1119 4013 1227 4048; x_wconf 83' lang='lat' dir='ltr'><strong>esse</strong></span> <span class='ocrx_word' id='word_1_270' title='bbox 1272 3994 1635 4066; x_wconf 11' lang='lat' dir='ltr'><strong>c&#39;ompo‘nrndte</strong></span> <span class='ocrx_word' id='word_1_271' title='bbox 1655 4009 1822 4061; x_wconf 74' lang='lat' dir='ltr'><strong>pacis,</strong></span> 
     </span>
    </p>
   </div>
   <div class='ocr_carea' id='block_1_43' title="bbox 351 4063 1825 4146">
    <p class='ocr_par' dir='ltr' id='par_1_43' title="bbox 351 4063 1825 4146">
     <span class='ocr_line' id='line_1_43' title="bbox 351 4063 1825 4146; baseline -0.013 -16"><span class='ocrx_word' id='word_1_272' title='bbox 351 4092 488 4146; x_wconf 75' lang='lat' dir='ltr'><strong>teque</strong></span> <span class='ocrx_word' id='word_1_273' title='bbox 515 4088 726 4146; x_wconf 62' lang='lat' dir='ltr'><strong>sperare</strong></span> <span class='ocrx_word' id='word_1_274' title='bbox 751 4086 843 4146; x_wconf 68' lang='lat' dir='ltr'><strong>eos</strong></span> <span class='ocrx_word' id='word_1_275' title='bbox 861 4068 927 4119; x_wconf 82' lang='lat' dir='ltr'><strong>ad</strong></span> <span class='ocrx_word' id='word_1_276' title='bbox 951 4063 1263 4133; x_wconf 68' lang='lat' dir='ltr'><strong>ﬁdelitatem</strong></span> <span class='ocrx_word' id='word_1_277' title='bbox 1288 4064 1458 4115; x_wconf 75' lang='lat' dir='ltr'><strong>sancti</strong></span> <span class='ocrx_word' id='word_1_278' title='bbox 1483 4063 1634 4146; x_wconf 65' lang='lat' dir='ltr'><strong>Petri</strong></span> <span class='ocrx_word' id='word_1_279' title='bbox 1655 4078 1825 4146; x_wconf 64' lang='lat' dir='ltr'><strong>recer-</strong></span> 
     </span>
    </p>
   </div>
   <div class='ocr_carea' id='block_1_44' title="bbox 281 4130 1828 4208">
    <p class='ocr_par' dir='ltr' id='par_1_44' title="bbox 281 4130 1828 4208">
     <span class='ocr_line' id='line_1_44' title="bbox 281 4130 1828 4208; baseline -0.014 -9"><span class='ocrx_word' id='word_1_280' title='bbox 281 4183 284 4186; x_wconf 52' lang='grc' dir='ltr'>λ</span> <span class='ocrx_word' id='word_1_281' title='bbox 351 4130 504 4207; x_wconf 68' lang='lat' dir='ltr'><strong>suros,</strong></span> <span class='ocrx_word' id='word_1_282' title='bbox 535 4130 653 4208; x_wconf 59' lang='lat' dir='ltr'><strong>latnt</strong></span> <span class='ocrx_word' id='word_1_283' title='bbox 679 4139 905 4196; x_wconf 79' lang='lat' dir='ltr'><strong>Henrico</strong></span> <span class='ocrx_word' id='word_1_284' title='bbox 944 4130 1152 4208; x_wconf 57' lang='lat' dir='ltr'><strong>Quoque</strong></span> <span class='ocrx_word' id='word_1_285' title='bbox 1175 4146 1366 4199; x_wconf 80' lang='lat' dir='ltr'><strong>rege.se</strong></span> <span class='ocrx_word' id='word_1_286' title='bbox 1399 4130 1828 4208; x_wconf 54' lang='lat' dir='ltr'><strong>.faeemnltalrittt-</strong></span> 
     </span>
    </p>
   </div>
   <div class='ocr_carea' id='block_1_45' title="bbox 352 4195 1828 4278">
    <p class='ocr_par' dir='ltr' id='par_1_45' title="bbox 352 4195 1828 4278">
     <span class='ocr_line' id='line_1_45' title="bbox 352 4195 1828 4278; baseline -0.014 -11"><span class='ocrx_word' id='word_1_287' title='bbox 352 4195 741 4278; x_wconf 41' lang='lat' dir='ltr'><strong>rttm,&#39;si‘mores</strong></span> <span class='ocrx_word' id='word_1_288' title='bbox 769 4195 1065 4259; x_wconf 65' lang='lat' dir='ltr'><strong>mutaverit.</strong></span> <span class='ocrx_word' id='word_1_289' title='bbox 1101 4195 1364 4278; x_wconf 52' lang='lat' dir='ltr'><strong>llorlrttur</strong></span> <span class='ocrx_word' id='word_1_290' title='bbox 1395 4195 1450 4278; x_wconf 49' lang='lat' dir='ltr'><strong>tit</strong></span> <span class='ocrx_word' id='word_1_291' title='bbox 1484 4199 1537 4249; x_wconf 85' lang='lat' dir='ltr'><strong>in</strong></span> <span class='ocrx_word' id='word_1_292' title='bbox 1577 4195 1828 4258; x_wconf 70' lang='lat' dir='ltr'><strong>Ecclesia:</strong></span> 
     </span>
    </p>
   </div>
   <div class='ocr_carea' id='block_1_46' title="bbox 351 4269 1822 4352">
    <p class='ocr_par' dir='ltr' id='par_1_46' title="bbox 351 4269 1822 4352">
     <span class='ocr_line' id='line_1_46' title="bbox 351 4269 1822 4352; baseline -0.014 -15"><span class='ocrx_word' id='word_1_293' title='bbox 351 4269 630 4352; x_wconf 73' lang='lat' dir='ltr'><strong>defensione</strong></span> <span class='ocrx_word' id='word_1_294' title='bbox 651 4283 950 4348; x_wconf 73' lang='lat' dir='ltr'><strong>perseveret,</strong></span> <span class='ocrx_word' id='word_1_295' title='bbox 982 4282 1031 4325; x_wconf 85' lang='lat' dir='ltr'><strong>et</strong></span> <span class='ocrx_word' id='word_1_296' title='bbox 1058 4273 1190 4323; x_wconf 78' lang='lat' dir='ltr'><strong>alios</strong></span> <span class='ocrx_word' id='word_1_297' title='bbox 1222 4271 1358 4321; x_wconf 78' lang='lat' dir='ltr'><strong>idem</strong></span> <span class='ocrx_word' id='word_1_298' title='bbox 1403 4269 1572 4335; x_wconf 79' lang='lat' dir='ltr'><strong>facere</strong></span> <span class='ocrx_word' id='word_1_299' title='bbox 1599 4272 1822 4317; x_wconf 84' lang='lat' dir='ltr'><strong>moneat.</strong></span> 
     </span>
    </p>
   </div>
   <div class='ocr_carea' id='block_1_47' title="bbox 352 4351 1825 4435">
    <p class='ocr_par' dir='ltr' id='par_1_47' title="bbox 352 4351 1825 4435">
     <span class='ocr_line' id='line_1_47' title="bbox 352 4351 1825 4435; baseline -0.016 -10"><span class='ocrx_word' id='word_1_300' title='bbox 352 4351 642 4425; x_wconf 70' lang='lat' dir='ltr'><strong>(Insecutus</strong></span> <span class='ocrx_word' id='word_1_301' title='bbox 680 4365 1202 4435; x_wconf 49' lang='lat' dir='ltr'><strong>cpiscopushservus</strong></span> <span class='ocrx_word' id='word_1_302' title='bbox 1252 4373 1529 4411; x_wconf 86' lang='lat' dir='ltr'><strong>servorum</strong></span> <span class='ocrx_word' id='word_1_303' title='bbox 1566 4353 1680 4416; x_wconf 88' lang='lat' dir='ltr'><strong>Dei,</strong></span> <span class='ocrx_word' id='word_1_304' title='bbox 1710 4351 1825 4404; x_wconf 84' lang='lat' dir='ltr'><strong>Wi-</strong></span> 
     </span>
    </p>
   </div>
   <div class='ocr_carea' id='block_1_48' title="bbox 294 4442 1904 4524">
    <p class='ocr_par' dir='ltr' id='par_1_48' title="bbox 294 4442 1904 4524">
     <span class='ocr_line' id='line_1_48' title="bbox 294 4442 1904 4524; baseline -0.014 -9"><span class='ocrx_word' id='word_1_305' title='bbox 294 4459 427 4515; x_wconf 85' lang='lat' dir='ltr'><strong>fredo</strong></span> <span class='ocrx_word' id='word_1_306' title='bbox 458 4456 931 4514; x_wconf 77' lang='lat' dir='ltr'><strong>Mediolanensium</strong></span> <span class='ocrx_word' id='word_1_307' title='bbox 955 4453 1188 4522; x_wconf 63' lang='lat' dir='ltr'><strong>episcopi</strong></span> <span class='ocrx_word' id='word_1_308' title='bbox 1214 4444 1615 4522; x_wconf 72' lang='lat' dir='ltr'><strong>[.llediulanensi</strong></span> <span class='ocrx_word' id='word_1_309' title='bbox 1645 4442 1827 4514; x_wconf 83' lang='lat' dir='ltr'><strong>militi]</strong></span> <span class='ocrx_word' id='word_1_310' title='bbox 1861 4471 1904 4524; x_wconf 68' lang='grc' dir='ltr'>Β</span> 
     </span>
    </p>
   </div>
   <div class='ocr_carea' id='block_1_49' title="bbox 295 4541 1438 4616">
    <p class='ocr_par' dir='ltr' id='par_1_49' title="bbox 295 4541 1438 4616">
     <span class='ocr_line' id='line_1_49' title="bbox 295 4541 1438 4616; baseline -0.011 -13"><span class='ocrx_word' id='word_1_311' title='bbox 295 4549 498 4603; x_wconf 79' lang='lat' dir='ltr'><strong>salutem</strong></span> <span class='ocrx_word' id='word_1_312' title='bbox 519 4558 573 4602; x_wconf 91' lang='lat' dir='ltr'><strong>et</strong></span> <span class='ocrx_word' id='word_1_313' title='bbox 605 4545 956 4616; x_wconf 88' lang='lat' dir='ltr'><strong>apostolicam</strong></span> <span class='ocrx_word' id='word_1_314' title='bbox 993 4541 1438 4596; x_wconf 83' lang='lat' dir='ltr'><strong>benedictionem.</strong></span> 
     </span>
    </p>
   </div>
   <div class='ocr_carea' id='block_1_50' title="bbox 250 4623 1828 4703">
    <p class='ocr_par' dir='ltr' id='par_1_50' title="bbox 250 4623 1828 4703">
     <span class='ocr_line' id='line_1_50' title="bbox 250 4623 1828 4703; baseline -0.011 -10"><span class='ocrx_word' id='word_1_315' title='bbox 250 4639 252 4641; x_wconf 67' lang='grc'><em>’</em></span> <span class='ocrx_word' id='word_1_316' title='bbox 355 4637 481 4703; x_wconf 85' lang='lat' dir='ltr'><strong>Quia</strong></span> <span class='ocrx_word' id='word_1_317' title='bbox 524 4636 815 4690; x_wconf 88' lang='lat' dir='ltr'><strong>sollicitum</strong></span> <span class='ocrx_word' id='word_1_318' title='bbox 864 4641 915 4687; x_wconf 92' lang='lat' dir='ltr'><strong>te</strong></span> <span class='ocrx_word' id='word_1_319' title='bbox 959 4631 1024 4686; x_wconf 90' lang='lat' dir='ltr'><strong>de</strong></span> <span class='ocrx_word' id='word_1_320' title='bbox 1073 4633 1279 4685; x_wconf 86' lang='lat' dir='ltr'><strong>honore</strong></span> <span class='ocrx_word' id='word_1_321' title='bbox 1333 4627 1660 4703; x_wconf 72' lang='lat' dir='ltr'><strong>Christianae</strong></span> <span class='ocrx_word' id='word_1_322' title='bbox 1705 4623 1828 4677; x_wconf 80' lang='lat' dir='ltr'><strong>ﬁdei</strong></span> 
     </span>
    </p>
   </div>
   <div class='ocr_carea' id='block_1_51' title="bbox 297 4702 1829 4795">
    <p class='ocr_par' dir='ltr' id='par_1_51' title="bbox 297 4702 1829 4795">
     <span class='ocr_line' id='line_1_51' title="bbox 297 4702 1829 4795; baseline -0.011 -15"><span class='ocrx_word' id='word_1_323' title='bbox 297 4702 468 4779; x_wconf 80' lang='lat' dir='ltr'><strong>litteris</strong></span> <span class='ocrx_word' id='word_1_324' title='bbox 489 4725 592 4778; x_wconf 90' lang='lat' dir='ltr'><strong>tuis</strong></span> <span class='ocrx_word' id='word_1_325' title='bbox 625 4721 963 4792; x_wconf 82' lang='lat' dir='ltr'><strong>signiﬁcasti,</strong></span> <span class='ocrx_word' id='word_1_326' title='bbox 1007 4733 1220 4795; x_wconf 59' lang='lat' dir='ltr'><strong>mirum</strong></span> <span class='ocrx_word' id='word_1_327' title='bbox 1254 4702 1510 4770; x_wconf 64' lang='lat' dir='ltr'><strong>duiimus</strong></span> <span class='ocrx_word' id='word_1_328' title='bbox 1533 4712 1829 4781; x_wconf 64' lang='lat' dir='ltr'><strong>prudentiae</strong></span> 
     </span>
    </p>
   </div>
   <div class='ocr_carea' id='block_1_52' title="bbox 299 4805 1828 4878">
    <p class='ocr_par' dir='ltr' id='par_1_52' title="bbox 299 4805 1828 4878">
     <span class='ocr_line' id='line_1_52' title="bbox 299 4805 1828 4878; baseline -0.008 -9"><span class='ocrx_word' id='word_1_329' title='bbox 299 4824 390 4871; x_wconf 68' lang='lat' dir='ltr'><strong>tua:</strong></span> <span class='ocrx_word' id='word_1_330' title='bbox 412 4815 716 4871; x_wconf 86' lang='lat' dir='ltr'><strong>rescribere.</strong></span> <span class='ocrx_word' id='word_1_331' title='bbox 749 4810 902 4864; x_wconf 85' lang='lat' dir='ltr'><strong>Scias</strong></span> <span class='ocrx_word' id='word_1_332' title='bbox 931 4811 1092 4878; x_wconf 74' lang='lat' dir='ltr'><strong>igitur</strong></span> <span class='ocrx_word' id='word_1_333' title='bbox 1117 4807 1459 4862; x_wconf 83' lang='lat' dir='ltr'><strong>Normannos</strong></span> <span class='ocrx_word' id='word_1_334' title='bbox 1483 4805 1645 4858; x_wconf 88' lang='lat' dir='ltr'><strong>verba</strong></span> <span class='ocrx_word' id='word_1_335' title='bbox 1676 4819 1828 4858; x_wconf 91' lang='lat' dir='ltr'><strong>com-</strong></span> 
     </span>
    </p>
   </div>
   <div class='ocr_carea' id='block_1_53' title="bbox 299 4893 1828 4972">
    <p class='ocr_par' dir='ltr' id='par_1_53' title="bbox 299 4893 1828 4972">
     <span class='ocr_line' id='line_1_53' title="bbox 299 4893 1828 4972; baseline -0.009 -13"><span class='ocrx_word' id='word_1_336' title='bbox 299 4904 537 4972; x_wconf 74' lang='lat' dir='ltr'><strong>ponendae</strong></span> <span class='ocrx_word' id='word_1_337' title='bbox 558 4901 706 4971; x_wconf 91' lang='lat' dir='ltr'><strong>pacis</strong></span> <span class='ocrx_word' id='word_1_338' title='bbox 729 4897 1010 4952; x_wconf 87' lang='lat' dir='ltr'><strong>nobiseum</strong></span> <span class='ocrx_word' id='word_1_339' title='bbox 1046 4896 1274 4960; x_wconf 86' lang='lat' dir='ltr'><strong>habere;</strong></span> <span class='ocrx_word' id='word_1_340' title='bbox 1323 4909 1486 4972; x_wconf 82' lang='lat' dir='ltr'><strong>quam</strong></span> <span class='ocrx_word' id='word_1_341' title='bbox 1532 4893 1828 4947; x_wconf 88' lang='lat' dir='ltr'><strong>libentissi-</strong></span> 
     </span>
    </p>
   </div>
   <div class='ocr_carea' id='block_1_54' title="bbox 301 4969 1830 5064">
    <p class='ocr_par' dir='ltr' id='par_1_54' title="bbox 301 4969 1830 5064">
     <span class='ocr_line' id='line_1_54' title="bbox 301 4969 1830 5064; baseline -0.007 -17"><span class='ocrx_word' id='word_1_342' title='bbox 301 4969 376 5048; x_wconf 72' lang='lat' dir='ltr'><strong>ine</strong></span> <span class='ocrx_word' id='word_1_343' title='bbox 389 4995 490 5064; x_wconf 88' lang='lat' dir='ltr'><strong>jam</strong></span> <span class='ocrx_word' id='word_1_344' title='bbox 516 4969 789 5056; x_wconf 70' lang='lat' dir='ltr'><strong>fecissent,</strong></span> <span class='ocrx_word' id='word_1_345' title='bbox 816 4997 870 5042; x_wconf 90' lang='lat' dir='ltr'><strong>et</strong></span> <span class='ocrx_word' id='word_1_346' title='bbox 892 4987 1048 5041; x_wconf 87' lang='lat' dir='ltr'><strong>beato</strong></span> <span class='ocrx_word' id='word_1_347' title='bbox 1079 4976 1261 5048; x_wconf 75' lang='lat' dir='ltr'><strong>Petro,</strong></span> <span class='ocrx_word' id='word_1_348' title='bbox 1297 4969 1457 5052; x_wconf 86' lang='lat' dir='ltr'><strong>quem</strong></span> <span class='ocrx_word' id='word_1_349' title='bbox 1488 4983 1830 5037; x_wconf 87' lang='lat' dir='ltr'><strong>solummodo</strong></span> 
     </span>
    </p>
   </div>
   <div class='ocr_carea' id='block_1_55' title="bbox 302 5071 1830 5148">
    <p class='ocr_par' dir='ltr' id='par_1_55' title="bbox 302 5071 1830 5148">
     <span class='ocr_line' id='line_1_55' title="bbox 302 5071 1830 5148; baseline -0.005 -15"><span class='ocrx_word' id='word_1_350' title='bbox 302 5080 552 5136; x_wconf 88' lang='lat' dir='ltr'><strong>dominum</strong></span> <span class='ocrx_word' id='word_1_351' title='bbox 574 5091 628 5137; x_wconf 90' lang='lat' dir='ltr'><strong>et</strong></span> <span class='ocrx_word' id='word_1_352' title='bbox 671 5081 1046 5148; x_wconf 87' lang='lat' dir='ltr'><strong>imperatorem</strong></span> <span class='ocrx_word' id='word_1_353' title='bbox 1096 5078 1248 5142; x_wconf 80' lang='lat' dir='ltr'><strong>post</strong></span> <span class='ocrx_word' id='word_1_354' title='bbox 1281 5071 1569 5125; x_wconf 82' lang='lat' dir='ltr'><strong>Dominum</strong></span> <span class='ocrx_word' id='word_1_355' title='bbox 1632 5073 1830 5126; x_wconf 88' lang='lat' dir='ltr'><strong>habere</strong></span> 
     </span>
    </p>
   </div>
   <div class='ocr_carea' id='block_1_56' title="bbox 303 5161 1829 5236">
    <p class='ocr_par' dir='ltr' id='par_1_56' title="bbox 303 5161 1829 5236">
     <span class='ocr_line' id='line_1_56' title="bbox 303 5161 1829 5236; baseline -0.005 -14"><span class='ocrx_word' id='word_1_356' title='bbox 303 5167 602 5236; x_wconf 87' lang='lat' dir='ltr'><strong>desiderant,</strong></span> <span class='ocrx_word' id='word_1_357' title='bbox 649 5168 928 5224; x_wconf 86' lang='lat' dir='ltr'><strong>humiliter</strong></span> <span class='ocrx_word' id='word_1_358' title='bbox 994 5161 1401 5225; x_wconf 83' lang='lat' dir='ltr'><strong>satisfecissent,</strong></span> <span class='ocrx_word' id='word_1_359' title='bbox 1461 5162 1506 5216; x_wconf 88' lang='lat' dir='ltr'><strong>si</strong></span> <span class='ocrx_word' id='word_1_360' title='bbox 1565 5161 1829 5215; x_wconf 84' lang='lat' dir='ltr'><strong>voluntati</strong></span> 
     </span>
    </p>
   </div>
   <div class='ocr_carea' id='block_1_57' title="bbox 303 5250 1827 5328">
    <p class='ocr_par' dir='ltr' id='par_1_57' title="bbox 303 5250 1827 5328">
     <span class='ocr_line' id='line_1_57' title="bbox 303 5250 1827 5328; baseline -0.003 -20"><span class='ocrx_word' id='word_1_361' title='bbox 303 5270 466 5311; x_wconf 87' lang='lat' dir='ltr'><strong>eorum</strong></span> <span class='ocrx_word' id='word_1_362' title='bbox 485 5259 539 5311; x_wconf 88' lang='lat' dir='ltr'><strong>in</strong></span> <span class='ocrx_word' id='word_1_363' title='bbox 591 5257 915 5328; x_wconf 85' lang='lat' dir='ltr'><strong>quibusdam</strong></span> <span class='ocrx_word' id='word_1_364' title='bbox 967 5268 1343 5310; x_wconf 74' lang='lat' dir='ltr'><strong>annueremus.</strong></span> <span class='ocrx_word' id='word_1_365' title='bbox 1375 5251 1498 5315; x_wconf 90' lang='lat' dir='ltr'><strong>Sed,</strong></span> <span class='ocrx_word' id='word_1_366' title='bbox 1537 5250 1648 5304; x_wconf 90' lang='lat' dir='ltr'><strong>Deo</strong></span> <span class='ocrx_word' id='word_1_367' title='bbox 1671 5252 1827 5304; x_wconf 76' lang='lat' dir='ltr'><strong>auxi-</strong></span> 
     </span>
    </p>
   </div>
   <div class='ocr_carea' id='block_1_58' title="bbox 306 5340 1830 5408">
    <p class='ocr_par' dir='ltr' id='par_1_58' title="bbox 306 5340 1830 5408">
     <span class='ocr_line' id='line_1_58' title="bbox 306 5340 1830 5408; baseline -0.003 -13"><span class='ocrx_word' id='word_1_368' title='bbox 306 5341 464 5408; x_wconf 81' lang='lat' dir='ltr'><strong>liante,</strong></span> <span class='ocrx_word' id='word_1_369' title='bbox 491 5344 589 5399; x_wconf 87' lang='lat' dir='ltr'><strong>hoc</strong></span> <span class='ocrx_word' id='word_1_370' title='bbox 613 5359 721 5398; x_wconf 84' lang='lat' dir='ltr'><strong>non</strong></span> <span class='ocrx_word' id='word_1_371' title='bbox 745 5360 868 5400; x_wconf 69' lang='lat' dir='ltr'><strong>etim</strong></span> <span class='ocrx_word' id='word_1_372' title='bbox 895 5345 1232 5406; x_wconf 84' lang='lat' dir='ltr'><strong>detrimento,</strong></span> <span class='ocrx_word' id='word_1_373' title='bbox 1268 5340 1361 5394; x_wconf 89' lang='lat' dir='ltr'><strong>sed</strong></span> <span class='ocrx_word' id='word_1_374' title='bbox 1387 5355 1509 5392; x_wconf 91' lang='lat' dir='ltr'><strong>cum</strong></span> <span class='ocrx_word' id='word_1_375' title='bbox 1541 5346 1830 5407; x_wconf 87' lang='lat' dir='ltr'><strong>augmento</strong></span> 
     </span>
    </p>
   </div>
   <div class='ocr_carea' id='block_1_59' title="bbox 310 5425 1831 5500">
    <p class='ocr_par' dir='ltr' id='par_1_59' title="bbox 310 5425 1831 5500">
     <span class='ocr_line' id='line_1_59' title="bbox 310 5425 1831 5500; baseline -0.003 -17"><span class='ocrx_word' id='word_1_376' title='bbox 310 5425 537 5484; x_wconf 68' lang='lat' dir='ltr'><strong>Romanae</strong></span> <span class='ocrx_word' id='word_1_377' title='bbox 569 5429 823 5487; x_wconf 65' lang='lat' dir='ltr'><strong>Ecclesia:</strong></span> <span class='ocrx_word' id='word_1_378' title='bbox 867 5432 922 5485; x_wconf 91' lang='lat' dir='ltr'><strong>in</strong></span> <span class='ocrx_word' id='word_1_379' title='bbox 948 5430 1192 5500; x_wconf 75' lang='lat' dir='ltr'><strong>proximo</strong></span> <span class='ocrx_word' id='word_1_380' title='bbox 1245 5441 1522 5496; x_wconf 88' lang='lat' dir='ltr'><strong>speramus</strong></span> <span class='ocrx_word' id='word_1_381' title='bbox 1558 5425 1748 5488; x_wconf 78' lang='lat' dir='ltr'><strong>facere,</strong></span> <span class='ocrx_word' id='word_1_382' title='bbox 1778 5433 1831 5479; x_wconf 88' lang='lat' dir='ltr'><strong>et</strong></span> 
     </span>
    </p>
   </div>
   <div class='ocr_carea' id='block_1_60' title="bbox 307 5514 1832 5574">
    <p class='ocr_par' dir='ltr' id='par_1_60' title="bbox 307 5514 1832 5574">
     <span class='ocr_line' id='line_1_60' title="bbox 307 5514 1832 5574; baseline -0.003 -2"><span class='ocrx_word' id='word_1_383' title='bbox 307 5519 465 5572; x_wconf 83' lang='lat' dir='ltr'><strong>eosad</strong></span> <span class='ocrx_word' id='word_1_384' title='bbox 511 5519 820 5573; x_wconf 75' lang='lat' dir='ltr'><strong>fidelitatem</strong></span> <span class='ocrx_word' id='word_1_385' title='bbox 840 5519 979 5574; x_wconf 86' lang='lat' dir='ltr'><strong>beati</strong></span> <span class='ocrx_word' id='word_1_386' title='bbox 1023 5519 1165 5574; x_wconf 90' lang='lat' dir='ltr'><strong>Petri</strong></span> <span class='ocrx_word' id='word_1_387' title='bbox 1211 5517 1434 5571; x_wconf 85' lang='lat' dir='ltr'><strong>firmiter</strong></span> <span class='ocrx_word' id='word_1_388' title='bbox 1466 5524 1520 5569; x_wconf 89' lang='lat' dir='ltr'><strong>et</strong></span> <span class='ocrx_word' id='word_1_389' title='bbox 1571 5514 1832 5569; x_wconf 84' lang='lat' dir='ltr'><strong>stabiliter</strong></span> 
     </span>
    </p>
   </div>
   <div class='ocr_carea' id='block_1_61' title="bbox 310 5605 1830 5678">
    <p class='ocr_par' dir='ltr' id='par_1_61' title="bbox 310 5605 1830 5678">
     <span class='ocr_line' id='line_1_61' title="bbox 310 5605 1830 5678; baseline -0.002 -18"><span class='ocrx_word' id='word_1_390' title='bbox 310 5621 552 5660; x_wconf 85' lang='lat' dir='ltr'><strong>revocare.</strong></span> <span class='ocrx_word' id='word_1_391' title='bbox 588 5606 725 5661; x_wconf 91' lang='lat' dir='ltr'><strong>Cum</strong></span> <span class='ocrx_word' id='word_1_392' title='bbox 759 5622 880 5676; x_wconf 79' lang='lat' dir='ltr'><strong>rege</strong></span> <span class='ocrx_word' id='word_1_393' title='bbox 922 5624 1135 5678; x_wconf 87' lang='lat' dir='ltr'><strong>quoque</strong></span> <span class='ocrx_word' id='word_1_394' title='bbox 1183 5606 1475 5661; x_wconf 70' lang='lat' dir='ltr'><strong>Alemaniae</strong></span> <span class='ocrx_word' id='word_1_395' title='bbox 1523 5605 1586 5659; x_wconf 90' lang='lat' dir='ltr'><strong>de</strong></span> <span class='ocrx_word' id='word_1_396' title='bbox 1608 5618 1830 5672; x_wconf 90' lang='lat' dir='ltr'><strong>compo-</strong></span> 
     </span>
    </p>
   </div>
   <div class='ocr_carea' id='block_1_62' title="bbox 313 5685 1832 5766">
    <p class='ocr_par' dir='ltr' id='par_1_62' title="bbox 313 5685 1832 5766">
     <span class='ocr_line' id='line_1_62' title="bbox 313 5685 1832 5766; baseline -0.001 -17"><span class='ocrx_word' id='word_1_397' title='bbox 313 5697 462 5751; x_wconf 84' lang='lat' dir='ltr'><strong>nenda</strong></span> <span class='ocrx_word' id='word_1_398' title='bbox 503 5711 628 5766; x_wconf 83' lang='lat' dir='ltr'><strong>pace</strong></span> <span class='ocrx_word' id='word_1_399' title='bbox 674 5695 855 5750; x_wconf 86' lang='lat' dir='ltr'><strong>multis</strong></span> <span class='ocrx_word' id='word_1_400' title='bbox 872 5685 982 5764; x_wconf 85' lang='lat' dir='ltr'><strong>jam</strong></span> <span class='ocrx_word' id='word_1_401' title='bbox 1016 5698 1224 5752; x_wconf 83' lang='lat' dir='ltr'><strong>vicibus</strong></span> <span class='ocrx_word' id='word_1_402' title='bbox 1273 5697 1490 5766; x_wconf 88' lang='lat' dir='ltr'><strong>quidam</strong></span> <span class='ocrx_word' id='word_1_403' title='bbox 1541 5709 1699 5748; x_wconf 87' lang='lat' dir='ltr'><strong>aures</strong></span> <span class='ocrx_word' id='word_1_404' title='bbox 1735 5709 1832 5748; x_wconf 86' lang='lat' dir='ltr'><strong>no-</strong></span> 
     </span>
    </p>
   </div>
   <div class='ocr_carea' id='block_1_63' title="bbox 1909 595 3473 674">
    <p class='ocr_par' dir='ltr' id='par_1_63' title="bbox 1909 595 3473 674">
     <span class='ocr_line' id='line_1_63' title="bbox 1909 595 3473 674; baseline -0.012 -9"><span class='ocrx_word' id='word_1_405' title='bbox 1909 626 2031 665; x_wconf 89' lang='lat' dir='ltr'><strong>cum</strong></span> <span class='ocrx_word' id='word_1_406' title='bbox 2059 625 2123 662; x_wconf 88' lang='lat' dir='ltr'><strong>eo</strong></span> <span class='ocrx_word' id='word_1_407' title='bbox 2150 623 2248 659; x_wconf 87' lang='lat' dir='ltr'><strong>nos</strong></span> <span class='ocrx_word' id='word_1_408' title='bbox 2274 621 2460 674; x_wconf 86' lang='lat' dir='ltr'><strong>pacem</strong></span> <span class='ocrx_word' id='word_1_409' title='bbox 2506 603 2638 655; x_wconf 83' lang='lat' dir='ltr'><strong>velle</strong></span> <span class='ocrx_word' id='word_1_410' title='bbox 2683 603 2899 664; x_wconf 79' lang='lat' dir='ltr'><strong>habere,</strong></span> <span class='ocrx_word' id='word_1_411' title='bbox 2955 601 2998 653; x_wconf 91' lang='lat' dir='ltr'><strong>si</strong></span> <span class='ocrx_word' id='word_1_412' title='bbox 3051 600 3161 668; x_wconf 84' lang='lat' dir='ltr'><strong>ipse</strong></span> <span class='ocrx_word' id='word_1_413' title='bbox 3204 614 3326 649; x_wconf 87' lang='lat' dir='ltr'><strong>cum</strong></span> <span class='ocrx_word' id='word_1_414' title='bbox 3365 595 3473 647; x_wconf 81' lang='lat' dir='ltr'><strong>Deo</strong></span> 
     </span>
    </p>
   </div>
   <div class='ocr_carea' id='block_1_64' title="bbox 1909 686 3472 768">
    <p class='ocr_par' dir='ltr' id='par_1_64' title="bbox 1909 686 3472 768">
     <span class='ocr_line' id='line_1_64' title="bbox 1909 686 3472 768; baseline -0.01 -16"><span class='ocrx_word' id='word_1_415' title='bbox 1909 716 2092 768; x_wconf 84' lang='lat' dir='ltr'><strong>pacem</strong></span> <span class='ocrx_word' id='word_1_416' title='bbox 2130 695 2396 750; x_wconf 80' lang='lat' dir='ltr'><strong>studuerit</strong></span> <span class='ocrx_word' id='word_1_417' title='bbox 2454 693 2670 754; x_wconf 79' lang='lat' dir='ltr'><strong>habere,</strong></span> <span class='ocrx_word' id='word_1_418' title='bbox 2708 699 2760 744; x_wconf 84' lang='lat' dir='ltr'><strong>et</strong></span> <span class='ocrx_word' id='word_1_419' title='bbox 2803 707 2864 742; x_wconf 79' lang='lat' dir='ltr'><strong>ea</strong></span> <span class='ocrx_word' id='word_1_420' title='bbox 2919 705 3040 758; x_wconf 74' lang='lat' dir='ltr'><strong>qua:</strong></span> <span class='ocrx_word' id='word_1_421' title='bbox 3077 688 3142 740; x_wconf 87' lang='lat' dir='ltr'><strong>ad</strong></span> <span class='ocrx_word' id='word_1_422' title='bbox 3177 686 3472 755; x_wconf 66' lang='lat' dir='ltr'><strong>pia-iculum</strong></span> 
     </span>
    </p>
   </div>
   <div class='ocr_carea' id='block_1_65' title="bbox 1908 776 3476 845">
    <p class='ocr_par' dir='ltr' id='par_1_65' title="bbox 1908 776 3476 845">
     <span class='ocr_line' id='line_1_65' title="bbox 1908 776 3476 845; baseline -0.008 -4"><span class='ocrx_word' id='word_1_423' title='bbox 1908 797 2108 841; x_wconf 64' lang='lat' dir='ltr'><strong>sanctae</strong></span> <span class='ocrx_word' id='word_1_424' title='bbox 2157 783 2426 844; x_wconf 70' lang='lat' dir='ltr'><strong>Ecclesiae,</strong></span> <span class='ocrx_word' id='word_1_425' title='bbox 2477 790 2532 835; x_wconf 86' lang='lat' dir='ltr'><strong>et</strong></span> <span class='ocrx_word' id='word_1_426' title='bbox 2572 781 2638 832; x_wconf 91' lang='lat' dir='ltr'><strong>ad</strong></span> <span class='ocrx_word' id='word_1_427' title='bbox 2689 780 2966 832; x_wconf 82' lang='lat' dir='ltr'><strong>cunullum</strong></span> <span class='ocrx_word' id='word_1_428' title='bbox 3018 776 3333 845; x_wconf 87' lang='lat' dir='ltr'><strong>perditionis</strong></span> <span class='ocrx_word' id='word_1_429' title='bbox 3363 790 3476 828; x_wconf 74' lang='lat' dir='ltr'><strong>sua:</strong></span> 
     </span>
    </p>
   </div>
   <div class='ocr_carea' id='block_1_66' title="bbox 1908 865 3476 939">
    <p class='ocr_par' dir='ltr' id='par_1_66' title="bbox 1908 865 3476 939">
     <span class='ocr_line' id='line_1_66' title="bbox 1908 865 3476 939; baseline -0.01 -12"><span class='ocrx_word' id='word_1_430' title='bbox 1908 873 2200 934; x_wconf 81' lang='lat' dir='ltr'><strong>commisit,</strong></span> <span class='ocrx_word' id='word_1_431' title='bbox 2225 871 2377 939; x_wconf 77' lang='lat' dir='ltr'><strong>juxta</strong></span> <span class='ocrx_word' id='word_1_432' title='bbox 2406 869 2551 938; x_wconf 87' lang='lat' dir='ltr'><strong>quod</strong></span> <span class='ocrx_word' id='word_1_433' title='bbox 2596 882 2736 935; x_wconf 70' lang='lat' dir='ltr'><strong>smpc</strong></span> <span class='ocrx_word' id='word_1_434' title='bbox 2779 882 2807 918; x_wconf 89' lang='lat' dir='ltr'><strong>a</strong></span> <span class='ocrx_word' id='word_1_435' title='bbox 2846 865 3001 918; x_wconf 88' lang='lat' dir='ltr'><strong>nobis</strong></span> <span class='ocrx_word' id='word_1_436' title='bbox 3051 865 3360 916; x_wconf 86' lang='lat' dir='ltr'><strong>admonitus</strong></span> <span class='ocrx_word' id='word_1_437' title='bbox 3393 871 3476 913; x_wconf 78' lang='lat' dir='ltr'><strong>est</strong></span> 
     </span>
    </p>
   </div>
   <div class='ocr_carea' id='block_1_67' title="bbox 1908 951 3477 1024">
    <p class='ocr_par' dir='ltr' id='par_1_67' title="bbox 1908 951 3477 1024">
     <span class='ocr_line' id='line_1_67' title="bbox 1908 951 3477 1024; baseline -0.009 -8"><span class='ocrx_word' id='word_1_438' title='bbox 1908 959 2294 1016; x_wconf 89' lang='lat' dir='ltr'><strong>emendaverit.</strong></span> <span class='ocrx_word' id='word_1_439' title='bbox 2331 957 2432 1010; x_wconf 80' lang='lat' dir='ltr'><strong>Sed</strong></span> <span class='ocrx_word' id='word_1_440' title='bbox 2477 956 2602 1024; x_wconf 85' lang='lat' dir='ltr'><strong>quia</strong></span> <span class='ocrx_word' id='word_1_441' title='bbox 2656 953 2975 1021; x_wconf 80' lang='lat' dir='ltr'><strong>inpotentia</strong></span> <span class='ocrx_word' id='word_1_442' title='bbox 3019 951 3214 1005; x_wconf 71' lang='lat' dir='ltr'><strong>divinas</strong></span> <span class='ocrx_word' id='word_1_443' title='bbox 3260 951 3477 1002; x_wconf 88' lang='lat' dir='ltr'><strong>virtutis</strong></span> 
     </span>
    </p>
   </div>
   <div class='ocr_carea' id='block_1_68' title="bbox 1909 1039 3473 1120">
    <p class='ocr_par' dir='ltr' id='par_1_68' title="bbox 1909 1039 3473 1120">
     <span class='ocr_line' id='line_1_68' title="bbox 1909 1039 3473 1120; baseline -0.01 -14"><span class='ocrx_word' id='word_1_444' title='bbox 1909 1051 2082 1120; x_wconf 87' lang='lat' dir='ltr'><strong>magis</strong></span> <span class='ocrx_word' id='word_1_445' title='bbox 2116 1062 2278 1117; x_wconf 87' lang='lat' dir='ltr'><strong>quam</strong></span> <span class='ocrx_word' id='word_1_446' title='bbox 2313 1045 2362 1098; x_wconf 91' lang='lat' dir='ltr'><strong>in</strong></span> <span class='ocrx_word' id='word_1_447' title='bbox 2397 1043 2613 1097; x_wconf 85' lang='lat' dir='ltr'><strong>homine</strong></span> <span class='ocrx_word' id='word_1_448' title='bbox 2638 1042 2813 1102; x_wconf 85' lang='lat' dir='ltr'><strong>Iidem,</strong></span> <span class='ocrx_word' id='word_1_449' title='bbox 2838 1056 2986 1108; x_wconf 86' lang='lat' dir='ltr'><strong>spem</strong></span> <span class='ocrx_word' id='word_1_450' title='bbox 3021 1047 3075 1092; x_wconf 85' lang='lat' dir='ltr'><strong>et</strong></span> <span class='ocrx_word' id='word_1_451' title='bbox 3106 1053 3296 1092; x_wconf 80' lang='lat' dir='ltr'><strong>omnes</strong></span> <span class='ocrx_word' id='word_1_452' title='bbox 3326 1039 3473 1106; x_wconf 83' lang='lat' dir='ltr'><strong>cogi—</strong></span> 
     </span>
    </p>
   </div>
   <div class='ocr_carea' id='block_1_69' title="bbox 1910 1129 3471 1202">
    <p class='ocr_par' dir='ltr' id='par_1_69' title="bbox 1910 1129 3471 1202">
     <span class='ocr_line' id='line_1_69' title="bbox 1910 1129 3471 1202; baseline -0.009 -8"><span class='ocrx_word' id='word_1_453' title='bbox 1910 1145 2292 1202; x_wconf 76' lang='lat' dir='ltr'><strong>tatusnostros</strong></span> <span class='ocrx_word' id='word_1_454' title='bbox 2345 1133 2750 1194; x_wconf 58' lang='lat' dir='ltr'><strong>collo‘cavimus,</strong></span> <span class='ocrx_word' id='word_1_455' title='bbox 2799 1132 3048 1183; x_wconf 88' lang='lat' dir='ltr'><strong>volumus</strong></span> <span class='ocrx_word' id='word_1_456' title='bbox 3109 1138 3168 1182; x_wconf 86' lang='lat' dir='ltr'><strong>ut</strong></span> <span class='ocrx_word' id='word_1_457' title='bbox 3208 1137 3260 1180; x_wconf 89' lang='lat' dir='ltr'><strong>tu</strong></span> <span class='ocrx_word' id='word_1_458' title='bbox 3289 1129 3471 1192; x_wconf 89' lang='lat' dir='ltr'><strong>etiam,</strong></span> 
     </span>
    </p>
   </div>
   <div class='ocr_carea' id='block_1_70' title="bbox 1910 1216 3476 1298">
    <p class='ocr_par' dir='ltr' id='par_1_70' title="bbox 1910 1216 3476 1298">
     <span class='ocr_line' id='line_1_70' title="bbox 1910 1216 3476 1298; baseline -0.007 -17"><span class='ocrx_word' id='word_1_459' title='bbox 1910 1243 2070 1298; x_wconf 91' lang='lat' dir='ltr'><strong>quem</strong></span> <span class='ocrx_word' id='word_1_460' title='bbox 2095 1226 2159 1279; x_wconf 90' lang='lat' dir='ltr'><strong>ad</strong></span> <span class='ocrx_word' id='word_1_461' title='bbox 2208 1222 2595 1278; x_wconf 72' lang='lat' dir='ltr'><strong>confor-tandos</strong></span> <span class='ocrx_word' id='word_1_462' title='bbox 2639 1219 2841 1273; x_wconf 83' lang='lat' dir='ltr'><strong>Christi</strong></span> <span class='ocrx_word' id='word_1_463' title='bbox 2897 1218 3094 1270; x_wconf 89' lang='lat' dir='ltr'><strong>milites</strong></span> <span class='ocrx_word' id='word_1_464' title='bbox 3148 1216 3390 1269; x_wconf 86' lang='lat' dir='ltr'><strong>animum</strong></span> <span class='ocrx_word' id='word_1_465' title='bbox 3421 1224 3476 1270; x_wconf 87' lang='lat' dir='ltr'><strong>et</strong></span> 
     </span>
    </p>
   </div>
   <div class='ocr_carea' id='block_1_71' title="bbox 1911 1307 3475 1380">
    <p class='ocr_par' dir='ltr' id='par_1_71' title="bbox 1911 1307 3475 1380">
     <span class='ocr_line' id='line_1_71' title="bbox 1911 1307 3475 1380; baseline -0.008 -8"><span class='ocrx_word' id='word_1_466' title='bbox 1911 1317 2280 1372; x_wconf 85' lang='lat' dir='ltr'><strong>fortitudinem</strong></span> <span class='ocrx_word' id='word_1_467' title='bbox 2322 1308 2680 1380; x_wconf 82' lang='lat' dir='ltr'><strong>resumpsisse</strong></span> <span class='ocrx_word' id='word_1_468' title='bbox 2723 1309 3093 1379; x_wconf 78' lang='lat' dir='ltr'><strong>intelligimus,</strong></span> <span class='ocrx_word' id='word_1_469' title='bbox 3146 1307 3372 1360; x_wconf 79' lang='lat' dir='ltr'><strong>firmiter</strong></span> <span class='ocrx_word' id='word_1_470' title='bbox 3421 1307 3475 1360; x_wconf 90' lang='lat' dir='ltr'><strong>in</strong></span> 
     </span>
    </p>
   </div>
   <div class='ocr_carea' id='block_1_72' title="bbox 1912 1399 3475 1474">
    <p class='ocr_par' dir='ltr' id='par_1_72' title="bbox 1912 1399 3475 1474">
     <span class='ocr_line' id='line_1_72' title="bbox 1912 1399 3475 1474; baseline -0.008 -13"><span class='ocrx_word' id='word_1_471' title='bbox 1912 1409 2022 1463; x_wconf 84' lang='lat' dir='ltr'><strong>Deo</strong></span> <span class='ocrx_word' id='word_1_472' title='bbox 2042 1409 2310 1471; x_wconf 80' lang='lat' dir='ltr'><strong>conﬁdas;</strong></span> <span class='ocrx_word' id='word_1_473' title='bbox 2335 1414 2386 1459; x_wconf 88' lang='lat' dir='ltr'><strong>ct</strong></span> <span class='ocrx_word' id='word_1_474' title='bbox 2406 1413 2660 1474; x_wconf 73' lang='lat' dir='ltr'><strong>exspecta</strong></span> <span class='ocrx_word' id='word_1_475' title='bbox 2683 1403 2801 1471; x_wconf 81' lang='lat' dir='ltr'><strong>ejus</strong></span> <span class='ocrx_word' id='word_1_476' title='bbox 2846 1403 3104 1454; x_wconf 77' lang='lat' dir='ltr'><strong>auxilium</strong></span> <span class='ocrx_word' id='word_1_477' title='bbox 3137 1409 3189 1452; x_wconf 88' lang='lat' dir='ltr'><strong>et</strong></span> <span class='ocrx_word' id='word_1_478' title='bbox 3222 1399 3475 1452; x_wconf 85' lang='lat' dir='ltr'><strong>consola-</strong></span> 
     </span>
    </p>
   </div>
   <div class='ocr_carea' id='block_1_73' title="bbox 1913 1487 3476 1561">
    <p class='ocr_par' dir='ltr' id='par_1_73' title="bbox 1913 1487 3476 1561">
     <span class='ocr_line' id='line_1_73' title="bbox 1913 1487 3476 1561; baseline -0.01 -7"><span class='ocrx_word' id='word_1_479' title='bbox 1913 1501 2112 1554; x_wconf 89' lang='lat' dir='ltr'><strong>tionem</strong></span> <span class='ocrx_word' id='word_1_480' title='bbox 2150 1498 2247 1552; x_wconf 88' lang='lat' dir='ltr'><strong>tibi</strong></span> <span class='ocrx_word' id='word_1_481' title='bbox 2275 1505 2329 1550; x_wconf 89' lang='lat' dir='ltr'><strong>et</strong></span> <span class='ocrx_word' id='word_1_482' title='bbox 2359 1494 2610 1548; x_wconf 86' lang='lat' dir='ltr'><strong>omnibus</strong></span> <span class='ocrx_word' id='word_1_483' title='bbox 2633 1491 2899 1561; x_wconf 87' lang='lat' dir='ltr'><strong>justitiam</strong></span> <span class='ocrx_word' id='word_1_484' title='bbox 2933 1501 2985 1544; x_wconf 91' lang='lat' dir='ltr'><strong>et</strong></span> <span class='ocrx_word' id='word_1_485' title='bbox 3038 1491 3204 1558; x_wconf 79' lang='lat' dir='ltr'><strong>legem</strong></span> <span class='ocrx_word' id='word_1_486' title='bbox 3240 1488 3328 1540; x_wconf 76' lang='lat' dir='ltr'><strong>llci</strong></span> <span class='ocrx_word' id='word_1_487' title='bbox 3354 1487 3476 1539; x_wconf 66' lang='grc' dir='ltr'><strong>ιιᾷιί-</strong></span> 
     </span>
    </p>
   </div>
   <div class='ocr_carea' id='block_1_74' title="bbox 1913 1577 3476 1662">
    <p class='ocr_par' dir='ltr' id='par_1_74' title="bbox 1913 1577 3476 1662">
     <span class='ocr_line' id='line_1_74' title="bbox 1913 1577 3476 1662; baseline -0.012 -16"><span class='ocrx_word' id='word_1_488' title='bbox 1913 1591 2162 1662; x_wconf 80' lang='lat' dir='ltr'><strong>gentibus</strong></span> <span class='ocrx_word' id='word_1_489' title='bbox 2196 1587 2504 1642; x_wconf 86' lang='lat' dir='ltr'><strong>adfuturam</strong></span> <span class='ocrx_word' id='word_1_490' title='bbox 2554 1593 2608 1637; x_wconf 81' lang='lat' dir='ltr'><strong>et</strong></span> <span class='ocrx_word' id='word_1_491' title='bbox 2647 1582 2844 1636; x_wconf 90' lang='lat' dir='ltr'><strong>diaboli</strong></span> <span class='ocrx_word' id='word_1_492' title='bbox 2893 1581 3154 1642; x_wconf 85' lang='lat' dir='ltr'><strong>membra,</strong></span> <span class='ocrx_word' id='word_1_493' title='bbox 3207 1594 3313 1631; x_wconf 89' lang='lat' dir='ltr'><strong>non</strong></span> <span class='ocrx_word' id='word_1_494' title='bbox 3373 1577 3476 1629; x_wconf 82' lang='lat' dir='ltr'><strong>nisi</strong></span> 
     </span>
    </p>
   </div>
   <div class='ocr_carea' id='block_1_75' title="bbox 1911 1666 3475 1753">
    <p class='ocr_par' dir='ltr' id='par_1_75' title="bbox 1911 1666 3475 1753">
     <span class='ocr_line' id='line_1_75' title="bbox 1911 1666 3475 1753; baseline -0.014 -16"><span class='ocrx_word' id='word_1_495' title='bbox 1911 1691 2174 1753; x_wconf 88' lang='lat' dir='ltr'><strong>quantum</strong></span> <span class='ocrx_word' id='word_1_496' title='bbox 2200 1680 2344 1732; x_wconf 85' lang='lat' dir='ltr'><strong>Dens</strong></span> <span class='ocrx_word' id='word_1_497' title='bbox 2377 1675 2704 1746; x_wconf 86' lang='lat' dir='ltr'><strong>permiserit,</strong></span> <span class='ocrx_word' id='word_1_498' title='bbox 2734 1672 3053 1727; x_wconf 76' lang='lat' dir='ltr'><strong>innocentia:</strong></span> <span class='ocrx_word' id='word_1_499' title='bbox 3103 1677 3298 1722; x_wconf 77' lang='lat' dir='ltr'><strong>nostra:</strong></span> <span class='ocrx_word' id='word_1_500' title='bbox 3325 1666 3475 1720; x_wconf 89' lang='lat' dir='ltr'><strong>noci-</strong></span> 
     </span>
    </p>
   </div>
   <div class='ocr_carea' id='block_1_76' title="bbox 1915 1755 3476 1850">
    <p class='ocr_par' dir='ltr' id='par_1_76' title="bbox 1915 1755 3476 1850">
     <span class='ocr_line' id='line_1_76' title="bbox 1915 1755 3476 1850; baseline -0.015 -24"><span class='ocrx_word' id='word_1_501' title='bbox 1915 1782 2054 1826; x_wconf 89' lang='lat' dir='ltr'><strong>tura.</strong></span> <span class='ocrx_word' id='word_1_502' title='bbox 2107 1765 2537 1850; x_wconf 36' lang='lat' dir='ltr'><strong>Eccc‘diabolus</strong></span> <span class='ocrx_word' id='word_1_503' title='bbox 2560 1764 2736 1832; x_wconf 88' lang='lat' dir='ltr'><strong>palam</strong></span> <span class='ocrx_word' id='word_1_504' title='bbox 2791 1763 2843 1814; x_wconf 92' lang='lat' dir='ltr'><strong>in</strong></span> <span class='ocrx_word' id='word_1_505' title='bbox 2893 1759 3096 1813; x_wconf 79' lang='lat' dir='ltr'><strong>mutulo</strong></span> <span class='ocrx_word' id='word_1_506' title='bbox 3146 1755 3476 1817; x_wconf 88' lang='lat' dir='ltr'><strong>dominatur,</strong></span> 
     </span>
    </p>
   </div>
   <div class='ocr_carea' id='block_1_77' title="bbox 1843 1845 3476 1918">
    <p class='ocr_par' dir='ltr' id='par_1_77' title="bbox 1843 1845 3476 1918">
     <span class='ocr_line' id='line_1_77' title="bbox 1843 1845 3476 1918; baseline -0.014 1"><span class='ocrx_word' id='word_1_507' title='bbox 1843 1848 1884 1901; x_wconf 79' lang='grc' dir='ltr'><strong>Β</strong></span> <span class='ocrx_word' id='word_1_508' title='bbox 1909 1879 2034 1918; x_wconf 89' lang='lat' dir='ltr'><strong>cccc</strong></span> <span class='ocrx_word' id='word_1_509' title='bbox 2064 1845 2267 1914; x_wconf 77' lang='lat' dir='ltr'><strong>omnia</strong></span> <span class='ocrx_word' id='word_1_510' title='bbox 2291 1857 2534 1911; x_wconf 89' lang='lat' dir='ltr'><strong>membra</strong></span> <span class='ocrx_word' id='word_1_511' title='bbox 2582 1871 2680 1909; x_wconf 89' lang='lat' dir='ltr'><strong>sua</strong></span> <span class='ocrx_word' id='word_1_512' title='bbox 2719 1869 2777 1906; x_wconf 90' lang='lat' dir='ltr'><strong>se</strong></span> <span class='ocrx_word' id='word_1_513' title='bbox 2811 1852 3080 1905; x_wconf 70' lang='lat' dir='ltr'><strong>esaltasse</strong></span> <span class='ocrx_word' id='word_1_514' title='bbox 3105 1849 3316 1903; x_wconf 65' lang='lat' dir='ltr'><strong>laetatur</strong></span> <span class='ocrx_word' id='word_1_515' title='bbox 3344 1865 3357 1909; x_wconf 86' lang='lat'><strong>;</strong></span> <span class='ocrx_word' id='word_1_516' title='bbox 3385 1845 3476 1898; x_wconf 84' lang='lat' dir='ltr'><strong>sed</strong></span> 
     </span>
    </p>
   </div>
   <div class='ocr_carea' id='block_1_78' title="bbox 1906 1934 3476 2021">
    <p class='ocr_par' dir='ltr' id='par_1_78' title="bbox 1906 1934 3476 2021">
     <span class='ocr_line' id='line_1_78' title="bbox 1906 1934 3476 2021; baseline -0.015 -15"><span class='ocrx_word' id='word_1_517' title='bbox 1906 1952 1997 2021; x_wconf 88' lang='lat' dir='ltr'><strong>qui</strong></span> <span class='ocrx_word' id='word_1_518' title='bbox 2016 1950 2181 2004; x_wconf 76' lang='lat' dir='ltr'><strong>dixit:</strong></span> <span class='ocrx_word' id='word_1_519' title='bbox 2208 1944 2626 2014; x_wconf 81' lang='lat' dir='ltr'><strong>Conﬁtiitc,quia</strong></span> <span class='ocrx_word' id='word_1_520' title='bbox 2653 1956 2744 2010; x_wconf 85' lang='lat' dir='ltr'><strong>ego</strong></span> <span class='ocrx_word' id='word_1_521' title='bbox 2768 1937 2868 1992; x_wconf 81' lang='lat' dir='ltr'><strong>viri</strong></span> <span class='ocrx_word' id='word_1_522' title='bbox 2898 1934 3344 2004; x_wconf 69' lang='lat' dir='ltr'><strong>mumlumUonu.</strong></span> <span class='ocrx_word' id='word_1_523' title='bbox 3367 1934 3476 1997; x_wconf 75' lang='lat' dir='ltr'><strong>xvi)</strong></span> 
     </span>
    </p>
   </div>
   <div class='ocr_carea' id='block_1_79' title="bbox 1905 2022 3478 2097">
    <p class='ocr_par' dir='ltr' id='par_1_79' title="bbox 1905 2022 3478 2097">
     <span class='ocr_line' id='line_1_79' title="bbox 1905 2022 3478 2097; baseline -0.016 0"><span class='ocrx_word' id='word_1_524' title='bbox 1905 2045 1995 2097; x_wconf 89' lang='lat' dir='ltr'><strong>det</strong></span> <span class='ocrx_word' id='word_1_525' title='bbox 2027 2039 2181 2093; x_wconf 88' lang='lat' dir='ltr'><strong>vobis</strong></span> <span class='ocrx_word' id='word_1_526' title='bbox 2203 2035 2561 2090; x_wconf 83' lang='lat' dir='ltr'><strong>certissimam</strong></span> <span class='ocrx_word' id='word_1_527' title='bbox 2602 2032 2758 2084; x_wconf 82' lang='lat' dir='ltr'><strong>ﬁdem</strong></span> <span class='ocrx_word' id='word_1_528' title='bbox 2793 2029 3113 2082; x_wconf 85' lang='lat' dir='ltr'><strong>festinanter</strong></span> <span class='ocrx_word' id='word_1_529' title='bbox 3139 2040 3196 2077; x_wconf 90' lang='lat' dir='ltr'><strong>se</strong></span> <span class='ocrx_word' id='word_1_530' title='bbox 3222 2022 3478 2076; x_wconf 80' lang='lat' dir='ltr'><strong>Ecclesia:</strong></span> 
     </span>
    </p>
   </div>
   <div class='ocr_carea' id='block_1_80' title="bbox 1907 2111 3473 2187">
    <p class='ocr_par' dir='ltr' id='par_1_80' title="bbox 1907 2111 3473 2187">
     <span class='ocr_line' id='line_1_80' title="bbox 1907 2111 3473 2187; baseline -0.015 -2"><span class='ocrx_word' id='word_1_531' title='bbox 1907 2147 2020 2185; x_wconf 71' lang='lat' dir='ltr'><strong>suae</strong></span> <span class='ocrx_word' id='word_1_532' title='bbox 2041 2141 2375 2187; x_wconf 87' lang='lat' dir='ltr'><strong>succurrere,</strong></span> <span class='ocrx_word' id='word_1_533' title='bbox 2401 2133 2454 2178; x_wconf 86' lang='lat' dir='ltr'><strong>et</strong></span> <span class='ocrx_word' id='word_1_534' title='bbox 2475 2122 2748 2176; x_wconf 89' lang='lat' dir='ltr'><strong>diabolum</strong></span> <span class='ocrx_word' id='word_1_535' title='bbox 2771 2128 2824 2173; x_wconf 91' lang='lat' dir='ltr'><strong>et</strong></span> <span class='ocrx_word' id='word_1_536' title='bbox 2848 2117 3087 2170; x_wconf 86' lang='lat' dir='ltr'><strong>membra</strong></span> <span class='ocrx_word' id='word_1_537' title='bbox 3110 2115 3227 2182; x_wconf 89' lang='lat' dir='ltr'><strong>ejus</strong></span> <span class='ocrx_word' id='word_1_538' title='bbox 3248 2111 3473 2166; x_wconf 88' lang='lat' dir='ltr'><strong>omnino</strong></span> 
     </span>
    </p>
   </div>
   <div class='ocr_carea' id='block_1_81' title="bbox 1907 2205 3478 2282">
    <p class='ocr_par' dir='ltr' id='par_1_81' title="bbox 1907 2205 3478 2282">
     <span class='ocr_line' id='line_1_81' title="bbox 1907 2205 3478 2282; baseline -0.013 -8"><span class='ocrx_word' id='word_1_539' title='bbox 1907 2219 2255 2276; x_wconf 86' lang='lat' dir='ltr'><strong>confundere.</strong></span> <span class='ocrx_word' id='word_1_540' title='bbox 2285 2214 2550 2282; x_wconf 77' lang='lat' dir='ltr'><strong>Antiquas</strong></span> <span class='ocrx_word' id='word_1_541' title='bbox 2579 2212 2724 2265; x_wconf 89' lang='lat' dir='ltr'><strong>enim</strong></span> <span class='ocrx_word' id='word_1_542' title='bbox 2756 2219 2810 2263; x_wconf 92' lang='lat' dir='ltr'><strong>et</strong></span> <span class='ocrx_word' id='word_1_543' title='bbox 2841 2208 3012 2262; x_wconf 88' lang='lat' dir='ltr'><strong>nostri</strong></span> <span class='ocrx_word' id='word_1_544' title='bbox 3053 2205 3312 2272; x_wconf 88' lang='lat' dir='ltr'><strong>temporis</strong></span> <span class='ocrx_word' id='word_1_545' title='bbox 3347 2218 3478 2255; x_wconf 89' lang='lat' dir='ltr'><strong>eon-</strong></span> 
     </span>
    </p>
   </div>
   <div class='ocr_carea' id='block_1_82' title="bbox 1909 2292 3477 2374">
    <p class='ocr_par' dir='ltr' id='par_1_82' title="bbox 1909 2292 3477 2374">
     <span class='ocr_line' id='line_1_82' title="bbox 1909 2292 3477 2374; baseline -0.014 -12"><span class='ocrx_word' id='word_1_546' title='bbox 1909 2309 2205 2363; x_wconf 89' lang='lat' dir='ltr'><strong>siderantcs</strong></span> <span class='ocrx_word' id='word_1_547' title='bbox 2225 2303 2648 2374; x_wconf 88' lang='lat' dir='ltr'><strong>permutationcs</strong></span> <span class='ocrx_word' id='word_1_548' title='bbox 2673 2297 3021 2368; x_wconf 85' lang='lat' dir='ltr'><strong>probabiliter</strong></span> <span class='ocrx_word' id='word_1_549' title='bbox 3045 2295 3349 2347; x_wconf 88' lang='lat' dir='ltr'><strong>invenimus</strong></span> <span class='ocrx_word' id='word_1_550' title='bbox 3379 2292 3477 2342; x_wconf 76' lang='lat' dir='ltr'><strong>(l0-</strong></span> 
     </span>
    </p>
   </div>
   <div class='ocr_carea' id='block_1_83' title="bbox 1910 2384 3472 2452">
    <p class='ocr_par' dir='ltr' id='par_1_83' title="bbox 1910 2384 3472 2452">
     <span class='ocr_line' id='line_1_83' title="bbox 1910 2384 3472 2452; baseline -0.015 0"><span class='ocrx_word' id='word_1_551' title='bbox 1910 2397 2135 2452; x_wconf 86' lang='lat' dir='ltr'><strong>minium</strong></span> <span class='ocrx_word' id='word_1_552' title='bbox 2159 2393 2356 2448; x_wconf 89' lang='lat' dir='ltr'><strong>diaboli</strong></span> <span class='ocrx_word' id='word_1_553' title='bbox 2387 2399 2536 2445; x_wconf 88' lang='lat' dir='ltr'><strong>tanto</strong></span> <span class='ocrx_word' id='word_1_554' title='bbox 2562 2389 2741 2441; x_wconf 89' lang='lat' dir='ltr'><strong>minus</strong></span> <span class='ocrx_word' id='word_1_555' title='bbox 2773 2384 3074 2446; x_wconf 80' lang='lat' dir='ltr'><strong>duravisse,</strong></span> <span class='ocrx_word' id='word_1_556' title='bbox 3112 2388 3318 2449; x_wconf 88' lang='lat' dir='ltr'><strong>quanto</strong></span> <span class='ocrx_word' id='word_1_557' title='bbox 3354 2393 3472 2430; x_wconf 86' lang='lat' dir='ltr'><strong>ma-</strong></span> 
     </span>
    </p>
   </div>
   <div class='ocr_carea' id='block_1_84' title="bbox 1909 2465 3476 2555">
    <p class='ocr_par' dir='ltr' id='par_1_84' title="bbox 1909 2465 3476 2555">
     <span class='ocr_line' id='line_1_84' title="bbox 1909 2465 3476 2555; baseline -0.013 -19"><span class='ocrx_word' id='word_1_558' title='bbox 1909 2485 1990 2555; x_wconf 80' lang='lat' dir='ltr'><strong>gis</strong></span> <span class='ocrx_word' id='word_1_559' title='bbox 2012 2484 2188 2537; x_wconf 89' lang='lat' dir='ltr'><strong>visum</strong></span> <span class='ocrx_word' id='word_1_560' title='bbox 2222 2480 2324 2534; x_wconf 86' lang='lat' dir='ltr'><strong>fuit</strong></span> <span class='ocrx_word' id='word_1_561' title='bbox 2347 2478 2590 2541; x_wconf 70' lang='lat' dir='ltr'><strong>exaltari,</strong></span> <span class='ocrx_word' id='word_1_562' title='bbox 2617 2485 2670 2528; x_wconf 83' lang='lat' dir='ltr'><strong>et</strong></span> <span class='ocrx_word' id='word_1_563' title='bbox 2694 2477 2745 2528; x_wconf 91' lang='lat' dir='ltr'><strong>in</strong></span> <span class='ocrx_word' id='word_1_564' title='bbox 2770 2473 3132 2528; x_wconf 86' lang='lat' dir='ltr'><strong>Christianam</strong></span> <span class='ocrx_word' id='word_1_565' title='bbox 3163 2465 3476 2536; x_wconf 67' lang='lat' dir='ltr'><strong>religionem</strong></span> 
     </span>
    </p>
   </div>
   <div class='ocr_carea' id='block_1_85' title="bbox 1910 2556 3484 2642">
    <p class='ocr_par' dir='ltr' id='par_1_85' title="bbox 1910 2556 3484 2642">
     <span class='ocr_line' id='line_1_85' title="bbox 1910 2556 3484 2642; baseline -0.013 -16"><span class='ocrx_word' id='word_1_566' title='bbox 1910 2571 2274 2642; x_wconf 57' lang='lat' dir='ltr'><strong>praevaluisse.</strong></span> <span class='ocrx_word' id='word_1_567' title='bbox 2313 2568 2392 2620; x_wconf 88' lang='lat' dir='ltr'><strong>Tu</strong></span> <span class='ocrx_word' id='word_1_568' title='bbox 2451 2569 2650 2634; x_wconf 90' lang='lat' dir='ltr'><strong>itaque,</strong></span> <span class='ocrx_word' id='word_1_569' title='bbox 2690 2564 3012 2618; x_wconf 87' lang='lat' dir='ltr'><strong>charissime</strong></span> <span class='ocrx_word' id='word_1_570' title='bbox 3057 2560 3151 2621; x_wconf 90' lang='lat' dir='ltr'><strong>lili,</strong></span> <span class='ocrx_word' id='word_1_571' title='bbox 3177 2556 3484 2611; x_wconf 84' lang='lat' dir='ltr'><strong>etmforlare</strong></span> 
     </span>
    </p>
   </div>
   <div class='ocr_carea' id='block_1_86' title="bbox 1912 2648 3479 2725">
    <p class='ocr_par' dir='ltr' id='par_1_86' title="bbox 1912 2648 3479 2725">
     <span class='ocr_line' id='line_1_86' title="bbox 1912 2648 3479 2725; baseline -0.011 -9"><span class='ocrx_word' id='word_1_572' title='bbox 1912 2663 1964 2716; x_wconf 90' lang='lat' dir='ltr'><strong>in</strong></span> <span class='ocrx_word' id='word_1_573' title='bbox 1993 2661 2242 2724; x_wconf 89' lang='lat' dir='ltr'><strong>Domino,</strong></span> <span class='ocrx_word' id='word_1_574' title='bbox 2272 2668 2324 2711; x_wconf 85' lang='lat' dir='ltr'><strong>et</strong></span> <span class='ocrx_word' id='word_1_575' title='bbox 2355 2659 2406 2710; x_wconf 91' lang='lat' dir='ltr'><strong>in</strong></span> <span class='ocrx_word' id='word_1_576' title='bbox 2438 2657 2672 2725; x_wconf 88' lang='lat' dir='ltr'><strong>potentia</strong></span> <span class='ocrx_word' id='word_1_577' title='bbox 2719 2653 2931 2706; x_wconf 88' lang='lat' dir='ltr'><strong>virtutis</strong></span> <span class='ocrx_word' id='word_1_578' title='bbox 2957 2651 3076 2719; x_wconf 88' lang='lat' dir='ltr'><strong>ejus</strong></span> <span class='ocrx_word' id='word_1_579' title='bbox 3118 2648 3330 2716; x_wconf 74' lang='lat' dir='ltr'><strong>(Epltes.</strong></span> <span class='ocrx_word' id='word_1_580' title='bbox 3361 2652 3442 2714; x_wconf 78' lang='lat' dir='ltr'><strong>vr)</strong></span> <span class='ocrx_word' id='word_1_581' title='bbox 3462 2687 3479 2704; x_wconf 83' lang='lat'><strong>,</strong></span> 
     </span>
    </p>
   </div>
   <div class='ocr_carea' id='block_1_87' title="bbox 1913 2734 3486 2814">
    <p class='ocr_par' dir='ltr' id='par_1_87' title="bbox 1913 2734 3486 2814">
     <span class='ocr_line' id='line_1_87' title="bbox 1913 2734 3486 2814; baseline -0.011 -9"><span class='ocrx_word' id='word_1_582' title='bbox 1913 2759 1968 2805; x_wconf 85' lang='lat' dir='ltr'><strong>et</strong></span> <span class='ocrx_word' id='word_1_583' title='bbox 1992 2767 2087 2804; x_wconf 81' lang='lat' dir='ltr'><strong>eos</strong></span> <span class='ocrx_word' id='word_1_584' title='bbox 2121 2748 2364 2800; x_wconf 82' lang='lat' dir='ltr'><strong>eonforta</strong></span> <span class='ocrx_word' id='word_1_585' title='bbox 2395 2762 2532 2814; x_wconf 85' lang='lat' dir='ltr'><strong>quos</strong></span> <span class='ocrx_word' id='word_1_586' title='bbox 2580 2745 2632 2797; x_wconf 90' lang='lat' dir='ltr'><strong>in</strong></span> <span class='ocrx_word' id='word_1_587' title='bbox 2681 2741 2990 2796; x_wconf 83' lang='lat' dir='ltr'><strong>Christiana</strong></span> <span class='ocrx_word' id='word_1_588' title='bbox 3027 2739 3128 2792; x_wconf 81' lang='lat' dir='ltr'><strong>fide</strong></span> <span class='ocrx_word' id='word_1_589' title='bbox 3168 2734 3486 2805; x_wconf 86' lang='lat' dir='ltr'><strong>cognoveris</strong></span> 
     </span>
    </p>
   </div>
   <div class='ocr_carea' id='block_1_88' title="bbox 1914 2828 3485 2910">
    <p class='ocr_par' dir='ltr' id='par_1_88' title="bbox 1914 2828 3485 2910">
     <span class='ocr_line' id='line_1_88' title="bbox 1914 2828 3485 2910; baseline -0.01 -18"><span class='ocrx_word' id='word_1_590' title='bbox 1914 2857 2262 2910; x_wconf 82' lang='lat' dir='ltr'><strong>permanere;</strong></span> <span class='ocrx_word' id='word_1_591' title='bbox 2293 2855 2388 2891; x_wconf 89' lang='lat' dir='ltr'><strong>eos</strong></span> <span class='ocrx_word' id='word_1_592' title='bbox 2423 2845 2601 2890; x_wconf 82' lang='lat' dir='ltr'><strong>autem</strong></span> <span class='ocrx_word' id='word_1_593' title='bbox 2637 2833 2729 2903; x_wconf 90' lang='lat' dir='ltr'><strong>qui</strong></span> <span class='ocrx_word' id='word_1_594' title='bbox 2760 2833 2917 2886; x_wconf 88' lang='lat' dir='ltr'><strong>fidem</strong></span> <span class='ocrx_word' id='word_1_595' title='bbox 2944 2828 3321 2884; x_wconf 82' lang='lat' dir='ltr'><strong>Christianam</strong></span> <span class='ocrx_word' id='word_1_596' title='bbox 3355 2840 3485 2894; x_wconf 87' lang='lat' dir='ltr'><strong>ope-</strong></span> 
     </span>
    </p>
   </div>
   <div class='ocr_carea' id='block_1_89' title="bbox 1917 2917 3486 2999">
    <p class='ocr_par' dir='ltr' id='par_1_89' title="bbox 1917 2917 3486 2999">
     <span class='ocr_line' id='line_1_89' title="bbox 1917 2917 3486 2999; baseline -0.012 -13"><span class='ocrx_word' id='word_1_597' title='bbox 1917 2933 2065 2986; x_wconf 90' lang='lat' dir='ltr'><strong>ribus</strong></span> <span class='ocrx_word' id='word_1_598' title='bbox 2090 2945 2349 2999; x_wconf 79' lang='lat' dir='ltr'><strong>negavero</strong></span> <span class='ocrx_word' id='word_1_599' title='bbox 2384 2937 2449 2987; x_wconf 83' lang='lat' dir='ltr'><strong>ut</strong></span> <span class='ocrx_word' id='word_1_600' title='bbox 2468 2925 2790 2993; x_wconf 83' lang='lat' dir='ltr'><strong>resipiscam</strong></span> <span class='ocrx_word' id='word_1_601' title='bbox 2812 2922 3061 2981; x_wconf 91' lang='lat' dir='ltr'><strong>admone,</strong></span> <span class='ocrx_word' id='word_1_602' title='bbox 3089 2927 3145 2970; x_wconf 88' lang='lat' dir='ltr'><strong>ut</strong></span> <span class='ocrx_word' id='word_1_603' title='bbox 3165 2917 3486 2970; x_wconf 83' lang='lat' dir='ltr'><strong>erubescant</strong></span> 
     </span>
    </p>
   </div>
   <div class='ocr_carea' id='block_1_90' title="bbox 1918 3009 3484 3082">
    <p class='ocr_par' dir='ltr' id='par_1_90' title="bbox 1918 3009 3484 3082">
     <span class='ocr_line' id='line_1_90' title="bbox 1918 3009 3484 3082; baseline -0.011 -3"><span class='ocrx_word' id='word_1_604' title='bbox 1918 3027 1970 3079; x_wconf 90' lang='lat' dir='ltr'><strong>in</strong></span> <span class='ocrx_word' id='word_1_605' title='bbox 2020 3025 2277 3078; x_wconf 88' lang='lat' dir='ltr'><strong>servitute</strong></span> <span class='ocrx_word' id='word_1_606' title='bbox 2321 3019 2520 3074; x_wconf 79' lang='lat' dir='ltr'><strong>diaboli</strong></span> <span class='ocrx_word' id='word_1_607' title='bbox 2566 3019 2765 3071; x_wconf 88' lang='lat' dir='ltr'><strong>vivere.</strong></span> <span class='ocrx_word' id='word_1_608' title='bbox 2798 3015 2928 3082; x_wconf 73' lang='lat' dir='ltr'><strong>Quae</strong></span> <span class='ocrx_word' id='word_1_609' title='bbox 2956 3023 3134 3068; x_wconf 83' lang='lat' dir='ltr'><strong>autent</strong></span> <span class='ocrx_word' id='word_1_610' title='bbox 3165 3011 3254 3064; x_wconf 91' lang='lat' dir='ltr'><strong>hic</strong></span> <span class='ocrx_word' id='word_1_611' title='bbox 3304 3009 3484 3062; x_wconf 89' lang='lat' dir='ltr'><strong>minus</strong></span> 
     </span>
    </p>
   </div>
   <div class='ocr_carea' id='block_1_91' title="bbox 1918 3098 3486 3184">
    <p class='ocr_par' dir='ltr' id='par_1_91' title="bbox 1918 3098 3486 3184">
     <span class='ocr_line' id='line_1_91' title="bbox 1918 3098 3486 3184; baseline -0.012 -16"><span class='ocrx_word' id='word_1_612' title='bbox 1918 3113 2234 3184; x_wconf 66' lang='lat' dir='ltr'><strong>scribimus,</strong></span> <span class='ocrx_word' id='word_1_613' title='bbox 2254 3127 2377 3165; x_wconf 88' lang='lat' dir='ltr'><strong>cum</strong></span> <span class='ocrx_word' id='word_1_614' title='bbox 2407 3109 2568 3162; x_wconf 68' lang='lat' dir='ltr'><strong>locuti</strong></span> <span class='ocrx_word' id='word_1_615' title='bbox 2597 3106 2860 3160; x_wconf 83' lang='lat' dir='ltr'><strong>fuerinms</strong></span> <span class='ocrx_word' id='word_1_616' title='bbox 2888 3119 3011 3157; x_wconf 89' lang='lat' dir='ltr'><strong>eum</strong></span> <span class='ocrx_word' id='word_1_617' title='bbox 3043 3101 3288 3155; x_wconf 83' lang='lat' dir='ltr'><strong>fidelibus</strong></span> <span class='ocrx_word' id='word_1_618' title='bbox 3315 3098 3486 3151; x_wconf 86' lang='lat' dir='ltr'><strong>sancti</strong></span> 
     </span>
    </p>
   </div>
   <div class='ocr_carea' id='block_1_92' title="bbox 1918 3186 3538 3271">
    <p class='ocr_par' dir='ltr' id='par_1_92' title="bbox 1918 3186 3538 3271">
     <span class='ocr_line' id='line_1_92' title="bbox 1918 3186 3538 3271; baseline -0.009 -17"><span class='ocrx_word' id='word_1_619' title='bbox 1918 3203 2082 3266; x_wconf 82' lang='lat' dir='ltr'><strong>Petri,</strong></span> <span class='ocrx_word' id='word_1_620' title='bbox 2127 3201 2340 3271; x_wconf 89' lang='lat' dir='ltr'><strong>plenius</strong></span> <span class='ocrx_word' id='word_1_621' title='bbox 2392 3198 2774 3262; x_wconf 70' lang='lat' dir='ltr'><strong>ilLllt&#39;abllllllS,</strong></span> <span class='ocrx_word' id='word_1_622' title='bbox 2824 3194 3085 3262; x_wconf 86' lang='lat' dir='ltr'><strong>vobisque</strong></span> <span class='ocrx_word' id='word_1_623' title='bbox 3132 3188 3483 3258; x_wconf 87' lang='lat' dir='ltr'><strong>adjutorium,</strong></span> <span class='ocrx_word' id='word_1_624' title='bbox 3533 3186 3538 3191; x_wconf 71' lang='grc'><strong><em>’</em></strong></span> 
     </span>
    </p>
   </div>
   <div class='ocr_carea' id='block_1_93' title="bbox 1919 3278 3490 3356">
    <p class='ocr_par' dir='ltr' id='par_1_93' title="bbox 1919 3278 3490 3356">
     <span class='ocr_line' id='line_1_93' title="bbox 1919 3278 3490 3356; baseline -0.011 -13"><span class='ocrx_word' id='word_1_625' title='bbox 1919 3290 2029 3345; x_wconf 92' lang='lat' dir='ltr'><strong>Deo</strong></span> <span class='ocrx_word' id='word_1_626' title='bbox 2059 3289 2290 3354; x_wconf 87' lang='lat' dir='ltr'><strong>favente,</strong></span> <span class='ocrx_word' id='word_1_627' title='bbox 2318 3289 2448 3342; x_wconf 88' lang='lat' dir='ltr'><strong>dare</strong></span> <span class='ocrx_word' id='word_1_628' title='bbox 2476 3285 2811 3342; x_wconf 90' lang='lat' dir='ltr'><strong>curabimus.</strong></span> <span class='ocrx_word' id='word_1_629' title='bbox 2829 3282 3190 3356; x_wconf 77' lang='lat' dir='ltr'><strong>Omnipotens</strong></span> <span class='ocrx_word' id='word_1_630' title='bbox 3214 3278 3353 3331; x_wconf 86' lang='lat' dir='ltr'><strong>Deus</strong></span> <span class='ocrx_word' id='word_1_631' title='bbox 3383 3291 3490 3328; x_wconf 87' lang='lat' dir='ltr'><strong>me-</strong></span> 
     </span>
    </p>
   </div>
   <div class='ocr_carea' id='block_1_94' title="bbox 1918 3367 3488 3439">
    <p class='ocr_par' dir='ltr' id='par_1_94' title="bbox 1918 3367 3488 3439">
     <span class='ocr_line' id='line_1_94' title="bbox 1918 3367 3488 3439; baseline -0.013 -1"><span class='ocrx_word' id='word_1_632' title='bbox 1918 3383 2038 3438; x_wconf 69' lang='lat' dir='ltr'><strong>ritis</strong></span> <span class='ocrx_word' id='word_1_633' title='bbox 2099 3395 2328 3436; x_wconf 70' lang='lat' dir='ltr'><strong>summa:</strong></span> <span class='ocrx_word' id='word_1_634' title='bbox 2378 3379 2616 3433; x_wconf 77' lang='lat' dir='ltr'><strong>domina:</strong></span> <span class='ocrx_word' id='word_1_635' title='bbox 2673 3385 2728 3430; x_wconf 92' lang='lat' dir='ltr'><strong>et</strong></span> <span class='ocrx_word' id='word_1_636' title='bbox 2780 3371 3062 3428; x_wconf 86' lang='lat' dir='ltr'><strong>beatorum</strong></span> <span class='ocrx_word' id='word_1_637' title='bbox 3121 3367 3488 3439; x_wconf 85' lang='lat' dir='ltr'><strong>apostolorum</strong></span> 
     </span>
    </p>
   </div>
   <div class='ocr_carea' id='block_1_95' title="bbox 1919 3459 3518 3542">
    <p class='ocr_par' dir='ltr' id='par_1_95' title="bbox 1919 3459 3518 3542">
     <span class='ocr_line' id='line_1_95' title="bbox 1919 3459 3518 3542; baseline -0.012 -15"><span class='ocrx_word' id='word_1_638' title='bbox 1919 3474 2060 3528; x_wconf 87' lang='lat' dir='ltr'><strong>Petri</strong></span> <span class='ocrx_word' id='word_1_639' title='bbox 2081 3481 2136 3526; x_wconf 91' lang='lat' dir='ltr'><strong>et</strong></span> <span class='ocrx_word' id='word_1_640' title='bbox 2162 3471 2313 3524; x_wconf 85' lang='lat' dir='ltr'><strong>Pauli</strong></span> <span class='ocrx_word' id='word_1_641' title='bbox 2345 3479 2505 3538; x_wconf 90' lang='lat' dir='ltr'><strong>atquc</strong></span> <span class='ocrx_word' id='word_1_642' title='bbox 2536 3467 2677 3542; x_wconf 83' lang='lat' dir='ltr'><strong>beati</strong></span> <span class='ocrx_word' id='word_1_643' title='bbox 2710 3463 2980 3518; x_wconf 78' lang='lat' dir='ltr'><strong>Ambrosii</strong></span> <span class='ocrx_word' id='word_1_644' title='bbox 3007 3459 3256 3529; x_wconf 89' lang='lat' dir='ltr'><strong>precibus</strong></span> <span class='ocrx_word' id='word_1_645' title='bbox 3280 3465 3489 3510; x_wconf 79' lang='lat' dir='ltr'><strong>mentes</strong></span> <span class='ocrx_word' id='word_1_646' title='bbox 3514 3485 3518 3489; x_wconf 93' lang='lat'><strong><em>-</em></strong></span> 
     </span>
    </p>
   </div>
   <div class='ocr_carea' id='block_1_96' title="bbox 1920 3549 3488 3626">
    <p class='ocr_par' dir='ltr' id='par_1_96' title="bbox 1920 3549 3488 3626">
     <span class='ocr_line' id='line_1_96' title="bbox 1920 3549 3488 3626; baseline -0.012 -7"><span class='ocrx_word' id='word_1_647' title='bbox 1920 3575 2126 3620; x_wconf 80' lang='lat' dir='ltr'><strong>vestras</strong></span> <span class='ocrx_word' id='word_1_648' title='bbox 2150 3561 2432 3625; x_wconf 88' lang='lat' dir='ltr'><strong>illuminet,</strong></span> <span class='ocrx_word' id='word_1_649' title='bbox 2460 3569 2514 3613; x_wconf 81' lang='lat' dir='ltr'><strong>et</strong></span> <span class='ocrx_word' id='word_1_650' title='bbox 2561 3559 2613 3612; x_wconf 90' lang='lat' dir='ltr'><strong>in</strong></span> <span class='ocrx_word' id='word_1_651' title='bbox 2647 3549 2759 3626; x_wconf 76' lang='lat' dir='ltr'><strong>lege</strong></span> <span class='ocrx_word' id='word_1_652' title='bbox 2806 3572 2904 3608; x_wconf 90' lang='lat' dir='ltr'><strong>sua</strong></span> <span class='ocrx_word' id='word_1_653' title='bbox 2937 3571 3035 3607; x_wconf 89' lang='lat' dir='ltr'><strong>vos</strong></span> <span class='ocrx_word' id='word_1_654' title='bbox 3071 3567 3286 3620; x_wconf 90' lang='lat' dir='ltr'><strong>semper</strong></span> <span class='ocrx_word' id='word_1_655' title='bbox 3319 3549 3488 3602; x_wconf 86' lang='lat' dir='ltr'><strong>stabi-</strong></span> 
     </span>
    </p>
   </div>
   <div class='ocr_carea' id='block_1_97' title="bbox 1921 3637 3490 3719">
    <p class='ocr_par' dir='ltr' id='par_1_97' title="bbox 1921 3637 3490 3719">
     <span class='ocr_line' id='line_1_97' title="bbox 1921 3637 3490 3719; baseline -0.012 -10"><span class='ocrx_word' id='word_1_656' title='bbox 1921 3657 2041 3719; x_wconf 86' lang='lat' dir='ltr'><strong>liat,</strong></span> <span class='ocrx_word' id='word_1_657' title='bbox 2069 3661 2127 3707; x_wconf 88' lang='lat' dir='ltr'><strong>ut</strong></span> <span class='ocrx_word' id='word_1_658' title='bbox 2154 3647 2467 3707; x_wconf 89' lang='lat' dir='ltr'><strong>mereamiui</strong></span> <span class='ocrx_word' id='word_1_659' title='bbox 2505 3667 2627 3704; x_wconf 87' lang='lat' dir='ltr'><strong>cum</strong></span> <span class='ocrx_word' id='word_1_660' title='bbox 2668 3648 2752 3702; x_wconf 88' lang='lat' dir='ltr'><strong>his</strong></span> <span class='ocrx_word' id='word_1_661' title='bbox 2794 3645 3140 3700; x_wconf 87' lang='lat' dir='ltr'><strong>adnumerari</strong></span> <span class='ocrx_word' id='word_1_662' title='bbox 3178 3641 3268 3711; x_wconf 88' lang='lat' dir='ltr'><strong>qui</strong></span> <span class='ocrx_word' id='word_1_663' title='bbox 3304 3637 3490 3693; x_wconf 70' lang='lat' dir='ltr'><strong>diabo-</strong></span> 
     </span>
    </p>
   </div>
   <div class='ocr_carea' id='block_1_98' title="bbox 1922 3731 3490 3808">
    <p class='ocr_par' dir='ltr' id='par_1_98' title="bbox 1922 3731 3490 3808">
     <span class='ocr_line' id='line_1_98' title="bbox 1922 3731 3490 3808; baseline -0.011 -9"><span class='ocrx_word' id='word_1_664' title='bbox 1922 3745 2034 3800; x_wconf 87' lang='lat' dir='ltr'><strong>lum</strong></span> <span class='ocrx_word' id='word_1_665' title='bbox 2061 3761 2183 3798; x_wconf 87' lang='lat' dir='ltr'><strong>cum</strong></span> <span class='ocrx_word' id='word_1_666' title='bbox 2235 3745 2348 3797; x_wconf 91' lang='lat' dir='ltr'><strong>suis</strong></span> <span class='ocrx_word' id='word_1_667' title='bbox 2384 3741 2642 3795; x_wconf 90' lang='lat' dir='ltr'><strong>membris</strong></span> <span class='ocrx_word' id='word_1_668' title='bbox 2667 3737 2988 3808; x_wconf 86' lang='lat' dir='ltr'><strong>judicabunt</strong></span> <span class='ocrx_word' id='word_1_669' title='bbox 3033 3745 3086 3788; x_wconf 90' lang='lat' dir='ltr'><strong>et</strong></span> <span class='ocrx_word' id='word_1_670' title='bbox 3111 3749 3233 3788; x_wconf 89' lang='lat' dir='ltr'><strong>cum</strong></span> <span class='ocrx_word' id='word_1_671' title='bbox 3273 3731 3490 3785; x_wconf 80' lang='lat' dir='ltr'><strong>Christo</strong></span> 
     </span>
    </p>
   </div>
   <div class='ocr_carea' id='block_1_99' title="bbox 1924 3817 2779 3902">
    <p class='ocr_par' dir='ltr' id='par_1_99' title="bbox 1924 3817 2779 3902">
     <span class='ocr_line' id='line_1_99' title="bbox 1924 3817 2779 3902; baseline -0.012 -13"><span class='ocrx_word' id='word_1_672' title='bbox 1924 3850 2135 3902; x_wconf 78' lang='lat' dir='ltr'><strong>semper</strong></span> <span class='ocrx_word' id='word_1_673' title='bbox 2169 3833 2488 3902; x_wconf 84' lang='lat' dir='ltr'><strong>regnabunt.</strong></span> <span class='ocrx_word' id='word_1_674' title='bbox 2773 3817 2779 3824; x_wconf 71' lang='grc'><em>’</em></span> 
     </span>
    </p>
   </div>
   <div class='ocr_carea' id='block_1_100' title="bbox 1995 3917 3168 3986">
    <p class='ocr_par' dir='ltr' id='par_1_100' title="bbox 1995 3917 3168 3986">
     <span class='ocr_line' id='line_1_100' title="bbox 1995 3917 3168 3986; baseline -0.012 -8"><span class='ocrx_word' id='word_1_675' title='bbox 1995 3924 2127 3978; x_wconf 83' lang='lat' dir='ltr'><strong>Data</strong></span> <span class='ocrx_word' id='word_1_676' title='bbox 2163 3922 2366 3986; x_wconf 71' lang='lat' dir='ltr'><strong>(lernae,</strong></span> <span class='ocrx_word' id='word_1_677' title='bbox 2396 3917 2690 3974; x_wconf 84' lang='lat' dir='ltr'><strong>indictione</strong></span> <span class='ocrx_word' id='word_1_678' title='bbox 2719 3917 2927 3971; x_wconf 86' lang='lat' dir='ltr'><strong>decima</strong></span> <span class='ocrx_word' id='word_1_679' title='bbox 2955 3923 3168 3982; x_wconf 87' lang='lat' dir='ltr'><strong>quarta.</strong></span> 
     </span>
    </p>
   </div>
   <div class='ocr_carea' id='block_1_101' title="bbox 2461 4037 2964 4094">
    <p class='ocr_par' dir='ltr' id='par_1_101' title="bbox 2461 4037 2964 4094">
     <span class='ocr_line' id='line_1_101' title="bbox 2461 4037 2964 4094; baseline -0.012 -1"><span class='ocrx_word' id='word_1_680' title='bbox 2461 4038 2793 4094; x_wconf 74' lang='lat' dir='ltr'><strong>EPISTULA</strong></span> <span class='ocrx_word' id='word_1_681' title='bbox 2827 4037 2964 4088; x_wconf 77' lang='lat' dir='ltr'><strong>XVI.</strong></span> 
     </span>
    </p>
   </div>
   <div class='ocr_carea' id='block_1_102' title="bbox 2079 4145 3329 4196">
    <p class='ocr_par' dir='ltr' id='par_1_102' title="bbox 2079 4145 3329 4196">
     <span class='ocr_line' id='line_1_102' title="bbox 2079 4145 3329 4196; baseline -0.012 -1"><span class='ocrx_word' id='word_1_682' title='bbox 2079 4157 2143 4195; x_wconf 77' lang='lat' dir='ltr'><strong>AD</strong></span> <span class='ocrx_word' id='word_1_683' title='bbox 2183 4155 2471 4196; x_wconf 63' lang='lat' dir='ltr'><strong>RJCHERIL&#39;M</strong></span> <span class='ocrx_word' id='word_1_684' title='bbox 2504 4149 2947 4189; x_wconf 69' lang='lat' dir='ltr'><strong>ARCIIIEI&#39;ISCOPI&#39;II</strong></span> <span class='ocrx_word' id='word_1_685' title='bbox 2980 4145 3329 4185; x_wconf 62' lang='lat' dir='ltr'><strong>SENOXEXSESI.</strong></span> 
     </span>
    </p>
   </div>
   <div class='ocr_carea' id='block_1_103' title="bbox 2504 4221 2904 4294">
    <p class='ocr_par' dir='ltr' id='par_1_103' title="bbox 2504 4221 2904 4294">
     <span class='ocr_line' id='line_1_103' title="bbox 2504 4221 2904 4294; baseline -0.013 -18"><span class='ocrx_word' id='word_1_686' title='bbox 2504 4223 2683 4294; x_wconf 72' lang='lat' dir='ltr'><strong>(Anno</strong></span> <span class='ocrx_word' id='word_1_687' title='bbox 2724 4221 2904 4290; x_wconf 78' lang='grc'><strong>1076.)</strong></span> 
     </span>
    </p>
   </div>
   <div class='ocr_carea' id='block_1_104' title="bbox 1929 4305 3494 4382">
    <p class='ocr_par' dir='ltr' id='par_1_104' title="bbox 1929 4305 3494 4382">
     <span class='ocr_line' id='line_1_104' title="bbox 1929 4305 3494 4382; baseline -0.008 -12"><span class='ocrx_word' id='word_1_688' title='bbox 1929 4319 2178 4382; x_wconf 84' lang='lat' dir='ltr'><strong>Querimr</strong></span> <span class='ocrx_word' id='word_1_689' title='bbox 2225 4316 2288 4368; x_wconf 81' lang='lat' dir='ltr'><strong>de</strong></span> <span class='ocrx_word' id='word_1_690' title='bbox 2323 4315 2533 4382; x_wconf 80' lang='lat' dir='ltr'><strong>injuriis</strong></span> <span class='ocrx_word' id='word_1_691' title='bbox 2565 4313 2627 4363; x_wconf 82' lang='lat' dir='ltr'><strong>ab</strong></span> <span class='ocrx_word' id='word_1_692' title='bbox 2653 4310 3014 4382; x_wconf 73' lang='lat' dir='ltr'><strong>Aurelinncnsi</strong></span> <span class='ocrx_word' id='word_1_693' title='bbox 3044 4309 3280 4376; x_wconf 73' lang='lat' dir='ltr'><strong>episcopo</strong></span> <span class='ocrx_word' id='word_1_694' title='bbox 3315 4305 3494 4357; x_wconf 66' lang='lat' dir='ltr'><strong>lin-Ic-</strong></span> 
     </span>
    </p>
   </div>
   <div class='ocr_carea' id='block_1_105' title="bbox 1997 4377 3488 4444">
    <p class='ocr_par' dir='ltr' id='par_1_105' title="bbox 1997 4377 3488 4444">
     <span class='ocr_line' id='line_1_105' title="bbox 1997 4377 3488 4444; baseline -0.007 -6"><span class='ocrx_word' id='word_1_695' title='bbox 1997 4389 2090 4439; x_wconf 72' lang='lat' dir='ltr'><strong>.sitr</strong></span> <span class='ocrx_word' id='word_1_696' title='bbox 2113 4401 2221 4438; x_wconf 74' lang='lat' dir='ltr'><strong>sua?</strong></span> <span class='ocrx_word' id='word_1_697' title='bbox 2244 4377 2431 4444; x_wconf 79' lang='lat' dir='ltr'><strong>illatis,</strong></span> <span class='ocrx_word' id='word_1_698' title='bbox 2475 4383 2537 4434; x_wconf 86' lang='lat' dir='ltr'><strong>de</strong></span> <span class='ocrx_word' id='word_1_699' title='bbox 2571 4382 2716 4434; x_wconf 81' lang='lat' dir='ltr'><strong>illius</strong></span> <span class='ocrx_word' id='word_1_700' title='bbox 2755 4380 3104 4432; x_wconf 70' lang='lat' dir='ltr'><strong>lItOltt&#39;tllt’ttlltt</strong></span> <span class='ocrx_word' id='word_1_701' title='bbox 3151 4388 3197 4429; x_wconf 90' lang='lat' dir='ltr'><strong>et</strong></span> <span class='ocrx_word' id='word_1_702' title='bbox 3233 4377 3488 4428; x_wconf 76' lang='lat' dir='ltr'><strong>Simonia.</strong></span> 
     </span>
    </p>
   </div>
   <div class='ocr_carea' id='block_1_106' title="bbox 2012 4447 3491 4515">
    <p class='ocr_par' dir='ltr' id='par_1_106' title="bbox 2012 4447 3491 4515">
     <span class='ocr_line' id='line_1_106' title="bbox 2012 4447 3491 4515; baseline -0.009 -7"><span class='ocrx_word' id='word_1_703' title='bbox 2012 4456 2130 4508; x_wconf 79' lang='lat' dir='ltr'><strong>Vult</strong></span> <span class='ocrx_word' id='word_1_704' title='bbox 2164 4472 2278 4508; x_wconf 87' lang='lat' dir='ltr'><strong>eum</strong></span> <span class='ocrx_word' id='word_1_705' title='bbox 2307 4461 2508 4506; x_wconf 87' lang='lat' dir='ltr'><strong>moneat</strong></span> <span class='ocrx_word' id='word_1_706' title='bbox 2543 4461 2597 4504; x_wconf 86' lang='lat' dir='ltr'><strong>ut</strong></span> <span class='ocrx_word' id='word_1_707' title='bbox 2630 4467 2738 4502; x_wconf 66' lang='lat' dir='ltr'><strong>suo!</strong></span> <span class='ocrx_word' id='word_1_708' title='bbox 2785 4449 3033 4502; x_wconf 75' lang='lat' dir='ltr'><strong>Ecclesia:</strong></span> <span class='ocrx_word' id='word_1_709' title='bbox 3079 4447 3400 4515; x_wconf 77' lang='lat' dir='ltr'><strong>satisfaciat,</strong></span> <span class='ocrx_word' id='word_1_710' title='bbox 3421 4453 3491 4506; x_wconf 77' lang='lat' dir='ltr'><strong>et,</strong></span> 
     </span>
    </p>
   </div>
   <div class='ocr_carea' id='block_1_107' title="bbox 1996 4521 2902 4594">
    <p class='ocr_par' dir='ltr' id='par_1_107' title="bbox 1996 4521 2902 4594">
     <span class='ocr_line' id='line_1_107' title="bbox 1996 4521 2902 4594; baseline -0.009 -15"><span class='ocrx_word' id='word_1_711' title='bbox 1996 4527 2098 4579; x_wconf 82' lang='lat' dir='ltr'><strong>nisi</strong></span> <span class='ocrx_word' id='word_1_712' title='bbox 2128 4525 2383 4594; x_wconf 82' lang='lat' dir='ltr'><strong>paruerit,</strong></span> <span class='ocrx_word' id='word_1_713' title='bbox 2412 4521 2902 4576; x_wconf 78' lang='lat' dir='ltr'><strong>excommmticetur.</strong></span> 
     </span>
    </p>
   </div>
   <div class='ocr_carea' id='block_1_108' title="bbox 1997 4600 3493 4682">
    <p class='ocr_par' dir='ltr' id='par_1_108' title="bbox 1997 4600 3493 4682">
     <span class='ocr_line' id='line_1_108' title="bbox 1997 4600 3493 4682; baseline -0.013 -11"><span class='ocrx_word' id='word_1_714' title='bbox 1997 4617 2303 4671; x_wconf 73' lang='lat' dir='ltr'><strong>Caesonius</strong></span> <span class='ocrx_word' id='word_1_715' title='bbox 2352 4614 2657 4682; x_wconf 90' lang='lat' dir='ltr'><strong>episcopus,</strong></span> <span class='ocrx_word' id='word_1_716' title='bbox 2707 4625 2899 4664; x_wconf 85' lang='lat' dir='ltr'><strong>servus</strong></span> <span class='ocrx_word' id='word_1_717' title='bbox 2952 4622 3231 4663; x_wconf 68' lang='lat' dir='ltr'><strong>servsrum</strong></span> <span class='ocrx_word' id='word_1_718' title='bbox 3269 4600 3493 4655; x_wconf 72' lang='lat' dir='ltr'><strong>Dei-Rr-</strong></span> 
     </span>
    </p>
   </div>
   <div class='ocr_carea' id='block_1_109' title="bbox 1927 4695 3494 4768">
    <p class='ocr_par' dir='ltr' id='par_1_109' title="bbox 1927 4695 3494 4768">
     <span class='ocr_line' id='line_1_109' title="bbox 1927 4695 3494 4768; baseline -0.015 -8"><span class='ocrx_word' id='word_1_719' title='bbox 1927 4721 2117 4760; x_wconf 72' lang='lat' dir='ltr'><strong>cnemo</strong></span> <span class='ocrx_word' id='word_1_720' title='bbox 2169 4703 2467 4757; x_wconf 89' lang='lat' dir='ltr'><strong>Senonensi</strong></span> <span class='ocrx_word' id='word_1_721' title='bbox 2511 4699 2939 4768; x_wconf 90' lang='lat' dir='ltr'><strong>archiepiscopo,</strong></span> <span class='ocrx_word' id='word_1_722' title='bbox 2996 4695 3311 4763; x_wconf 78' lang='lat' dir='ltr'><strong>salutemet</strong></span> <span class='ocrx_word' id='word_1_723' title='bbox 3359 4702 3494 4754; x_wconf 84' lang='lat' dir='ltr'><strong>apo-</strong></span> 
     </span>
    </p>
   </div>
   <div class='ocr_carea' id='block_1_110' title="bbox 1928 4791 2658 4850">
    <p class='ocr_par' dir='ltr' id='par_1_110' title="bbox 1928 4791 2658 4850">
     <span class='ocr_line' id='line_1_110' title="bbox 1928 4791 2658 4850; baseline -0.011 -2"><span class='ocrx_word' id='word_1_724' title='bbox 1928 4794 2175 4850; x_wconf 87' lang='lat' dir='ltr'><strong>stolicam</strong></span> <span class='ocrx_word' id='word_1_725' title='bbox 2206 4791 2658 4846; x_wconf 79' lang='lat' dir='ltr'><strong>benedictionem.</strong></span> 
     </span>
    </p>
   </div>
   <div class='ocr_carea' id='block_1_111' title="bbox 1995 4871 3494 4945">
    <p class='ocr_par' dir='ltr' id='par_1_111' title="bbox 1995 4871 3494 4945">
     <span class='ocr_line' id='line_1_111' title="bbox 1995 4871 3494 4945; baseline -0.013 -6"><span class='ocrx_word' id='word_1_726' title='bbox 1995 4885 2410 4945; x_wconf 72' lang='lat' dir='ltr'><strong>Fraternitatem</strong></span> <span class='ocrx_word' id='word_1_727' title='bbox 2446 4891 2594 4935; x_wconf 88' lang='lat' dir='ltr'><strong>tuam</strong></span> <span class='ocrx_word' id='word_1_728' title='bbox 2651 4875 2976 4932; x_wconf 79' lang='lat' dir='ltr'><strong>intellexisse</strong></span> <span class='ocrx_word' id='word_1_729' title='bbox 3010 4871 3282 4944; x_wconf 78' lang='lat' dir='ltr'><strong>credimus</strong></span> <span class='ocrx_word' id='word_1_730' title='bbox 3313 4884 3494 4937; x_wconf 89' lang='lat' dir='ltr'><strong>quan-</strong></span> 
     </span>
    </p>
   </div>
   <div class='ocr_carea' id='block_1_112' title="bbox 1931 4951 3496 5044">
    <p class='ocr_par' dir='ltr' id='par_1_112' title="bbox 1931 4951 3496 5044">
     <span class='ocr_line' id='line_1_112' title="bbox 1931 4951 3496 5044; baseline -0.014 -13"><span class='ocrx_word' id='word_1_731' title='bbox 1931 4986 2041 5032; x_wconf 91' lang='lat' dir='ltr'><strong>tum</strong></span> <span class='ocrx_word' id='word_1_732' title='bbox 2067 4975 2277 5044; x_wconf 67' lang='lat' dir='ltr'><strong>injuriae</strong></span> <span class='ocrx_word' id='word_1_733' title='bbox 2306 4967 2706 5029; x_wconf 68' lang='lat' dir='ltr'><strong>Aurelianensis</strong></span> <span class='ocrx_word' id='word_1_734' title='bbox 2735 4951 2990 5016; x_wconf 68' lang='lat' dir='ltr'><strong>Ecclesia:</strong></span> <span class='ocrx_word' id='word_1_735' title='bbox 3013 4958 3334 5028; x_wconf 75' lang='lat' dir='ltr'><strong>negligentia</strong></span> <span class='ocrx_word' id='word_1_736' title='bbox 3375 4958 3496 5025; x_wconf 90' lang='lat' dir='ltr'><strong>epi-</strong></span> 
     </span>
    </p>
   </div>
   <div class='ocr_carea' id='block_1_113' title="bbox 1929 5042 3498 5133">
    <p class='ocr_par' dir='ltr' id='par_1_113' title="bbox 1929 5042 3498 5133">
     <span class='ocr_line' id='line_1_113' title="bbox 1929 5042 3498 5133; baseline -0.014 -12"><span class='ocrx_word' id='word_1_737' title='bbox 1929 5066 2078 5133; x_wconf 88' lang='lat' dir='ltr'><strong>sc0pi</strong></span> <span class='ocrx_word' id='word_1_738' title='bbox 2103 5042 2208 5126; x_wconf 82' lang='lat' dir='ltr'><strong>sui,</strong></span> <span class='ocrx_word' id='word_1_739' title='bbox 2259 5063 2369 5118; x_wconf 83' lang='lat' dir='ltr'><strong>imo</strong></span> <span class='ocrx_word' id='word_1_740' title='bbox 2396 5063 2585 5126; x_wconf 80' lang='lat' dir='ltr'><strong>agente</strong></span> <span class='ocrx_word' id='word_1_741' title='bbox 2610 5055 2748 5122; x_wconf 92' lang='lat' dir='ltr'><strong>ipso,</strong></span> <span class='ocrx_word' id='word_1_742' title='bbox 2774 5051 3114 5115; x_wconf 81' lang='lat' dir='ltr'><strong>sustinuerit,</strong></span> <span class='ocrx_word' id='word_1_743' title='bbox 3140 5042 3194 5103; x_wconf 85' lang='lat' dir='ltr'><strong>ct</strong></span> <span class='ocrx_word' id='word_1_744' title='bbox 3217 5064 3380 5119; x_wconf 88' lang='lat' dir='ltr'><strong>quam</strong></span> <span class='ocrx_word' id='word_1_745' title='bbox 3413 5048 3498 5100; x_wconf 89' lang='lat' dir='ltr'><strong>in-</strong></span> 
     </span>
    </p>
   </div>
   <div class='ocr_carea' id='block_1_114' title="bbox 1923 5137 3497 5223">
    <p class='ocr_par' dir='ltr' id='par_1_114' title="bbox 1923 5137 3497 5223">
     <span class='ocr_line' id='line_1_114' title="bbox 1923 5137 3497 5223; baseline -0.013 -16"><span class='ocrx_word' id='word_1_746' title='bbox 1923 5155 2070 5223; x_wconf 83' lang='lat' dir='ltr'><strong>juste</strong></span> <span class='ocrx_word' id='word_1_747' title='bbox 2105 5146 2358 5218; x_wconf 85' lang='lat' dir='ltr'><strong>patientia</strong></span> <span class='ocrx_word' id='word_1_748' title='bbox 2383 5143 2691 5212; x_wconf 69' lang='lat' dir='ltr'><strong>apostolicae</strong></span> <span class='ocrx_word' id='word_1_749' title='bbox 2723 5141 2868 5194; x_wconf 88' lang='lat' dir='ltr'><strong>sedis</strong></span> <span class='ocrx_word' id='word_1_750' title='bbox 2898 5141 3102 5195; x_wconf 91' lang='lat' dir='ltr'><strong>abusus</strong></span> <span class='ocrx_word' id='word_1_751' title='bbox 3138 5137 3336 5199; x_wconf 85' lang='lat' dir='ltr'><strong>fuerit;</strong></span> <span class='ocrx_word' id='word_1_752' title='bbox 3372 5151 3497 5204; x_wconf 70' lang='lat' dir='ltr'><strong>quae</strong></span> 
     </span>
    </p>
   </div>
   <div class='ocr_carea' id='block_1_115' title="bbox 1930 5225 3493 5309">
    <p class='ocr_par' dir='ltr' id='par_1_115' title="bbox 1930 5225 3493 5309">
     <span class='ocr_line' id='line_1_115' title="bbox 1930 5225 3493 5309; baseline -0.013 -15"><span class='ocrx_word' id='word_1_753' title='bbox 1930 5240 2240 5309; x_wconf 88' lang='lat' dir='ltr'><strong>iniquitates</strong></span> <span class='ocrx_word' id='word_1_754' title='bbox 2271 5249 2398 5290; x_wconf 86' lang='lat' dir='ltr'><strong>suas</strong></span> <span class='ocrx_word' id='word_1_755' title='bbox 2443 5234 2666 5286; x_wconf 88' lang='lat' dir='ltr'><strong>auribus</strong></span> <span class='ocrx_word' id='word_1_756' title='bbox 2703 5231 2907 5285; x_wconf 67' lang='lat' dir='ltr'><strong>nostris</strong></span> <span class='ocrx_word' id='word_1_757' title='bbox 2942 5230 3147 5282; x_wconf 88' lang='lat' dir='ltr'><strong>delatas</strong></span> <span class='ocrx_word' id='word_1_758' title='bbox 3172 5243 3276 5300; x_wconf 90' lang='lat' dir='ltr'><strong>non</strong></span> <span class='ocrx_word' id='word_1_759' title='bbox 3317 5225 3493 5277; x_wconf 84' lang='lat' dir='ltr'><strong>solum</strong></span> 
     </span>
    </p>
   </div>
   <div class='ocr_carea' id='block_1_116' title="bbox 1928 5316 3492 5389">
    <p class='ocr_par' dir='ltr' id='par_1_116' title="bbox 1928 5316 3492 5389">
     <span class='ocr_line' id='line_1_116' title="bbox 1928 5316 3492 5389; baseline -0.013 -5"><span class='ocrx_word' id='word_1_760' title='bbox 1928 5331 2198 5384; x_wconf 89' lang='lat' dir='ltr'><strong>discutere</strong></span> <span class='ocrx_word' id='word_1_761' title='bbox 2249 5326 2476 5389; x_wconf 87' lang='lat' dir='ltr'><strong>distulit,</strong></span> <span class='ocrx_word' id='word_1_762' title='bbox 2529 5339 2718 5378; x_wconf 89' lang='lat' dir='ltr'><strong>verum</strong></span> <span class='ocrx_word' id='word_1_763' title='bbox 2771 5323 2934 5374; x_wconf 87' lang='lat' dir='ltr'><strong>etiam</strong></span> <span class='ocrx_word' id='word_1_764' title='bbox 2970 5320 3111 5388; x_wconf 84' lang='lat' dir='ltr'><strong>regis</strong></span> <span class='ocrx_word' id='word_1_765' title='bbox 3161 5316 3492 5368; x_wconf 85' lang='lat' dir='ltr'><strong>Francorum</strong></span> 
     </span>
    </p>
   </div>
   <div class='ocr_carea' id='block_1_117' title="bbox 1929 5406 3496 5490">
    <p class='ocr_par' dir='ltr' id='par_1_117' title="bbox 1929 5406 3496 5490">
     <span class='ocr_line' id='line_1_117' title="bbox 1929 5406 3496 5490; baseline -0.014 -15"><span class='ocrx_word' id='word_1_766' title='bbox 1929 5437 2052 5475; x_wconf 90' lang='lat' dir='ltr'><strong>eum</strong></span> <span class='ocrx_word' id='word_1_767' title='bbox 2077 5421 2272 5490; x_wconf 83' lang='lat' dir='ltr'><strong>ejicere</strong></span> <span class='ocrx_word' id='word_1_768' title='bbox 2298 5416 2561 5486; x_wconf 86' lang='lat' dir='ltr'><strong>cupientis</strong></span> <span class='ocrx_word' id='word_1_769' title='bbox 2586 5409 3023 5467; x_wconf 87' lang='lat' dir='ltr'><strong>accusationibus</strong></span> <span class='ocrx_word' id='word_1_770' title='bbox 3058 5406 3262 5457; x_wconf 91' lang='lat' dir='ltr'><strong>nullum</strong></span> <span class='ocrx_word' id='word_1_771' title='bbox 3308 5416 3496 5454; x_wconf 88' lang='lat' dir='ltr'><strong>assen-</strong></span> 
     </span>
    </p>
   </div>
   <div class='ocr_carea' id='block_1_118' title="bbox 1931 5489 3494 5581">
    <p class='ocr_par' dir='ltr' id='par_1_118' title="bbox 1931 5489 3494 5581">
     <span class='ocr_line' id='line_1_118' title="bbox 1931 5489 3494 5581; baseline -0.015 -15"><span class='ocrx_word' id='word_1_772' title='bbox 1931 5527 2050 5566; x_wconf 90' lang='lat' dir='ltr'><strong>sum</strong></span> <span class='ocrx_word' id='word_1_773' title='bbox 2078 5489 2325 5581; x_wconf 66' lang='lat' dir='ltr'><strong>praebuit,</strong></span> <span class='ocrx_word' id='word_1_774' title='bbox 2359 5507 2468 5560; x_wconf 89' lang='lat' dir='ltr'><strong>imo</strong></span> <span class='ocrx_word' id='word_1_775' title='bbox 2492 5503 2752 5574; x_wconf 88' lang='lat' dir='ltr'><strong>quidquid</strong></span> <span class='ocrx_word' id='word_1_776' title='bbox 2790 5499 2842 5550; x_wconf 90' lang='lat' dir='ltr'><strong>in</strong></span> <span class='ocrx_word' id='word_1_777' title='bbox 2874 5494 3169 5565; x_wconf 86' lang='lat' dir='ltr'><strong>perieulum</strong></span> <span class='ocrx_word' id='word_1_778' title='bbox 3195 5507 3352 5545; x_wconf 90' lang='lat' dir='ltr'><strong>suum</strong></span> <span class='ocrx_word' id='word_1_779' title='bbox 3377 5489 3494 5543; x_wconf 85' lang='lat' dir='ltr'><strong>fleri</strong></span> 
     </span>
    </p>
   </div>
   <div class='ocr_carea' id='block_1_119' title="bbox 1930 5577 3494 5670">
    <p class='ocr_par' dir='ltr' id='par_1_119' title="bbox 1930 5577 3494 5670">
     <span class='ocr_line' id='line_1_119' title="bbox 1930 5577 3494 5670; baseline -0.016 -15"><span class='ocrx_word' id='word_1_780' title='bbox 1930 5603 2348 5670; x_wconf 78' lang='lat' dir='ltr'><strong>excogitaverat,</strong></span> <span class='ocrx_word' id='word_1_781' title='bbox 2404 5595 2584 5648; x_wconf 89' lang='lat' dir='ltr'><strong>studio</strong></span> <span class='ocrx_word' id='word_1_782' title='bbox 2635 5584 3057 5659; x_wconf 75' lang='lat' dir='ltr'><strong>vigilantissimrc</strong></span> <span class='ocrx_word' id='word_1_783' title='bbox 3119 5577 3494 5634; x_wconf 83' lang='lat' dir='ltr'><strong>sollicitudinis</strong></span> 
     </span>
    </p>
   </div>
   <div class='ocr_carea' id='block_1_120' title="bbox 1935 5668 3494 5759">
    <p class='ocr_par' dir='ltr' id='par_1_120' title="bbox 1935 5668 3494 5759">
     <span class='ocr_line' id='line_1_120' title="bbox 1935 5668 3494 5759; baseline -0.016 -14"><span class='ocrx_word' id='word_1_784' title='bbox 1935 5668 2222 5759; x_wconf 72' lang='lat' dir='ltr'><strong>impedivit.</strong></span> <span class='ocrx_word' id='word_1_785' title='bbox 2263 5685 2376 5738; x_wconf 76' lang='lat' dir='ltr'><strong>Non</strong></span> <span class='ocrx_word' id='word_1_786' title='bbox 2407 5684 2548 5737; x_wconf 87' lang='lat' dir='ltr'><strong>enim</strong></span> <span class='ocrx_word' id='word_1_787' title='bbox 2590 5679 2907 5736; x_wconf 81' lang='lat' dir='ltr'><strong>videbantur</strong></span> <span class='ocrx_word' id='word_1_788' title='bbox 2940 5671 3100 5739; x_wconf 84' lang='lat' dir='ltr'><strong>hujus</strong></span> <span class='ocrx_word' id='word_1_789' title='bbox 3137 5668 3494 5723; x_wconf 84' lang='lat' dir='ltr'><strong>accusationis</strong></span> 
     </span>
    </p>
   </div>
  </div>
