4218 6388
320 437 438 491 H9

1406 424 1606 478 HYBER
1640 423 1956 476 Tl‘Jl'lllh.
2001 451 2066 461 ——
2105 427 2318 476 lul'lh'l.
2366 427 2496 475 XM.

3478 426 3583 480 1:20

321 564 444 602 non
476 549 587 601 sint
631 547 684 599 in
725 545 807 600 eis
833 527 1124 598 schismata
1160 541 1210 611 (Ι
1248 540 1367 594 Car.
1398 539 1468 604 ii:
1525 537 1762 606 alioquin
1797 551 1903 587 non
1939 540 1978 590 Δ
2007 543 2058 586 et
2095 538 2293 604 populo
2332 535 2659 605 llipponeusi
2707 537 2757 588 in
2804 527 3127 590 illam-itania
3171 539 3493 606 Sitipheusi,
3529 541 3581 594 id

321 649 530 704 mater,
561 637 653 691 sed
680 638 874 690 seissio
903 644 1208 688 vocaretur.
1255 633 1593 699 Quapropter
1625 619 1813 682 notum
1837 627 1907 681 sit

320 731 432 783 tibi
459 730 781 796 cunctisque
821 725 1024 780 Christi
1055 725 1300 778 ﬁdelibus
1351 737 1514 790 super
1543 721 1742 790 quibus
1772 734 1904 771 con-

320 820 549 874 suluisti
594 820 738 886 quod
781 818 1017 879 decreta,
1047 831 1167 885 qum
1201 831 1230 868 a
1258 815 1434 879 nobis,
1465 813 1576 866 imo
1604 828 1632 866 a
1660 811 1906 866 Romana

317 918 544 965 constat
574 909 811 962 lieclcsia
835 909 1041 976 prolata
1064 907 1176 961 sive
1198 907 1538 967 conﬁrmata,
1567 904 1620 957 in
1643 917 1904 972 peragen-

317 1000 416 1054 dis
441 1016 472 1052 a
498 999 651 1052 vobis
675 997 917 1065 ejusdem
954 996 1206 1051 Ecclesia:
1231 995 1418 1049 ofﬁciis
1456 995 1782 1049 inconcussa
1811 1006 1906 1045 vo-

319 1091 518 1143 Iumus
553 1102 890 1158 permanere,
950 1104 1046 1142 nec
1081 1090 1160 1142 eis
1197 1089 1556 1157 acquiescere,
1613 1089 1705 1155 qui
1749 1087 1904 1154 lupu-

319 1197 454 1234 rum
479 1180 754 1233 morsibus
780 1187 834 1232 et
855 1179 1238 1232 veneﬁciorum
1272 1178 1548 1232 molimine
1570 1194 1664 1232 vos
1688 1180 1907 1232 inficere

316 1273 661 1326 desiderant.
696 1269 805 1326 Nec
854 1272 1165 1326 dubitamus
1217 1271 1382 1340 quod,
1433 1271 1728 1324 secundum
1758 1273 1905 1338 Apo-

318 1363 573 1425 stolum,
615 1362 891 1416 introeant
937 1363 989 1414 in
1049 1377 1144 1416 vos
1181 1363 1289 1432 lupi
1326 1377 1536 1431 graves,
1589 1363 1696 1431 lupi
1744 1378 1903 1430 rapa—

317 1467 446 1515 aes,
479 1467 588 1504 non
614 1462 901 1521 parcentes
933 1453 1071 1521 (Act.
1129 1456 1244 1522 xx),
1305 1453 1504 1523 quibus
1545 1455 1903 1507 resistendum

317 1543 549 1596 tortiter
609 1552 694 1597 est
755 1543 808 1595 in
866 1529 986 1597 ﬁde.
1039 1543 1288 1612 Ideoque,
1314 1543 1663 1598 dilectissime
1718 1545 1902 1609 frater,

316 1641 480 1684 certa
507 1644 561 1685 et
588 1648 762 1702 usque
786 1633 852 1686 ad
876 1633 1156 1702 sanguinis
1182 1633 1523 1700 eﬂ'usioncm,
1562 1635 1606 1686 si
1641 1644 1902 1703 opportu-

318 1737 464 1774 num
495 1720 675 1786 fuerit,
702 1722 925 1777 desuda.
957 1722 1239 1793 Indignum
1264 1723 1408 1777 enim
1447 1731 1500 1776 et
1546 1739 1644 1792 pro
1676 1725 1904 1779 ridiculo

316 1819 511 1880 potest
554 1813 741 1865 haberi
792 1813 937 1882 quod
991 1813 1278 1868 saeculares
1331 1813 1599 1877 homines,
1661 1829 1759 1883 pro
1793 1821 1902 1868 tam

315 1902 419 1954 vili
449 1903 642 1970 pretio,
675 1911 893 1973 tamque
943 1903 1052 1956 Deo
1082 1904 1265 1958 odibili
1313 1903 1661 1969 commercio,
1695 1904 1905 1972 seipsos

316 1992 577 2060 periculo
606 1993 886 2049 ultroneos
921 1995 1229 2058 exhibeant,
1260 2003 1313 2046 et
1355 1993 1526 2047 ﬁdelis
1556 1995 1789 2062 quisque
1829 1996 1903 2048 ir-

319 2080 621 2134 ruentibus
643 2081 798 2135 ocdat
822 2081 1070 2135 hostibus
1094 2089 1260 2150 terga.
1293 2079 1410 2135 Non
1438 2079 1681 2150 enimzab
1712 2083 1791 2135 eis
1815 2096 1906 2149 po—

318 2169 460 2221 terit
481 2170 691 2237 acquiri
715 2169 884 2224 virtus
902 2169 995 2239 qni
1013 2168 1170 2223 facile
1187 2178 1452 2225 corruunt
1464 2186 1575 2241 quo
1591 2171 1900 2225 trahuntur.

313 2257 487 2323 Quod
521 2268 702 2314 autem
739 2260 834 2314 ﬁlii
877 2262 1068 2316 mortis
1106 2259 1294 2317 dicunt
1333 2278 1392 2318 se
1419 2278 1451 2318 a
1499 2265 1905 2318 nobis'litt'cras

313 2348 626 2418 accepisse,
666 2351 852 2406 sciatis
891 2367 988 2422 per
1026 2353 1207 2407 omnia
1248 2353 1444 2409 falsum
1484 2370 1623 2410 esse.
1667 2354 1903 2411 Procura

313 2452 462 2508 ergo
485 2447 546 2492 ut
565 2437 848 2496 Romanus
875 2443 1010 2496 ordo
1039 2458 1135 2511 per
1157 2451 1326 2497 totam
1358 2443 1671 2514 Hispaniam
1701 2454 1757 2499 et
1787 2444 1907 2504 Gal:

313 2527 548 2618 llciam.
589 2538 643 2583 et
683 2530 994 2601 ubicunque
1034 2533 1266 2602 poteris,
1307 2535 1361 2586 in
1403 2531 1658 2589 omnibus
1703 2535 1904 2614 rectius

315 2623 599 2672 teneatur.

395 2708 538 2761 Data
588 2707 803 2776 Romae,
868 2725 1052 2765 mense
1117 2709 1271 2776 Maii,
1333 2713 1624 2768 indictione
1692 2715 1901 2769 decima

311 2808 547 2867 quarta.

868 2868 1201 2924 EPISTOLA
1237 2869 1350 2924 XIX
1362 2913 1374 2924 .

437 2951 508 2990 an
539 2953 800 2992 craucuu
829 2942 1296 2995 manumissis“
1327 2957 1790 2997 ARCIIIEI’ISCOPL'I.

923 3029 1102 3099 (Anno
1132 3030 1314 3100 4076.)

311 3117 469 3171 Cum
521 3119 578 3190 in
619 3119 805 3190 Africa
847 3119 952 3190 duo
995 3119 1354 3186 tantummodo
1404 3123 1752 3190 reperirentur
1791 3138 1902 3188 epi-

342 3167 575 3258 πίον-ἕξ
597 3167 705 3240 alii
722 3167 974 3241 ἇῖαῧᾶξη
996 3167 1384 3258 agitatis:
1405 3167 1900 3244 ἐἷὲὸᾶἑὲὲέἰᾶηᾱὲἱὶη
1930 3167 1969 3222 C

392 3257 636 3309 mittant.

395 3345 714 3400 Gnscoaw‘s
732 3347 1039 3416 episcopus,
1056 3364 1244 3406 servus
1268 3366 1548 3405 servorum
1571 3351 1687 3417 Dei,
1709 3353 1904 3407 dilecto

314 3435 379 3488 in
433 3432 657 3503 Christo
695 3434 852 3488 fratri
899 3437 1129 3492 Crattco
1173 3439 1586 3509 Carthaginensi
1632 3441 1902 3510 archiepi-

313 3538 527 3592 scopo,
559 3524 788 3579 salutem
810 3536 863 3579 ct
881 3529 1228 3597 apostolicam
1254 3530 1701 3586 benedictionem.

399 3613 657 3667 Pervenit
684 3615 752 3669 ad
780 3631 940 3672 aures
976 3627 1191 3674 nostras
1220 3620 1364 3689 quod
1395 3619 1577 3674 Africa
1617 3636 1738 3690 quae
1778 3636 1902 3690 pars

321 3702 526 3756 niundi
573 3719 692 3758 esse
731 3705 948 3772 dicitur,
990 3704 1218 3778 quaeque
1258 3710 1420 3763 etiam
1461 3710 1779 3779 antiquitus,
1823 3711 1903 3764 vi-

322 3802 496 3864 gente
535 3794 604 3849 ibi
646 3785 1074 3866 Christiatiitate,
1115 3801 1352 3854 maximo
1388 3801 1766 3870 episcoporum
1801 3817 1901 3854 nu-

325 3900 491 3939 mero
514 3887 817 3956 regebatur,
848 3889 1155 3949 adtantum
1188 3890 1487 3959 periculum
1519 3892 1813 3957 devenerit,
1846 3901 1904 3946 ut

326 3975 385 4026 in
420 3975 725 4031 ordinando
765 3979 1022 4049 episcopo
1065 3992 1176 4036 tres
1215 3997 1325 4036 non
1371 3982 1566 4036 habeat
1599 3982 1899 4052 episc0pos.

323 4061 458 4126 Qua
479 4062 533 4114 in
555 4079 612 4117 re
631 4067 930 4121 maximum
959 4068 1282 4126 Christiana:
1310 4072 1584 4141 religionis
1604 4072 1903 4141 periculum

323 4150 763 4218 considerantes,
787 4163 841 4208 et
874 4155 927 4209 in
968 4159 1206 4211 maximo
1245 4168 1375 4228 agro
1416 4160 1606 4227 paucis
1641 4163 1905 4230 operariis

323 4239 750 4307 desudant‘rbus,
788 4245 950 4300 corde
989 4250 1591 4318 tenuscompatientes,
1621 4251 1902 4304 consului-

323 4346 463 4385 mus
484 4331 657 4397 vobis,
679 4332 925 4396 videlicet
953 4336 1047 4391 tibi
1067 4345 1122 4390 et
1152 4337 1226 4391 illi
1251 4338 1338 4393 cui
1359 4354 1531 4408 nuper
1551 4354 1772 4393 manum
1801 4338 1906 4392 im-

325 4420 640 4489 posuimus,
664 4424 978 4494 tit-aliquam
999 4441 1285 4496 personam
1312 4429 1609 4484 secundum
1634 4429 1900 4484 constitu-

324 4512 539 4580 tionem
579 4523 891 4570 sanctorum
937 4516 1155 4572 Patrum
1197 4519 1436 4590 eligatis,
1484 4521 1745 4591 nobisque
1783 4537 1902 4574 eam

323 4601 530 4656 litteris
564 4605 762 4658 vestris
800 4605 989 4672 fultam
1033 4610 1278 4676 mittatis,
1317 4621 1584 4681 quatenus
1625 4613 1744 4683 ipso
1797 4611 1928 4690 Deo,

301 4701 686 4759 cooperante,
715 4709 746 4747 a
777 4697 932 4752 nobis
959 4699 1208 4754 ordinato
1231 4701 1495 4771 vobisque
1523 4704 1772 4767 remisso,
1806 4719 1902 4758 ne-

322 4778 576 4832 cessitati
599 4779 982 4849 Ecelesiarum,
1014 4796 1075 4841 ut
1101 4791 1275 4844 sancti
1296 4807 1534 4845 canones
1562 4794 1899 4861 praecipiunt.

325 4868 718 4939 episcoporum
739 4872 1171 4930 ordinationibus
1192 4893 1512 4935 succurrere
1532 4882 1756 4937 valeatis
1776 4892 1829 4936 et
1845 4892 1903 4936 ut

323 4959 644 5014 Christiana
659 4976 790 5031 gens
804 4964 1044 5032 quotidie
1054 4951 1302 5035 gaudeat,
1317 4978 1481 5039 atque
1508 4972 1753 5040 proﬁciat
1777 4990 1902 5042 pas-

327 5051 494 5104 torali
515 5052 798 5122 regimine,
812 5064 866 5109 et
885 5055 1055 5120 labor,
1067 5057 1161 5126 qui
1173 5074 1336 5128 supra
1347 5061 1492 5115 vires
1501 5077 1600 5117 vos
1621 5065 1896 5133 opprimit,

327 5138 506 5193 levior
548 5141 622 5196 sit
647 5159 714 5198 ex
759 5146 1031 5200 sociorum
1065 5149 1367 5203 necessaria
1408 5151 1894 5210 administratione.

402 5225 756 5300 DataRomtc,
769 5249 953 5291 mense
964 5236 1129 5302 Junii,
1149 5238 1441 5294 indictione
1460 5241 1668 5298 decima
1683 5255 1893 5315 quarta.

877 5334 1205 5391 EPISTOLA
1242 5337 1355 5392 ΧΧ.

881 5442 948 5480 AD
985 5443 1348 5484 “IPPONENSES.

923 5526 1102 5592 (Auno
1143 5529 1320 5598 1076.)

326 5601 604 5656 Hortatur
643 5601 714 5684 ad
755 5605 1100 5684 obedientiam
1147 5616 1543 5684 archiepiscopi,
1582 5627 1629 5668 et
1671 5619 1739 5669 ad
1784 5635 1898 5670 mu-

696 5678 840 5725 tuam
873 5676 1179 5736 charitatcm
1208 5676 1532 5737 servandam.

400 5761 713 5815 Caesonius
735 5762 1038 5831 episcopus,
1073 5784 1262 5828 servus
1298 5791 1577 5830 servorum
1606 5776 1718 5843 Dei,
1748 5778 1892 5832 clero

1934 4479 1981 4537 Ι)

2009 636 2090 677 est
2117 627 2167 679 in
2195 627 2395 692 Africa,
2419 629 2747 689 constitutis,
2775 629 2998 681 salutem
3026 639 3072 682 et
3103 631 3454 698 ιιρυμιυιὶρειιιι
3487 631 3580 685 be-

2009 716 2390 769 nedictiom-m.

2079 801 2416 858 Servandum
2461 806 2956 875 archiepiscopum,
2992 823 3150 875 quem
3196 824 3225 861 a
3273 798 3432 863 vobis
3471 811 3582 864 ele-

2008 903 2152 948 ctum
2196 896 2261 949 ad
2297 912 2397 950 nos
2431 898 2859 950 consecrandum
2903 898 3144 963 misistis,
3173 900 3326 967 juxta
3372 901 3585 969 petitio-

2010 998 2130 1036 nem
2163 984 2422 1046 vestram,
2454 985 2748 1036 secundum
2786 987 2954 1054 legem
2993 997 3254 1050 nostram,
3292 988 3473 1041 divina
3503 987 3583 1042 fa-

2009 1081 2163 1126 vente
2193 1073 2474 1126 clementia
2508 1076 2970 1138 consecraviinus,
2996 1086 3157 1144 atque
3183 1089 3582 1143 consecratum,

2009 1167 2319 1236 nostrisque
2345 1168 2604 1236 legalibus
2624 1170 2884 1230 moribus,
2904 1169 2955 1221 in
2973 1179 3234 1237 quantum
3253 1169 3586 1240 possibilitas

2009 1256 2352 1326 spatiutnque
2375 1259 2636 1325 temporis
2663 1257 2902 1321 indulsit,
2927 1258 3210 1328 diligenter
3234 1261 3581 1318 instructum.

2008 1347 2074 1400 ad
2099 1361 2196 1401 vos
2227 1348 2558 1401 remisimus.
2594 1347 2764 1414 Quem
2799 1366 2921 1404 cum
2958 1351 3104 1402 omni
3141 1351 3426 1422 devotione
3465 1367 3585 1403 mit-

2009 1444 2114 1490 tua:
2151 1437 2434 1490 charitatis
2466 1439 2724 1506 omnique
2761 1433 3062 1492 reverentia
3096 1440 3422 1493 Christiana:
3459 1439 3584 1492 reli-

2007 1526 2184 1594 gionis
2216 1541 2472 1595 rogamus
2509 1543 2572 1580 ac
2605 1537 2824 1596 paterna
2863 1529 3125 1582 charitate
3168 1546 3261 1582 vos
3300 1545 3584 1585 monemus

2007 1615 2303 1681 suscipere,
2337 1623 2391 1668 ct
2426 1631 2643 1668 omnem
2694 1618 3050 1669 obedientiam
3089 1619 3285 1672 divinze
3321 1619 3454 1688 legis
3487 1636 3585 1674 vos

2008 1703 2293 1758 hortamur
2326 1705 2429 1758 sibi
2472 1706 2749 1759 lnuniliter
2779 1708 3055 1769 exhibere,
3093 1719 3362 1778 quatenus
3398 1712 3582 1779 populi

2008 1792 2221 1864 [omnes
2258 1797 2477 1866 populi]
2513 1797 2934 1852 Sarracenorum
2975 1801 3066 1868 qui
3094 1802 3250 1871 circa
3301 1817 3398 1854 vos
3436 1810 3582 1867 sunt,

2009 1883 2250 1937 videntes
2273 1886 2640 1939 sinceritatem
2666 1888 2786 1940 ﬁdei
2818 1896 3028 1951 vestrm,
3054 1890 3343 1956 puritatem
3368 1905 3585 1959 quoque

2007 1985 2208 2029 mutate
2232 1975 2380 2030 inter
2415 1993 2512 2030 vos
2548 1979 2742 2031 divinae
2788 1979 3072 2033 charitatis
3114 1996 3175 2032 ac
3211 1978 3464 2034 fraternae
3503 1981 3584 2034 di-

2007 2064 2256 2119 lectionis
2286 2069 2466 2134 potius
2494 2068 2558 2120 ad
2593 2069 3016 2131 :emulationem,
3042 2084 3205 2136 quam
3234 2070 3299 2123 ad
3338 2079 3581 2123 contem-

2007 2163 2155 2220 ptum
2191 2154 2513 2208 Christiana:
2561 2157 2704 2219 ﬁdei,
2741 2173 2805 2209 ex
2850 2159 3044 2210 vestris
3087 2159 3344 2225 optsr'rbus
3382 2176 3581 2227 provo-

2006 2257 2229 2311 ceutur;
2268 2255 2480 2314 oportet
2523 2246 2666 2297 enim
2714 2260 2810 2298 vos
2852 2246 3259 2316 considerantes
3285 2249 3584 2316 gloriﬁcent

2007 2336 2220 2390 Patrem
2265 2342 2507 2387 vestrum
2543 2335 2636 2402 qui
2675 2335 2728 2387 in
2766 2335 2920 2388 caelis
2961 2343 3063 2388 est.
3099 2336 3250 2404 Agite
3280 2337 3463 2405 igitur,
3502 2338 3583 2391 di-

2008 2426 2285 2480 lectissimi
2325 2424 2438 2487 ﬁlii,
2469 2424 2766 2477 sceumlum
2799 2434 3122 2493 praeceptum
3169 2425 3378 2479 Domini
3412 2429 3581 2481 nostri

2004 2515 2130 2567 Jesu
2166 2512 2390 2575 Christi,
2426 2512 2658 2564 dicentis
2704 2512 2771 2564 ad
2812 2512 3110 2581 discipulos
3146 2529 3313 2566 suos:
3366 2512 3584 2582 Diligite

2005 2619 2088 2654 vos
2117 2603 2355 2664 invicem,
2387 2601 2520 2652 sicut
2547 2615 2638 2668 ego
2667 2600 2831 2652 dilexi
2854 2617 2960 2653 ros.
2990 2600 3243 2668 Majorcm
3273 2601 3583 2655 charitatem

2005 2708 2151 2744 nemo
2189 2690 2337 2743 habet
2384 2699 2438 2741 ut
2481 2690 2713 2741 animam
2749 2705 2898 2740 suam
2933 2700 3091 2756 ponat
3120 2691 3236 2758 quis
3267 2706 3359 2757 pro
3394 2691 3582 2742 amicis

2004 2781 2112 2832 suis
2162 2777 2351 2848 (Joan.
2401 2794 2496 2842 xv;
2565 2777 2588 2828 1
2641 2775 2800 2829 Joan.
2862 2779 2965 2844 tv).
3015 2777 3306 2844 Apostolus
3364 2794 3609 2847 quoque,

2004 2870 2223 2935 Paulus,
2239 2869 2560 2938 magisteret
2579 2869 2768 2923 doctor
2794 2869 3198 2937 gentium,dicit
3218 2889 3229 2922 :
3251 2868 3308 2923 Si
3327 2869 3581 2921 Dominus

2004 2971 2184 3014 noster
2212 2960 2368 3013 Iesus
2413 2960 2655 3012 Christus
2688 2961 2832 3026 ponit
2881 2961 3114 3011 animam
3146 2977 3297 3011 suam
3332 2977 3427 3028 pro
3469 2963 3583 3013 ori-

2003 3051 2096 3101 bus
2123 3051 2254 3113 suis,
2284 3067 2345 3101 ac
2379 3050 2522 3100 dedit
2550 3049 2855 3116 sanguinem
2879 3065 3030 3102 suum
3064 3049 3463 3117 redemptionem
3489 3067 3582 3117 pro

2004 3139 2206 3202 multis,
2235 3139 2477 3192 debemus
2504 3149 2550 3191 et
2585 3156 2676 3191 nos
2712 3155 2806 3206 pro
2837 3139 3091 3207 fratribus
3118 3139 3350 3200 animam
3374 3155 3578 3207 ponere.

2010 3229 2059 3296 (Ι
2080 3227 2214 3282 Tim.
2235 3247 2268 3282 ιι
2285 3247 2298 3294 ;
2321 3228 2521 3282 IJoan.
2539 3230 2641 3295 tu).
2663 3230 2751 3282 Sic
2776 3229 2956 3297 itaque
2973 3245 3070 3282 vos
3084 3215 3303 3283 sedulos
3321 3246 3445 3297 erga
3462 3231 3579 3282 cul-

2006 3333 2120 3377 tum
2144 3324 2468 3378 Christiana:
2490 3324 2769 3394 religionis
2784 3324 3404 3401 exhibete,dilcctissimi
3423 3335 3583 3395 atque

2005 3413 2361 3466 amantissimi
2400 3412 2616 3478 fratres,
2655 3407 2928 3482 quatenus
2965 3423 3088 3481 post
3130 3415 3292 3482 hujus
3329 3417 3453 3468 vita:
3487 3430 3581 3483 pe-

2005 3501 2157 3567 lagus
2202 3500 2267 3551 ad
2317 3509 2534 3567 portum
2587 3507 2858 3566 perpetua:
2903 3500 3102 3566 quietis
3159 3507 3322 3568 atque
3367 3509 3584 3554 (eterna:

2004 3588 2352 3643 beatitudinis
2402 3588 2629 3642 feliciter
2679 3589 2960 3656 pervenire
3015 3589 3270 3657 possitis,
3325 3591 3584 3661 largiente

2003 3679 2121 3748 ipso
2157 3678 2516 3747 Redctnptore
2560 3663 2789 3730 Domino
2833 3686 3023 3731 nostro
3063 3677 3190 3733 Jesu
3218 3679 3455 3744 Christo,
3489 3681 3580 3747 qui

2005 3782 2129 3820 cum
2173 3765 2328 3820 Patre
2367 3775 2422 3818 et
2471 3764 2672 3834 Spiritu
2718 3776 2908 3820 sancto
2942 3766 3074 3819 vivit
3112 3776 3165 3819 et
3210 3777 3400 3836 regnat
3441 3767 3583 3821 Deus

2025 3872 2100 3908 \er
2129 3857 2308 3908 omnia
2334 3854 2590 3925 [inﬁnita]
2619 3854 2814 3907 stccula
2843 3855 3188 3908 satculorutu.
3226 3846 3417 3908 Amen.

2337 4029 2340 4031 Α
2530 3966 2865 4021 EPISTOLA
2906 3943 3044 4019 XXI.

2354 4073 2420 4112 AD
2457 4073 2612 4110 ASZIB
2651 4072 2824 4110 BKGEI
2858 4072 3222 4110 Il.\l’ll|'l'A.\'l.-E.

2589 4147 2769 4215 (Anno
2810 4146 2990 4209 1076.)

2005 4235 2202 4288 Scribit
2227 4252 2281 4287 se
2304 4235 2628 4288 Servandum
2653 4236 2950 4300 episcopum
2964 4234 3124 4302 juxta
3146 4233 3259 4301 ejus
3281 4234 3580 4301 petitionem

2073 4320 2418 4356 consecrasse.
2472 4302 2685 4353 Gratias
2719 4303 2830 4370 agit
2865 4303 2929 4353 de
2969 4302 3268 4355 muneribus
3305 4303 3499 4366 missis,
3533 4312 3581 4354 rt

2072 4374 2134 4452 de
2166 4370 2739 4452 captir‘is‘C/iristimlt‘is
2764 4371 3019 4452 dimissis.
3056 4371 3398 4452 Commendat
3427 4387 3582 4452 quos-

2075 4443 2198 4494 dam
2225 4443 2287 4493 ab
2314 4440 2555 4494 Albcrico
2579 4451 2627 4493 et
2655 4441 2838 4494 Cincio
2864 4440 3110 4494 Romanis
3138 4442 3206 4494 ad
3228 4459 3346 4495 eum
3373 4440 3577 4493 missos.

2076 4529 2384 4584 Gascomcs
2409 4530 2720 4599 episc0pus,
2751 4546 2941 4585 servus
2979 4546 3261 4585 servorum
3289 4530 3381 4585 Dei
3413 4531 3579 4584 ANZII

2007 4621 2254 4693 [ANAZIR]
2293 4621 2402 4692 regi
2443 4621 2778 4675 Mauritania:
2818 4621 3144 4689 Sitiphcnsis
3189 4625 3580 4692 provinciatin

2005 4708 2208 4773 Africa,
2233 4709 2460 4762 salutem
2493 4718 2544 4762 et
2567 4708 2925 4778 apostolicam
2948 4710 3398 4777 benedictionem.

2074 4797 2334 4852 Nobilitas
2360 4808 2451 4852 tua
2476 4799 2580 4853 hoc
2614 4801 2665 4852 in
2689 4814 2834 4852 anno
2859 4801 3064 4854 litteras
3089 4818 3217 4856 suas
3247 4802 3403 4854 nobis
3427 4802 3578 4855 mis-Tt

2003 4897 2270 4957 quatenus
2307 4889 2643 4943 Servandum
2688 4889 3064 4958 presbyterum
3105 4889 3442 4957 episcopum,
3491 4906 3576 4944 se-

2002 4979 2237 5032 cundum
2262 4979 2628 5032 Christianam
2666 4977 3127 5040 constitutionem,
3161 4977 3572 5044 ordinaremus;

2002 5069 2168 5137 quod,
2213 5069 2340 5136 quia
2379 5069 2565 5135 petitio
2605 5076 2695 5119 tua
2736 5066 2881 5132 justa
2920 5074 2974 5116 ct
3019 5065 3224 5132 optima
3271 5068 3574 5134 videbatur,

1964 5147 1976 5159 ”
2000 5156 2176 5209 facere
2211 5155 2538 5207 studuimus.
2578 5153 2755 5205 Missis
2777 5153 2936 5205 etiam
2983 5153 3048 5206 ad
3099 5169 3198 5208 nos
3234 5159 3572 5221 muneribus,

2001 5245 2361 5305 Christianos,
2389 5244 2482 5311 qui
2517 5243 2655 5311 apud
2690 5260 2785 5297 vos
2816 5246 3010 5313 captivi
3041 5247 3381 5311 tenebantur,
3417 5265 3570 5302 reve-

2002 5333 2174 5386 rentia
2219 5333 2360 5386 beati
2400 5331 2543 5387 Petri
2581 5333 2844 5402 principis
2878 5333 3270 5402 apostolorum,
3300 5346 3352 5390 et
3385 5351 3571 5388 amore

2002 5431 2189 5475 nostro
2219 5422 2495 5487 dimisisti,
2533 5423 2668 5477 alios
2703 5437 2922 5492 quoque
2958 5423 3198 5491 captivos
3228 5432 3277 5474 te
3307 5422 3566 5475 dimissu-

2002 5525 2123 5564 rum
2173 5513 2491 5580 promisisti.
2538 5509 2688 5565 llanc
2731 5512 2964 5578 denique
3010 5511 3300 5564 bonitatem
3343 5508 3569 5564 Creator

2002 5592 2246 5652 omnium
2272 5599 2433 5662 Deus,
2469 5599 2585 5652 sine
2613 5613 2723 5666 quo
2754 5599 2888 5651 nihil
2929 5598 3054 5650 boni
3088 5596 3290 5660 facere,
3323 5597 3432 5650 imo
3468 5612 3568 5651 nec

2003 5690 2237 5756 rogitare
2281 5701 2594 5755 possumus,
2631 5687 2780 5739 cordi
2820 5695 2918 5737 tuo
2967 5674 3280 5750 inspiravit;
3320 5686 3435 5752 ipse
3471 5687 3565 5752 qui

2003 5778 2268 5832 illuminat
2291 5789 2505 5830 omnem
2532 5775 2803 5828 hominem
2829 5772 3129 5826 venientem
3156 5773 3209 5824 in
3236 5773 3378 5825 hunc
3407 5788 3571 5844 muni
