4218 6418
725 471 822 524 451

1361 464 1417 520 S.
1452 461 1772 521 GRECORII
1809 461 1899 515 ΥΠ
1935 461 2135 518 ΡΑΡΔΞ
2171 459 2450 516 OPERUM
2478 458 2665 514 PARS
2700 460 2719 512 1

2319 459 2450 515 RUM
2478 458 2665 514 PARS
2700 460 2739 513 1.
2773 489 2844 498 —
2877 456 3292 514 RECISTRUM.

3828 463 3926 518 £32

728 581 856 632 dum
888 577 1065 648 (Joan.
1093 578 1131 646 ι)
1162 577 1215 629 in
1246 577 1346 628 hac
1371 572 1668 628 intentione
1699 581 1932 627 mentem
1962 581 2110 626 tuam
2152 572 2278 626 illu-
2309 574 2352 630 Α
2378 569 2623 624 Romano
2645 568 2842 639 palatio
2869 569 3151 622 nobiscum
3177 568 3419 631 enutriti,
3457 568 3689 622 multum
3720 570 3926 627 deside-

726 665 968 719 minavit.
996 663 1126 716 Nam
1154 663 1497 731 omnipotens
1523 661 1684 725 Deus,
1710 661 1801 728 qui
1827 674 2017 712 omnes
2038 659 2285 712 homines

727 753 842 806 vult
872 753 1051 806 salvos
1093 750 1299 814 facere,
1332 759 1386 802 et
1428 750 1693 802 neminem
1726 747 1900 816 perire
1932 745 1993 814 (Ι
2023 745 2157 799 Tim.
2201 745 2284 815 ιι),

634 898 639 908 ,
729 840 865 895 nihil
891 850 975 898 est
1019 840 1164 908 quod
1213 839 1267 892 in
1303 838 1462 892 nobis
1504 837 1675 905 magis
1721 836 1977 905 approbet
2019 850 2183 903 quam
2227 843 2288 887 ut

729 930 894 983 homo
934 937 1055 998 post
1096 927 1437 981 dilectionem
1481 941 1633 980 suam
1679 925 1952 979 hominem
1995 923 2202 991 diligat,
2235 930 2288 974 et

730 1017 874 1085 quod
904 1018 1006 1071 sibi
1039 1033 1147 1070 non
1175 1017 1292 1069 mlt
1324 1015 1462 1079 fieri,
1488 1015 1576 1067 alii
1605 1029 1710 1070 non
1739 1012 1898 1066 faciat
1931 1011 2142 1078 (Matth.
2168 1011 2282 1080 vn).

731 1104 878 1158 Hanc
906 1107 1085 1173 itaque
1108 1104 1423 1156 charitatem
1461 1117 1562 1154 nos
1593 1111 1646 1154 et
1670 1116 1766 1154 vos
1793 1099 2112 1168 specialibus
2132 1098 2287 1150 nobis

731 1209 893 1263 quam
932 1193 1139 1246 caeteris
1172 1192 1422 1260 gentibus
1454 1191 1731 1272 debemus,
1771 1189 1862 1258 qui
1896 1203 2062 1240 unum
2097 1186 2284 1250 Deum,

732 1283 856 1336 licet
879 1282 1090 1336 diverso
1115 1281 1292 1344 modo,
1319 1279 1588 1332 credimus
1611 1286 1663 1330 et
1688 1277 2023 1339 confitemur,
2047 1275 2140 1345 qui
2162 1289 2285 1327 eum

733 1370 1040 1439 Creatorem
1066 1370 1388 1424 seculorum
1409 1376 1463 1422 et
1488 1369 1895 1437 gubernatorem
1921 1367 2081 1434 hujus
2104 1365 2287 1418 mundi

733 1461 971 1528 quotidie
1006 1460 1289 1513 laudamus
1330 1466 1383 1511 et
1417 1473 1752 1510 veneramur.
1797 1455 1928 1509 Nam
1973 1456 2116 1507 sicut
2147 1453 2288 1523 Apo-

735 1547 904 1600 stolus
939 1547 1108 1600 dicit:
1146 1544 1264 1613 Ipse
1304 1553 1380 1596 est
1420 1561 1525 1612 pax.
1565 1553 1741 1596 nostra
1783 1544 1872 1611 qui
1908 1543 2031 1610 fecit
2074 1551 2289 1610 utraque

734 1650 892 1684 mium
924 1633 1133 1702 (Ep/tes.
1171 1633 1250 1700 ιι).
1284 1631 1386 1685 Sed
1419 1632 1557 1685 hanc
1590 1632 1684 1685 tibi
1715 1631 1941 1701 gratiam
1967 1648 1998 1684 a
2023 1631 2130 1684 Deo
2155 1645 2277 1683 con-

732 1735 939 1772 cessam
965 1720 1147 1787 plures
1169 1719 1431 1772 nobilium
1459 1717 1823 1770 Romanorum
1850 1733 1943 1786 per
1970 1732 2069 1770 nos
2091 1730 2289 1784 cogno-

733 1821 963 1872 scentes,
1004 1809 1298 1862 bonitatem
1339 1818 1392 1862 et
1427 1809 1652 1862 virtutes
1693 1817 1814 1861 tuas
1850 1809 2072 1860 omnino
2113 1806 2286 1860 admi-

2386 668 2567 714 rantes
2597 658 2650 712 in
2675 659 2966 713 amicitiam
2999 665 3310 711 et'amorem
3334 665 3483 711 tuum
3507 658 3772 723 devenire,
3794 669 3848 713 et
3867 661 3929 715 de

2385 747 2471 800 his
2499 761 2621 816 quae
2666 747 2719 799 in
2753 745 2997 814 patribus
3030 744 3231 798 nostris
3273 735 3534 813 placuerit
3578 746 3672 799 tibi
3711 747 3929 801 libenter

2385 836 2607 900 servire,
2635 835 2855 888 mittunt
2883 835 2948 888 ad
2984 843 3036 887 te
3070 834 3315 886 homines
3341 847 3490 898 suos,
3523 843 3584 887 ut
3611 849 3704 903 per
3725 850 3821 890 eos
3849 835 3928 889 in-

2386 923 2594 992 telligas
2625 930 2888 991 quantum
2935 929 2986 974 te
3012 921 3324 989 prudentem
3348 928 3402 973 et
3427 920 3659 974 nobilem
3687 921 3928 983 habeant,

2385 1022 2441 1068 et
2471 1023 2735 1086 quantum
2774 1013 2869 1066 tibi
2909 1013 3138 1067 libenter
3172 1013 3371 1065 servire
3407 1011 3574 1064 velint
3609 1019 3665 1064 et
3706 1012 3925 1064 valeant.

2386 1101 2534 1168 Quos
2583 1103 2994 1172 magniﬁcentiae
3038 1111 3145 1154 tua:
3187 1100 3624 1166 commendantes
3663 1115 3928 1170 rogamus.

2387 1201 2446 1246 ut
2469 1207 2588 1245 eam
2611 1191 2944 1254 charitatem,
2973 1205 3135 1259 quam
3161 1190 3252 1242 tibi
3285 1190 3498 1257 tuisque
3519 1189 3768 1242 omnibus
3797 1201 3932 1244 scm-

2386 1296 2481 1350 per
2504 1279 2811 1348 impendere
2834 1279 3223 1343 desideramus,
3245 1277 3325 1330 cis
3347 1265 3444 1346 pro
3477 1292 3661 1331 amore
3683 1286 3866 1331 nostro
3884 1286 3934 1330 ct

2389 1367 2886 1436 recompensatione
2948 1366 3216 1419 fidelitatis
3267 1365 3647 1434 praedictorum
3699 1367 3932 1419 virorum

2387 1457 2695 1526 impendere
2739 1456 2974 1511 studeas.
3015 1455 3127 1509 Scit
3163 1456 3307 1509 enim
3349 1454 3492 1509 Deus
3533 1457 3659 1526 quia
3703 1472 3836 1524 pure
3871 1457 3932 1510 ad

2388 1547 2645 1600 honorem
2682 1544 2774 1598 Dei
2816 1553 2868 1598 te
2903 1543 3199 1612 diligimus,
3229 1552 3282 1597 et
3321 1543 3549 1597 salutem
3583 1552 3639 1598 et
3677 1542 3930 1598 honorem

2388 1643 2540 1688 tuum
2573 1633 2627 1686 in
2662 1632 2908 1702 praesenti
2933 1640 2986 1685 et
3013 1632 3065 1684 in
3098 1617 3283 1685 futura
3301 1631 3410 1684 vita
3435 1622 3820 1685 desideramus.
3845 1633 3932 1684 At-

2387 1741 2492 1793 que
2515 1731 2574 1778 ut
2598 1725 2712 1794 ipse
2745 1723 2886 1778 Deus
2919 1723 2974 1777 in
3021 1723 3201 1776 sinum
3231 1721 3579 1780 beatitudinis
3611 1722 3930 1776 sanctissimi

2389 1815 2705 1882 patriarcha:
2738 1813 2967 1868 Abrahae
2999 1820 3121 1880 post
3162 1812 3319 1881 longa
3343 1812 3507 1882 hujus
3534 1812 3655 1867 vita:
3682 1813 3852 1881 spatia
3884 1822 3933 1866 te

650 1956 655 1961 _
736 1891 923 1950 rantur
942 1905 995 1950 et
1016 1898 1324 1966 pradicant.
1351 1897 1492 1951 Inter
1514 1914 1651 1967 quos
1671 1898 1778 1950 duo
1803 1897 2092 1950 familiares
2117 1895 2287 1948 nostri
2321 1890 2362 1946 Β
2389 1901 2646 1970 perducat
2665 1901 2826 1954 corde
2849 1908 2903 1952 et
2923 1913 3016 1952 ore
3042 1914 3313 1968 rogamus.

733 1992 1010 2046 Albericus
1029 2002 1083 2046 et
1107 1992 1349 2056 Cincius,
1374 2001 1427 2046 et
1456 1993 1523 2045 ab
1546 1993 1660 2061 ipsa
1685 2006 1821 2060 pene
1849 1989 2205 2043 adolescentia
2231 1987 2286 2039 in

1529 2226 1882 2310 LIBER
1952 2219 2492 2334 QUARTUS
2565 2184 3151 2305 REGI'STRI.

742 2375 914 2434 Anno
944 2374 1275 2433 Dominicis
1303 2373 1766 2432 Incarnationis
1797 2371 2116 2432 millesimo
2153 2368 2595 2446 septuagesimo
2617 2376 2792 2427 sexto
2814 2409 2830 2439 ,
2864 2367 3204 2428 indictione
3230 2369 3457 2429 decima
3499 2382 3721 2450 quarta
3749 2372 3923 2450 (337).

1205 2517 1538 2572 EPISTOLA
1576 2517 1806 2572 PRIMA.

1115 2624 1182 2663 AD
1223 2623 1504 2662 llNlVERSOS
1541 2623 1727 2663 CllRlST
1736 2623 1902 2662 M305.

1335 2696 1493 2750 Anno
1533 2696 1713 2759 1076.)

741 2786 991 2851 Queritur
1014 2786 1076 2837 de
1109 2783 1322 2836 Henrici
1355 2785 1486 2851 regis
1517 2785 1758 2852 perfidia,
1781 2793 1830 2837 et
1856 2784 2008 2836 malis
2042 2799 2156 2851 quae
2189 2782 2288 2835 Ec-

807 2854 966 2906 clesia
997 2852 1060 2904 ab
1112 2867 1170 2904 eo
1203 2851 1517 2919 patiebatur.
1554 2851 1726 2904 Monet
1762 2860 1817 2903 ut
1861 2868 1978 2903 eum
2017 2852 2084 2902 ad
2121 2867 2290 2902 veram

808 2921 1160 2990 paenitentiam
1203 2928 1532 2990 provocent;
1543 2920 1679 2987 quod
1725 2920 1772 2971 si
1813 2919 2288 2990 audiregnogluerit,

808 2986 1029 3069 uiriliter
1071 2987 1152 3069 illi
1184 2986 1447 3069 resistant:
1486 2986 1590 3067 Eos
1611 3003 1751 3069 luero
1781 2989 1896 3069 παὶ.
1919 2987 2024 3066 regi
2055 2987 2288 3067 att/nese-

808 3067 947 3123 raut,
970 3059 1016 3110 si
1043 3057 1337 3125 resipiscere
1367 3055 1644 3121 voluerint,
1675 3056 1743 3107 ad
1770 3054 2017 3108 Ecclesia:
2039 3057 2291 3125 gremium

810 3127 1110 3180 admittant.
1145 3124 1280 3176 illios
1307 3133 1481 3176 autem
1501 3125 1590 3193 qui
1623 3141 1655 3176 a
1684 3125 2040 3176 communione
2074 3124 2207 3192 regis
2237 3138 2289 3175 se

724 3215 727 3219 ·
786 3211 908 3258 quon
930 3194 1306 3257 subtraxerint,
1337 3193 1574 3244 vitandos
1597 3207 1708 3245 esse
1737 3193 2076 3251 demonstrat.

725 3294 728 3296 ’
815 3298 1136 3360 Caesonius,
1167 3296 1472 3362 episcopus,
1510 3309 1696 3348 servus
1722 3310 2000 3348 servorum
2028 3294 2142 3359 Dei,
2177 3311 2293 3348 om-

742 3389 904 3442 nibus
928 3387 981 3440 in
1004 3384 1223 3439 Christo
1247 3383 1522 3448 fratribus,
1548 3384 1815 3452 episcopis
1843 3383 2108 3448 videlicet,
2132 3384 2293 3437 abba-

742 3478 886 3531 tibus
907 3483 1067 3544 atque
1088 3471 1477 3538 sacerdotibus,
1501 3472 1728 3526 ducibus
1753 3473 1934 3537 etiam,
1963 3473 2293 3542 principibus

743 3565 903 3636 atque
933 3565 1213 3630 militibus,
1253 3563 1613 3630 omnibusque
1649 3562 2011 3631 Christianam
2053 3563 2210 3616 tidem
2239 3571 2294 3616 et

741 3654 885 3729 beati
915 3654 1058 3707 Petri
1083 3655 1344 3706 honorem
1371 3650 1942 3727 reveradiligentibus,
1967 3652 2022 3704 in
2048 3650 2292 3705 Romano

745 3745 970 3812 imperio
994 3739 1376 3803 habitantibus,
1408 3739 1640 3807 salutem,
1661 3746 1717 3792 et
1741 3740 2088 3806 apostolicam
2127 3739 2292 3794 bene-

744 3832 1052 3886 dictionem.
1151 3895 1154 3898 .
1401 3865 1407 3874 ,

813 3909 1025 3972 Gratias
1061 3915 1282 3984 agimus
1305 3913 1656 3984 omnipotenti
1687 3912 1816 3978 Deo,
1850 3929 1942 3982 qui
1973 3921 2190 3982 pr0pter
2212 3912 2293 3964 ni-

746 4010 908 4063 miam
937 4006 1251 4075 charitatem
1275 4019 1429 4057 suam
1453 4018 1558 4072 qua
1581 4002 1766 4056 dilexit
1788 4017 1889 4056 nos
1911 4002 2133 4071 proprio
2157 4001 2293 4054 Filio

746 4109 848 4149 suo
879 4108 988 4146 non
1031 4091 1285 4160 pepercit,
1331 4090 1422 4143 sed
1463 4105 1560 4158 pro
1598 4090 1753 4143 nobis
1796 4088 2046 4142 omnibus
2080 4088 2296 4144 tradidit

747 4185 926 4247 illum;
956 4183 1046 4251 qui
1087 4182 1225 4234 ultra
1271 4179 1539 4244 meritum,
1571 4178 1712 4231 ultra
1748 4192 1896 4246 spem
1926 4177 2086 4230 etiam
2119 4177 2292 4230 bono-

741 4288 870 4328 rum
891 4273 1170 4326 hominum
1194 4270 1354 4342 [forte
1375 4267 1642 4338 omnium]
1669 4267 1965 4322 Ecclesiam
1992 4281 2142 4320 suam
2168 4280 2292 4335 pro—

748 4361 898 4430 tegit,
925 4361 1184 4430 gubernat
1201 4367 1254 4412 et
1280 4357 1533 4412 defendit.
1571 4357 1733 4410 Scitis
1759 4357 1926 4421 enim,
1951 4355 2144 4409 fratres
2164 4355 2292 4409 eba-

743 4448 974 4511 rissimi,
1001 4447 1124 4514 quia
1159 4447 1263 4499 hoc
1285 4433 1588 4513 periculoso
1618 4453 1877 4514 tempore,
1902 4445 2118 4514 quando
2140 4445 2291 4499 Anti-

749 4535 986 4596 christus
1018 4535 1073 4587 in
1099 4525 1222 4586 suis
1252 4530 1507 4584 membris
1530 4531 1641 4598 jam
1675 4539 1948 4598 operatur,
1982 4533 2178 4599 ubique
2202 4534 2289 4585 vix

748 4621 944 4689 aliquis
977 4620 1115 4674 solet
1142 4617 1392 4682 inveniri,
1425 4617 1518 4685 qui
1543 4631 1727 4671 revera
1755 4623 1809 4670 et
1831 4615 1997 4670 Deum
2038 4626 2093 4671 et
2120 4620 2292 4672 hono—

751 4727 865 4766 rem
907 4710 1024 4778 ejus
1059 4708 1263 4776 diligat,
1290 4695 1408 4774 ejus
1433 4696 1693 4776 praacepta
1732 4707 1974 4762 surculari
2009 4709 2291 4762 commodo

737 4809 802 4853 'et
821 4797 1011 4868 gratiae
1041 4806 1376 4849 terrenorum
1410 4795 1711 4863 principum
1749 4786 2041 4865 praeponat.
2072 4795 2175 4852 Sed
2204 4798 2291 4851 ille

751 4885 843 4952 qui
866 4897 973 4936 non
999 4881 1206 4950 repellit
1225 4879 1433 4949 plebem
1457 4894 1630 4946 suam,
1653 4889 1706 4934 et
1727 4883 1965 4950 quotidie
1986 4893 2290 4952 peccatores

753 4985 784 5022 a
814 4964 1029 5023 sinistra
1072 4970 1126 5022 in
1171 4967 1444 5022 dexteram
1478 4959 1790 5034 commutat,
1831 4985 1927 5023 vos
1966 4970 2195 5038 prepitio
2227 4985 2290 5023 ac

754 5069 943 5110 sereno
975 5056 1126 5108 vultu
1165 5057 1418 5126 respexit,
1462 5064 1516 5111 et
1545 5065 1731 5111 contra
1773 5072 1902 5112 suos
1943 5057 2191 5111 inimicos
2223 5058 2289 5111 ad

755 5141 980 5196 salutem
1005 5143 1294 5196 multarum
1332 5146 1568 5212 gentium
1611 5149 1800 5214 erexit,
1835 5157 1896 5202 ut
1937 5147 2106 5218 magis
2138 5149 2290 5204 vobis

755 5233 917 5286 libeat
948 5230 1003 5282 in
1035 5229 1273 5307 periculo
1300 5234 1617 5290 transitoria:
1649 5238 1772 5293 vita:
1799 5240 2093 5294 consistere
2126 5255 2286 5310 quam

753 5315 939 5398 interni
977 5317 1134 5386 Regis
1169 5318 1391 5386 gloriam
1429 5328 1484 5372 et
1522 5321 1782 5401 honorem
1819 5328 2067 5382 humana:
2103 5330 2289 5398 gratiae

749 5416 1090 5478 postponere.
1128 5404 1252 5470 Haec
1287 5406 1466 5474 itaque
1502 5398 1777 5474 facientes,
1812 5427 1920 5465 non
1967 5430 2096 5468 aure
2127 5418 2287 5484 surda

756 5495 1117 5564 apostolorum
1145 5493 1434 5564 principem
1469 5495 1731 5551 dicentem
1757 5500 1996 5554 transitis
2019 5499 2109 5570 [f.,
2140 5505 2290 5558 audi-

825 5699 968 5771 (387)
995 5701 1243 5758 Attamen
1267 5718 1454 5761 omnes
1477 5704 1588 5760 fere
1610 5707 1675 5761 ad
1709 5724 1774 5761 xv
1803 5709 2088 5778 pertinent.

2390 2496 2484 2568 tis]
2511 2515 2523 2550 :
2551 2495 2720 2550 Genus
2744 2497 2984 2564 electum,
3017 2492 3187 2566 regale
3209 2496 3560 2552 sacerdotium
3583 2499 3636 2571 (1
3661 2500 3806 2554 Petr.
3830 2503 3887 2578 tt)
3912 2521 3925 2554 :

2393 2585 2612 2641 Obedire
2645 2587 2812 2656 magis
2834 2595 3034 2654 oportet
3055 2586 3162 2639 Deo
3186 2603 3342 2656 quam
3366 2588 3662 2642 hominibus
3698 2588 3833 2657 (Act.
3854 2589 3922 2657 v).

2389 2675 2524 2731 Nam
2549 2685 2726 2732 vestra
2751 2675 3057 2731 fraternitas
3079 2676 3298 2732 minime
3323 2678 3536 2747 ignorat
3562 2687 3764 2750 quanto
3797 2687 3926 2733 tem-

2389 2781 2519 2834 pore
2541 2775 2725 2820 sancta
2753 2765 2990 2820 Ecclesia
3019 2766 3286 2820 inauditas
3305 2769 3597 2836 pravitates
3621 2778 3674 2823 et
3696 2769 3926 2824 diversas

2389 2854 2702 2921 iniquitates
2715 2854 2878 2923 regis,
2903 2864 2957 2908 et
2975 2856 3184 2931 utinam
3207 2853 3522 2922 Christiani,
3543 2867 3596 2912 et
3621 2850 3784 2912 vestri
3813 2873 3926 2912 sus-
3951 2841 3956 2846 ’

2389 2942 2572 3005 tinuit,
2613 2949 2667 2995 et
2693 2949 2908 3010 quanta:
2926 2943 3099 2995 ruinae
3127 2950 3447 3012 quantaeque
3472 2947 3781 3012 calamitati,
3819 2947 3924 3016 ipso

2389 3031 2612 3098 antiquo
2647 3030 2802 3085 hoste
2841 3038 3060 3085 auctore
3097 3030 3444 3098 praecedente,
3477 3033 3665 3100 patuit.
3701 3035 3797 3087 Cui
3833 3047 3924 3087 nos

2389 3116 2625 3170 fraterna
2665 3113 2950 3170 dilectione
2987 3124 3042 3170 et
3085 3130 3268 3168 amore
3310 3117 3478 3184 patris
3510 3125 3565 3170 et
3596 3119 3782 3172 matris
3816 3117 3924 3187 ejus

2319 3189 2360 3244 (ἶ
2389 3207 2557 3273 ducti,
2585 3209 2761 3262 adhuc
2782 3209 2836 3262 in
2861 3209 3150 3262 diaconatu
3184 3207 3344 3276 positi
3369 3207 3750 3263 admonitionis
3774 3207 3922 3262 verba

2393 3295 2815 3361 transmisimus,
2850 3305 2904 3350 et
2940 3304 3228 3364 postquam
3267 3294 3333 3348 ad
3367 3293 3600 3350 oﬂicium
3634 3295 3921 3356 sacerdotii,

2390 3380 2514 3435 licet
2540 3375 2764 3452 indigni,
2806 3381 3072 3449 venimus,
3098 3389 3158 3435 ut
3183 3381 3471 3451 respiceret
3493 3396 3846 3451 summopere,
3877 3389 3926 3434 et

2391 3469 2698 3538 frequenter
2741 3485 2838 3540 per
2870 3470 3020 3524 viros
3049 3469 3333 3540 religiosos
3363 3469 3788 3538 procuravimus.
3819 3467 3925 3537 Ipse

2389 3575 2517 3614 vero
2551 3560 2680 3629 quid
2725 3568 2915 3614 contra
2963 3559 3154 3628 egerit,
3197 3566 3252 3614 et
3292 3559 3566 3628 quomodo
3604 3559 3803 3613 malum
3835 3545 3952 3626 pro.

2388 3648 2530 3702 bono
2550 3649 2859 3712 reddiderit,
2883 3647 2966 3701 vel
2986 3646 3218 3716 qualiter
3235 3645 3548 3701 calcaneum
3570 3661 3728 3700 suum
3750 3653 3922 3698 contra

2389 3736 2604 3789 beatum
2631 3734 2849 3788 Petrum
2873 3733 3148 3803 erigendo,
3170 3741 3412 3788 sanctam
3435 3731 3747 3795 Ecelcsiam,
3772 3727 3921 3799 quam

2390 3825 2493 3878 sibi
2524 3824 2864 3892 omnipotens
2905 3822 3048 3876 Deus
3087 3821 3374 3886 commisit,
3405 3821 3651 3892 scindere
3676 3833 3922 3888 procura-

2389 3913 2544 3978 verit,
2567 3912 2744 3967 vestra
2766 3911 2917 3966 novit
2936 3911 3196 3976 charitas,
3221 3918 3276 3965 et
3293 3924 3390 3978 per
3408 3899 3590 3962 omnia
3616 3909 3799 3963 mundi
3819 3910 3918 3978 jam

2391 4001 2668 4070 personuit
2693 4001 2928 4054 climata.
2973 3998 3079 4055 Sed
3116 4000 3244 4068 quia
3272 3999 3442 4054 nostri
3465 4007 3550 4054 est
3576 3999 3732 4063 oflicii
3762 3999 3922 4053 homi-

2392 4106 2507 4156 nes,
2542 4106 2650 4144 non
2673 4090 2802 4167 vitia
2837 4091 3074 4161 diligere,
3110 4099 3161 4144 et
3186 4090 3384 4161 pravis,
3415 4099 3477 4146 ut
3500 4092 3817 4161 resipiscam
3843 4106 3918 4145 re-

2391 4178 2601 4245 sistere,
2631 4187 2685 4234 et
2719 4179 3041 4256 impietates,
3073 4193 3178 4233 non
3221 4179 3805 4256 hominesabhorrere,
3834 4193 3920 4230 au-

2391 4271 2632 4326 ctoritate
2651 4270 2792 4325 beati
2815 4269 2956 4324 Petri
2978 4271 3344 4340 apostolorum
3372 4271 3632 4340 principis
3655 4281 3919 4324 monemus

2391 4374 2504 4426 vos,
2531 4369 2585 4414 et
2607 4367 2668 4413 ut
2693 4355 3045 4413 charissimos
3073 4341 3268 4413 fratres
3297 4372 3572 4427 rogamus,
3596 4355 3790 4410 amodo
3814 4361 3920 4409 stu-

2389 4445 2509 4499 dcte
2536 4447 2686 4499 illum
2717 4446 2783 4498 de
2804 4459 2967 4518 manu
2993 4444 3192 4497 diaboli
3215 4429 3424 4507 eruere,
3448 4451 3503 4496 et
3523 4442 3593 4496 ad
3615 4457 3797 4496 veram
3817 4453 3918 4508 pa:-

2393 4536 2672 4588 nitentiam
2693 4523 3008 4602 provocare,
3029 4534 3094 4585 ut
3114 4547 3235 4586 eum
3258 4531 3551 4600 possimus,
3573 4529 3682 4585 Deo
3702 4529 3915 4594 favente,

2392 4623 2458 4675 ad
2499 4621 2678 4674 sinum
2721 4620 3025 4674 communis
3059 4619 3246 4673 matris
3271 4626 3486 4684 nostrae,
3521 4634 3685 4688 quam
3708 4628 3916 4674 conatus

2390 4717 2473 4763 est
2501 4707 2763 4772 scindere,
2801 4705 3038 4762 fraterna
3081 4707 3226 4761 ducti
3255 4707 3517 4764 charitate
3550 4722 3824 4772 revocare,
3851 4707 3914 4759 ita

2389 4807 2566 4852 tamen
2602 4807 2664 4852 ut
2700 4798 2845 4852 nulla
2888 4797 3059 4867 possit
3100 4796 3284 4854 fraude
3324 4798 3553 4853 recidiva
3587 4799 3735 4853 clade
3771 4790 3913 4852 Chri-

2388 4889 2615 4943 stianam
2657 4888 2967 4958 religionem
3002 4887 3346 4954 confundere,
3386 4897 3440 4944 et
3469 4898 3712 4944 sanctam
3747 4887 3910 4941 lict-leo

2388 4980 2522 5033 siam
2553 4979 2777 5047 pedibus
2799 4981 2911 5035 suis
2935 4982 3270 5036 coneulcare.
3559 5015 3563 5021 -
3609 4988 3612 4990 ⁷

2456 5066 2610 5130 Quod
2656 5067 2701 5120 si
2741 5083 2838 5123 vos
2883 5085 2992 5122 non
3038 5057 3284 5134 audierit,
3333 5075 3388 5122 et
3433 5058 3706 5120 diabolum
3753 5063 3912 5135 potius

2387 5168 2550 5221 quam
2591 5153 2867 5210 Christum
2917 5157 3068 5226 sequi
3108 5157 3345 5226 elegerit,
3379 5162 3433 5208 et
3459 5153 3666 5208 eorum
3706 5149 3796 5224 qui
3825 5166 3909 5222 pro

2390 5243 2692 5299 Simoniaea
2726 5243 2916 5300 haeresi
2950 5247 3064 5316 jam
3105 5261 3200 5314 per
3233 5245 3405 5313 longa.
3434 5231 3676 5311 tempora
3715 5257 3907 5299 excom-

2387 5333 2642 5387 municati
2667 5344 2793 5389 sunt
2820 5337 3105 5391 consilium
3132 5332 3282 5386 vobis
3308 5333 3621 5401 prmtulerit,
3647 5335 3818 5389 divina
3841 5333 3908 5387 in-

2387 5423 2623 5491 spirante
2649 5425 2908 5492 potentia,
2933 5423 3093 5479 simul
3128 5422 3483 5488 inveniamus,
3517 5423 3782 5495 simulque
3805 5432 3904 5479 sta-

2389 5519 2623 5578 tuamus,
2651 5522 2711 5566 ut
2739 5512 3025 5567 Dominum
3055 5511 3257 5566 homini
3283 5523 3676 5584 praeponentes,
3710 5515 3904 5571 univer-
