4218 6396
258 348 298 383 ‘\

273 409 359 463 $55
1135 431 1138 434 ~
1327 400 1352 453 ι
1370 397 1526 450 lBER
1561 394 1904 463 QUARTUS.
1938 425 2008 436 —
2043 395 2258 450 EPIST.
2296 394 2358 448 ll.

3353 396 3459 449 454

276 523 361 577 sali
389 517 641 573 Ecclesia:
663 516 887 585 jamjam
926 528 1060 582 pene
1089 511 1288 565 labenti
1318 527 1700 566 succurramus
1729 511 1808 564 vi-
1836 513 1881 568 Α
1976 526 2099 580 pum
2127 510 2421 585 [ullensem
2448 511 2510 563 ab
2544 510 2928 585 archiepiscopo
2968 511 3278 585 Treverensi,
3317 528 3376 585 ne
3407 513 3465 566 in

274 611 441 663 riliter.
465 605 790 674 Quicunque
815 620 882 658 ex
925 604 1007 656 his
1039 601 1328 669 resipuerit
1363 603 1456 670 qui
1496 590 1808 670 praedictum

276 713 431 766 regem
454 713 561 750 non
593 696 930 750 erubuerunt
955 692 1308 759 omnipotenti
1342 691 1451 746 Deo
1477 705 1808 760 praeponere,

273 799 319 842 et
334 787 692 840 Christianam
717 786 907 854 legem,
931 782 977 837 si
1001 797 1109 835 non
1134 781 1610 853 verbis,goperibus
1631 788 1810 852 tamen

275 895 471 948 negare,
501 879 643 931 sicut
671 877 802 930 dicit
843 874 1170 943 Apostolus:
1211 871 1311 925 Ore
1345 873 1552 942 quidem
1583 872 1814 940 fatentur

277 967 442 1028 Deum,
479 965 636 1034 factis
667 974 842 1016 autem
871 970 1064 1030 negant
1101 959 1228 1028 (Tit.
1265 961 1333 1028 1);
1363 975 1461 1012 vos
1491 959 1683 1012 fratres
1706 959 1811 1012 mei

274 1065 319 1109 et
351 1054 757 1109 consacerdotes
800 1051 922 1104 illos
947 1051 1268 1103 auctoritate
1299 1049 1442 1102 beati
1465 1048 1618 1121 (Petri
1641 1050 1814 1103 susci-

274 1143 389 1211 pite,
416 1147 467 1192 et
489 1140 554 1192 ad
590 1140 856 1208 gremium
881 1138 1070 1190 matris
1101 1144 1313 1215 nostrae
1339 1143 1538 1189 sancta:
1562 1135 1814 1190 Ecclesia:

277 1228 517 1290 reducite,
545 1236 604 1280 ut
626 1225 941 1280 mereamini
967 1225 1219 1294 gaudium
1246 1224 1300 1276 in
1327 1224 1465 1277 cmlo
1493 1224 1694 1292 angelis
1721 1223 1812 1277 Dei

277 1318 537 1370 innovare.
554 1313 611 1367 In
631 1314 886 1367 omnibus
909 1321 1108 1377 tamen,
1127 1313 1266 1366 sicut
1289 1312 1441 1366 decet
1468 1314 1833 1369 charissimos.

276 1405 417 1468 ﬁlios,
441 1405 698 1457 honorem
731 1403 804 1472 pii
835 1401 1011 1456 Patris
1049 1402 1214 1455 vestri
1257 1403 1624 1470 apostolorum
1662 1403 1813 1472 prin-

276 1492 396 1560 cipis
419 1507 524 1559 prze
545 1491 719 1545 oculis
749 1491 959 1544 habete.
991 1477 1310 1556 Quicunque
1334 1497 1512 1543 autem
1532 1492 1818 1560 episcopo—

278 1597 384 1633 rum
410 1581 489 1634 vel
513 1580 776 1634 laicorum
803 1579 996 1646 timore
1023 1578 1108 1630 vel
1146 1577 1314 1645 gratia
1346 1579 1582 1633 humana
1611 1580 1814 1634 seducti

277 1682 303 1720 s
323 1667 690 1722 communione
721 1667 860 1735 regis
889 1681 944 1721 se
971 1681 1077 1719 non
1103 1667 1507 1734 subtraxerunt,
1536 1670 1627 1722 sed
1658 1671 1705 1722 ci
1735 1669 1815 1723 l‘a-

277 1765 443 1811 ventes
485 1757 721 1810 animam
751 1772 906 1810 suam
943 1766 996 1809 et
1042 1755 1186 1822 illius
1215 1757 1431 1811 diabolo
1459 1759 1669 1812 tradere
1709 1774 1814 1811 non

279 1847 573 1909 timuerunt,
608 1845 655 1899 si
686 1860 796 1898 non
832 1845 1158 1914 resipuerint
1191 1855 1245 1900 et
1282 1848 1602 1918 condignam
1641 1849 1816 1916 paeni-

280 1937 480 1989 tentiam
509 1937 742 2005 egerint,
773 1936 975 1988 nullam
1011 1951 1135 1988 cum
1165 1937 1243 2000 eis
1275 1938 1709 1991 communionem
1735 1937 1818 1991 vel

280 2024 552 2078 amicitiam
571 2013 838 2077 habeatis.
865 2022 958 2077 Isti
978 2024 1120 2077 enim
1145 2033 1271 2077 sunt
1291 2026 1384 2093 qui
1407 2028 1638 2078 animam
1665 2041 1817 2079 suam

280 2122 324 2164 et
347 2112 480 2180 regis
493 2113 621 2166 odio
638 2113 839 2166 habent
857 2121 911 2166 et
934 2112 1206 2177 occidunt,
1224 2121 1276 2166 et
1296 2130 1544 2184 regnum,
1568 2115 1816 2183 patriam,

279 2200 735 2270 Christianamque
769 2201 1089 2271 religionem
1120 2201 1450 2257 confundere
1488 2216 1596 2257 non
1623 2205 1817 2258 erube-

281 2296 441 2343 scunt.
467 2289 617 2356 Sicut
645 2290 792 2344 enim
821 2291 978 2346 nobis
1011 2291 1255 2345 imminet
1279 2293 1424 2360 quod
1469 2308 1565 2361 per
1589 2295 1820 2363 prophe-

282 2387 380 2432 tam
404 2379 615 2433 dicitur.
651 2378 709 2432 Si
741 2397 843 2432 non
870 2382 1260 2434 annimtiuveris
1286 2383 1464 2456 iniquo
1494 2385 1823 2453 iniquitatem

280 2483 436 2531 suam,
453 2470 684 2521 animam
697 2469 812 2536 ejus
829 2469 892 2522 de
911 2485 1068 2520 manu
1085 2478 1173 2521 lita
1195 2471 1455 2538 requiram
1475 2471 1545 2540 (E
1548 2473 1686 2524 sec/1.
1707 2472 1786 2541 ιιι)
1803 2489 1817 2537 ;

278 2565 328 2609 et
359 2555 662 2610 laledictus
693 2559 782 2626 qui
805 2558 1038 2626 prohibet
1064 2558 1300 2626 gladium
1329 2576 1480 2612 suum
1509 2578 1542 2614 a
1573 2563 1824 2632 sanguine

282 2642 401 2714 (lar.
442 2646 647 2714 xum),
673 2647 728 2699 id
767 2654 851 2700 est
870 2647 1093 2700 verbum
1129 2651 1478 2706 correctionis
1503 2668 1533 2705 a
1559 2667 1721 2721 prave
1743 2654 1824 2708 vi-

281 2736 503 2789 ventium
527 2737 926 2804 increpatione;
959 2737 1030 2791 ita
1055 2739 1159 2792 illis
1189 2739 1452 2806 imminet,
1483 2742 1530 2796 si
1560 2758 1664 2796 non
1693 2745 1824 2799 obe-

281 2825 484 2889 dierint,
509 2826 589 2880 ira
616 2826 785 2880 divini
819 2826 1009 2896 judicii
1037 2836 1090 2882 et
1115 2829 1269 2896 ultio,
1300 2840 1529 2887 testante
1555 2833 1823 2899 Samuele,

1980 579 2199 648 negotiis
2235 579 2854 648 cujusdam_gnonastei'ii
2887 597 2939 632 se
2969 582 3279 648 interponat.
3309 582 3467 644 Quic-

1977 646 2100 700 dain
2133 657 2382 715 prazterea
2411 647 2475 700 de
2513 646 2764 700 llathilde
2796 658 2845 701 et
2884 646 3150 717 Coti/reda
3177 650 3462 720 subjungit.

1979 756 2286 812 Gneoomcs
2322 759 2626 826 cpiscopus,
2657 774 2844 812 servus
2872 775 3187 814 servoruum
3210 761 3323 824 Dei,
3362 760 3468 815 He—

1911 863 2139 901 mumso
2179 847 2400 901 Metensi
2443 849 2711 916 episcopo,
2749 850 2973 903 salutem
3015 859 3067 903 et
3117 852 3467 918 apostolicam

1911 934 2354 988 benedictionem.

1983 1042 2145 1096 Multa
2176 1044 2556 1114 interrogando
2577 1060 2606 1097 a
2634 1061 2718 1100 me
2747 1048 2901 1100 valde
2924 1061 3183 1118 occupato
3211 1049 3466 1118 requiris,

1913 1139 1966 1184 et
1994 1132 2241 1185 nuntium
2271 1133 2362 1200 qui
2394 1147 2480 1186 me
2508 1133 2670 1188 nimis
2706 1136 2942 1204 impellat
2963 1139 3028 1190 ad
3069 1140 3153 1192 sui
3198 1140 3467 1192 licentiam

1914 1221 2254 1274 transmittis.
2291 1220 2554 1286 Quocirca
2600 1224 2646 1296 si
2690 1240 2794 1277 non
2846 1225 2977 1279 satis
3010 1228 3325 1294 respondeo,
3372 1245 3469 1298 pa-

1914 1309 2110 1363 tienter
2155 1309 2296 1364 feras
2338 1325 2486 1379 rogo.
2518 1310 2759 1376 Qualiter
2796 1313 2975 1382 itaque
3009 1314 3061 1367 in
3097 1330 3319 1382 corpore
3349 1331 3470 1370 meo

1915 1413 2001 1452 me
2042 1399 2296 1464 habeam,
2336 1401 2418 1453 vel
2455 1402 2687 1469 qualiter
2733 1402 2962 1457 Romani
3010 1419 3101 1458 seu
3150 1403 3470 1460 Nortmanni

1915 1489 2058 1543 circa
2083 1506 2167 1543 me
2196 1506 2325 1544 suos
2360 1506 2536 1544 mores
2574 1492 2879 1557 ostendant,
2909 1494 3100 1547 horum
3125 1495 3350 1563 portitor
3373 1496 3470 1549 tibi

1914 1582 2077 1635 dicat.
2107 1583 2180 1635 De
2207 1584 2327 1638 aliis
2359 1593 2538 1638 autem
2565 1585 2747 1649 rebus,
2778 1601 2940 1653 super
2965 1588 3162 1654 quibus
3190 1603 3274 1640 me
3305 1587 3472 1641 inter-

1916 1670 2137 1738 rogasti,
2169 1663 2376 1723 utinam
2420 1672 2611 1726 beatus
2652 1672 2843 1726 Petrus
2882 1688 2976 1741 per
3007 1689 3092 1726 me
3133 1675 3474 1742 respondeat,

1917 1759 2008 1828 qui
2051 1775 2190 1828 saepe
2220 1759 2272 1811 in
2310 1775 2396 1812 me
2418 1761 2782 1828 qualicunque
2817 1778 2917 1815 suo
2942 1761 3142 1817 famulo
3183 1764 3476 1819 honoratur

1920 1849 1996 1901 vel
2029 1849 2280 1916 injuriam
2310 1849 2526 1916 patitur.
2559 1847 2808 1916 Episcopi
2848 1865 3082 1918 namque
3123 1852 3215 1919 qui
3248 1853 3355 1906 sint
3382 1868 3477 1906 ex-

1917 1935 2318 1997 eummunicati,
2346 1936 2670 2000 sacerdotes,
2703 1937 2786 1989 vel
2825 1936 2965 2001 laici,
2997 1952 3104 1990 non
3135 1948 3217 1991 est
3246 1955 3381 2008 opus
3418 1950 3478 1994 ut

1917 2036 1948 2074 a
1979 2037 2064 2075 me
2087 2024 2366 2090 quaeratis,
2407 2024 2532 2091 quia
2565 2025 2940 2078 indubitanter
2981 2027 3054 2078 illi
3084 2037 3212 2081 sunt
3247 2033 3337 2098 qui
3376 2046 3475 2084 ex-

1919 2111 2315 2164 communicato
2342 2113 2450 2182 regi
2479 2112 2711 2167 Henrico
2737 2115 2804 2184 (si
2829 2114 2912 2170 fas
2939 2125 3019 2170 est
3048 2118 3150 2172 dici
3177 2119 3292 2188 rex)
3330 2135 3478 2174 com-

1918 2198 2196 2252 municare
2225 2208 2639 2267 cognOSCuntur.
2666 2201 2784 2256 Non
2809 2206 2952 2258 enim
2994 2216 3246 2261 verentur
3283 2210 3477 2263 huma-

1920 2300 2045 2338 nam
2092 2287 2318 2356 gratiam
2370 2287 2452 2342 vel
2503 2289 2749 2343 timorem
2799 2291 2942 2360 regis
2987 2294 3169 2349 aeterni
3216 2293 3496 2366 praecepto

1921 2377 2247 2444 praeponere,
2292 2392 2468 2447 neque
2513 2380 2703 2435 timent
2751 2398 2851 2436 suo
2894 2382 3078 2439 favore
3115 2387 3181 2440 ad
3213 2388 3345 2441 iram
3383 2388 3479 2442 Dei

1920 2466 2303 2534 omnipotentis
2324 2470 2572 2522 eumdem
2602 2454 2782 2540 regem
2818 2473 3110 2541 impellere.
3136 2474 3226 2529 Ille
3259 2477 3478 2544 quidem

1921 2557 2036 2609 suis
2079 2557 2528 2611 communicando
2579 2557 2947 2614 familiaribus
2996 2566 3482 2619 excommunicatis

1920 2661 2018 2713 pro
2056 2644 2364 2700 Simoniaca
2407 2647 2598 2702 haeresi
2640 2651 3262 2706 excommunicationem‘
3294 2653 3478 2708 incur—

1924 2749 2042 2788 rere
2081 2752 2188 2789 non
2233 2736 2434 2801 timuit,
2470 2745 2524 2790 et
2566 2747 2626 2792 ut
2658 2739 2748 2792 alii
2796 2755 2978 2794 secum
3027 2743 3480 2797 communicando

1923 2825 2455 2879 excommunicentur
2489 2828 2760 2882 attrahere
2789 2845 2894 2882 non
2927 2831 3216 2900 erubescit.
3248 2831 3322 2885 De
3360 2831 3482 2886 tali-

280 2913 577 2968 idololatriaa
599 2916 778 2970 scelus
806 2915 1432 2993 [idololatrim‘sceleris].
1468 2922 1643 2978 Testis
1671 2924 1826 2978 nobis

1925 2911 2024 2963 bus
2054 2912 2183 2979 quid
2212 2921 2383 2966 restat
2417 2923 2476 2967 ut
2503 2916 2819 2978 sentiamus,
2848 2918 2953 2971 nisi
2983 2921 3124 2985 quod
3162 2921 3215 2972 in
3259 2922 3484 2988 psalmis

282 3011 357 3056 εει
382 3001 539 3068 θεας,
570 3005 698 3073 quia
739 3006 884 3059 “una
925 3022 1022 3060 nos
1058 3009 1337 3061 commoda
1373 3011 1714 3064 επςυιπίενε
1741 3027 1828 3066 τε,
1924 2999 2248 3054 didicimus:
2297 2998 2447 3053 Dixit
2490 3003 2739 3070 insipiens
2782 3004 2833 3054 in
2879 3005 3031 3058 corde
3070 3022 3203 3059 suo:
3251 3007 3372 3060 Non
3405 3017 3484 3062 est

282 3101 484 3160 spectus
505 3101 690 3148 contra
717 3109 912 3164 pravos
944 3095 1214 3164 principes
1233 3105 1287 3150 et
1308 3096 1502 3168 impios
1523 3100 1825 3156 sacerdotes
1853 3119 1892 3174 (ς
1927 3090 2063 3144 Deus
2097 3089 2267 3161 (Psal.
2298 3089 2437 3161 xm),
2480 3099 2534 3147 et
2567 3093 2761 3148 iterum
2789 3114 2800 3147 :
2840 3094 3029 3149 Omnes
3060 3098 3220 3150 simul
3272 3099 3482 3154 inutiles

283 3181 511 3250 impellit,
543 3183 636 3238 ’sed
665 3184 1025 3239 consideratio
1061 3186 1231 3239 nostri
1267 3187 1446 3253 otlicii,
1483 3197 1535 3243 et
1561 3198 1821 3260 potestas,

281 3285 381 3338 qua
410 3267 644 3340 quotidie
679 3283 1054 3341 angustamur,
1102 3277 1409 3342 apostolica:
1443 3278 1605 3331 sedis.
1636 3278 1825 3334 Melius

279 3369 356 3413 est
377 3361 519 3414 enim
541 3360 703 3432 nobis.
719 3362 954 3416 debitam
977 3371 1204 3417 mortem
1224 3364 1406 3418 carnis
1427 3381 1526 3434 per
1549 3375 1821 3437 tyrannos,

283 3449 324 3502 si
359 3449 671 3520 oportuerit,
711 3451 911 3516 subire,
943 3465 1107 3521 quam
1137 3460 1322 3519 nostro
1349 3454 1582 3521 silentio,
1613 3455 1823 3523 timore,

283 3539 360 3592 vel
388 3541 666 3595 commodo
693 3539 1016 3617 Christianae
1051 3542 1185 3612 legis
1211 3542 1564 3599 destructioni
1598 3560 1825 3600 consen-

284 3629 390 3683 tire.
417 3628 642 3684 Sanctos
663 3618 894 3698 quidem)
905 3622 1086 3698 patres
1114 3641 1328 3685 nostros
1356 3632 1558 3688 dixisse
1585 3635 1786 3690 scimus
1810 3656 1823 3691 :

283 3715 377 3782 Qui
402 3720 580 3788 pravis
609 3718 920 3774 hominibus
959 3719 1045 3772 sui
1073 3720 1503 3774 Consideratione
1532 3723 1689 3776 ollicii
1719 3740 1824 3778 non

285 3809 607 3874 contradicit,
641 3808 936 3874 consentit;
967 3817 1021 3862 et
1058 3809 1150 3877 qui
1183 3809 1469 3864 resecanda
1503 3827 1607 3865 non
1628 3811 1824 3877 aufert,
1863 3841 1870 3846 —

286 3900 575 3955 committit.
619 3897 970 3968 Omnipotens
1017 3898 1179 3963 Deus,
1220 3915 1250 3952 a
1293 3915 1402 3968 quo
1447 3910 1638 3954 cuneta
1684 3900 1824 3957 bona

286 3990 597 4058 procedunt,
630 3988 840 4043 meritis
876 3988 1108 4044 domina:
1147 3999 1345 4043 nostra:
1372 3992 1604 4045 caelestis
1631 3991 1827 4063 reginae

285 4093 342 4132 ac
371 4077 649 4132 beatorum
685 4076 1051 4145 apostolorum
1093 4075 1235 4130 Petri
1274 4085 1328 4129 et
1372 4077 1523 4132 Pauli
1566 4081 1825 4143 interces-

285 4167 424 4224 sione
450 4167 610 4223 corda
630 4174 810 4222 vestra
832 4168 1108 4220 conﬁrmet
1138 4175 1192 4220 et
1213 4167 1500 4232 custodiat,
1521 4177 1573 4220 et
1595 4169 1827 4238 Spiritus

285 4258 366 4315 sui
399 4257 627 4328 gratiam
657 4255 1088 4329 superinfundat,
1133 4265 1194 4310 ut
1228 4272 1349 4326 quae
1390 4266 1518 4311 sunt
1543 4259 1592 4311 ei
1630 4259 1825 4328 placita

287 4345 534 4403 iacientes
559 4345 876 4401 meresmini
918 4361 1172 4415 sponsam
1201 4347 1338 4415 ejus,
1379 4357 1603 4401 matrem
1635 4348 1823 4402 videli-

1925 3182 2055 3251 facti
2077 3191 2196 3233 sunt
2224 3183 2277 3258 in
2310 3181 2660 3236 voluntatibus
2681 3185 2789 3237 suis
2817 3185 2987 3254 (Psal.
3021 3187 3137 3256 ιιι).
3169 3187 3260 3243 Eis
3281 3198 3482 3253 autem,

1926 3270 2019 3338 qui
2065 3269 2286 3322 dicunt:
2316 3268 2533 3339 Regem
2581 3288 2689 3324 non
2742 3282 2952 3340 oportet
2997 3279 3481 3344 cxcommunicari;

1924 3357 2048 3409 licet
2074 3371 2171 3424 pro
2206 3371 2398 3425 magna
2440 3357 2684 3412 fatuitate
2721 3376 2819 3415 nec
2848 3364 3008 3416 etiam
3049 3364 3129 3418 eis
3158 3369 3486 3435 respondere

1920 3444 2238 3518 (debeamus,
2273 3453 2450 3522 tamen
2487 3461 2554 3500 ne
2591 3447 2933 3516 impatienter
2967 3451 3180 3506 illorum
3218 3455 3482 3524 insipien-

1924 3533 2053 3588 tiam
2099 3535 2376 3602 przeterire
2418 3536 2726 3604 videamur,
2774 3539 2840 3592 ad
2895 3550 3204 3597 sanctorum
3260 3543 3524 3612 Patrum.

1923 3626 2064 3682 dicta
2091 3627 2176 3681 vel
2206 3626 2344 3680 facta
2377 3627 2495 3681 illos
2529 3628 2818 3695 mittimus,
2854 3639 2912 3684 ut
2935 3647 3030 3687 eos
3068 3633 3134 3687 ad
3165 3650 3352 3690 sanam
3379 3637 3481 3692 do-

1925 3718 2153 3770 ctrinam
2201 3731 2536 3770 revocemus.
2579 3713 2804 3786 'chant
2861 3721 3042 3790 itaque
3103 3725 3230 3792 quid
3294 3725 3488 3781 beatus

1921 3804 2114 3858 Petrus
2139 3805 2193 3856 in
2215 3803 2554 3869 ordinatione
2588 3808 2759 3859 sancti
2787 3807 3078 3864 Clementis
3103 3813 3300 3880 populo
3324 3813 3489 3869 Chri-é

1924 3893 2099 3948 stiano
2123 3892 2374 3961 prmeepit
2406 3893 2473 3946 de
2507 3908 2570 3947 eo
2591 3909 2750 3963 quem
2778 3897 2979 3952 scirent
3001 3915 3106 3952 non
3135 3901 3331 3958 habere
3358 3921 3486 3974 gra-

1924 3982 2053 4036 tiam
2080 3981 2369 4051 pontilicis.
2404 3981 2696 4038 Addiscant
2718 4001 2817 4040 cur
2843 3986 3135 4056 Apostolus
3159 3991 3300 4045 dicat
3327 4011 3339 4045 :
3370 3993 3488 4047 Hu-

1925 4072 2096 4126 bentes
2167 4073 2222 4124 in
2278 4081 2516 4141 promptu
2581 4074 2766 4129 ulcisci
2825 4094 3024 4130 omnem
3085 4081 3486 4136 inobedientiam

1926 4160 2014 4229 (II
2037 4160 2157 4214 Cor.
2191 4161 2279 4228 x);
2308 4169 2360 4214 et
2391 4161 2457 4213 de
2485 4162 2684 4228 quibus
2708 4164 2838 4216 dicit
2864 4183 2876 4216 :
2905 4164 3036 4217 Cum
3068 4165 3365 4233 hujusmodi
3393 4184 3487 4222 nec

1923 4251 2094 4302 cibum
2117 4265 2317 4301 sumere
2345 4246 2399 4317 (1
2434 4247 2555 4301 Cor.
2581 4248 2656 4318 v).
2694 4249 3047 4308 Considerth
3073 4270 3169 4308 cur
3195 4254 3486 4314 Zacharias

1910 4331 2058 4405 papa
2081 4352 2258 4406 regem
2289 4337 2617 4392 Francorum
2653 4339 2979 4410 deposuerit,
3011 4354 3063 4398 et
3085 4361 3276 4401 omnes
3305 4332 3481 4403 Fra’n-

287 4449 362 4494 σει
381 4439 638 4504 msh-am,
666 4438 734 4493 de
769 4437 1018 4492 faucibus
1043 4437 1292 4506 luporum
1314 4438 1542 4508 eripere,
1573 4447 1732 4507 atque
1762 4439 1828 4492 ad
1859 4431 1904 4486 Ι)
1929 4426 2145 4496 cigenas
2179 4439 2209 4478 a
2238 4425 2454 4481 vinculo
2476 4427 2768 4496 juramenti
2798 4433 2942 4500 quod
2981 4435 3083 4487 sibi
3119 4434 3359 4493 fecerant
3383 4439 3486 4492 ab—

287 4545 564 4608 supernam
595 4527 740 4583 illius
766 4528 992 4599 gloriam
1017 4527 1085 4581 ab
1123 4527 1378 4582 omnibus
1406 4529 1642 4598 peccat-is
1669 4529 1831 4583 abso-

286 4617 374 4671 luti
395 4617 692 4686 pervcnire.
1570 4656 1573 4660 ~
1663 4697 1669 4706 .

349 4705 475 4760 Data
494 4705 770 4772 Laurenti,
791 4713 979 4759 octavo
992 4703 1257 4758 Kalendas
1274 4704 1521 4773 Augusti,
1542 4703 1830 4759 indictione

285 4793 481 4850 ama
506 4804 720 4867 quam
831 4861 1169 4920 EPISTULA
1209 4861 1271 4915 ιι.
1357 4856 1363 4863 ’

513 4933 579 5008 so
607 4927 947 5094 aestuavi:
975 4966 1261 5008 EPISCOPUI
1295 4966 1591 5007 unus“.

850 5041 870 5094 ι
919 5055 1028 5094 nno
1063 5039 1246 5094 1076.)

848 5033 1028 5112 (Anno
1063 5039 1246 5108 1076.)

293 5125 523 5210 Ostendit
547 5130 846 5210 quicunque
876 5126 1128 5210 nllsnrico
1169 5127 1276 5206 regi
1320 5114 1826 5210 communicauerint,

328 5198 453 5250 ..ἓν
478 5196 704 5268 episcopi
732 5196 838 5253 sive
870 5196 996 5268 laici
1024 5196 1149 5261 sint,
1183 5198 1654 5250 excommunicatos
1686 5213 1826 5268 esse;

351 5279 524 5319 arma
539 5267 714 5321 cum
740 5283 826 5321 eos
846 5267 936 5348 qui
965 5273 1202 5318 asserunt
1223 5279 1363 5348 reges
1385 5267 1828 5320 excommunicari

353 5339 452 5386 non
474 5347 624 5403 posse
657 5334 972 5395 auctoritate
1009 5340 1058 5388 et
1091 5334 1338 5403 exemplis
1367 5342 1666 5387 sanctorum
1696 5349 1826 5403 pon-

355 5401 582 5473 tiﬁcunt;
619 5403 725 5473 imo
746 5405 1020 5473 pontiﬁces
1045 5404 1247 5473 regibus
1283 5401 1431 5473 longe
1449 5401 1703 5473 prsestare
1737 5402 1828 5473 _de-

353 5471 622 5541 usous'trst.
651 5471 852 5541 Asserit
878 5471 1131 5541 episcopis
1161 5471 1430 5541 licentiam
1452 5484 1505 5523 se
1533 5471 1827 5539 impartisse

353 5554 434 5591 eos
476 5539 890 5610 absolvendirqui
941 5539 1057 5610 regi
1085 5540 1620 5610 communicaverunt;
1662 5553 1825 5610 regem

357 5615 543 5671 “lem,
565 5610 666 5663 nisi
687 5609 788 5663 sibi
806 5607 952 5677 prius
975 5607 1038 5678 de
1060 5609 1172 5676 ejus
1193 5608 1492 5678 poenitentia
1517 5607 1824 5678 constiterit,

295 5719 302 5724 .
356 5688 406 5728 se
433 5691 532 5745 non
566 5676 942 5734 absoluturuin.
977 5676 1455 5746 Moneri'pra'terea
1485 5676 1594 5729 vult
1631 5677 1827 5742 episco-

1930 4516 2165 4570 solverit.
2194 4515 2251 4568 In
2277 4514 2523 4588 Registro
2544 4518 2684 4574 beati
2707 4520 2945 4589 Gregorii
2969 4523 3248 4579 addiscant
3273 4529 3398 4596 quia
3427 4529 3486 4582 in

1928 4604 2241 4675 privilegiis,
2268 4622 2390 4674 qua:
2417 4607 2768 4675 quisbusdam
2794 4611 3039 4665 ecclesiis
3073 4611 3216 4680 fecit,
3251 4632 3400 4685 reges
3429 4627 3487 4670 et

1926 4696 2091 4749 duces
2115 4705 2299 4750 contra
2323 4712 2418 4750 sua
2445 4697 2587 4750 dicta
2613 4699 2906 4765 venientes,
2938 4703 3044 4757 non
3071 4705 3243 4758 solum
3265 4720 3484 4760 excom-

1926 4780 2238 4847 municavit,
2272 4784 2364 4837 sed
2404 4785 2567 4839 etiam
2593 4795 2652 4841 ut
2677 4787 2935 4859 dignitate
2963 4799 3181 4844 careant
3198 4791 3482 4858 judicavit.
3511 4855 3514 4859 ἴ

1924 4869 2033 4928 Nec
2056 4872 2466 4940 praetermittam
2494 4875 2640 4945 quod
2680 4859 3212 4932 beatus'Ambrosius
3248 4893 3356 4934 non
3387 4896 3483 4935 so-

1926 4963 2037 5017 lum
2063 4977 2267 5032 regem,
2295 4962 2388 5018 sed
2415 4963 2576 5016 etiam
2608 4978 2790 5016 revera
2832 4963 3206 5032 imperatorem
3238 4965 3483 5023 Theodo—

1926 5053 2066 5108 sium
2091 5051 2333 5106 moribus
2357 5060 2412 5105 et
2439 5059 2704 5119 potestate
2732 5065 2841 5106 non
2864 5060 3074 5108 tantum
3109 5058 3484 5111 exeommuni-

1926 5140 2084 5203 cavit,
2111 5139 2203 5192 sed
2236 5139 2396 5199 etiam
2441 5152 2509 5191 ne
2538 5153 2863 5205 praesumere
2891 5143 2944 5195 in
2978 5144 3096 5196 loco
3141 5145 3480 5199 sacerdotum

1926 5229 1981 5281 in
2001 5226 2226 5282 ecclesia
2264 5240 2482 5280 manere
2519 5227 2810 5283 interdixit.
2857 5229 2959 5284 Sed
2999 5228 3137 5284 forte
3161 5232 3265 5286 hoc
3292 5234 3484 5286 volunt

1924 5315 2162 5384 praedicti
2206 5315 2306 5369 viri
2340 5315 2655 5385 intelligere,
2695 5317 2837 5385 quod
2878 5319 3094 5385 quando
3132 5319 3271 5378 Deus
3294 5317 3479 5372 Eccle-

1925 5405 2061 5460 siam
2085 5420 2238 5460 suam
2265 5415 2345 5459 ter
2371 5406 2526 5459 beato
2549 5404 2707 5457 Petro
2735 5407 3024 5471 commisit,
3056 5408 3237 5462 dicens
3263 5424 3276 5459 :
3307 5406 3480 5460 Pasce

1925 5511 2038 5549 oves
2065 5511 2204 5548 meas
2233 5493 2410 5562 (Joan.
2454 5490 2592 5561 xxi),
2619 5508 2772 5563 reges
2807 5496 3088 5564 exceperit.
3122 5493 3231 5547 Cur
3257 5511 3362 5548 non
3393 5506 3477 5549 at-

1928 5584 2169 5645 tendunt,
2201 5580 2283 5633 vel
2330 5579 2508 5646 potius
2550 5581 2919 5635 erubescendo
2957 5580 3295 5642 wnﬁtentur,
3344 5583 3474 5648 quis

1929 5673 2018 5726 ubi
2050 5655 2371 5724 Deus'beato
2397 5668 2552 5723 Petro
2575 5670 2938 5738 principaliter
2969 5668 3113 5723 dedit
3157 5677 3473 5736 potestatem
