  <div class='ocr_page' id='page_1' title='image "/cluster/home/n/w/nwhite01/storage/ocr_20150623/148/uva.x000829792/235.png"; bbox 0 0 4218 6424; ppageno 0'>
   <div class='ocr_carea' id='block_1_1' title="bbox 3707 71 4002 130">
    <p class='ocr_par' dir='ltr' id='par_1_1' title="bbox 3707 71 4002 130">
     <span class='ocr_line' id='line_1_1' title="bbox 3707 71 4002 130; baseline 0.003 -52"><span class='ocrx_word' id='word_1_1' title='bbox 3707 71 4002 106; x_wconf 57' lang='lat' dir='ltr'><strong>..,‘m</strong></span> <span class='ocrx_word' id='word_1_2' title='bbox 3979 111 4002 130; x_wconf 42' lang='grc' dir='ltr'><em>ὃ</em></span> 
     </span>
    </p>
   </div>
   <div class='ocr_carea' id='block_1_2' title="bbox 3943 63 4051 262">
    <p class='ocr_par' dir='ltr' id='par_1_2' title="bbox 3943 63 4051 262">
     <span class='ocr_line' id='line_1_2' title="bbox 3943 63 4051 262; baseline 0 -120"><span class='ocrx_word' id='word_1_3' title='bbox 3943 63 4051 262; x_wconf 49' lang='grc'><strong>’91</strong></span> 
     </span>
    </p>
   </div>
   <div class='ocr_carea' id='block_1_3' title="bbox 631 483 3877 556">
    <p class='ocr_par' dir='ltr' id='par_1_3' title="bbox 631 483 3877 556">
     <span class='ocr_line' id='line_1_3' title="bbox 631 483 3877 556; baseline -0.002 -6"><span class='ocrx_word' id='word_1_4' title='bbox 631 499 738 550; x_wconf 68' lang='lat'><strong>435</strong></span> <span class='ocrx_word' id='word_1_5' title='bbox 1263 491 1318 543; x_wconf 70' lang='grc' dir='ltr'><strong>ς.</strong></span> <span class='ocrx_word' id='word_1_6' title='bbox 1362 488 1682 544; x_wconf 63' lang='grc' dir='ltr'><strong>ιῖιιιεαοιιιι</strong></span> <span class='ocrx_word' id='word_1_7' title='bbox 1727 487 1809 540; x_wconf 63' lang='lat' dir='ltr'><strong>\&quot;ll</strong></span> <span class='ocrx_word' id='word_1_8' title='bbox 1849 485 2048 540; x_wconf 61' lang='lat' dir='ltr'><strong>PAR-EI</strong></span> <span class='ocrx_word' id='word_1_9' title='bbox 2089 485 2371 541; x_wconf 71' lang='lat' dir='ltr'><strong>OPERIEM</strong></span> <span class='ocrx_word' id='word_1_10' title='bbox 2410 485 2586 540; x_wconf 77' lang='lat' dir='ltr'><strong>PARS</strong></span> <span class='ocrx_word' id='word_1_11' title='bbox 2622 486 2660 540; x_wconf 91' lang='grc' dir='ltr'><strong>Ι,</strong></span> <span class='ocrx_word' id='word_1_12' title='bbox 2698 518 2757 526; x_wconf 95' lang='grc'><strong>-</strong></span> <span class='ocrx_word' id='word_1_13' title='bbox 2799 483 3222 556; x_wconf 63' lang='grc' dir='ltr'><strong>ηεϐιδτιιωι.</strong></span> <span class='ocrx_word' id='word_1_14' title='bbox 3768 487 3877 542; x_wconf 61' lang='grc'><strong>856</strong></span> 
     </span>
    </p>
   </div>
   <div class='ocr_carea' id='block_1_4' title="bbox 626 571 3878 672">
    <p class='ocr_par' dir='ltr' id='par_1_4' title="bbox 626 571 3878 672">
     <span class='ocr_line' id='line_1_4' title="bbox 626 571 3878 672; baseline 0 -18"><span class='ocrx_word' id='word_1_15' title='bbox 626 605 824 672; x_wconf 69' lang='lat' dir='ltr'><strong>ligandi</strong></span> <span class='ocrx_word' id='word_1_16' title='bbox 855 613 906 656; x_wconf 88' lang='lat' dir='ltr'><strong>et</strong></span> <span class='ocrx_word' id='word_1_17' title='bbox 936 600 1175 655; x_wconf 79' lang='lat' dir='ltr'><strong>solvendi</strong></span> <span class='ocrx_word' id='word_1_18' title='bbox 1210 603 1261 653; x_wconf 90' lang='lat' dir='ltr'><strong>in</strong></span> <span class='ocrx_word' id='word_1_19' title='bbox 1295 601 1434 653; x_wconf 61' lang='lat' dir='ltr'><strong>eicio</strong></span> <span class='ocrx_word' id='word_1_20' title='bbox 1469 611 1519 653; x_wconf 90' lang='lat' dir='ltr'><strong>ct</strong></span> <span class='ocrx_word' id='word_1_21' title='bbox 1555 601 1774 652; x_wconf 86' lang='lat' dir='ltr'><strong>interra</strong></span> <span class='ocrx_word' id='word_1_22' title='bbox 1815 597 2029 668; x_wconf 70' lang='lat' dir='ltr'><strong>(Matth.</strong></span> <span class='ocrx_word' id='word_1_23' title='bbox 2064 600 2195 665; x_wconf 77' lang='lat' dir='ltr'><strong>xvi),</strong></span> <span class='ocrx_word' id='word_1_24' title='bbox 2231 605 2268 656; x_wconf 77' lang='grc' dir='ltr'><strong>Λ</strong></span> <span class='ocrx_word' id='word_1_25' title='bbox 2297 598 2530 663; x_wconf 81' lang='lat' dir='ltr'><strong>dicitur,</strong></span> <span class='ocrx_word' id='word_1_26' title='bbox 2567 571 2668 667; x_wconf 90' lang='lat' dir='ltr'><strong>qui</strong></span> <span class='ocrx_word' id='word_1_27' title='bbox 2722 599 2787 652; x_wconf 90' lang='lat' dir='ltr'><strong>ad</strong></span> <span class='ocrx_word' id='word_1_28' title='bbox 2832 597 3072 653; x_wconf 87' lang='lat' dir='ltr'><strong>ferienda</strong></span> <span class='ocrx_word' id='word_1_29' title='bbox 3119 599 3246 652; x_wconf 88' lang='lat' dir='ltr'><strong>vitia</strong></span> <span class='ocrx_word' id='word_1_30' title='bbox 3295 599 3409 654; x_wconf 80' lang='lat' dir='ltr'><strong>zelo</strong></span> <span class='ocrx_word' id='word_1_31' title='bbox 3447 599 3614 654; x_wconf 79' lang='lat' dir='ltr'><strong>divini</strong></span> <span class='ocrx_word' id='word_1_32' title='bbox 3665 602 3878 656; x_wconf 80' lang='lat' dir='ltr'><strong>amoris</strong></span> 
     </span>
    </p>
   </div>
   <div class='ocr_carea' id='block_1_5' title="bbox 626 687 3877 762">
    <p class='ocr_par' dir='ltr' id='par_1_5' title="bbox 626 687 3877 762">
     <span class='ocr_line' id='line_1_5' title="bbox 626 687 3877 762; baseline -0.002 -14"><span class='ocrx_word' id='word_1_33' title='bbox 626 697 832 749; x_wconf 84' lang='lat' dir='ltr'><strong>nullum</strong></span> <span class='ocrx_word' id='word_1_34' title='bbox 875 693 1103 762; x_wconf 83' lang='lat' dir='ltr'><strong>excepit,</strong></span> <span class='ocrx_word' id='word_1_35' title='bbox 1150 691 1282 744; x_wconf 86' lang='lat' dir='ltr'><strong>nihil</strong></span> <span class='ocrx_word' id='word_1_36' title='bbox 1325 693 1392 745; x_wconf 87' lang='lat' dir='ltr'><strong>ab</strong></span> <span class='ocrx_word' id='word_1_37' title='bbox 1427 692 1546 760; x_wconf 85' lang='lat' dir='ltr'><strong>ejus</strong></span> <span class='ocrx_word' id='word_1_38' title='bbox 1583 700 1847 759; x_wconf 82' lang='lat' dir='ltr'><strong>potestate</strong></span> <span class='ocrx_word' id='word_1_39' title='bbox 1895 690 2196 742; x_wconf 83' lang='lat' dir='ltr'><strong>subtraxit?</strong></span> <span class='ocrx_word' id='word_1_40' title='bbox 2294 690 2582 751; x_wconf 78' lang='lat' dir='ltr'><strong>excitatur,</strong></span> <span class='ocrx_word' id='word_1_41' title='bbox 2618 688 2859 757; x_wconf 86' lang='lat' dir='ltr'><strong>profecto</strong></span> <span class='ocrx_word' id='word_1_42' title='bbox 2883 704 3002 743; x_wconf 89' lang='lat' dir='ltr'><strong>esse</strong></span> <span class='ocrx_word' id='word_1_43' title='bbox 3030 704 3088 742; x_wconf 88' lang='lat' dir='ltr'><strong>se</strong></span> <span class='ocrx_word' id='word_1_44' title='bbox 3113 687 3207 742; x_wconf 87' lang='lat' dir='ltr'><strong>Dei</strong></span> <span class='ocrx_word' id='word_1_45' title='bbox 3233 688 3481 758; x_wconf 85' lang='lat' dir='ltr'><strong>denegat,</strong></span> <span class='ocrx_word' id='word_1_46' title='bbox 3503 690 3667 758; x_wconf 83' lang='lat' dir='ltr'><strong>quiin</strong></span> <span class='ocrx_word' id='word_1_47' title='bbox 3691 705 3877 759; x_wconf 87' lang='lat' dir='ltr'><strong>quan-</strong></span> 
     </span>
    </p>
   </div>
   <div class='ocr_carea' id='block_1_6' title="bbox 626 778 2192 854">
    <p class='ocr_par' dir='ltr' id='par_1_6' title="bbox 626 778 2192 854">
     <span class='ocr_line' id='line_1_6' title="bbox 626 778 2192 854; baseline -0.007 -14"><span class='ocrx_word' id='word_1_48' title='bbox 626 787 759 840; x_wconf 68' lang='lat' dir='ltr'><strong>Nam</strong></span> <span class='ocrx_word' id='word_1_49' title='bbox 787 785 877 854; x_wconf 92' lang='lat' dir='ltr'><strong>qui</strong></span> <span class='ocrx_word' id='word_1_50' title='bbox 917 798 974 838; x_wconf 87' lang='lat' dir='ltr'><strong>sc</strong></span> <span class='ocrx_word' id='word_1_51' title='bbox 1015 793 1171 852; x_wconf 82' lang='lat' dir='ltr'><strong>negat</strong></span> <span class='ocrx_word' id='word_1_52' title='bbox 1211 799 1314 836; x_wconf 89' lang='lat' dir='ltr'><strong>non</strong></span> <span class='ocrx_word' id='word_1_53' title='bbox 1343 797 1500 851; x_wconf 80' lang='lat' dir='ltr'><strong>posse</strong></span> <span class='ocrx_word' id='word_1_54' title='bbox 1541 781 1793 833; x_wconf 63' lang='lat' dir='ltr'><strong>[fet-lesith</strong></span> <span class='ocrx_word' id='word_1_55' title='bbox 1830 779 2044 831; x_wconf 72' lang='lat' dir='ltr'><strong>vinculo</strong></span> <span class='ocrx_word' id='word_1_56' title='bbox 2073 778 2192 832; x_wconf 92' lang='lat' dir='ltr'><strong>alli-</strong></span> 
     </span>
    </p>
   </div>
   <div class='ocr_carea' id='block_1_7' title="bbox 627 860 2196 944">
    <p class='ocr_par' dir='ltr' id='par_1_7' title="bbox 627 860 2196 944">
     <span class='ocr_line' id='line_1_7' title="bbox 627 860 2196 944; baseline -0.007 -11"><span class='ocrx_word' id='word_1_57' title='bbox 627 879 761 944; x_wconf 66' lang='lat' dir='ltr'><strong>rari,</strong></span> <span class='ocrx_word' id='word_1_58' title='bbox 797 860 964 930; x_wconf 75' lang='lat' dir='ltr'><strong>restat</strong></span> <span class='ocrx_word' id='word_1_59' title='bbox 986 886 1044 928; x_wconf 91' lang='lat' dir='ltr'><strong>ut</strong></span> <span class='ocrx_word' id='word_1_60' title='bbox 1070 885 1220 943; x_wconf 81' lang='lat' dir='ltr'><strong>neget</strong></span> <span class='ocrx_word' id='word_1_61' title='bbox 1251 890 1358 927; x_wconf 92' lang='lat' dir='ltr'><strong>non</strong></span> <span class='ocrx_word' id='word_1_62' title='bbox 1385 890 1540 942; x_wconf 83' lang='lat' dir='ltr'><strong>posse</strong></span> <span class='ocrx_word' id='word_1_63' title='bbox 1569 875 1638 926; x_wconf 90' lang='lat' dir='ltr'><strong>ab</strong></span> <span class='ocrx_word' id='word_1_64' title='bbox 1674 874 1791 940; x_wconf 85' lang='lat' dir='ltr'><strong>ejus</strong></span> <span class='ocrx_word' id='word_1_65' title='bbox 1817 881 2080 940; x_wconf 77' lang='lat' dir='ltr'><strong>potestate</strong></span> <span class='ocrx_word' id='word_1_66' title='bbox 2101 871 2196 922; x_wconf 87' lang='lat' dir='ltr'><strong>ab-</strong></span> 
     </span>
    </p>
   </div>
   <div class='ocr_carea' id='block_1_8' title="bbox 628 958 2197 1032">
    <p class='ocr_par' dir='ltr' id='par_1_8' title="bbox 628 958 2197 1032">
     <span class='ocr_line' id='line_1_8' title="bbox 628 958 2197 1032; baseline -0.004 -16"><span class='ocrx_word' id='word_1_67' title='bbox 628 967 782 1018; x_wconf 66' lang='lat' dir='ltr'><strong>solvi.</strong></span> <span class='ocrx_word' id='word_1_68' title='bbox 813 963 875 1016; x_wconf 80' lang='lat' dir='ltr'><strong>Et</strong></span> <span class='ocrx_word' id='word_1_69' title='bbox 917 964 1008 1032; x_wconf 84' lang='lat' dir='ltr'><strong>qui</strong></span> <span class='ocrx_word' id='word_1_70' title='bbox 1057 964 1159 1016; x_wconf 80' lang='lat' dir='ltr'><strong>hoc</strong></span> <span class='ocrx_word' id='word_1_71' title='bbox 1203 963 1543 1030; x_wconf 87' lang='lat' dir='ltr'><strong>impudenter</strong></span> <span class='ocrx_word' id='word_1_72' title='bbox 1585 971 1762 1028; x_wconf 75' lang='lat' dir='ltr'><strong>negat,</strong></span> <span class='ocrx_word' id='word_1_73' title='bbox 1809 976 1864 1012; x_wconf 83' lang='lat' dir='ltr'><strong>se</strong></span> <span class='ocrx_word' id='word_1_74' title='bbox 1905 975 1932 1011; x_wconf 89' lang='lat' dir='ltr'><strong>a</strong></span> <span class='ocrx_word' id='word_1_75' title='bbox 1980 958 2197 1012; x_wconf 82' lang='lat' dir='ltr'><strong>Christo</strong></span> 
     </span>
    </p>
   </div>
   <div class='ocr_carea' id='block_1_9' title="bbox 629 1049 2195 1124">
    <p class='ocr_par' dir='ltr' id='par_1_9' title="bbox 629 1049 2195 1124">
     <span class='ocr_line' id='line_1_9' title="bbox 629 1049 2195 1124; baseline -0.004 -15"><span class='ocrx_word' id='word_1_76' title='bbox 629 1057 852 1111; x_wconf 82' lang='lat' dir='ltr'><strong>omnino</strong></span> <span class='ocrx_word' id='word_1_77' title='bbox 878 1063 1198 1124; x_wconf 76' lang='lat' dir='ltr'><strong>sequestrat.</strong></span> <span class='ocrx_word' id='word_1_78' title='bbox 1229 1053 1382 1119; x_wconf 83' lang='lat' dir='ltr'><strong>Quod</strong></span> <span class='ocrx_word' id='word_1_79' title='bbox 1408 1055 1452 1106; x_wconf 86' lang='lat' dir='ltr'><strong>si</strong></span> <span class='ocrx_word' id='word_1_80' title='bbox 1494 1063 1679 1106; x_wconf 85' lang='lat' dir='ltr'><strong>saneta</strong></span> <span class='ocrx_word' id='word_1_81' title='bbox 1712 1053 1868 1106; x_wconf 86' lang='lat' dir='ltr'><strong>sedes</strong></span> <span class='ocrx_word' id='word_1_82' title='bbox 1901 1049 2195 1119; x_wconf 82' lang='lat' dir='ltr'><strong>apostolica</strong></span> 
     </span>
    </p>
   </div>
   <div class='ocr_carea' id='block_1_10' title="bbox 629 1129 2196 1210">
    <p class='ocr_par' dir='ltr' id='par_1_10' title="bbox 629 1129 2196 1210">
     <span class='ocr_line' id='line_1_10' title="bbox 629 1129 2196 1210; baseline -0.007 -10"><span class='ocrx_word' id='word_1_83' title='bbox 629 1147 888 1201; x_wconf 76' lang='lat' dir='ltr'><strong>divinitus</strong></span> <span class='ocrx_word' id='word_1_84' title='bbox 936 1144 1038 1198; x_wconf 92' lang='lat' dir='ltr'><strong>sibi</strong></span> <span class='ocrx_word' id='word_1_85' title='bbox 1069 1145 1261 1196; x_wconf 83' lang='lat' dir='ltr'><strong>collata</strong></span> <span class='ocrx_word' id='word_1_86' title='bbox 1295 1143 1574 1210; x_wconf 71' lang='lat' dir='ltr'><strong>principali</strong></span> <span class='ocrx_word' id='word_1_87' title='bbox 1603 1129 1866 1210; x_wconf 72' lang='lat' dir='ltr'><strong>potestate.</strong></span> <span class='ocrx_word' id='word_1_88' title='bbox 1897 1138 2196 1207; x_wconf 85' lang='lat' dir='ltr'><strong>spiritualia</strong></span> 
     </span>
    </p>
   </div>
   <div class='ocr_carea' id='block_1_11' title="bbox 629 1227 2200 1300">
    <p class='ocr_par' dir='ltr' id='par_1_11' title="bbox 629 1227 2200 1300">
     <span class='ocr_line' id='line_1_11' title="bbox 629 1227 2200 1300; baseline -0.003 -16"><span class='ocrx_word' id='word_1_89' title='bbox 629 1237 926 1287; x_wconf 74' lang='lat' dir='ltr'><strong>decernens</strong></span> <span class='ocrx_word' id='word_1_90' title='bbox 963 1231 1241 1300; x_wconf 82' lang='lat' dir='ltr'><strong>dijudicat,</strong></span> <span class='ocrx_word' id='word_1_91' title='bbox 1287 1248 1386 1285; x_wconf 88' lang='lat' dir='ltr'><strong>cur</strong></span> <span class='ocrx_word' id='word_1_92' title='bbox 1428 1246 1535 1284; x_wconf 88' lang='lat' dir='ltr'><strong>non</strong></span> <span class='ocrx_word' id='word_1_93' title='bbox 1577 1239 1629 1282; x_wconf 88' lang='lat' dir='ltr'><strong>et</strong></span> <span class='ocrx_word' id='word_1_94' title='bbox 1676 1227 1986 1283; x_wconf 66' lang='lat' dir='ltr'><strong>saecularia?</strong></span> <span class='ocrx_word' id='word_1_95' title='bbox 2030 1227 2200 1296; x_wconf 83' lang='lat' dir='ltr'><strong>Reges</strong></span> 
     </span>
    </p>
   </div>
   <div class='ocr_carea' id='block_1_12' title="bbox 630 1319 2198 1392">
    <p class='ocr_par' dir='ltr' id='par_1_12' title="bbox 630 1319 2198 1392">
     <span class='ocr_line' id='line_1_12' title="bbox 630 1319 2198 1392; baseline -0.002 -19"><span class='ocrx_word' id='word_1_96' title='bbox 630 1323 846 1392; x_wconf 75' lang='lat' dir='ltr'><strong>quidem</strong></span> <span class='ocrx_word' id='word_1_97' title='bbox 896 1331 948 1374; x_wconf 90' lang='lat' dir='ltr'><strong>ct</strong></span> <span class='ocrx_word' id='word_1_98' title='bbox 997 1321 1267 1389; x_wconf 89' lang='lat' dir='ltr'><strong>principes</strong></span> <span class='ocrx_word' id='word_1_99' title='bbox 1317 1320 1480 1388; x_wconf 84' lang='lat' dir='ltr'><strong>hujus</strong></span> <span class='ocrx_word' id='word_1_100' title='bbox 1529 1319 1735 1381; x_wconf 64' lang='lat' dir='ltr'><strong>saeculi,</strong></span> <span class='ocrx_word' id='word_1_101' title='bbox 1791 1320 1885 1387; x_wconf 86' lang='lat' dir='ltr'><strong>qui</strong></span> <span class='ocrx_word' id='word_1_102' title='bbox 1939 1319 2198 1371; x_wconf 79' lang='lat' dir='ltr'><strong>honorem</strong></span> 
     </span>
    </p>
   </div>
   <div class='ocr_carea' id='block_1_13' title="bbox 632 1406 2198 1477">
    <p class='ocr_par' dir='ltr' id='par_1_13' title="bbox 632 1406 2198 1477">
     <span class='ocr_line' id='line_1_13' title="bbox 632 1406 2198 1477; baseline -0.004 -14"><span class='ocrx_word' id='word_1_103' title='bbox 632 1427 791 1463; x_wconf 63' lang='lat' dir='ltr'><strong>suum</strong></span> <span class='ocrx_word' id='word_1_104' title='bbox 832 1420 886 1464; x_wconf 89' lang='lat' dir='ltr'><strong>et</strong></span> <span class='ocrx_word' id='word_1_105' title='bbox 926 1411 1074 1463; x_wconf 90' lang='lat' dir='ltr'><strong>lucra</strong></span> <span class='ocrx_word' id='word_1_106' title='bbox 1115 1408 1430 1477; x_wconf 72' lang='lat' dir='ltr'><strong>temporalia</strong></span> <span class='ocrx_word' id='word_1_107' title='bbox 1466 1408 1690 1476; x_wconf 67' lang='lat' dir='ltr'><strong>justitize</strong></span> <span class='ocrx_word' id='word_1_108' title='bbox 1739 1406 1830 1460; x_wconf 86' lang='lat' dir='ltr'><strong>Dei</strong></span> <span class='ocrx_word' id='word_1_109' title='bbox 1861 1414 2198 1474; x_wconf 62' lang='lat' dir='ltr'><strong>praeponunt,</strong></span> 
     </span>
    </p>
   </div>
   <div class='ocr_carea' id='block_1_14' title="bbox 631 1497 2198 1569">
    <p class='ocr_par' dir='ltr' id='par_1_14' title="bbox 631 1497 2198 1569">
     <span class='ocr_line' id='line_1_14' title="bbox 631 1497 2198 1569; baseline -0.001 -20"><span class='ocrx_word' id='word_1_110' title='bbox 631 1502 856 1568; x_wconf 81' lang='lat' dir='ltr'><strong>ejusque</strong></span> <span class='ocrx_word' id='word_1_111' title='bbox 907 1499 1165 1552; x_wconf 84' lang='lat' dir='ltr'><strong>honorem</strong></span> <span class='ocrx_word' id='word_1_112' title='bbox 1220 1498 1537 1569; x_wconf 83' lang='lat' dir='ltr'><strong>uegligendo</strong></span> <span class='ocrx_word' id='word_1_113' title='bbox 1589 1497 1866 1566; x_wconf 89' lang='lat' dir='ltr'><strong>proprium</strong></span> <span class='ocrx_word' id='word_1_114' title='bbox 1917 1506 2198 1563; x_wconf 64' lang='lat' dir='ltr'><strong>quaerunt,</strong></span> 
     </span>
    </p>
   </div>
   <div class='ocr_carea' id='block_1_15' title="bbox 633 1571 2199 1656">
    <p class='ocr_par' dir='ltr' id='par_1_15' title="bbox 633 1571 2199 1656">
     <span class='ocr_line' id='line_1_15' title="bbox 633 1571 2199 1656; baseline -0.001 -17"><span class='ocrx_word' id='word_1_115' title='bbox 633 1589 788 1656; x_wconf 65' lang='lat' dir='ltr'><strong>cujus</strong></span> <span class='ocrx_word' id='word_1_116' title='bbox 818 1588 925 1642; x_wconf 83' lang='lat' dir='ltr'><strong>sint</strong></span> <span class='ocrx_word' id='word_1_117' title='bbox 970 1589 1232 1650; x_wconf 81' lang='lat' dir='ltr'><strong>membra,</strong></span> <span class='ocrx_word' id='word_1_118' title='bbox 1281 1587 1435 1641; x_wconf 89' lang='lat' dir='ltr'><strong>cuive</strong></span> <span class='ocrx_word' id='word_1_119' title='bbox 1483 1571 1816 1647; x_wconf 77' lang='lat' dir='ltr'><strong>adium-eant,</strong></span> <span class='ocrx_word' id='word_1_120' title='bbox 1866 1596 2042 1638; x_wconf 88' lang='lat' dir='ltr'><strong>vestra</strong></span> <span class='ocrx_word' id='word_1_121' title='bbox 2094 1600 2199 1637; x_wconf 91' lang='lat' dir='ltr'><strong>non</strong></span> 
     </span>
    </p>
   </div>
   <div class='ocr_carea' id='block_1_16' title="bbox 633 1673 2201 1746">
    <p class='ocr_par' dir='ltr' id='par_1_16' title="bbox 633 1673 2201 1746">
     <span class='ocr_line' id='line_1_16' title="bbox 633 1673 2201 1746; baseline -0.003 -16"><span class='ocrx_word' id='word_1_122' title='bbox 633 1679 844 1746; x_wconf 74' lang='lat' dir='ltr'><strong>ignorat</strong></span> <span class='ocrx_word' id='word_1_123' title='bbox 880 1675 1304 1731; x_wconf 71' lang='lat' dir='ltr'><strong>ebaritas.‘Nam</strong></span> <span class='ocrx_word' id='word_1_124' title='bbox 1340 1676 1483 1729; x_wconf 88' lang='lat' dir='ltr'><strong>sicut</strong></span> <span class='ocrx_word' id='word_1_125' title='bbox 1527 1674 1605 1726; x_wconf 74' lang='lat' dir='ltr'><strong>i&#39;lli</strong></span> <span class='ocrx_word' id='word_1_126' title='bbox 1643 1673 1736 1743; x_wconf 91' lang='lat' dir='ltr'><strong>qui</strong></span> <span class='ocrx_word' id='word_1_127' title='bbox 1777 1673 1924 1725; x_wconf 86' lang='lat' dir='ltr'><strong>omni</strong></span> <span class='ocrx_word' id='word_1_128' title='bbox 1953 1687 2064 1726; x_wconf 83' lang='lat' dir='ltr'><strong>stne</strong></span> <span class='ocrx_word' id='word_1_129' title='bbox 2107 1687 2201 1725; x_wconf 84' lang='lat' dir='ltr'><strong>vo-</strong></span> 
     </span>
    </p>
   </div>
   <div class='ocr_carea' id='block_1_17' title="bbox 633 1759 2203 1833">
    <p class='ocr_par' dir='ltr' id='par_1_17' title="bbox 633 1759 2203 1833">
     <span class='ocr_line' id='line_1_17' title="bbox 633 1759 2203 1833; baseline -0.004 -14"><span class='ocrx_word' id='word_1_130' title='bbox 633 1767 822 1819; x_wconf 85' lang='lat' dir='ltr'><strong>luntati</strong></span> <span class='ocrx_word' id='word_1_131' title='bbox 874 1765 1041 1818; x_wconf 78' lang='lat' dir='ltr'><strong>Deum</strong></span> <span class='ocrx_word' id='word_1_132' title='bbox 1087 1775 1427 1833; x_wconf 65' lang='lat' dir='ltr'><strong>praeponunt,</strong></span> <span class='ocrx_word' id='word_1_133' title='bbox 1475 1763 1703 1830; x_wconf 79' lang='lat' dir='ltr'><strong>ejusque</strong></span> <span class='ocrx_word' id='word_1_134' title='bbox 1744 1771 2009 1829; x_wconf 78' lang='lat' dir='ltr'><strong>pneeepto</strong></span> <span class='ocrx_word' id='word_1_135' title='bbox 2056 1759 2203 1828; x_wconf 53' lang='lat' dir='ltr'><strong>plus-</strong></span> 
     </span>
    </p>
   </div>
   <div class='ocr_carea' id='block_1_18' title="bbox 631 1847 2200 1923">
    <p class='ocr_par' dir='ltr' id='par_1_18' title="bbox 631 1847 2200 1923">
     <span class='ocr_line' id='line_1_18' title="bbox 631 1847 2200 1923; baseline -0.005 -16"><span class='ocrx_word' id='word_1_136' title='bbox 631 1872 793 1923; x_wconf 87' lang='lat' dir='ltr'><strong>quam</strong></span> <span class='ocrx_word' id='word_1_137' title='bbox 840 1853 1152 1908; x_wconf 86' lang='lat' dir='ltr'><strong>hominibus</strong></span> <span class='ocrx_word' id='word_1_138' title='bbox 1195 1847 1472 1915; x_wconf 85' lang='lat' dir='ltr'><strong>obediuut,</strong></span> <span class='ocrx_word' id='word_1_139' title='bbox 1519 1849 1758 1903; x_wconf 88' lang='lat' dir='ltr'><strong>membra</strong></span> <span class='ocrx_word' id='word_1_140' title='bbox 1803 1859 1930 1908; x_wconf 84' lang='lat' dir='ltr'><strong>sunt.</strong></span> <span class='ocrx_word' id='word_1_141' title='bbox 1965 1847 2200 1917; x_wconf 81' lang='lat' dir='ltr'><strong>Christi;</strong></span> 
     </span>
    </p>
   </div>
   <div class='ocr_carea' id='block_1_19' title="bbox 2297 775 3879 844">
    <p class='ocr_par' dir='ltr' id='par_1_19' title="bbox 2297 775 3879 844">
     <span class='ocr_line' id='line_1_19' title="bbox 2297 775 3879 844; baseline 0.001 -14"><span class='ocrx_word' id='word_1_142' title='bbox 2297 786 2411 831; x_wconf 91' lang='lat' dir='ltr'><strong>tum</strong></span> <span class='ocrx_word' id='word_1_143' title='bbox 2437 775 2629 830; x_wconf 81' lang='lat' dir='ltr'><strong>suilieit</strong></span> <span class='ocrx_word' id='word_1_144' title='bbox 2661 777 2940 844; x_wconf 83' lang='lat' dir='ltr'><strong>increpare</strong></span> <span class='ocrx_word' id='word_1_145' title='bbox 2980 775 3146 829; x_wconf 90' lang='lat' dir='ltr'><strong>vitam</strong></span> <span class='ocrx_word' id='word_1_146' title='bbox 3191 777 3493 831; x_wconf 89' lang='lat' dir='ltr'><strong>carnalium</strong></span> <span class='ocrx_word' id='word_1_147' title='bbox 3523 789 3764 833; x_wconf 83' lang='lat' dir='ltr'><strong>recusat.</strong></span> <span class='ocrx_word' id='word_1_148' title='bbox 3807 777 3879 832; x_wconf 71' lang='lat' dir='ltr'><strong>Et</strong></span> 
     </span>
    </p>
   </div>
   <div class='ocr_carea' id='block_1_20' title="bbox 2297 867 3879 938">
    <p class='ocr_par' dir='ltr' id='par_1_20' title="bbox 2297 867 3879 938">
     <span class='ocr_line' id='line_1_20' title="bbox 2297 867 3879 938; baseline 0.001 -17"><span class='ocrx_word' id='word_1_149' title='bbox 2297 869 2342 921; x_wconf 91' lang='lat' dir='ltr'><strong>si</strong></span> <span class='ocrx_word' id='word_1_150' title='bbox 2374 869 2461 921; x_wconf 92' lang='lat' dir='ltr'><strong>illc</strong></span> <span class='ocrx_word' id='word_1_151' title='bbox 2489 867 2808 920; x_wconf 81' lang='lat' dir='ltr'><strong>maledictus</strong></span> <span class='ocrx_word' id='word_1_152' title='bbox 2839 876 2922 920; x_wconf 88' lang='lat' dir='ltr'><strong>est</strong></span> <span class='ocrx_word' id='word_1_153' title='bbox 2961 867 3056 935; x_wconf 89' lang='lat' dir='ltr'><strong>qui</strong></span> <span class='ocrx_word' id='word_1_154' title='bbox 3088 867 3336 935; x_wconf 89' lang='lat' dir='ltr'><strong>prohibet</strong></span> <span class='ocrx_word' id='word_1_155' title='bbox 3375 868 3610 938; x_wconf 85' lang='lat' dir='ltr'><strong>gladium</strong></span> <span class='ocrx_word' id='word_1_156' title='bbox 3643 884 3804 923; x_wconf 88' lang='lat' dir='ltr'><strong>suum</strong></span> <span class='ocrx_word' id='word_1_157' title='bbox 3843 884 3879 923; x_wconf 87' lang='lat' dir='ltr'><strong>a</strong></span> 
     </span>
    </p>
   </div>
   <div class='ocr_carea' id='block_1_21' title="bbox 2298 955 3876 1027">
    <p class='ocr_par' dir='ltr' id='par_1_21' title="bbox 2298 955 3876 1027">
     <span class='ocr_line' id='line_1_21' title="bbox 2298 955 3876 1027; baseline -0.001 -16"><span class='ocrx_word' id='word_1_158' title='bbox 2298 957 2560 1027; x_wconf 79' lang='lat' dir='ltr'><strong>sanguine</strong></span> <span class='ocrx_word' id='word_1_159' title='bbox 2591 955 2721 1023; x_wconf 81' lang='lat' dir='ltr'><strong>(Jcr.</strong></span> <span class='ocrx_word' id='word_1_160' title='bbox 2767 958 2977 1022; x_wconf 62' lang='grc' dir='ltr'><strong>γεω-ιιι),</strong></span> <span class='ocrx_word' id='word_1_161' title='bbox 3012 955 3062 1010; x_wconf 92' lang='lat' dir='ltr'><strong>id</strong></span> <span class='ocrx_word' id='word_1_162' title='bbox 3093 964 3178 1010; x_wconf 89' lang='lat' dir='ltr'><strong>est</strong></span> <span class='ocrx_word' id='word_1_163' title='bbox 3210 955 3616 1026; x_wconf 65' lang='lat' dir='ltr'><strong>pratdicationis</strong></span> <span class='ocrx_word' id='word_1_164' title='bbox 3646 956 3876 1010; x_wconf 85' lang='lat' dir='ltr'><strong>verbum</strong></span> 
     </span>
    </p>
   </div>
   <div class='ocr_carea' id='block_1_22' title="bbox 2299 1042 3880 1114">
    <p class='ocr_par' dir='ltr' id='par_1_22' title="bbox 2299 1042 3880 1114">
     <span class='ocr_line' id='line_1_22' title="bbox 2299 1042 3880 1114; baseline 0 -16"><span class='ocrx_word' id='word_1_165' title='bbox 2299 1061 2328 1098; x_wconf 89' lang='lat' dir='ltr'><strong>a</strong></span> <span class='ocrx_word' id='word_1_166' title='bbox 2378 1045 2614 1098; x_wconf 83' lang='lat' dir='ltr'><strong>carnalis</strong></span> <span class='ocrx_word' id='word_1_167' title='bbox 2665 1044 2787 1096; x_wconf 66' lang='lat' dir='ltr'><strong>vitae</strong></span> <span class='ocrx_word' id='word_1_168' title='bbox 2822 1042 3226 1108; x_wconf 86' lang='lat' dir='ltr'><strong>interfectione,</strong></span> <span class='ocrx_word' id='word_1_169' title='bbox 3258 1052 3464 1114; x_wconf 88' lang='lat' dir='ltr'><strong>quanto</strong></span> <span class='ocrx_word' id='word_1_170' title='bbox 3507 1045 3744 1113; x_wconf 83' lang='lat' dir='ltr'><strong>amplius</strong></span> <span class='ocrx_word' id='word_1_171' title='bbox 3786 1045 3880 1098; x_wconf 89' lang='lat' dir='ltr'><strong>ille</strong></span> 
     </span>
    </p>
   </div>
   <div class='ocr_carea' id='block_1_23' title="bbox 2299 1131 3880 1200">
    <p class='ocr_par' dir='ltr' id='par_1_23' title="bbox 2299 1131 3880 1200">
     <span class='ocr_line' id='line_1_23' title="bbox 2299 1131 3880 1200; baseline 0.001 -16"><span class='ocrx_word' id='word_1_172' title='bbox 2299 1133 2617 1186; x_wconf 81' lang='lat' dir='ltr'><strong>maledit-tus</strong></span> <span class='ocrx_word' id='word_1_173' title='bbox 2670 1140 2783 1194; x_wconf 88' lang='lat' dir='ltr'><strong>est,</strong></span> <span class='ocrx_word' id='word_1_174' title='bbox 2839 1132 2932 1200; x_wconf 89' lang='lat' dir='ltr'><strong>qui</strong></span> <span class='ocrx_word' id='word_1_175' title='bbox 2991 1132 3222 1194; x_wconf 84' lang='lat' dir='ltr'><strong>timore,</strong></span> <span class='ocrx_word' id='word_1_176' title='bbox 3272 1133 3353 1185; x_wconf 86' lang='lat' dir='ltr'><strong>vel</strong></span> <span class='ocrx_word' id='word_1_177' title='bbox 3409 1131 3594 1186; x_wconf 78' lang='lat' dir='ltr'><strong>favore</strong></span> <span class='ocrx_word' id='word_1_178' title='bbox 3648 1131 3880 1200; x_wconf 72' lang='lat' dir='ltr'><strong>impellit</strong></span> 
     </span>
    </p>
   </div>
   <div class='ocr_carea' id='block_1_24' title="bbox 2299 1221 3881 1290">
    <p class='ocr_par' dir='ltr' id='par_1_24' title="bbox 2299 1221 3881 1290">
     <span class='ocr_line' id='line_1_24' title="bbox 2299 1221 3881 1290; baseline 0 -14"><span class='ocrx_word' id='word_1_179' title='bbox 2299 1224 2538 1276; x_wconf 84' lang='lat' dir='ltr'><strong>animam</strong></span> <span class='ocrx_word' id='word_1_180' title='bbox 2586 1221 2771 1275; x_wconf 89' lang='lat' dir='ltr'><strong>fratris</strong></span> <span class='ocrx_word' id='word_1_181' title='bbox 2817 1221 2901 1275; x_wconf 90' lang='lat' dir='ltr'><strong>sui</strong></span> <span class='ocrx_word' id='word_1_182' title='bbox 2954 1222 3008 1275; x_wconf 91' lang='lat' dir='ltr'><strong>in</strong></span> <span class='ocrx_word' id='word_1_183' title='bbox 3058 1231 3315 1276; x_wconf 54' lang='lat' dir='ltr'><strong>aeternam</strong></span> <span class='ocrx_word' id='word_1_184' title='bbox 3366 1222 3758 1290; x_wconf 81' lang='lat' dir='ltr'><strong>perditionem?</strong></span> <span class='ocrx_word' id='word_1_185' title='bbox 3805 1221 3881 1276; x_wconf 80' lang='lat' dir='ltr'><strong>Ut</strong></span> 
     </span>
    </p>
   </div>
   <div class='ocr_carea' id='block_1_25' title="bbox 2300 1309 3874 1380">
    <p class='ocr_par' dir='ltr' id='par_1_25' title="bbox 2300 1309 3874 1380">
     <span class='ocr_line' id='line_1_25' title="bbox 2300 1309 3874 1380; baseline 0 -16"><span class='ocrx_word' id='word_1_186' title='bbox 2300 1321 2476 1364; x_wconf 88' lang='lat' dir='ltr'><strong>autem</strong></span> <span class='ocrx_word' id='word_1_187' title='bbox 2515 1309 2783 1365; x_wconf 79' lang='lat' dir='ltr'><strong>maledicti</strong></span> <span class='ocrx_word' id='word_1_188' title='bbox 2813 1319 2866 1363; x_wconf 89' lang='lat' dir='ltr'><strong>et</strong></span> <span class='ocrx_word' id='word_1_189' title='bbox 2899 1311 3353 1365; x_wconf 76' lang='lat' dir='ltr'><strong>excommunicati</strong></span> <span class='ocrx_word' id='word_1_190' title='bbox 3400 1313 3612 1380; x_wconf 86' lang='lat' dir='ltr'><strong>possint</strong></span> <span class='ocrx_word' id='word_1_191' title='bbox 3648 1312 3874 1365; x_wconf 86' lang='lat' dir='ltr'><strong>benedi-</strong></span> 
     </span>
    </p>
   </div>
   <div class='ocr_carea' id='block_1_26' title="bbox 2300 1400 3879 1470">
    <p class='ocr_par' dir='ltr' id='par_1_26' title="bbox 2300 1400 3879 1470">
     <span class='ocr_line' id='line_1_26' title="bbox 2300 1400 3879 1470; baseline 0.001 -16"><span class='ocrx_word' id='word_1_192' title='bbox 2300 1415 2443 1464; x_wconf 87' lang='lat' dir='ltr'><strong>cere,</strong></span> <span class='ocrx_word' id='word_1_193' title='bbox 2469 1411 2523 1455; x_wconf 89' lang='lat' dir='ltr'><strong>et</strong></span> <span class='ocrx_word' id='word_1_194' title='bbox 2547 1400 2786 1454; x_wconf 88' lang='lat' dir='ltr'><strong>divinam</strong></span> <span class='ocrx_word' id='word_1_195' title='bbox 2815 1400 3242 1470; x_wconf 88' lang='lat' dir='ltr'><strong>gratiam,quam</strong></span> <span class='ocrx_word' id='word_1_196' title='bbox 3266 1416 3374 1454; x_wconf 92' lang='lat' dir='ltr'><strong>non</strong></span> <span class='ocrx_word' id='word_1_197' title='bbox 3400 1402 3591 1455; x_wconf 86' lang='lat' dir='ltr'><strong>timent</strong></span> <span class='ocrx_word' id='word_1_198' title='bbox 3617 1401 3879 1470; x_wconf 87' lang='lat' dir='ltr'><strong>operibus</strong></span> 
     </span>
    </p>
   </div>
   <div class='ocr_carea' id='block_1_27' title="bbox 2300 1487 3877 1564">
    <p class='ocr_par' dir='ltr' id='par_1_27' title="bbox 2300 1487 3877 1564">
     <span class='ocr_line' id='line_1_27' title="bbox 2300 1487 3877 1564; baseline 0.003 -23"><span class='ocrx_word' id='word_1_199' title='bbox 2300 1489 2602 1558; x_wconf 82' lang='lat' dir='ltr'><strong>denegare,</strong></span> <span class='ocrx_word' id='word_1_200' title='bbox 2653 1487 2851 1564; x_wconf 57' lang='lat' dir='ltr'><strong>alicui]</strong></span> <span class='ocrx_word' id='word_1_201' title='bbox 2884 1487 3105 1557; x_wconf 84' lang='lat' dir='ltr'><strong>largiri,</strong></span> <span class='ocrx_word' id='word_1_202' title='bbox 3179 1489 3234 1542; x_wconf 91' lang='lat' dir='ltr'><strong>in</strong></span> <span class='ocrx_word' id='word_1_203' title='bbox 3297 1490 3500 1545; x_wconf 78' lang='lat' dir='ltr'><strong>nullius</strong></span> <span class='ocrx_word' id='word_1_204' title='bbox 3557 1501 3877 1545; x_wconf 87' lang='lat' dir='ltr'><strong>sanctorum</strong></span> 
     </span>
    </p>
   </div>
   <div class='ocr_carea' id='block_1_28' title="bbox 2302 1579 3878 1650">
    <p class='ocr_par' dir='ltr' id='par_1_28' title="bbox 2302 1579 3878 1650">
     <span class='ocr_line' id='line_1_28' title="bbox 2302 1579 3878 1650; baseline 0.003 -18"><span class='ocrx_word' id='word_1_205' title='bbox 2302 1579 2523 1632; x_wconf 81' lang='lat' dir='ltr'><strong>Patrum</strong></span> <span class='ocrx_word' id='word_1_206' title='bbox 2571 1588 2837 1648; x_wconf 75' lang='lat' dir='ltr'><strong>praecepto</strong></span> <span class='ocrx_word' id='word_1_207' title='bbox 2875 1588 3053 1648; x_wconf 87' lang='lat' dir='ltr'><strong>p0test</strong></span> <span class='ocrx_word' id='word_1_208' title='bbox 3092 1580 3343 1633; x_wconf 73' lang='lat' dir='ltr'><strong>inveniri.</strong></span> <span class='ocrx_word' id='word_1_209' title='bbox 3371 1579 3576 1634; x_wconf 87' lang='lat' dir='ltr'><strong>Interea</strong></span> <span class='ocrx_word' id='word_1_210' title='bbox 3615 1582 3878 1650; x_wconf 68' lang='lat' dir='ltr'><strong>iubemus</strong></span> 
     </span>
    </p>
   </div>
   <div class='ocr_carea' id='block_1_29' title="bbox 2303 1668 3878 1738">
    <p class='ocr_par' dir='ltr' id='par_1_29' title="bbox 2303 1668 3878 1738">
     <span class='ocr_line' id='line_1_29' title="bbox 2303 1668 3878 1738; baseline 0.001 -16"><span class='ocrx_word' id='word_1_211' title='bbox 2303 1679 2364 1723; x_wconf 90' lang='lat' dir='ltr'><strong>ut</strong></span> <span class='ocrx_word' id='word_1_212' title='bbox 2391 1668 2743 1737; x_wconf 81' lang='lat' dir='ltr'><strong>alloquamini</strong></span> <span class='ocrx_word' id='word_1_213' title='bbox 2774 1669 3133 1723; x_wconf 84' lang='lat' dir='ltr'><strong>venerabilem</strong></span> <span class='ocrx_word' id='word_1_214' title='bbox 3175 1669 3644 1738; x_wconf 86' lang='lat' dir='ltr'><strong>archiepiscopum</strong></span> <span class='ocrx_word' id='word_1_215' title='bbox 3674 1669 3878 1724; x_wconf 72' lang='lat' dir='ltr'><strong>Treve-</strong></span> 
     </span>
    </p>
   </div>
   <div class='ocr_carea' id='block_1_30' title="bbox 2307 1757 3875 1824">
    <p class='ocr_par' dir='ltr' id='par_1_30' title="bbox 2307 1757 3875 1824">
     <span class='ocr_line' id='line_1_30' title="bbox 2307 1757 3875 1824; baseline -0.001 -11"><span class='ocrx_word' id='word_1_216' title='bbox 2307 1775 2515 1813; x_wconf 87' lang='lat' dir='ltr'><strong>rensem</strong></span> <span class='ocrx_word' id='word_1_217' title='bbox 2540 1801 2554 1824; x_wconf 97' lang='lat'><strong>,</strong></span> <span class='ocrx_word' id='word_1_218' title='bbox 2604 1757 2826 1814; x_wconf 82' lang='lat' dir='ltr'><strong>fratrem</strong></span> <span class='ocrx_word' id='word_1_219' title='bbox 2885 1759 3130 1813; x_wconf 82' lang='lat' dir='ltr'><strong>videlicet</strong></span> <span class='ocrx_word' id='word_1_220' title='bbox 3178 1768 3463 1823; x_wconf 84' lang='lat' dir='ltr'><strong>nostrum,</strong></span> <span class='ocrx_word' id='word_1_221' title='bbox 3522 1767 3583 1813; x_wconf 78' lang='lat' dir='ltr'><strong>ut</strong></span> <span class='ocrx_word' id='word_1_222' title='bbox 3629 1757 3875 1813; x_wconf 73' lang='lat' dir='ltr'><strong>Tullensi</strong></span> 
     </span>
    </p>
   </div>
   <div class='ocr_carea' id='block_1_31' title="bbox 2304 1846 3873 1916">
    <p class='ocr_par' dir='ltr' id='par_1_31' title="bbox 2304 1846 3873 1916">
     <span class='ocr_line' id='line_1_31' title="bbox 2304 1846 3873 1916; baseline -0.001 -16"><span class='ocrx_word' id='word_1_223' title='bbox 2304 1848 2578 1916; x_wconf 76' lang='lat' dir='ltr'><strong>(‘plSt‘0p0,</strong></span> <span class='ocrx_word' id='word_1_224' title='bbox 2607 1861 2672 1901; x_wconf 87' lang='lat' dir='ltr'><strong>ne</strong></span> <span class='ocrx_word' id='word_1_225' title='bbox 2710 1862 2769 1901; x_wconf 88' lang='lat' dir='ltr'><strong>se</strong></span> <span class='ocrx_word' id='word_1_226' title='bbox 2799 1847 3122 1901; x_wconf 86' lang='lat' dir='ltr'><strong>intromittat</strong></span> <span class='ocrx_word' id='word_1_227' title='bbox 3148 1846 3214 1900; x_wconf 87' lang='lat' dir='ltr'><strong>de</strong></span> <span class='ocrx_word' id='word_1_228' title='bbox 3241 1846 3513 1901; x_wconf 81' lang='lat' dir='ltr'><strong>abbatissa</strong></span> <span class='ocrx_word' id='word_1_229' title='bbox 3555 1846 3873 1900; x_wconf 71' lang='lat' dir='ltr'><strong>monasterii</strong></span> 
     </span>
    </p>
   </div>
   <div class='ocr_carea' id='block_1_32' title="bbox 635 1919 3873 2011">
    <p class='ocr_par' dir='ltr' id='par_1_32' title="bbox 635 1919 3873 2011">
     <span class='ocr_line' id='line_1_32' title="bbox 635 1919 3873 2011; baseline -0.002 -15"><span class='ocrx_word' id='word_1_230' title='bbox 635 1919 706 1997; x_wconf 79' lang='lat' dir='ltr'><strong>ita</strong></span> <span class='ocrx_word' id='word_1_231' title='bbox 740 1955 792 1996; x_wconf 90' lang='lat' dir='ltr'><strong>et</strong></span> <span class='ocrx_word' id='word_1_232' title='bbox 835 1943 932 2005; x_wconf 91' lang='lat' dir='ltr'><strong>illi,</strong></span> <span class='ocrx_word' id='word_1_233' title='bbox 973 1942 1040 1996; x_wconf 89' lang='lat' dir='ltr'><strong>de</strong></span> <span class='ocrx_word' id='word_1_234' title='bbox 1067 1941 1267 2011; x_wconf 84' lang='lat' dir='ltr'><strong>quibus</strong></span> <span class='ocrx_word' id='word_1_235' title='bbox 1297 1956 1459 2008; x_wconf 90' lang='lat' dir='ltr'><strong>supra</strong></span> <span class='ocrx_word' id='word_1_236' title='bbox 1487 1940 1745 2003; x_wconf 83' lang='lat' dir='ltr'><strong>diximus,</strong></span> <span class='ocrx_word' id='word_1_237' title='bbox 1792 1937 2030 1992; x_wconf 89' lang='lat' dir='ltr'><strong>membra</strong></span> <span class='ocrx_word' id='word_1_238' title='bbox 2076 1945 2202 1989; x_wconf 83' lang='lat' dir='ltr'><strong>sunt</strong></span> <span class='ocrx_word' id='word_1_239' title='bbox 2234 1919 2276 1974; x_wconf 77' lang='grc' dir='ltr'><strong>Β</strong></span> <span class='ocrx_word' id='word_1_240' title='bbox 2301 1935 2497 1990; x_wconf 75' lang='lat' dir='ltr'><strong>Montis</strong></span> <span class='ocrx_word' id='word_1_241' title='bbox 2544 1934 2847 1999; x_wconf 77' lang='lat' dir='ltr'><strong>Romarici,</strong></span> <span class='ocrx_word' id='word_1_242' title='bbox 2895 1934 3208 1999; x_wconf 82' lang='lat' dir='ltr'><strong>interdieat,</strong></span> <span class='ocrx_word' id='word_1_243' title='bbox 3257 1943 3312 1988; x_wconf 86' lang='lat' dir='ltr'><strong>et</strong></span> <span class='ocrx_word' id='word_1_244' title='bbox 3364 1934 3629 2004; x_wconf 86' lang='lat' dir='ltr'><strong>quidquid</strong></span> <span class='ocrx_word' id='word_1_245' title='bbox 3682 1943 3873 1989; x_wconf 85' lang='lat' dir='ltr'><strong>contra</strong></span> 
     </span>
    </p>
   </div>
   <div class='ocr_carea' id='block_1_33' title="bbox 634 2032 1070 2085">
    <p class='ocr_par' dir='ltr' id='par_1_33' title="bbox 634 2032 1070 2085">
     <span class='ocr_line' id='line_1_33' title="bbox 634 2032 1070 2085; baseline -0.002 -1"><span class='ocrx_word' id='word_1_246' title='bbox 634 2032 973 2085; x_wconf 64' lang='lat' dir='ltr'><strong>Antichristi.</strong></span> <span class='ocrx_word' id='word_1_247' title='bbox 1067 2059 1070 2066; x_wconf 73' lang='grc' dir='ltr'>ι</span> 
     </span>
    </p>
   </div>
   <div class='ocr_carea' id='block_1_34' title="bbox 601 2114 2198 2189">
    <p class='ocr_par' dir='ltr' id='par_1_34' title="bbox 601 2114 2198 2189">
     <span class='ocr_line' id='line_1_34' title="bbox 601 2114 2198 2189; baseline -0.006 -14"><span class='ocrx_word' id='word_1_248' title='bbox 601 2116 603 2118; x_wconf 59' lang='grc'><strong><em>’</em></strong></span> <span class='ocrx_word' id='word_1_249' title='bbox 704 2122 760 2174; x_wconf 88' lang='lat' dir='ltr'><strong>Si</strong></span> <span class='ocrx_word' id='word_1_250' title='bbox 785 2137 913 2189; x_wconf 83' lang='lat' dir='ltr'><strong>ergo</strong></span> <span class='ocrx_word' id='word_1_251' title='bbox 950 2117 1261 2189; x_wconf 84' lang='lat' dir='ltr'><strong>spirituales</strong></span> <span class='ocrx_word' id='word_1_252' title='bbox 1292 2119 1416 2182; x_wconf 90' lang='lat' dir='ltr'><strong>viri,</strong></span> <span class='ocrx_word' id='word_1_253' title='bbox 1446 2133 1572 2172; x_wconf 91' lang='lat' dir='ltr'><strong>cum</strong></span> <span class='ocrx_word' id='word_1_254' title='bbox 1596 2125 1830 2186; x_wconf 86' lang='lat' dir='ltr'><strong>oportet,</strong></span> <span class='ocrx_word' id='word_1_255' title='bbox 1862 2114 2198 2183; x_wconf 86' lang='lat' dir='ltr'><strong>judicantur,</strong></span> 
     </span>
    </p>
   </div>
   <div class='ocr_carea' id='block_1_35' title="bbox 633 2203 2200 2274">
    <p class='ocr_par' dir='ltr' id='par_1_35' title="bbox 633 2203 2200 2274">
     <span class='ocr_line' id='line_1_35' title="bbox 633 2203 2200 2274; baseline -0.005 -12"><span class='ocrx_word' id='word_1_256' title='bbox 633 2225 731 2263; x_wconf 79' lang='lat' dir='ltr'><strong>czrr</strong></span> <span class='ocrx_word' id='word_1_257' title='bbox 767 2224 874 2261; x_wconf 91' lang='lat' dir='ltr'><strong>non</strong></span> <span class='ocrx_word' id='word_1_258' title='bbox 912 2207 1202 2261; x_wconf 59' lang='lat' dir='ltr'><strong>saeculares</strong></span> <span class='ocrx_word' id='word_1_259' title='bbox 1234 2206 1469 2274; x_wconf 89' lang='lat' dir='ltr'><strong>amplius</strong></span> <span class='ocrx_word' id='word_1_260' title='bbox 1511 2207 1578 2259; x_wconf 88' lang='lat' dir='ltr'><strong>de</strong></span> <span class='ocrx_word' id='word_1_261' title='bbox 1622 2205 1736 2258; x_wconf 90' lang='lat' dir='ltr'><strong>suis</strong></span> <span class='ocrx_word' id='word_1_262' title='bbox 1771 2203 1950 2273; x_wconf 87' lang='lat' dir='ltr'><strong>pravis</strong></span> <span class='ocrx_word' id='word_1_263' title='bbox 1989 2203 2200 2256; x_wconf 85' lang='lat' dir='ltr'><strong>actibus</strong></span> 
     </span>
    </p>
   </div>
   <div class='ocr_carea' id='block_1_36' title="bbox 634 2293 2200 2367">
    <p class='ocr_par' dir='ltr' id='par_1_36' title="bbox 634 2293 2200 2367">
     <span class='ocr_line' id='line_1_36' title="bbox 634 2293 2200 2367; baseline -0.003 -18"><span class='ocrx_word' id='word_1_264' title='bbox 634 2299 1051 2367; x_wconf 76' lang='lat' dir='ltr'><strong>i-tmstringunt?</strong></span> <span class='ocrx_word' id='word_1_265' title='bbox 1083 2296 1187 2352; x_wconf 79' lang='lat' dir='ltr'><strong>Sed</strong></span> <span class='ocrx_word' id='word_1_266' title='bbox 1221 2296 1358 2351; x_wconf 88' lang='lat' dir='ltr'><strong>forte</strong></span> <span class='ocrx_word' id='word_1_267' title='bbox 1392 2305 1586 2365; x_wconf 88' lang='lat' dir='ltr'><strong>putant</strong></span> <span class='ocrx_word' id='word_1_268' title='bbox 1617 2295 1762 2364; x_wconf 90' lang='lat' dir='ltr'><strong>quod</strong></span> <span class='ocrx_word' id='word_1_269' title='bbox 1801 2293 1945 2364; x_wconf 84' lang='lat' dir='ltr'><strong>regia</strong></span> <span class='ocrx_word' id='word_1_270' title='bbox 1969 2293 2200 2362; x_wconf 82' lang='lat' dir='ltr'><strong>dignitas</strong></span> 
     </span>
    </p>
   </div>
   <div class='ocr_carea' id='block_1_37' title="bbox 634 2382 2201 2458">
    <p class='ocr_par' dir='ltr' id='par_1_37' title="bbox 634 2382 2201 2458">
     <span class='ocr_line' id='line_1_37' title="bbox 634 2382 2201 2458; baseline -0.004 -18"><span class='ocrx_word' id='word_1_271' title='bbox 634 2390 996 2458; x_wconf 73' lang='lat' dir='ltr'><strong>epist-epuloni</strong></span> <span class='ocrx_word' id='word_1_272' title='bbox 1020 2388 1310 2456; x_wconf 70' lang='lat' dir='ltr'><strong>praecellat.</strong></span> <span class='ocrx_word' id='word_1_273' title='bbox 1332 2385 1408 2439; x_wconf 83' lang='lat' dir='ltr'><strong>Ex</strong></span> <span class='ocrx_word' id='word_1_274' title='bbox 1434 2401 1621 2440; x_wconf 89' lang='lat' dir='ltr'><strong>eorum</strong></span> <span class='ocrx_word' id='word_1_275' title='bbox 1650 2383 1928 2453; x_wconf 86' lang='lat' dir='ltr'><strong>principiis</strong></span> <span class='ocrx_word' id='word_1_276' title='bbox 1952 2382 2201 2450; x_wconf 72' lang='lat' dir='ltr'><strong>colligere</strong></span> 
     </span>
    </p>
   </div>
   <div class='ocr_carea' id='block_1_38' title="bbox 588 2469 2198 2547">
    <p class='ocr_par' dir='ltr' id='par_1_38' title="bbox 588 2469 2198 2547">
     <span class='ocr_line' id='line_1_38' title="bbox 588 2469 2198 2547; baseline -0.005 -18"><span class='ocrx_word' id='word_1_277' title='bbox 588 2545 590 2547; x_wconf 6' lang='lat' dir='ltr'><strong>q</strong></span> <span class='ocrx_word' id='word_1_278' title='bbox 636 2488 866 2547; x_wconf 50' lang='lat' dir='ltr'><strong>possunt</strong></span> <span class='ocrx_word' id='word_1_279' title='bbox 898 2485 1160 2544; x_wconf 87' lang='lat' dir='ltr'><strong>quantum</strong></span> <span class='ocrx_word' id='word_1_280' title='bbox 1186 2492 1214 2529; x_wconf 92' lang='lat' dir='ltr'><strong>a</strong></span> <span class='ocrx_word' id='word_1_281' title='bbox 1252 2492 1309 2530; x_wconf 87' lang='lat' dir='ltr'><strong>se</strong></span> <span class='ocrx_word' id='word_1_282' title='bbox 1335 2485 1565 2543; x_wconf 90' lang='lat' dir='ltr'><strong>utraque</strong></span> <span class='ocrx_word' id='word_1_283' title='bbox 1585 2474 1854 2527; x_wconf 71' lang='lat' dir='ltr'><strong>differunt.</strong></span> <span class='ocrx_word' id='word_1_284' title='bbox 1894 2469 2042 2523; x_wconf 88' lang='lat' dir='ltr'><strong>Illam</strong></span> <span class='ocrx_word' id='word_1_285' title='bbox 2073 2469 2198 2538; x_wconf 91' lang='lat' dir='ltr'><strong>qui-</strong></span> 
     </span>
    </p>
   </div>
   <div class='ocr_carea' id='block_1_39' title="bbox 634 2559 2200 2634">
    <p class='ocr_par' dir='ltr' id='par_1_39' title="bbox 634 2559 2200 2634">
     <span class='ocr_line' id='line_1_39' title="bbox 634 2559 2200 2634; baseline -0.006 -14"><span class='ocrx_word' id='word_1_286' title='bbox 634 2574 754 2620; x_wconf 76' lang='lat' dir='ltr'><strong>dem</strong></span> <span class='ocrx_word' id='word_1_287' title='bbox 801 2566 1053 2634; x_wconf 85' lang='lat' dir='ltr'><strong>superbia</strong></span> <span class='ocrx_word' id='word_1_288' title='bbox 1113 2567 1349 2618; x_wconf 88' lang='lat' dir='ltr'><strong>humana</strong></span> <span class='ocrx_word' id='word_1_289' title='bbox 1385 2565 1601 2634; x_wconf 88' lang='lat' dir='ltr'><strong>reperit,</strong></span> <span class='ocrx_word' id='word_1_290' title='bbox 1640 2564 1778 2616; x_wconf 86' lang='lat' dir='ltr'><strong>hanc</strong></span> <span class='ocrx_word' id='word_1_291' title='bbox 1809 2561 1990 2615; x_wconf 88' lang='lat' dir='ltr'><strong>divina</strong></span> <span class='ocrx_word' id='word_1_292' title='bbox 2029 2559 2200 2629; x_wconf 81' lang='lat' dir='ltr'><strong>pietas</strong></span> 
     </span>
    </p>
   </div>
   <div class='ocr_carea' id='block_1_40' title="bbox 636 2653 2196 2724">
    <p class='ocr_par' dir='ltr' id='par_1_40' title="bbox 636 2653 2196 2724">
     <span class='ocr_line' id='line_1_40' title="bbox 636 2653 2196 2724; baseline -0.006 -15"><span class='ocrx_word' id='word_1_293' title='bbox 636 2657 895 2720; x_wconf 84' lang='lat' dir='ltr'><strong>instituit;</strong></span> <span class='ocrx_word' id='word_1_294' title='bbox 944 2655 1031 2706; x_wconf 90' lang='lat' dir='ltr'><strong>illa</strong></span> <span class='ocrx_word' id='word_1_295' title='bbox 1085 2669 1277 2707; x_wconf 90' lang='lat' dir='ltr'><strong>vanam</strong></span> <span class='ocrx_word' id='word_1_296' title='bbox 1329 2653 1555 2724; x_wconf 81' lang='lat' dir='ltr'><strong>gloriam</strong></span> <span class='ocrx_word' id='word_1_297' title='bbox 1603 2654 1935 2704; x_wconf 87' lang='lat' dir='ltr'><strong>incessanter</strong></span> <span class='ocrx_word' id='word_1_298' title='bbox 1987 2655 2196 2716; x_wconf 87' lang='lat' dir='ltr'><strong>captat,</strong></span> 
     </span>
    </p>
   </div>
   <div class='ocr_carea' id='block_1_41' title="bbox 635 2735 2199 2810">
    <p class='ocr_par' dir='ltr' id='par_1_41' title="bbox 635 2735 2199 2810">
     <span class='ocr_line' id='line_1_41' title="bbox 635 2735 2199 2810; baseline -0.004 -12"><span class='ocrx_word' id='word_1_299' title='bbox 635 2747 748 2801; x_wconf 80' lang='lat' dir='ltr'><strong>lucc</strong></span> <span class='ocrx_word' id='word_1_300' title='bbox 796 2746 861 2800; x_wconf 87' lang='lat' dir='ltr'><strong>ad</strong></span> <span class='ocrx_word' id='word_1_301' title='bbox 904 2744 1176 2798; x_wconf 68' lang='lat' dir='ltr'><strong>cmlestem</strong></span> <span class='ocrx_word' id='word_1_302' title='bbox 1220 2743 1384 2797; x_wconf 91' lang='lat' dir='ltr'><strong>vitam</strong></span> <span class='ocrx_word' id='word_1_303' title='bbox 1421 2756 1633 2810; x_wconf 86' lang='lat' dir='ltr'><strong>semper</strong></span> <span class='ocrx_word' id='word_1_304' title='bbox 1673 2739 1891 2807; x_wconf 89' lang='lat' dir='ltr'><strong>aspirat.</strong></span> <span class='ocrx_word' id='word_1_305' title='bbox 1920 2736 1982 2789; x_wconf 86' lang='lat' dir='ltr'><strong>Et</strong></span> <span class='ocrx_word' id='word_1_306' title='bbox 2020 2735 2199 2791; x_wconf 88' lang='lat' dir='ltr'><strong>addis-</strong></span> 
     </span>
    </p>
   </div>
   <div class='ocr_carea' id='block_1_42' title="bbox 633 2828 2198 2904">
    <p class='ocr_par' dir='ltr' id='par_1_42' title="bbox 633 2828 2198 2904">
     <span class='ocr_line' id='line_1_42' title="bbox 633 2828 2198 2904; baseline -0.006 -15"><span class='ocrx_word' id='word_1_307' title='bbox 633 2846 760 2890; x_wconf 89' lang='lat' dir='ltr'><strong>cant</strong></span> <span class='ocrx_word' id='word_1_308' title='bbox 781 2836 909 2904; x_wconf 87' lang='lat' dir='ltr'><strong>quid</strong></span> <span class='ocrx_word' id='word_1_309' title='bbox 936 2837 1123 2889; x_wconf 84' lang='lat' dir='ltr'><strong>beatus</strong></span> <span class='ocrx_word' id='word_1_310' title='bbox 1150 2835 1468 2887; x_wconf 70' lang='lat' dir='ltr'><strong>Anastasius</strong></span> <span class='ocrx_word' id='word_1_311' title='bbox 1497 2847 1631 2901; x_wconf 89' lang='lat' dir='ltr'><strong>papa</strong></span> <span class='ocrx_word' id='word_1_312' title='bbox 1656 2830 1942 2884; x_wconf 79' lang='lat' dir='ltr'><strong>Anastasio</strong></span> <span class='ocrx_word' id='word_1_313' title='bbox 1970 2828 2198 2896; x_wconf 90' lang='lat' dir='ltr'><strong>impera-</strong></span> 
     </span>
    </p>
   </div>
   <div class='ocr_carea' id='block_1_43' title="bbox 596 2919 2199 2996">
    <p class='ocr_par' dir='ltr' id='par_1_43' title="bbox 596 2919 2199 2996">
     <span class='ocr_line' id='line_1_43' title="bbox 596 2919 2199 2996; baseline -0.007 -15"><span class='ocrx_word' id='word_1_314' title='bbox 596 2949 604 2954; x_wconf 88' lang='grc'><strong>·</strong></span> <span class='ocrx_word' id='word_1_315' title='bbox 636 2929 737 2981; x_wconf 87' lang='lat' dir='ltr'><strong>turi</strong></span> <span class='ocrx_word' id='word_1_316' title='bbox 792 2929 858 2982; x_wconf 90' lang='lat' dir='ltr'><strong>de</strong></span> <span class='ocrx_word' id='word_1_317' title='bbox 897 2928 982 2982; x_wconf 87' lang='lat' dir='ltr'><strong>his</strong></span> <span class='ocrx_word' id='word_1_318' title='bbox 1023 2927 1379 2996; x_wconf 79' lang='lat' dir='ltr'><strong>dignitatibus</strong></span> <span class='ocrx_word' id='word_1_319' title='bbox 1423 2922 1723 2992; x_wconf 87' lang='lat' dir='ltr'><strong>scripserit,</strong></span> <span class='ocrx_word' id='word_1_320' title='bbox 1756 2930 1810 2974; x_wconf 92' lang='lat' dir='ltr'><strong>et</strong></span> <span class='ocrx_word' id='word_1_321' title='bbox 1843 2919 1972 2988; x_wconf 89' lang='lat' dir='ltr'><strong>quid</strong></span> <span class='ocrx_word' id='word_1_322' title='bbox 2010 2919 2199 2972; x_wconf 89' lang='lat' dir='ltr'><strong>beatus</strong></span> 
     </span>
    </p>
   </div>
   <div class='ocr_carea' id='block_1_44' title="bbox 635 3008 2198 3078">
    <p class='ocr_par' dir='ltr' id='par_1_44' title="bbox 635 3008 2198 3078">
     <span class='ocr_line' id='line_1_44' title="bbox 635 3008 2198 3078; baseline -0.004 -10"><span class='ocrx_word' id='word_1_323' title='bbox 635 3017 953 3070; x_wconf 81' lang='lat' dir='ltr'><strong>Ambrosius</strong></span> <span class='ocrx_word' id='word_1_324' title='bbox 1006 3016 1058 3069; x_wconf 90' lang='lat' dir='ltr'><strong>in</strong></span> <span class='ocrx_word' id='word_1_325' title='bbox 1119 3030 1220 3069; x_wconf 85' lang='lat' dir='ltr'><strong>suo</strong></span> <span class='ocrx_word' id='word_1_326' title='bbox 1255 3013 1519 3069; x_wconf 77' lang='lat' dir='ltr'><strong>l’astorali</strong></span> <span class='ocrx_word' id='word_1_327' title='bbox 1584 3013 1722 3066; x_wconf 89' lang='lat' dir='ltr'><strong>inter</strong></span> <span class='ocrx_word' id='word_1_328' title='bbox 1774 3011 1872 3064; x_wconf 86' lang='lat' dir='ltr'><strong>has</strong></span> <span class='ocrx_word' id='word_1_329' title='bbox 1913 3008 2198 3078; x_wconf 78' lang='lat' dir='ltr'><strong>dignitates</strong></span> 
     </span>
    </p>
   </div>
   <div class='ocr_carea' id='block_1_45' title="bbox 633 3099 2198 3176">
    <p class='ocr_par' dir='ltr' id='par_1_45' title="bbox 633 3099 2198 3176">
     <span class='ocr_line' id='line_1_45' title="bbox 633 3099 2198 3176; baseline -0.006 -15"><span class='ocrx_word' id='word_1_330' title='bbox 633 3108 949 3162; x_wconf 78' lang='lat' dir='ltr'><strong>decreverit.</strong></span> <span class='ocrx_word' id='word_1_331' title='bbox 997 3105 1202 3170; x_wconf 86' lang='lat' dir='ltr'><strong>llonor,</strong></span> <span class='ocrx_word' id='word_1_332' title='bbox 1238 3106 1511 3176; x_wconf 85' lang='lat' dir='ltr'><strong>inquiens,</strong></span> <span class='ocrx_word' id='word_1_333' title='bbox 1560 3114 1614 3158; x_wconf 87' lang='lat' dir='ltr'><strong>et</strong></span> <span class='ocrx_word' id='word_1_334' title='bbox 1646 3101 1950 3158; x_wconf 86' lang='lat' dir='ltr'><strong>sublimitas</strong></span> <span class='ocrx_word' id='word_1_335' title='bbox 1985 3099 2198 3168; x_wconf 89' lang='lat' dir='ltr'><strong>cpisco-</strong></span> 
     </span>
    </p>
   </div>
   <div class='ocr_carea' id='block_1_46' title="bbox 2299 2022 3873 2078">
    <p class='ocr_par' dir='ltr' id='par_1_46' title="bbox 2299 2022 3873 2078">
     <span class='ocr_line' id='line_1_46' title="bbox 2299 2022 3873 2078; baseline 0 0"><span class='ocrx_word' id='word_1_336' title='bbox 2299 2039 2420 2078; x_wconf 90' lang='lat' dir='ltr'><strong>eam</strong></span> <span class='ocrx_word' id='word_1_337' title='bbox 2453 2025 2640 2078; x_wconf 86' lang='lat' dir='ltr'><strong>statuit</strong></span> <span class='ocrx_word' id='word_1_338' title='bbox 2668 2040 2774 2078; x_wconf 89' lang='lat' dir='ltr'><strong>una</strong></span> <span class='ocrx_word' id='word_1_339' title='bbox 2815 2034 2994 2078; x_wconf 80' lang='lat' dir='ltr'><strong>tecum</strong></span> <span class='ocrx_word' id='word_1_340' title='bbox 3038 2024 3255 2078; x_wconf 89' lang='lat' dir='ltr'><strong>irritum</strong></span> <span class='ocrx_word' id='word_1_341' title='bbox 3281 2023 3464 2078; x_wconf 86' lang='lat' dir='ltr'><strong>ducat.</strong></span> <span class='ocrx_word' id='word_1_342' title='bbox 3510 2022 3588 2077; x_wconf 85' lang='lat' dir='ltr'><strong>De</strong></span> <span class='ocrx_word' id='word_1_343' title='bbox 3614 2022 3873 2078; x_wconf 72' lang='lat' dir='ltr'><strong>llatbilda</strong></span> 
     </span>
    </p>
   </div>
   <div class='ocr_carea' id='block_1_47' title="bbox 2301 2113 3874 2187">
    <p class='ocr_par' dir='ltr' id='par_1_47' title="bbox 2301 2113 3874 2187">
     <span class='ocr_line' id='line_1_47' title="bbox 2301 2113 3874 2187; baseline 0 -19"><span class='ocrx_word' id='word_1_344' title='bbox 2301 2132 2430 2169; x_wconf 90' lang='lat' dir='ltr'><strong>vero</strong></span> <span class='ocrx_word' id='word_1_345' title='bbox 2478 2117 2754 2187; x_wconf 88' lang='lat' dir='ltr'><strong>communi</strong></span> <span class='ocrx_word' id='word_1_346' title='bbox 2809 2125 2994 2169; x_wconf 90' lang='lat' dir='ltr'><strong>nostra</strong></span> <span class='ocrx_word' id='word_1_347' title='bbox 3043 2115 3150 2169; x_wconf 87' lang='lat' dir='ltr'><strong>filia</strong></span> <span class='ocrx_word' id='word_1_348' title='bbox 3207 2124 3262 2169; x_wconf 90' lang='lat' dir='ltr'><strong>et</strong></span> <span class='ocrx_word' id='word_1_349' title='bbox 3319 2114 3463 2169; x_wconf 80' lang='lat' dir='ltr'><strong>beati</strong></span> <span class='ocrx_word' id='word_1_350' title='bbox 3526 2113 3672 2168; x_wconf 86' lang='lat' dir='ltr'><strong>Petri</strong></span> <span class='ocrx_word' id='word_1_351' title='bbox 3729 2113 3874 2168; x_wconf 75' lang='lat' dir='ltr'><strong>ﬁdeli</strong></span> 
     </span>
    </p>
   </div>
   <div class='ocr_carea' id='block_1_48' title="bbox 2303 2193 3870 2275">
    <p class='ocr_par' dir='ltr' id='par_1_48' title="bbox 2303 2193 3870 2275">
     <span class='ocr_line' id='line_1_48' title="bbox 2303 2193 3870 2275; baseline -0.002 -14"><span class='ocrx_word' id='word_1_352' title='bbox 2303 2206 2515 2270; x_wconf 88' lang='lat' dir='ltr'><strong>ancilla,</strong></span> <span class='ocrx_word' id='word_1_353' title='bbox 2543 2206 2688 2275; x_wconf 92' lang='lat' dir='ltr'><strong>quod</strong></span> <span class='ocrx_word' id='word_1_354' title='bbox 2716 2206 2798 2260; x_wconf 86' lang='lat' dir='ltr'><strong>vis</strong></span> <span class='ocrx_word' id='word_1_355' title='bbox 2833 2193 2975 2270; x_wconf 77' lang='lat' dir='ltr'><strong>volo,</strong></span> <span class='ocrx_word' id='word_1_356' title='bbox 3012 2205 3107 2260; x_wconf 85' lang='lat' dir='ltr'><strong>sed</strong></span> <span class='ocrx_word' id='word_1_357' title='bbox 3152 2206 3206 2258; x_wconf 88' lang='lat' dir='ltr'><strong>in</strong></span> <span class='ocrx_word' id='word_1_358' title='bbox 3256 2219 3368 2274; x_wconf 90' lang='lat' dir='ltr'><strong>quo</strong></span> <span class='ocrx_word' id='word_1_359' title='bbox 3398 2213 3542 2259; x_wconf 89' lang='lat' dir='ltr'><strong>statu</strong></span> <span class='ocrx_word' id='word_1_360' title='bbox 3592 2204 3664 2259; x_wconf 87' lang='lat' dir='ltr'><strong>sit</strong></span> <span class='ocrx_word' id='word_1_361' title='bbox 3713 2220 3870 2259; x_wconf 85' lang='lat' dir='ltr'><strong>man-</strong></span> 
     </span>
    </p>
   </div>
   <div class='ocr_carea' id='block_1_49' title="bbox 2300 2281 3869 2364">
    <p class='ocr_par' dir='ltr' id='par_1_49' title="bbox 2300 2281 3869 2364">
     <span class='ocr_line' id='line_1_49' title="bbox 2300 2281 3869 2364; baseline 0.001 -15"><span class='ocrx_word' id='word_1_362' title='bbox 2300 2311 2464 2360; x_wconf 84' lang='lat' dir='ltr'><strong>sura,</strong></span> <span class='ocrx_word' id='word_1_363' title='bbox 2508 2295 2618 2349; x_wconf 88' lang='lat' dir='ltr'><strong>Deo</strong></span> <span class='ocrx_word' id='word_1_364' title='bbox 2669 2295 3022 2364; x_wconf 74' lang='lat' dir='ltr'><strong>gubernante,</strong></span> <span class='ocrx_word' id='word_1_365' title='bbox 3073 2295 3251 2349; x_wconf 87' lang='lat' dir='ltr'><strong>adhuc</strong></span> <span class='ocrx_word' id='word_1_366' title='bbox 3291 2281 3498 2349; x_wconf 78' lang='lat' dir='ltr'><strong>certum</strong></span> <span class='ocrx_word' id='word_1_367' title='bbox 3543 2310 3655 2349; x_wconf 81' lang='lat' dir='ltr'><strong>non</strong></span> <span class='ocrx_word' id='word_1_368' title='bbox 3691 2305 3869 2350; x_wconf 83' lang='lat' dir='ltr'><strong>teneo.</strong></span> 
     </span>
    </p>
   </div>
   <div class='ocr_carea' id='block_1_50' title="bbox 2302 2382 3873 2452">
    <p class='ocr_par' dir='ltr' id='par_1_50' title="bbox 2302 2382 3873 2452">
     <span class='ocr_line' id='line_1_50' title="bbox 2302 2382 3873 2452; baseline 0 -13"><span class='ocrx_word' id='word_1_369' title='bbox 2302 2385 2565 2439; x_wconf 83' lang='lat' dir='ltr'><strong>Gotifrcdi</strong></span> <span class='ocrx_word' id='word_1_370' title='bbox 2612 2394 2791 2440; x_wconf 87' lang='lat' dir='ltr'><strong>autem</strong></span> <span class='ocrx_word' id='word_1_371' title='bbox 2844 2382 3120 2452; x_wconf 90' lang='lat' dir='ltr'><strong>quondam</strong></span> <span class='ocrx_word' id='word_1_372' title='bbox 3172 2383 3318 2438; x_wconf 88' lang='lat' dir='ltr'><strong>illius</strong></span> <span class='ocrx_word' id='word_1_373' title='bbox 3359 2384 3460 2436; x_wconf 89' lang='lat' dir='ltr'><strong>viri</strong></span> <span class='ocrx_word' id='word_1_374' title='bbox 3505 2385 3873 2439; x_wconf 86' lang='lat' dir='ltr'><strong>indubitanter</strong></span> 
     </span>
    </p>
   </div>
   <div class='ocr_carea' id='block_1_51' title="bbox 2301 2471 3868 2548">
    <p class='ocr_par' dir='ltr' id='par_1_51' title="bbox 2301 2471 3868 2548">
     <span class='ocr_line' id='line_1_51' title="bbox 2301 2471 3868 2548; baseline -0.002 -19"><span class='ocrx_word' id='word_1_375' title='bbox 2301 2474 2443 2529; x_wconf 86' lang='lat' dir='ltr'><strong>scias</strong></span> <span class='ocrx_word' id='word_1_376' title='bbox 2465 2474 2608 2544; x_wconf 90' lang='lat' dir='ltr'><strong>quod</strong></span> <span class='ocrx_word' id='word_1_377' title='bbox 2634 2472 2946 2542; x_wconf 86' lang='lat' dir='ltr'><strong>frequenter</strong></span> <span class='ocrx_word' id='word_1_378' title='bbox 2966 2472 3108 2548; x_wconf 87' lang='lat' dir='ltr'><strong>apud</strong></span> <span class='ocrx_word' id='word_1_379' title='bbox 3123 2471 3434 2536; x_wconf 88' lang='lat' dir='ltr'><strong>Dominum,</strong></span> <span class='ocrx_word' id='word_1_380' title='bbox 3453 2472 3578 2527; x_wconf 88' lang='lat' dir='ltr'><strong>licet</strong></span> <span class='ocrx_word' id='word_1_381' title='bbox 3598 2483 3868 2542; x_wconf 86' lang='lat' dir='ltr'><strong>peccator,</strong></span> 
     </span>
    </p>
   </div>
   <div class='ocr_carea' id='block_1_52' title="bbox 2302 2562 3868 2632">
    <p class='ocr_par' dir='ltr' id='par_1_52' title="bbox 2302 2562 3868 2632">
     <span class='ocr_line' id='line_1_52' title="bbox 2302 2562 3868 2632; baseline -0.001 -14"><span class='ocrx_word' id='word_1_382' title='bbox 2302 2567 2528 2618; x_wconf 85' lang='lat' dir='ltr'><strong>habeam</strong></span> <span class='ocrx_word' id='word_1_383' title='bbox 2559 2564 2911 2627; x_wconf 87' lang='lat' dir='ltr'><strong>memoriam;</strong></span> <span class='ocrx_word' id='word_1_384' title='bbox 2945 2563 3073 2632; x_wconf 86' lang='lat' dir='ltr'><strong>quia</strong></span> <span class='ocrx_word' id='word_1_385' title='bbox 3109 2576 3218 2616; x_wconf 90' lang='lat' dir='ltr'><strong>non</strong></span> <span class='ocrx_word' id='word_1_386' title='bbox 3268 2577 3356 2616; x_wconf 85' lang='lat' dir='ltr'><strong>me</strong></span> <span class='ocrx_word' id='word_1_387' title='bbox 3401 2562 3549 2617; x_wconf 90' lang='lat' dir='ltr'><strong>illius</strong></span> <span class='ocrx_word' id='word_1_388' title='bbox 3590 2562 3868 2617; x_wconf 86' lang='lat' dir='ltr'><strong>inimicitia</strong></span> 
     </span>
    </p>
   </div>
   <div class='ocr_carea' id='block_1_53' title="bbox 2300 2647 3866 2720">
    <p class='ocr_par' dir='ltr' id='par_1_53' title="bbox 2300 2647 3866 2720">
     <span class='ocr_line' id='line_1_53' title="bbox 2300 2647 3866 2720; baseline -0.001 -16"><span class='ocrx_word' id='word_1_389' title='bbox 2300 2653 2381 2704; x_wconf 88' lang='lat' dir='ltr'><strong>vel</strong></span> <span class='ocrx_word' id='word_1_390' title='bbox 2405 2652 2582 2720; x_wconf 82' lang='lat' dir='ltr'><strong>aliqua</strong></span> <span class='ocrx_word' id='word_1_391' title='bbox 2625 2651 2849 2719; x_wconf 89' lang='lat' dir='ltr'><strong>impedit</strong></span> <span class='ocrx_word' id='word_1_392' title='bbox 2888 2651 3122 2715; x_wconf 78' lang='lat' dir='ltr'><strong>vanitas,</strong></span> <span class='ocrx_word' id='word_1_393' title='bbox 3152 2649 3246 2704; x_wconf 86' lang='lat' dir='ltr'><strong>sed</strong></span> <span class='ocrx_word' id='word_1_394' title='bbox 3282 2657 3464 2704; x_wconf 88' lang='lat' dir='ltr'><strong>motus</strong></span> <span class='ocrx_word' id='word_1_395' title='bbox 3501 2647 3741 2712; x_wconf 82' lang='lat' dir='ltr'><strong>fraterna</strong></span> <span class='ocrx_word' id='word_1_396' title='bbox 3783 2649 3866 2703; x_wconf 79' lang='lat' dir='ltr'><strong>di-</strong></span> 
     </span>
    </p>
   </div>
   <div class='ocr_carea' id='block_1_54' title="bbox 2301 2722 3870 2806">
    <p class='ocr_par' dir='ltr' id='par_1_54' title="bbox 2301 2722 3870 2806">
     <span class='ocr_line' id='line_1_54' title="bbox 2301 2722 3870 2806; baseline -0.001 -12"><span class='ocrx_word' id='word_1_397' title='bbox 2301 2741 2529 2794; x_wconf 84' lang='lat' dir='ltr'><strong>lectione</strong></span> <span class='ocrx_word' id='word_1_398' title='bbox 2561 2749 2651 2793; x_wconf 90' lang='lat' dir='ltr'><strong>tua</strong></span> <span class='ocrx_word' id='word_1_399' title='bbox 2686 2749 2740 2793; x_wconf 91' lang='lat' dir='ltr'><strong>et</strong></span> <span class='ocrx_word' id='word_1_400' title='bbox 2769 2737 3039 2792; x_wconf 70' lang='lat' dir='ltr'><strong>llatbildat</strong></span> <span class='ocrx_word' id='word_1_401' title='bbox 3079 2737 3460 2806; x_wconf 86' lang='lat' dir='ltr'><strong>deprecatione</strong></span> <span class='ocrx_word' id='word_1_402' title='bbox 3503 2737 3651 2792; x_wconf 86' lang='lat' dir='ltr'><strong>illius</strong></span> <span class='ocrx_word' id='word_1_403' title='bbox 3675 2722 3870 2806; x_wconf 69' lang='lat' dir='ltr'><strong>eiopto</strong></span> 
     </span>
    </p>
   </div>
   <div class='ocr_carea' id='block_1_55' title="bbox 2301 2823 3868 2899">
    <p class='ocr_par' dir='ltr' id='par_1_55' title="bbox 2301 2823 3868 2899">
     <span class='ocr_line' id='line_1_55' title="bbox 2301 2823 3868 2899; baseline -0.003 -13"><span class='ocrx_word' id='word_1_404' title='bbox 2301 2833 2548 2887; x_wconf 83' lang='lat' dir='ltr'><strong>salutem.</strong></span> <span class='ocrx_word' id='word_1_405' title='bbox 2601 2829 2956 2899; x_wconf 89' lang='lat' dir='ltr'><strong>Omnipotens</strong></span> <span class='ocrx_word' id='word_1_406' title='bbox 2997 2827 3140 2882; x_wconf 88' lang='lat' dir='ltr'><strong>Deus</strong></span> <span class='ocrx_word' id='word_1_407' title='bbox 3188 2823 3572 2882; x_wconf 86' lang='lat' dir='ltr'><strong>intercessioné</strong></span> <span class='ocrx_word' id='word_1_408' title='bbox 3635 2827 3868 2884; x_wconf 63' lang='lat' dir='ltr'><strong>ccclestis</strong></span> 
     </span>
    </p>
   </div>
   <div class='ocr_carea' id='block_1_56' title="bbox 2302 2915 3868 2994">
    <p class='ocr_par' dir='ltr' id='par_1_56' title="bbox 2302 2915 3868 2994">
     <span class='ocr_line' id='line_1_56' title="bbox 2302 2915 3868 2994; baseline -0.004 -18"><span class='ocrx_word' id='word_1_409' title='bbox 2302 2923 2499 2992; x_wconf 77' lang='lat' dir='ltr'><strong>regina:</strong></span> <span class='ocrx_word' id='word_1_410' title='bbox 2539 2936 2751 2989; x_wconf 88' lang='lat' dir='ltr'><strong>semper</strong></span> <span class='ocrx_word' id='word_1_411' title='bbox 2790 2919 3015 2989; x_wconf 75' lang='lat' dir='ltr'><strong>virginis</strong></span> <span class='ocrx_word' id='word_1_412' title='bbox 3055 2915 3268 2980; x_wconf 64' lang='lat' dir='ltr'><strong>Mariae,</strong></span> <span class='ocrx_word' id='word_1_413' title='bbox 3294 2924 3352 2972; x_wconf 86' lang='lat' dir='ltr'><strong>et</strong></span> <span class='ocrx_word' id='word_1_414' title='bbox 3394 2917 3717 2994; x_wconf 79' lang='lat' dir='ltr'><strong>auctoritate</strong></span> <span class='ocrx_word' id='word_1_415' title='bbox 3744 2916 3868 2970; x_wconf 77' lang='lat' dir='ltr'><strong>bea-</strong></span> 
     </span>
    </p>
   </div>
   <div class='ocr_carea' id='block_1_57' title="bbox 2299 2994 3864 3078">
    <p class='ocr_par' dir='ltr' id='par_1_57' title="bbox 2299 2994 3864 3078">
     <span class='ocr_line' id='line_1_57' title="bbox 2299 2994 3864 3078; baseline -0.006 -12"><span class='ocrx_word' id='word_1_416' title='bbox 2299 3022 2481 3066; x_wconf 88' lang='lat' dir='ltr'><strong>torum</strong></span> <span class='ocrx_word' id='word_1_417' title='bbox 2527 2994 2895 3078; x_wconf 77' lang='lat' dir='ltr'><strong>apostolorutn</strong></span> <span class='ocrx_word' id='word_1_418' title='bbox 2941 3005 3086 3060; x_wconf 82' lang='lat' dir='ltr'><strong>Petri</strong></span> <span class='ocrx_word' id='word_1_419' title='bbox 3123 3015 3177 3060; x_wconf 88' lang='lat' dir='ltr'><strong>et</strong></span> <span class='ocrx_word' id='word_1_420' title='bbox 3204 3004 3380 3070; x_wconf 86' lang='lat' dir='ltr'><strong>Pauli,</strong></span> <span class='ocrx_word' id='word_1_421' title='bbox 3413 3021 3444 3058; x_wconf 90' lang='lat' dir='ltr'><strong>a</strong></span> <span class='ocrx_word' id='word_1_422' title='bbox 3489 3017 3550 3059; x_wconf 85' lang='lat' dir='ltr'><strong>se</strong></span> <span class='ocrx_word' id='word_1_423' title='bbox 3586 3004 3696 3059; x_wconf 85' lang='lat' dir='ltr'><strong>illis</strong></span> <span class='ocrx_word' id='word_1_424' title='bbox 3734 3018 3864 3058; x_wconf 86' lang='lat' dir='ltr'><strong>con-</strong></span> 
     </span>
    </p>
   </div>
   <div class='ocr_carea' id='block_1_58' title="bbox 2301 3094 3868 3168">
    <p class='ocr_par' dir='ltr' id='par_1_58' title="bbox 2301 3094 3868 3168">
     <span class='ocr_line' id='line_1_58' title="bbox 2301 3094 3868 3168; baseline -0.006 -11"><span class='ocrx_word' id='word_1_425' title='bbox 2301 3118 2482 3167; x_wconf 90' lang='lat' dir='ltr'><strong>cessa,</strong></span> <span class='ocrx_word' id='word_1_426' title='bbox 2526 3111 2578 3155; x_wconf 88' lang='lat' dir='ltr'><strong>te</strong></span> <span class='ocrx_word' id='word_1_427' title='bbox 2622 3107 2948 3168; x_wconf 88' lang='lat' dir='ltr'><strong>nostrosque</strong></span> <span class='ocrx_word' id='word_1_428' title='bbox 2992 3111 3182 3151; x_wconf 88' lang='lat' dir='ltr'><strong>omnes</strong></span> <span class='ocrx_word' id='word_1_429' title='bbox 3230 3095 3426 3150; x_wconf 86' lang='lat' dir='ltr'><strong>fratres</strong></span> <span class='ocrx_word' id='word_1_430' title='bbox 3454 3094 3510 3149; x_wconf 90' lang='lat' dir='ltr'><strong>in</strong></span> <span class='ocrx_word' id='word_1_431' title='bbox 3540 3108 3868 3167; x_wconf 79' lang='lat' dir='ltr'><strong>quocunque</strong></span> 
     </span>
    </p>
   </div>
   <div class='ocr_carea' id='block_1_59' title="bbox 634 3183 3866 3286">
    <p class='ocr_par' dir='ltr' id='par_1_59' title="bbox 634 3183 3866 3286">
     <span class='ocr_line' id='line_1_59' title="bbox 634 3183 3866 3286; baseline -0.005 -33"><span class='ocrx_word' id='word_1_432' title='bbox 634 3199 792 3270; x_wconf 87' lang='lat' dir='ltr'><strong>palis,</strong></span> <span class='ocrx_word' id='word_1_433' title='bbox 839 3199 884 3252; x_wconf 90' lang='lat' dir='ltr'><strong>si</strong></span> <span class='ocrx_word' id='word_1_434' title='bbox 929 3211 1158 3266; x_wconf 85' lang='lat' dir='ltr'><strong>regnum</strong></span> <span class='ocrx_word' id='word_1_435' title='bbox 1198 3196 1393 3266; x_wconf 81' lang='lat' dir='ltr'><strong>fulgori</strong></span> <span class='ocrx_word' id='word_1_436' title='bbox 1447 3211 1750 3265; x_wconf 87' lang='lat' dir='ltr'><strong>compares,</strong></span> <span class='ocrx_word' id='word_1_437' title='bbox 1795 3202 1849 3246; x_wconf 89' lang='lat' dir='ltr'><strong>et</strong></span> <span class='ocrx_word' id='word_1_438' title='bbox 1895 3190 2197 3260; x_wconf 87' lang='lat' dir='ltr'><strong>principum</strong></span> <span class='ocrx_word' id='word_1_439' title='bbox 2229 3231 2269 3286; x_wconf 64' lang='grc' dir='ltr'>Ο</span> <span class='ocrx_word' id='word_1_440' title='bbox 2303 3201 2431 3245; x_wconf 91' lang='lat' dir='ltr'><strong>sunt</strong></span> <span class='ocrx_word' id='word_1_441' title='bbox 2457 3191 2666 3253; x_wconf 86' lang='lat' dir='ltr'><strong>ordine,</strong></span> <span class='ocrx_word' id='word_1_442' title='bbox 2693 3191 2787 3258; x_wconf 91' lang='lat' dir='ltr'><strong>qui</strong></span> <span class='ocrx_word' id='word_1_443' title='bbox 2808 3187 3176 3242; x_wconf 87' lang='lat' dir='ltr'><strong>Christianam</strong></span> <span class='ocrx_word' id='word_1_444' title='bbox 3221 3185 3520 3240; x_wconf 86' lang='lat' dir='ltr'><strong>defendunt</strong></span> <span class='ocrx_word' id='word_1_445' title='bbox 3552 3183 3866 3256; x_wconf 77' lang='lat' dir='ltr'><strong>religionem</strong></span> 
     </span>
    </p>
   </div>
   <div class='ocr_carea' id='block_1_60' title="bbox 633 3279 2200 3354">
    <p class='ocr_par' dir='ltr' id='par_1_60' title="bbox 633 3279 2200 3354">
     <span class='ocr_line' id='line_1_60' title="bbox 633 3279 2200 3354; baseline -0.008 -12"><span class='ocrx_word' id='word_1_446' title='bbox 633 3288 951 3349; x_wconf 91' lang='lat' dir='ltr'><strong>diademati,</strong></span> <span class='ocrx_word' id='word_1_447' title='bbox 975 3287 1135 3354; x_wconf 80' lang='lat' dir='ltr'><strong>longe</strong></span> <span class='ocrx_word' id='word_1_448' title='bbox 1169 3287 1271 3337; x_wconf 87' lang='lat' dir='ltr'><strong>erit</strong></span> <span class='ocrx_word' id='word_1_449' title='bbox 1309 3283 1537 3338; x_wconf 86' lang='lat' dir='ltr'><strong>inferius</strong></span> <span class='ocrx_word' id='word_1_450' title='bbox 1572 3297 1734 3351; x_wconf 88' lang='lat' dir='ltr'><strong>quam</strong></span> <span class='ocrx_word' id='word_1_451' title='bbox 1771 3281 1817 3334; x_wconf 89' lang='lat' dir='ltr'><strong>si</strong></span> <span class='ocrx_word' id='word_1_452' title='bbox 1845 3279 2047 3348; x_wconf 84' lang='lat' dir='ltr'><strong>plumbi</strong></span> <span class='ocrx_word' id='word_1_453' title='bbox 2086 3293 2200 3330; x_wconf 91' lang='lat' dir='ltr'><strong>me-</strong></span> 
     </span>
    </p>
   </div>
   <div class='ocr_carea' id='block_1_61' title="bbox 635 3369 2204 3443">
    <p class='ocr_par' dir='ltr' id='par_1_61' title="bbox 635 3369 2204 3443">
     <span class='ocr_line' id='line_1_61' title="bbox 635 3369 2204 3443; baseline -0.006 -13"><span class='ocrx_word' id='word_1_454' title='bbox 635 3378 822 3430; x_wconf 91' lang='lat' dir='ltr'><strong>tallum</strong></span> <span class='ocrx_word' id='word_1_455' title='bbox 849 3376 913 3428; x_wconf 92' lang='lat' dir='ltr'><strong>ad</strong></span> <span class='ocrx_word' id='word_1_456' title='bbox 941 3374 1057 3428; x_wconf 90' lang='lat' dir='ltr'><strong>auri</strong></span> <span class='ocrx_word' id='word_1_457' title='bbox 1085 3374 1344 3443; x_wconf 76' lang='lat' dir='ltr'><strong>fulgorem</strong></span> <span class='ocrx_word' id='word_1_458' title='bbox 1366 3369 1801 3441; x_wconf 77' lang='lat' dir='ltr'><strong>compares.ll.ec</strong></span> <span class='ocrx_word' id='word_1_459' title='bbox 1824 3385 1930 3422; x_wconf 91' lang='lat' dir='ltr'><strong>non</strong></span> <span class='ocrx_word' id='word_1_460' title='bbox 1948 3369 2204 3438; x_wconf 79' lang='lat' dir='ltr'><strong>ignorans</strong></span> 
     </span>
    </p>
   </div>
   <div class='ocr_carea' id='block_1_62' title="bbox 633 3459 2201 3532">
    <p class='ocr_par' dir='ltr' id='par_1_62' title="bbox 633 3459 2201 3532">
     <span class='ocr_line' id='line_1_62' title="bbox 633 3459 2201 3532; baseline -0.006 -13"><span class='ocrx_word' id='word_1_461' title='bbox 633 3467 1026 3521; x_wconf 74' lang='lat' dir='ltr'><strong>(loustautinus</strong></span> <span class='ocrx_word' id='word_1_462' title='bbox 1059 3463 1283 3532; x_wconf 74' lang='lat' dir='ltr'><strong>Magnus</strong></span> <span class='ocrx_word' id='word_1_463' title='bbox 1305 3464 1615 3532; x_wconf 86' lang='lat' dir='ltr'><strong>imperator,</strong></span> <span class='ocrx_word' id='word_1_464' title='bbox 1647 3475 1774 3523; x_wconf 92' lang='lat' dir='ltr'><strong>non,</strong></span> <span class='ocrx_word' id='word_1_465' title='bbox 1812 3459 2048 3528; x_wconf 88' lang='lat' dir='ltr'><strong>primum</strong></span> <span class='ocrx_word' id='word_1_466' title='bbox 2085 3471 2201 3510; x_wconf 86' lang='lat' dir='ltr'><strong>ses-</strong></span> 
     </span>
    </p>
   </div>
   <div class='ocr_carea' id='block_1_63' title="bbox 637 3541 2198 3619">
    <p class='ocr_par' dir='ltr' id='par_1_63' title="bbox 637 3541 2198 3619">
     <span class='ocr_line' id='line_1_63' title="bbox 637 3541 2198 3619; baseline -0.007 -11"><span class='ocrx_word' id='word_1_467' title='bbox 637 3555 827 3616; x_wconf 76' lang='lat' dir='ltr'><strong>sionis,</strong></span> <span class='ocrx_word' id='word_1_468' title='bbox 865 3554 957 3607; x_wconf 91' lang='lat' dir='ltr'><strong>sed</strong></span> <span class='ocrx_word' id='word_1_469' title='bbox 995 3554 1246 3606; x_wconf 87' lang='lat' dir='ltr'><strong>ultimum</strong></span> <span class='ocrx_word' id='word_1_470' title='bbox 1297 3553 1436 3604; x_wconf 83' lang='lat' dir='ltr'><strong>inter</strong></span> <span class='ocrx_word' id='word_1_471' title='bbox 1468 3551 1752 3619; x_wconf 76' lang='lat' dir='ltr'><strong>(‘plSt‘OpOS</strong></span> <span class='ocrx_word' id='word_1_472' title='bbox 1798 3548 1957 3616; x_wconf 89' lang='lat' dir='ltr'><strong>elegit</strong></span> <span class='ocrx_word' id='word_1_473' title='bbox 1998 3541 2198 3599; x_wconf 86' lang='lat' dir='ltr'><strong>locum.</strong></span> 
     </span>
    </p>
   </div>
   <div class='ocr_carea' id='block_1_64' title="bbox 637 3634 2202 3712">
    <p class='ocr_par' dir='ltr' id='par_1_64' title="bbox 637 3634 2202 3712">
     <span class='ocr_line' id='line_1_64' title="bbox 637 3634 2202 3712; baseline -0.006 -16"><span class='ocrx_word' id='word_1_474' title='bbox 637 3646 808 3698; x_wconf 72' lang='lat' dir='ltr'><strong>S.-ivit</strong></span> <span class='ocrx_word' id='word_1_475' title='bbox 855 3644 998 3697; x_wconf 87' lang='lat' dir='ltr'><strong>enim</strong></span> <span class='ocrx_word' id='word_1_476' title='bbox 1044 3644 1170 3712; x_wconf 87' lang='lat' dir='ltr'><strong>quia</strong></span> <span class='ocrx_word' id='word_1_477' title='bbox 1204 3642 1438 3711; x_wconf 79' lang='lat' dir='ltr'><strong>superbis</strong></span> <span class='ocrx_word' id='word_1_478' title='bbox 1481 3640 1618 3692; x_wconf 82' lang='lat' dir='ltr'><strong>Deus</strong></span> <span class='ocrx_word' id='word_1_479' title='bbox 1655 3639 1871 3702; x_wconf 79' lang='lat' dir='ltr'><strong>resistit,</strong></span> <span class='ocrx_word' id='word_1_480' title='bbox 1920 3634 2202 3688; x_wconf 76' lang='lat' dir='ltr'><strong>humilibus</strong></span> 
     </span>
    </p>
   </div>
   <div class='ocr_carea' id='block_1_65' title="bbox 637 3723 2202 3804">
    <p class='ocr_par' dir='ltr' id='par_1_65' title="bbox 637 3723 2202 3804">
     <span class='ocr_line' id='line_1_65' title="bbox 637 3723 2202 3804; baseline -0.007 -18"><span class='ocrx_word' id='word_1_481' title='bbox 637 3737 727 3786; x_wconf 77' lang='lat' dir='ltr'><strong>dm</strong></span> <span class='ocrx_word' id='word_1_482' title='bbox 754 3737 980 3804; x_wconf 73' lang='lat' dir='ltr'><strong>gratiam</strong></span> <span class='ocrx_word' id='word_1_483' title='bbox 1014 3733 1153 3802; x_wconf 84' lang='lat' dir='ltr'><strong>(Jac.</strong></span> <span class='ocrx_word' id='word_1_484' title='bbox 1192 3735 1285 3800; x_wconf 87' lang='lat' dir='ltr'><strong>tv).</strong></span> <span class='ocrx_word' id='word_1_485' title='bbox 1317 3731 1524 3784; x_wconf 88' lang='lat' dir='ltr'><strong>Interea</strong></span> <span class='ocrx_word' id='word_1_486' title='bbox 1557 3738 1748 3782; x_wconf 80' lang='lat' dir='ltr'><strong>notum</strong></span> <span class='ocrx_word' id='word_1_487' title='bbox 1778 3726 1849 3781; x_wconf 90' lang='lat' dir='ltr'><strong>sit</strong></span> <span class='ocrx_word' id='word_1_488' title='bbox 1880 3723 2202 3778; x_wconf 89' lang='lat' dir='ltr'><strong>fraternitati</strong></span> 
     </span>
    </p>
   </div>
   <div class='ocr_carea' id='block_1_66' title="bbox 639 3813 2204 3894">
    <p class='ocr_par' dir='ltr' id='par_1_66' title="bbox 639 3813 2204 3894">
     <span class='ocr_line' id='line_1_66' title="bbox 639 3813 2204 3894; baseline -0.009 -15"><span class='ocrx_word' id='word_1_489' title='bbox 639 3839 744 3879; x_wconf 73' lang='lat' dir='ltr'><strong>tuze</strong></span> <span class='ocrx_word' id='word_1_490' title='bbox 809 3825 935 3894; x_wconf 85' lang='lat' dir='ltr'><strong>quia</strong></span> <span class='ocrx_word' id='word_1_491' title='bbox 999 3823 1192 3876; x_wconf 89' lang='lat' dir='ltr'><strong>litteris</strong></span> <span class='ocrx_word' id='word_1_492' title='bbox 1251 3821 1486 3888; x_wconf 80' lang='lat' dir='ltr'><strong>acceptis</strong></span> <span class='ocrx_word' id='word_1_493' title='bbox 1547 3817 1909 3886; x_wconf 89' lang='lat' dir='ltr'><strong>quorumdam</strong></span> <span class='ocrx_word' id='word_1_494' title='bbox 1975 3813 2204 3867; x_wconf 87' lang='lat' dir='ltr'><strong>fratrum</strong></span> 
     </span>
    </p>
   </div>
   <div class='ocr_carea' id='block_1_67' title="bbox 638 3907 2204 3984">
    <p class='ocr_par' dir='ltr' id='par_1_67' title="bbox 638 3907 2204 3984">
     <span class='ocr_line' id='line_1_67' title="bbox 638 3907 2204 3984; baseline -0.007 -16"><span class='ocrx_word' id='word_1_495' title='bbox 638 3926 948 3969; x_wconf 58' lang='lat' dir='ltr'><strong>nostrorum</strong></span> <span class='ocrx_word' id='word_1_496' title='bbox 984 3915 1274 3984; x_wconf 61' lang='lat' dir='ltr'><strong>praesulum</strong></span> <span class='ocrx_word' id='word_1_497' title='bbox 1305 3921 1357 3964; x_wconf 87' lang='lat' dir='ltr'><strong>et</strong></span> <span class='ocrx_word' id='word_1_498' title='bbox 1396 3910 1593 3963; x_wconf 88' lang='lat' dir='ltr'><strong>ducum</strong></span> <span class='ocrx_word' id='word_1_499' title='bbox 1625 3907 1942 3961; x_wconf 89' lang='lat' dir='ltr'><strong>auctoritate</strong></span> <span class='ocrx_word' id='word_1_500' title='bbox 1985 3911 2204 3974; x_wconf 89' lang='lat' dir='ltr'><strong>aposto-</strong></span> 
     </span>
    </p>
   </div>
   <div class='ocr_carea' id='block_1_68' title="bbox 640 3999 2203 4069">
    <p class='ocr_par' dir='ltr' id='par_1_68' title="bbox 640 3999 2203 4069">
     <span class='ocr_line' id='line_1_68' title="bbox 640 3999 2203 4069; baseline -0.005 -10"><span class='ocrx_word' id='word_1_501' title='bbox 640 4009 755 4059; x_wconf 67' lang='lat' dir='ltr'><strong>lim‘</strong></span> <span class='ocrx_word' id='word_1_502' title='bbox 786 4010 929 4061; x_wconf 83' lang='lat' dir='ltr'><strong>sedis</strong></span> <span class='ocrx_word' id='word_1_503' title='bbox 970 4007 1240 4061; x_wconf 79' lang='lat' dir='ltr'><strong>licentiam</strong></span> <span class='ocrx_word' id='word_1_504' title='bbox 1285 4004 1532 4057; x_wconf 88' lang='lat' dir='ltr'><strong>dedimus</strong></span> <span class='ocrx_word' id='word_1_505' title='bbox 1563 4002 1647 4058; x_wconf 88' lang='lat' dir='ltr'><strong>bis</strong></span> <span class='ocrx_word' id='word_1_506' title='bbox 1678 3999 1945 4069; x_wconf 83' lang='lat' dir='ltr'><strong>episcOpis</strong></span> <span class='ocrx_word' id='word_1_507' title='bbox 1983 4013 2203 4052; x_wconf 75' lang='lat' dir='ltr'><strong>excom-</strong></span> 
     </span>
    </p>
   </div>
   <div class='ocr_carea' id='block_1_69' title="bbox 643 4079 2206 4157">
    <p class='ocr_par' dir='ltr' id='par_1_69' title="bbox 643 4079 2206 4157">
     <span class='ocr_line' id='line_1_69' title="bbox 643 4079 2206 4157; baseline -0.004 -10"><span class='ocrx_word' id='word_1_508' title='bbox 643 4097 952 4148; x_wconf 80' lang='lat' dir='ltr'><strong>municatos</strong></span> <span class='ocrx_word' id='word_1_509' title='bbox 977 4110 1007 4147; x_wconf 89' lang='lat' dir='ltr'><strong>a</strong></span> <span class='ocrx_word' id='word_1_510' title='bbox 1040 4093 1198 4147; x_wconf 88' lang='lat' dir='ltr'><strong>nobis</strong></span> <span class='ocrx_word' id='word_1_511' title='bbox 1228 4092 1526 4151; x_wconf 86' lang='lat' dir='ltr'><strong>absolvere,</strong></span> <span class='ocrx_word' id='word_1_512' title='bbox 1554 4091 1647 4157; x_wconf 86' lang='lat' dir='ltr'><strong>qui</strong></span> <span class='ocrx_word' id='word_1_513' title='bbox 1679 4103 1787 4141; x_wconf 90' lang='lat' dir='ltr'><strong>non</strong></span> <span class='ocrx_word' id='word_1_514' title='bbox 1819 4079 2114 4140; x_wconf 88' lang='lat' dir='ltr'><strong>timuerunt</strong></span> <span class='ocrx_word' id='word_1_515' title='bbox 2150 4100 2206 4140; x_wconf 83' lang='lat' dir='ltr'><strong>se</strong></span> 
     </span>
    </p>
   </div>
   <div class='ocr_carea' id='block_1_70' title="bbox 642 4175 2207 4250">
    <p class='ocr_par' dir='ltr' id='par_1_70' title="bbox 642 4175 2207 4250">
     <span class='ocr_line' id='line_1_70' title="bbox 642 4175 2207 4250; baseline -0.008 -13"><span class='ocrx_word' id='word_1_516' title='bbox 642 4201 670 4237; x_wconf 90' lang='lat' dir='ltr'><strong>a</strong></span> <span class='ocrx_word' id='word_1_517' title='bbox 697 4183 1082 4238; x_wconf 87' lang='lat' dir='ltr'><strong>communione</strong></span> <span class='ocrx_word' id='word_1_518' title='bbox 1119 4181 1261 4250; x_wconf 82' lang='lat' dir='ltr'><strong>regis</strong></span> <span class='ocrx_word' id='word_1_519' title='bbox 1290 4178 1580 4234; x_wconf 87' lang='lat' dir='ltr'><strong>abstinere.</strong></span> <span class='ocrx_word' id='word_1_520' title='bbox 1619 4175 1693 4229; x_wconf 87' lang='lat' dir='ltr'><strong>De</strong></span> <span class='ocrx_word' id='word_1_521' title='bbox 1721 4175 1841 4244; x_wconf 90' lang='lat' dir='ltr'><strong>ipso</strong></span> <span class='ocrx_word' id='word_1_522' title='bbox 1873 4182 2052 4227; x_wconf 90' lang='lat' dir='ltr'><strong>autem</strong></span> <span class='ocrx_word' id='word_1_523' title='bbox 2084 4187 2207 4242; x_wconf 87' lang='lat' dir='ltr'><strong>rege</strong></span> 
     </span>
    </p>
   </div>
   <div class='ocr_carea' id='block_1_71' title="bbox 639 4267 2208 4334">
    <p class='ocr_par' dir='ltr' id='par_1_71' title="bbox 639 4267 2208 4334">
     <span class='ocr_line' id='line_1_71' title="bbox 639 4267 2208 4334; baseline -0.008 -6"><span class='ocrx_word' id='word_1_524' title='bbox 639 4277 862 4329; x_wconf 89' lang='lat' dir='ltr'><strong>omnino</strong></span> <span class='ocrx_word' id='word_1_525' title='bbox 913 4272 1344 4328; x_wconf 82' lang='lat' dir='ltr'><strong>contradiximus</strong></span> <span class='ocrx_word' id='word_1_526' title='bbox 1403 4279 1463 4324; x_wconf 92' lang='lat' dir='ltr'><strong>ut</strong></span> <span class='ocrx_word' id='word_1_527' title='bbox 1511 4267 1694 4322; x_wconf 90' lang='lat' dir='ltr'><strong>nullus</strong></span> <span class='ocrx_word' id='word_1_528' title='bbox 1741 4280 1866 4319; x_wconf 89' lang='lat' dir='ltr'><strong>eum</strong></span> <span class='ocrx_word' id='word_1_529' title='bbox 1916 4272 2208 4334; x_wconf 56' lang='lat' dir='ltr'><strong>praesumat</strong></span> 
     </span>
    </p>
   </div>
   <div class='ocr_carea' id='block_1_72' title="bbox 639 4356 2206 4432">
    <p class='ocr_par' dir='ltr' id='par_1_72' title="bbox 639 4356 2206 4432">
     <span class='ocr_line' id='line_1_72' title="bbox 639 4356 2206 4432; baseline -0.006 -14"><span class='ocrx_word' id='word_1_530' title='bbox 639 4367 939 4428; x_wconf 86' lang='lat' dir='ltr'><strong>absolvere,</strong></span> <span class='ocrx_word' id='word_1_531' title='bbox 971 4376 1259 4432; x_wconf 88' lang='lat' dir='ltr'><strong>quousque</strong></span> <span class='ocrx_word' id='word_1_532' title='bbox 1293 4361 1438 4413; x_wconf 91' lang='lat' dir='ltr'><strong>illius</strong></span> <span class='ocrx_word' id='word_1_533' title='bbox 1481 4370 1628 4414; x_wconf 88' lang='lat' dir='ltr'><strong>certa</strong></span> <span class='ocrx_word' id='word_1_534' title='bbox 1661 4358 1974 4428; x_wconf 77' lang='lat' dir='ltr'><strong>ptenitcutia</strong></span> <span class='ocrx_word' id='word_1_535' title='bbox 1999 4365 2052 4411; x_wconf 90' lang='lat' dir='ltr'><strong>et</strong></span> <span class='ocrx_word' id='word_1_536' title='bbox 2091 4356 2206 4410; x_wconf 86' lang='lat' dir='ltr'><strong>sin-</strong></span> 
     </span>
    </p>
   </div>
   <div class='ocr_carea' id='block_1_73' title="bbox 641 4443 2211 4517">
    <p class='ocr_par' dir='ltr' id='par_1_73' title="bbox 641 4443 2211 4517">
     <span class='ocr_line' id='line_1_73' title="bbox 641 4443 2211 4517; baseline -0.008 -10"><span class='ocrx_word' id='word_1_537' title='bbox 641 4471 763 4507; x_wconf 83' lang='lat' dir='ltr'><strong>cera</strong></span> <span class='ocrx_word' id='word_1_538' title='bbox 827 4451 1129 4507; x_wconf 85' lang='lat' dir='ltr'><strong>satisfactio</strong></span> <span class='ocrx_word' id='word_1_539' title='bbox 1184 4449 1340 4503; x_wconf 87' lang='lat' dir='ltr'><strong>nobis</strong></span> <span class='ocrx_word' id='word_1_540' title='bbox 1401 4464 1496 4517; x_wconf 90' lang='lat' dir='ltr'><strong>per</strong></span> <span class='ocrx_word' id='word_1_541' title='bbox 1551 4447 1775 4502; x_wconf 85' lang='lat' dir='ltr'><strong>idoneos</strong></span> <span class='ocrx_word' id='word_1_542' title='bbox 1832 4454 1995 4500; x_wconf 87' lang='lat' dir='ltr'><strong>testes</strong></span> <span class='ocrx_word' id='word_1_543' title='bbox 2049 4443 2211 4497; x_wconf 91' lang='lat' dir='ltr'><strong>fuerit</strong></span> 
     </span>
    </p>
   </div>
   <div class='ocr_carea' id='block_1_74' title="bbox 643 4523 2288 4606">
    <p class='ocr_par' dir='ltr' id='par_1_74' title="bbox 643 4523 2288 4606">
     <span class='ocr_line' id='line_1_74' title="bbox 643 4523 2288 4606; baseline -0.007 -11"><span class='ocrx_word' id='word_1_544' title='bbox 643 4541 917 4595; x_wconf 82' lang='lat' dir='ltr'><strong>notiﬁcata</strong></span> <span class='ocrx_word' id='word_1_545' title='bbox 951 4556 963 4591; x_wconf 92' lang='lat'><strong>:</strong></span> <span class='ocrx_word' id='word_1_546' title='bbox 1003 4548 1063 4590; x_wconf 90' lang='lat' dir='ltr'><strong>ut</strong></span> <span class='ocrx_word' id='word_1_547' title='bbox 1109 4538 1271 4590; x_wconf 89' lang='lat' dir='ltr'><strong>simul</strong></span> <span class='ocrx_word' id='word_1_548' title='bbox 1303 4523 1643 4590; x_wconf 84' lang='lat' dir='ltr'><strong>inveniamus</strong></span> <span class='ocrx_word' id='word_1_549' title='bbox 1687 4533 1938 4603; x_wconf 85' lang='lat' dir='ltr'><strong>qualiter,</strong></span> <span class='ocrx_word' id='word_1_550' title='bbox 1989 4531 2035 4586; x_wconf 92' lang='lat' dir='ltr'><strong>si</strong></span> <span class='ocrx_word' id='word_1_551' title='bbox 2084 4543 2207 4584; x_wconf 91' lang='lat' dir='ltr'><strong>eum</strong></span> <span class='ocrx_word' id='word_1_552' title='bbox 2239 4549 2288 4606; x_wconf 80' lang='grc' dir='ltr'><strong>ι)</strong></span> 
     </span>
    </p>
   </div>
   <div class='ocr_carea' id='block_1_75' title="bbox 641 4621 2204 4698">
    <p class='ocr_par' dir='ltr' id='par_1_75' title="bbox 641 4621 2204 4698">
     <span class='ocr_line' id='line_1_75' title="bbox 641 4621 2204 4698; baseline -0.006 -15"><span class='ocrx_word' id='word_1_553' title='bbox 641 4633 824 4684; x_wconf 87' lang='lat' dir='ltr'><strong>divina</strong></span> <span class='ocrx_word' id='word_1_554' title='bbox 868 4629 1041 4698; x_wconf 87' lang='lat' dir='ltr'><strong>pietas</strong></span> <span class='ocrx_word' id='word_1_555' title='bbox 1068 4627 1395 4696; x_wconf 87' lang='lat' dir='ltr'><strong>respexerit,</strong></span> <span class='ocrx_word' id='word_1_556' title='bbox 1433 4626 1498 4678; x_wconf 90' lang='lat' dir='ltr'><strong>ad</strong></span> <span class='ocrx_word' id='word_1_557' title='bbox 1532 4626 1792 4677; x_wconf 87' lang='lat' dir='ltr'><strong>honorem</strong></span> <span class='ocrx_word' id='word_1_558' title='bbox 1824 4623 1920 4677; x_wconf 88' lang='lat' dir='ltr'><strong>Dei</strong></span> <span class='ocrx_word' id='word_1_559' title='bbox 1965 4630 2019 4676; x_wconf 85' lang='lat' dir='ltr'><strong>et</strong></span> <span class='ocrx_word' id='word_1_560' title='bbox 2060 4621 2204 4675; x_wconf 89' lang='lat' dir='ltr'><strong>illius</strong></span> 
     </span>
    </p>
   </div>
   <div class='ocr_carea' id='block_1_76' title="bbox 643 4711 2207 4772">
    <p class='ocr_par' dir='ltr' id='par_1_76' title="bbox 643 4711 2207 4772">
     <span class='ocr_line' id='line_1_76' title="bbox 643 4711 2207 4772; baseline -0.006 0"><span class='ocrx_word' id='word_1_561' title='bbox 643 4722 874 4772; x_wconf 72' lang='lat' dir='ltr'><strong>salutent</strong></span> <span class='ocrx_word' id='word_1_562' title='bbox 938 4732 1062 4768; x_wconf 92' lang='lat' dir='ltr'><strong>eum</strong></span> <span class='ocrx_word' id='word_1_563' title='bbox 1118 4717 1484 4770; x_wconf 87' lang='lat' dir='ltr'><strong>absolvamus.</strong></span> <span class='ocrx_word' id='word_1_564' title='bbox 1539 4711 1659 4767; x_wconf 83' lang='lat' dir='ltr'><strong>Non</strong></span> <span class='ocrx_word' id='word_1_565' title='bbox 1717 4712 1862 4766; x_wconf 88' lang='lat' dir='ltr'><strong>enim</strong></span> <span class='ocrx_word' id='word_1_566' title='bbox 1911 4726 2014 4766; x_wconf 88' lang='lat' dir='ltr'><strong>nos</strong></span> <span class='ocrx_word' id='word_1_567' title='bbox 2079 4711 2207 4764; x_wconf 87' lang='lat' dir='ltr'><strong>latet</strong></span> 
     </span>
    </p>
   </div>
   <div class='ocr_carea' id='block_1_77' title="bbox 643 4797 2207 4878">
    <p class='ocr_par' dir='ltr' id='par_1_77' title="bbox 643 4797 2207 4878">
     <span class='ocr_line' id='line_1_77' title="bbox 643 4797 2207 4878; baseline -0.006 -17"><span class='ocrx_word' id='word_1_568' title='bbox 643 4810 787 4878; x_wconf 73' lang='lat' dir='ltr'><strong>quod</strong></span> <span class='ocrx_word' id='word_1_569' title='bbox 841 4808 952 4861; x_wconf 89' lang='lat' dir='ltr'><strong>sint</strong></span> <span class='ocrx_word' id='word_1_570' title='bbox 1003 4806 1168 4874; x_wconf 88' lang='lat' dir='ltr'><strong>aliqui</strong></span> <span class='ocrx_word' id='word_1_571' title='bbox 1222 4815 1498 4869; x_wconf 89' lang='lat' dir='ltr'><strong>vestrum,</strong></span> <span class='ocrx_word' id='word_1_572' title='bbox 1548 4803 1642 4873; x_wconf 85' lang='lat' dir='ltr'><strong>qui</strong></span> <span class='ocrx_word' id='word_1_573' title='bbox 1696 4803 1877 4872; x_wconf 89' lang='lat' dir='ltr'><strong>aliqua</strong></span> <span class='ocrx_word' id='word_1_574' title='bbox 1922 4797 2207 4855; x_wconf 61' lang='lat' dir='ltr'><strong>oaasione</strong></span> 
     </span>
    </p>
   </div>
   <div class='ocr_carea' id='block_1_78' title="bbox 645 4889 2206 4965">
    <p class='ocr_par' dir='ltr' id='par_1_78' title="bbox 645 4889 2206 4965">
     <span class='ocr_line' id='line_1_78' title="bbox 645 4889 2206 4965; baseline -0.006 -15"><span class='ocrx_word' id='word_1_575' title='bbox 645 4899 800 4965; x_wconf 81' lang='lat' dir='ltr'><strong>quasi</strong></span> <span class='ocrx_word' id='word_1_576' title='bbox 833 4914 861 4950; x_wconf 92' lang='lat' dir='ltr'><strong>a</strong></span> <span class='ocrx_word' id='word_1_577' title='bbox 900 4894 1056 4949; x_wconf 90' lang='lat' dir='ltr'><strong>nobis</strong></span> <span class='ocrx_word' id='word_1_578' title='bbox 1091 4903 1327 4962; x_wconf 86' lang='lat' dir='ltr'><strong>accepta,</strong></span> <span class='ocrx_word' id='word_1_579' title='bbox 1371 4894 1584 4960; x_wconf 90' lang='lat' dir='ltr'><strong>timore,</strong></span> <span class='ocrx_word' id='word_1_580' title='bbox 1622 4892 1703 4947; x_wconf 88' lang='lat' dir='ltr'><strong>vel</strong></span> <span class='ocrx_word' id='word_1_581' title='bbox 1755 4892 1991 4945; x_wconf 89' lang='lat' dir='ltr'><strong>humana</strong></span> <span class='ocrx_word' id='word_1_582' title='bbox 2036 4889 2206 4959; x_wconf 87' lang='lat' dir='ltr'><strong>gratia</strong></span> 
     </span>
    </p>
   </div>
   <div class='ocr_carea' id='block_1_79' title="bbox 647 4972 2205 5055">
    <p class='ocr_par' dir='ltr' id='par_1_79' title="bbox 647 4972 2205 5055">
     <span class='ocr_line' id='line_1_79' title="bbox 647 4972 2205 5055; baseline -0.005 -15"><span class='ocrx_word' id='word_1_583' title='bbox 647 4988 876 5051; x_wconf 67' lang='lat' dir='ltr'><strong>seducti,</strong></span> <span class='ocrx_word' id='word_1_584' title='bbox 896 4972 1284 5055; x_wconf 57' lang='lat' dir='ltr'><strong>pricsumere&#39;nt</strong></span> <span class='ocrx_word' id='word_1_585' title='bbox 1307 4990 1452 5045; x_wconf 84' lang='lat' dir='ltr'><strong>eum,</strong></span> <span class='ocrx_word' id='word_1_586' title='bbox 1478 4984 1522 5036; x_wconf 90' lang='lat' dir='ltr'><strong>si</strong></span> <span class='ocrx_word' id='word_1_587' title='bbox 1553 4998 1661 5036; x_wconf 91' lang='lat' dir='ltr'><strong>non</strong></span> <span class='ocrx_word' id='word_1_588' title='bbox 1687 4979 2205 5040; x_wconf 88' lang='lat' dir='ltr'><strong>contradiceremus,</strong></span> 
     </span>
    </p>
   </div>
   <div class='ocr_carea' id='block_1_80' title="bbox 647 5067 2208 5144">
    <p class='ocr_par' dir='ltr' id='par_1_80' title="bbox 647 5067 2208 5144">
     <span class='ocr_line' id='line_1_80' title="bbox 647 5067 2208 5144; baseline -0.007 -15"><span class='ocrx_word' id='word_1_589' title='bbox 647 5078 928 5130; x_wconf 70' lang='lat' dir='ltr'><strong>absolvere</strong></span> <span class='ocrx_word' id='word_1_590' title='bbox 973 5077 1291 5144; x_wconf 79' lang='lat' dir='ltr'><strong>vulnerique</strong></span> <span class='ocrx_word' id='word_1_591' title='bbox 1339 5088 1438 5142; x_wconf 91' lang='lat' dir='ltr'><strong>pro</strong></span> <span class='ocrx_word' id='word_1_592' title='bbox 1489 5071 1752 5125; x_wconf 86' lang='lat' dir='ltr'><strong>medicina</strong></span> <span class='ocrx_word' id='word_1_593' title='bbox 1805 5068 1997 5121; x_wconf 88' lang='lat' dir='ltr'><strong>vulnus</strong></span> <span class='ocrx_word' id='word_1_594' title='bbox 2054 5067 2208 5120; x_wconf 87' lang='lat' dir='ltr'><strong>adhi-</strong></span> 
     </span>
    </p>
   </div>
   <div class='ocr_carea' id='block_1_81' title="bbox 650 5157 2210 5235">
    <p class='ocr_par' dir='ltr' id='par_1_81' title="bbox 650 5157 2210 5235">
     <span class='ocr_line' id='line_1_81' title="bbox 650 5157 2210 5235; baseline -0.005 -16"><span class='ocrx_word' id='word_1_595' title='bbox 650 5170 806 5229; x_wconf 85' lang='lat' dir='ltr'><strong>bere;</strong></span> <span class='ocrx_word' id='word_1_596' title='bbox 846 5165 1047 5235; x_wconf 87' lang='lat' dir='ltr'><strong>quibus</strong></span> <span class='ocrx_word' id='word_1_597' title='bbox 1088 5165 1133 5218; x_wconf 89' lang='lat' dir='ltr'><strong>si</strong></span> <span class='ocrx_word' id='word_1_598' title='bbox 1168 5164 1334 5232; x_wconf 89' lang='lat' dir='ltr'><strong>aliqui</strong></span> <span class='ocrx_word' id='word_1_599' title='bbox 1372 5178 1555 5218; x_wconf 89' lang='lat' dir='ltr'><strong>revera</strong></span> <span class='ocrx_word' id='word_1_600' title='bbox 1588 5159 1826 5228; x_wconf 72' lang='lat' dir='ltr'><strong>episcopi</strong></span> <span class='ocrx_word' id='word_1_601' title='bbox 1875 5157 2210 5212; x_wconf 87' lang='lat' dir='ltr'><strong>contradice-</strong></span> 
     </span>
    </p>
   </div>
   <div class='ocr_carea' id='block_1_82' title="bbox 652 5247 2212 5325">
    <p class='ocr_par' dir='ltr' id='par_1_82' title="bbox 652 5247 2212 5325">
     <span class='ocr_line' id='line_1_82' title="bbox 652 5247 2212 5325; baseline -0.008 -13"><span class='ocrx_word' id='word_1_602' title='bbox 652 5269 789 5320; x_wconf 85' lang='lat' dir='ltr'><strong>rent,</strong></span> <span class='ocrx_word' id='word_1_603' title='bbox 818 5273 925 5311; x_wconf 89' lang='lat' dir='ltr'><strong>non</strong></span> <span class='ocrx_word' id='word_1_604' title='bbox 969 5272 1063 5311; x_wconf 89' lang='lat' dir='ltr'><strong>eos</strong></span> <span class='ocrx_word' id='word_1_605' title='bbox 1094 5255 1359 5325; x_wconf 87' lang='lat' dir='ltr'><strong>justitiam</strong></span> <span class='ocrx_word' id='word_1_606' title='bbox 1394 5252 1702 5316; x_wconf 86' lang='lat' dir='ltr'><strong>defendere,</strong></span> <span class='ocrx_word' id='word_1_607' title='bbox 1753 5250 1847 5304; x_wconf 90' lang='lat' dir='ltr'><strong>sed</strong></span> <span class='ocrx_word' id='word_1_608' title='bbox 1900 5247 2212 5302; x_wconf 89' lang='lat' dir='ltr'><strong>inimicitias</strong></span> 
     </span>
    </p>
   </div>
   <div class='ocr_carea' id='block_1_83' title="bbox 650 5339 2210 5414">
    <p class='ocr_par' dir='ltr' id='par_1_83' title="bbox 650 5339 2210 5414">
     <span class='ocr_line' id='line_1_83' title="bbox 650 5339 2210 5414; baseline -0.006 -13"><span class='ocrx_word' id='word_1_609' title='bbox 650 5362 901 5401; x_wconf 81' lang='lat' dir='ltr'><strong>exercere</strong></span> <span class='ocrx_word' id='word_1_610' title='bbox 938 5347 1266 5414; x_wconf 89' lang='lat' dir='ltr'><strong>judicarent.</strong></span> <span class='ocrx_word' id='word_1_611' title='bbox 1298 5341 1687 5412; x_wconf 80' lang='lat' dir='ltr'><strong>Episcoporum</strong></span> <span class='ocrx_word' id='word_1_612' title='bbox 1731 5350 1945 5405; x_wconf 89' lang='lat' dir='ltr'><strong>autem,</strong></span> <span class='ocrx_word' id='word_1_613' title='bbox 1987 5339 2080 5408; x_wconf 91' lang='lat' dir='ltr'><strong>qui</strong></span> <span class='ocrx_word' id='word_1_614' title='bbox 2113 5355 2210 5392; x_wconf 75' lang='lat' dir='ltr'><strong>ex-</strong></span> 
     </span>
    </p>
   </div>
   <div class='ocr_carea' id='block_1_84' title="bbox 652 5430 2212 5505">
    <p class='ocr_par' dir='ltr' id='par_1_84' title="bbox 652 5430 2212 5505">
     <span class='ocr_line' id='line_1_84' title="bbox 652 5430 2212 5505; baseline -0.004 -14"><span class='ocrx_word' id='word_1_615' title='bbox 652 5436 1055 5491; x_wconf 86' lang='lat' dir='ltr'><strong>communicato</strong></span> <span class='ocrx_word' id='word_1_616' title='bbox 1097 5437 1209 5505; x_wconf 84' lang='lat' dir='ltr'><strong>regi</strong></span> <span class='ocrx_word' id='word_1_617' title='bbox 1243 5433 1646 5488; x_wconf 87' lang='lat' dir='ltr'><strong>communicare</strong></span> <span class='ocrx_word' id='word_1_618' title='bbox 1681 5440 2037 5500; x_wconf 59' lang='lat' dir='ltr'><strong>praesumunt,</strong></span> <span class='ocrx_word' id='word_1_619' title='bbox 2067 5430 2212 5485; x_wconf 91' lang='lat' dir='ltr'><strong>ordi-</strong></span> 
     </span>
    </p>
   </div>
   <div class='ocr_carea' id='block_1_85' title="bbox 653 5521 2213 5594">
    <p class='ocr_par' dir='ltr' id='par_1_85' title="bbox 653 5521 2213 5594">
     <span class='ocr_line' id='line_1_85' title="bbox 653 5521 2213 5594; baseline -0.003 -16"><span class='ocrx_word' id='word_1_620' title='bbox 653 5529 801 5581; x_wconf 85' lang='lat' dir='ltr'><strong>natio</strong></span> <span class='ocrx_word' id='word_1_621' title='bbox 834 5537 888 5582; x_wconf 88' lang='lat' dir='ltr'><strong>et</strong></span> <span class='ocrx_word' id='word_1_622' title='bbox 931 5527 1272 5582; x_wconf 88' lang='lat' dir='ltr'><strong>consecratio</strong></span> <span class='ocrx_word' id='word_1_623' title='bbox 1317 5524 1459 5594; x_wconf 89' lang='lat' dir='ltr'><strong>apud</strong></span> <span class='ocrx_word' id='word_1_624' title='bbox 1495 5522 1687 5588; x_wconf 88' lang='lat' dir='ltr'><strong>Deum,</strong></span> <span class='ocrx_word' id='word_1_625' title='bbox 1716 5528 1848 5575; x_wconf 81' lang='lat' dir='ltr'><strong>teste</strong></span> <span class='ocrx_word' id='word_1_626' title='bbox 1889 5521 2043 5574; x_wconf 86' lang='lat' dir='ltr'><strong>beato</strong></span> <span class='ocrx_word' id='word_1_627' title='bbox 2082 5521 2213 5574; x_wconf 85' lang='lat' dir='ltr'><strong>Gre-</strong></span> 
     </span>
    </p>
   </div>
   <div class='ocr_carea' id='block_1_86' title="bbox 653 5607 2216 5683">
    <p class='ocr_par' dir='ltr' id='par_1_86' title="bbox 653 5607 2216 5683">
     <span class='ocr_line' id='line_1_86' title="bbox 653 5607 2216 5683; baseline -0.003 -17"><span class='ocrx_word' id='word_1_628' title='bbox 653 5615 824 5683; x_wconf 87' lang='lat' dir='ltr'><strong>gorio,</strong></span> <span class='ocrx_word' id='word_1_629' title='bbox 853 5615 910 5669; x_wconf 83' lang='lat' dir='ltr'><strong>tit</strong></span> <span class='ocrx_word' id='word_1_630' title='bbox 945 5613 1266 5668; x_wconf 78' lang='lat' dir='ltr'><strong>exsecratio.</strong></span> <span class='ocrx_word' id='word_1_631' title='bbox 1292 5612 1430 5667; x_wconf 83' lang='lat' dir='ltr'><strong>Cum</strong></span> <span class='ocrx_word' id='word_1_632' title='bbox 1465 5612 1610 5667; x_wconf 88' lang='lat' dir='ltr'><strong>enim</strong></span> <span class='ocrx_word' id='word_1_633' title='bbox 1649 5609 1867 5664; x_wconf 89' lang='lat' dir='ltr'><strong>obedire</strong></span> <span class='ocrx_word' id='word_1_634' title='bbox 1909 5607 2216 5676; x_wconf 67' lang='lat' dir='ltr'><strong>apostolica:</strong></span> 
     </span>
    </p>
   </div>
   <div class='ocr_carea' id='block_1_87' title="bbox 653 5698 2216 5772">
    <p class='ocr_par' dir='ltr' id='par_1_87' title="bbox 653 5698 2216 5772">
     <span class='ocr_line' id='line_1_87' title="bbox 653 5698 2216 5772; baseline -0.002 -16"><span class='ocrx_word' id='word_1_635' title='bbox 653 5703 767 5756; x_wconf 84' lang='lat' dir='ltr'><strong>sedi</strong></span> <span class='ocrx_word' id='word_1_636' title='bbox 801 5705 1030 5772; x_wconf 88' lang='lat' dir='ltr'><strong>superbe</strong></span> <span class='ocrx_word' id='word_1_637' title='bbox 1070 5711 1443 5764; x_wconf 87' lang='lat' dir='ltr'><strong>contemnunt,</strong></span> <span class='ocrx_word' id='word_1_638' title='bbox 1493 5702 1671 5754; x_wconf 85' lang='lat' dir='ltr'><strong>scelus</strong></span> <span class='ocrx_word' id='word_1_639' title='bbox 1715 5698 2051 5761; x_wconf 64' lang='lat' dir='ltr'><strong>idololatriae,</strong></span> <span class='ocrx_word' id='word_1_640' title='bbox 2081 5707 2216 5753; x_wconf 87' lang='lat' dir='ltr'><strong>teste</strong></span> 
     </span>
    </p>
   </div>
   <div class='ocr_carea' id='block_1_88' title="bbox 658 5789 2213 5864">
    <p class='ocr_par' dir='ltr' id='par_1_88' title="bbox 658 5789 2213 5864">
     <span class='ocr_line' id='line_1_88' title="bbox 658 5789 2213 5864; baseline -0.002 -20"><span class='ocrx_word' id='word_1_641' title='bbox 658 5792 904 5849; x_wconf 83' lang='lat' dir='ltr'><strong>Samuelc</strong></span> <span class='ocrx_word' id='word_1_642' title='bbox 954 5794 1004 5862; x_wconf 85' lang='grc'><strong>(1</strong></span> <span class='ocrx_word' id='word_1_643' title='bbox 1038 5794 1159 5864; x_wconf 74' lang='lat' dir='ltr'><strong>Reg.</strong></span> <span class='ocrx_word' id='word_1_644' title='bbox 1213 5795 1322 5862; x_wconf 79' lang='lat' dir='ltr'><strong>xv),</strong></span> <span class='ocrx_word' id='word_1_645' title='bbox 1373 5793 1676 5846; x_wconf 87' lang='lat' dir='ltr'><strong>incurrunt.</strong></span> <span class='ocrx_word' id='word_1_646' title='bbox 1729 5790 1861 5861; x_wconf 76' lang='lat' dir='ltr'><strong>Nam</strong></span> <span class='ocrx_word' id='word_1_647' title='bbox 1906 5793 1950 5845; x_wconf 90' lang='lat' dir='ltr'><strong>si</strong></span> <span class='ocrx_word' id='word_1_648' title='bbox 1997 5790 2082 5844; x_wconf 85' lang='lat' dir='ltr'><strong>ille</strong></span> <span class='ocrx_word' id='word_1_649' title='bbox 2121 5789 2213 5844; x_wconf 85' lang='lat' dir='ltr'><strong>Dei</strong></span> 
     </span>
    </p>
   </div>
   <div class='ocr_carea' id='block_1_89' title="bbox 2303 3275 3870 3350">
    <p class='ocr_par' dir='ltr' id='par_1_89' title="bbox 2303 3275 3870 3350">
     <span class='ocr_line' id='line_1_89' title="bbox 2303 3275 3870 3350; baseline -0.004 -15"><span class='ocrx_word' id='word_1_650' title='bbox 2303 3289 2356 3335; x_wconf 89' lang='lat' dir='ltr'><strong>et</strong></span> <span class='ocrx_word' id='word_1_651' title='bbox 2397 3280 2707 3350; x_wconf 69' lang='lat' dir='ltr'><strong>apostolicae</strong></span> <span class='ocrx_word' id='word_1_652' title='bbox 2749 3277 2894 3332; x_wconf 89' lang='lat' dir='ltr'><strong>sedis</strong></span> <span class='ocrx_word' id='word_1_653' title='bbox 2936 3277 3282 3347; x_wconf 88' lang='lat' dir='ltr'><strong>dignitatem,</strong></span> <span class='ocrx_word' id='word_1_654' title='bbox 3331 3291 3362 3329; x_wconf 89' lang='lat' dir='ltr'><strong>a</strong></span> <span class='ocrx_word' id='word_1_655' title='bbox 3393 3275 3604 3329; x_wconf 88' lang='lat' dir='ltr'><strong>cunctis</strong></span> <span class='ocrx_word' id='word_1_656' title='bbox 3634 3275 3870 3344; x_wconf 84' lang='lat' dir='ltr'><strong>peccatis</strong></span> 
     </span>
    </p>
   </div>
   <div class='ocr_carea' id='block_1_90' title="bbox 2304 3360 3870 3443">
    <p class='ocr_par' dir='ltr' id='par_1_90' title="bbox 2304 3360 3870 3443">
     <span class='ocr_line' id='line_1_90' title="bbox 2304 3360 3870 3443; baseline -0.004 -20"><span class='ocrx_word' id='word_1_657' title='bbox 2304 3368 2568 3432; x_wconf 83' lang='lat' dir='ltr'><strong>absolvat,</strong></span> <span class='ocrx_word' id='word_1_658' title='bbox 2607 3365 2867 3443; x_wconf 83' lang='lat' dir='ltr'><strong>vobisque</strong></span> <span class='ocrx_word' id='word_1_659' title='bbox 2910 3379 3114 3434; x_wconf 87' lang='lat' dir='ltr'><strong>augens</strong></span> <span class='ocrx_word' id='word_1_660' title='bbox 3155 3363 3336 3427; x_wconf 83' lang='lat' dir='ltr'><strong>fidem,</strong></span> <span class='ocrx_word' id='word_1_661' title='bbox 3363 3377 3515 3431; x_wconf 84' lang='lat' dir='ltr'><strong>spem</strong></span> <span class='ocrx_word' id='word_1_662' title='bbox 3547 3369 3603 3417; x_wconf 90' lang='lat' dir='ltr'><strong>et</strong></span> <span class='ocrx_word' id='word_1_663' title='bbox 3634 3360 3870 3417; x_wconf 77' lang='lat' dir='ltr'><strong>Charita-</strong></span> 
     </span>
    </p>
   </div>
   <div class='ocr_carea' id='block_1_91' title="bbox 2305 3453 3868 3524">
    <p class='ocr_par' dir='ltr' id='par_1_91' title="bbox 2305 3453 3868 3524">
     <span class='ocr_line' id='line_1_91' title="bbox 2305 3453 3868 3524; baseline -0.002 -13"><span class='ocrx_word' id='word_1_664' title='bbox 2305 3468 2410 3512; x_wconf 92' lang='lat' dir='ltr'><strong>tem</strong></span> <span class='ocrx_word' id='word_1_665' title='bbox 2433 3499 2447 3520; x_wconf 94' lang='lat'><strong>,</strong></span> <span class='ocrx_word' id='word_1_666' title='bbox 2481 3458 2534 3510; x_wconf 91' lang='lat' dir='ltr'><strong>in</strong></span> <span class='ocrx_word' id='word_1_667' title='bbox 2571 3471 2684 3510; x_wconf 76' lang='lat' dir='ltr'><strong>sua:</strong></span> <span class='ocrx_word' id='word_1_668' title='bbox 2732 3455 2865 3524; x_wconf 90' lang='lat' dir='ltr'><strong>legis</strong></span> <span class='ocrx_word' id='word_1_669' title='bbox 2897 3453 3212 3509; x_wconf 85' lang='lat' dir='ltr'><strong>defensione</strong></span> <span class='ocrx_word' id='word_1_670' title='bbox 3253 3454 3602 3520; x_wconf 84' lang='lat' dir='ltr'><strong>corroboret,</strong></span> <span class='ocrx_word' id='word_1_671' title='bbox 3652 3463 3714 3508; x_wconf 88' lang='lat' dir='ltr'><strong>ut</strong></span> <span class='ocrx_word' id='word_1_672' title='bbox 3758 3469 3868 3508; x_wconf 83' lang='lat' dir='ltr'><strong>e-</strong></span> 
     </span>
    </p>
   </div>
   <div class='ocr_carea' id='block_1_92' title="bbox 2305 3540 3498 3611">
    <p class='ocr_par' dir='ltr' id='par_1_92' title="bbox 2305 3540 3498 3611">
     <span class='ocr_line' id='line_1_92' title="bbox 2305 3540 3498 3611; baseline -0.002 -13"><span class='ocrx_word' id='word_1_673' title='bbox 2305 3544 2533 3598; x_wconf 87' lang='lat' dir='ltr'><strong>reamini</strong></span> <span class='ocrx_word' id='word_1_674' title='bbox 2565 3542 2631 3597; x_wconf 90' lang='lat' dir='ltr'><strong>ad</strong></span> <span class='ocrx_word' id='word_1_675' title='bbox 2657 3551 2913 3596; x_wconf 64' lang='lat' dir='ltr'><strong>aeternam</strong></span> <span class='ocrx_word' id='word_1_676' title='bbox 2936 3540 3216 3611; x_wconf 88' lang='lat' dir='ltr'><strong>pervenire</strong></span> <span class='ocrx_word' id='word_1_677' title='bbox 3249 3542 3498 3602; x_wconf 87' lang='lat' dir='ltr'><strong>salutem.</strong></span> 
     </span>
    </p>
   </div>
   <div class='ocr_carea' id='block_1_93' title="bbox 2375 3628 3868 3700">
    <p class='ocr_par' dir='ltr' id='par_1_93' title="bbox 2375 3628 3868 3700">
     <span class='ocr_line' id='line_1_93' title="bbox 2375 3628 3868 3700; baseline -0.002 -12"><span class='ocrx_word' id='word_1_678' title='bbox 2375 3634 2509 3688; x_wconf 90' lang='lat' dir='ltr'><strong>Data</strong></span> <span class='ocrx_word' id='word_1_679' title='bbox 2531 3631 2742 3698; x_wconf 79' lang='lat' dir='ltr'><strong>Tiburi,</strong></span> <span class='ocrx_word' id='word_1_680' title='bbox 2781 3641 2973 3686; x_wconf 88' lang='lat' dir='ltr'><strong>octavo</strong></span> <span class='ocrx_word' id='word_1_681' title='bbox 3023 3628 3290 3686; x_wconf 79' lang='lat' dir='ltr'><strong>Kalendas</strong></span> <span class='ocrx_word' id='word_1_682' title='bbox 3337 3628 3696 3700; x_wconf 83' lang='lat' dir='ltr'><strong>Septembris,</strong></span> <span class='ocrx_word' id='word_1_683' title='bbox 3733 3631 3868 3685; x_wconf 85' lang='lat' dir='ltr'><strong>indi-</strong></span> 
     </span>
    </p>
   </div>
   <div class='ocr_carea' id='block_1_94' title="bbox 2305 3721 2954 3790">
    <p class='ocr_par' dir='ltr' id='par_1_94' title="bbox 2305 3721 2954 3790">
     <span class='ocr_line' id='line_1_94' title="bbox 2305 3721 2954 3790; baseline -0.005 -14"><span class='ocrx_word' id='word_1_684' title='bbox 2305 3724 2484 3776; x_wconf 91' lang='lat' dir='ltr'><strong>ctione</strong></span> <span class='ocrx_word' id='word_1_685' title='bbox 2507 3721 2714 3776; x_wconf 88' lang='lat' dir='ltr'><strong>decima</strong></span> <span class='ocrx_word' id='word_1_686' title='bbox 2737 3729 2954 3790; x_wconf 88' lang='lat' dir='ltr'><strong>quarta.</strong></span> 
     </span>
    </p>
   </div>
   <div class='ocr_carea' id='block_1_95' title="bbox 2863 3831 3348 3906">
    <p class='ocr_par' dir='ltr' id='par_1_95' title="bbox 2863 3831 3348 3906">
     <span class='ocr_line' id='line_1_95' title="bbox 2863 3831 3348 3906; baseline 0.004 -19"><span class='ocrx_word' id='word_1_687' title='bbox 2863 3831 3196 3889; x_wconf 78' lang='lat' dir='ltr'><strong>EPISTOLA</strong></span> <span class='ocrx_word' id='word_1_688' title='bbox 3222 3833 3306 3889; x_wconf 89' lang='lat' dir='ltr'><strong>Ill.</strong></span> <span class='ocrx_word' id='word_1_689' title='bbox 3340 3892 3348 3906; x_wconf 67' lang='grc'><em>,</em></span> 
     </span>
    </p>
   </div>
   <div class='ocr_carea' id='block_1_96' title="bbox 2889 3938 3284 3978">
    <p class='ocr_par' dir='ltr' id='par_1_96' title="bbox 2889 3938 3284 3978">
     <span class='ocr_line' id='line_1_96' title="bbox 2889 3938 3284 3978; baseline -0.003 -1"><span class='ocrx_word' id='word_1_690' title='bbox 2889 3939 2955 3977; x_wconf 75' lang='grc' dir='ltr'><strong>ΑΙ)</strong></span> <span class='ocrx_word' id='word_1_691' title='bbox 2992 3938 3284 3978; x_wconf 69' lang='lat' dir='ltr'><strong>GEDIANOS.</strong></span> 
     </span>
    </p>
   </div>
   <div class='ocr_carea' id='block_1_97' title="bbox 2884 4009 3284 4081">
    <p class='ocr_par' dir='ltr' id='par_1_97' title="bbox 2884 4009 3284 4081">
     <span class='ocr_line' id='line_1_97' title="bbox 2884 4009 3284 4081; baseline 0.005 -18"><span class='ocrx_word' id='word_1_692' title='bbox 2884 4010 3063 4080; x_wconf 87' lang='lat' dir='ltr'><strong>(Anno</strong></span> <span class='ocrx_word' id='word_1_693' title='bbox 3104 4009 3284 4081; x_wconf 69' lang='lat'><strong>1076.)</strong></span> 
     </span>
    </p>
   </div>
   <div class='ocr_carea' id='block_1_98' title="bbox 2313 4098 3867 4169">
    <p class='ocr_par' dir='ltr' id='par_1_98' title="bbox 2313 4098 3867 4169">
     <span class='ocr_line' id='line_1_98' title="bbox 2313 4098 3867 4169; baseline 0.003 -16"><span class='ocrx_word' id='word_1_694' title='bbox 2313 4102 2380 4153; x_wconf 78' lang='lat' dir='ltr'><strong>L’t</strong></span> <span class='ocrx_word' id='word_1_695' title='bbox 2412 4117 2576 4169; x_wconf 81' lang='lat' dir='ltr'><strong>regem</strong></span> <span class='ocrx_word' id='word_1_696' title='bbox 2607 4098 2892 4152; x_wconf 82' lang='lat' dir='ltr'><strong>Henricum</strong></span> <span class='ocrx_word' id='word_1_697' title='bbox 2923 4102 2979 4153; x_wconf 84' lang='lat' dir='ltr'><strong>in</strong></span> <span class='ocrx_word' id='word_1_698' title='bbox 3017 4101 3215 4169; x_wconf 77' lang='lat' dir='ltr'><strong>synodo</strong></span> <span class='ocrx_word' id='word_1_699' title='bbox 3249 4101 3786 4168; x_wconf 73' lang='lat' dir='ltr'><strong>excdmmunicatum,</strong></span> <span class='ocrx_word' id='word_1_700' title='bbox 3818 4115 3867 4158; x_wconf 78' lang='lat' dir='ltr'><strong>ct</strong></span> 
     </span>
    </p>
   </div>
   <div class='ocr_carea' id='block_1_99' title="bbox 2378 4169 3866 4239">
    <p class='ocr_par' dir='ltr' id='par_1_99' title="bbox 2378 4169 3866 4239">
     <span class='ocr_line' id='line_1_99' title="bbox 2378 4169 3866 4239; baseline 0.003 -17"><span class='ocrx_word' id='word_1_701' title='bbox 2378 4171 2518 4238; x_wconf 85' lang='lat' dir='ltr'><strong>regia</strong></span> <span class='ocrx_word' id='word_1_702' title='bbox 2548 4170 2804 4239; x_wconf 83' lang='lat' dir='ltr'><strong>dignitate</strong></span> <span class='ocrx_word' id='word_1_703' title='bbox 2825 4169 3121 4237; x_wconf 84' lang='lat' dir='ltr'><strong>privatum,</strong></span> <span class='ocrx_word' id='word_1_704' title='bbox 3153 4171 3202 4239; x_wconf 84' lang='lat' dir='ltr'><strong>si</strong></span> <span class='ocrx_word' id='word_1_705' title='bbox 3229 4186 3342 4224; x_wconf 74' lang='lat' dir='ltr'><strong>uere</strong></span> <span class='ocrx_word' id='word_1_706' title='bbox 3381 4173 3704 4238; x_wconf 73' lang='lat' dir='ltr'><strong>panitueris,</strong></span> <span class='ocrx_word' id='word_1_707' title='bbox 3727 4174 3866 4227; x_wconf 72' lang='lat' dir='ltr'><strong>beni-</strong></span> 
     </span>
    </p>
   </div>
   <div class='ocr_carea' id='block_1_100' title="bbox 2412 4237 3862 4310">
    <p class='ocr_par' dir='ltr' id='par_1_100' title="bbox 2412 4237 3862 4310">
     <span class='ocr_line' id='line_1_100' title="bbox 2412 4237 3862 4310; baseline 0.004 -20"><span class='ocrx_word' id='word_1_708' title='bbox 2412 4237 2493 4310; x_wconf 32' lang='lat' dir='ltr'><strong>n’e</strong></span> <span class='ocrx_word' id='word_1_709' title='bbox 2513 4237 2802 4310; x_wconf 68' lang='lat' dir='ltr'><strong>suscipiant</strong></span> <span class='ocrx_word' id='word_1_710' title='bbox 2823 4278 2838 4301; x_wconf 94' lang='lat'><strong>,</strong></span> <span class='ocrx_word' id='word_1_711' title='bbox 2866 4239 3078 4310; x_wconf 77' lang='lat' dir='ltr'><strong>remotis</strong></span> <span class='ocrx_word' id='word_1_712' title='bbox 3108 4237 3172 4290; x_wconf 86' lang='lat' dir='ltr'><strong>ab</strong></span> <span class='ocrx_word' id='word_1_713' title='bbox 3204 4253 3262 4289; x_wconf 83' lang='lat' dir='ltr'><strong>eo</strong></span> <span class='ocrx_word' id='word_1_714' title='bbox 3289 4237 3478 4310; x_wconf 63' lang='lat' dir='ltr'><strong>proris</strong></span> <span class='ocrx_word' id='word_1_715' title='bbox 3519 4241 3862 4310; x_wconf 60' lang='lat' dir='ltr'><strong>Qusilioriis,</strong></span> 
     </span>
    </p>
   </div>
   <div class='ocr_carea' id='block_1_101' title="bbox 2411 4305 3864 4370">
    <p class='ocr_par' dir='ltr' id='par_1_101' title="bbox 2411 4305 3864 4370">
     <span class='ocr_line' id='line_1_101' title="bbox 2411 4305 3864 4370; baseline 0.003 -11"><span class='ocrx_word' id='word_1_716' title='bbox 2411 4308 2523 4360; x_wconf 86' lang='lat' dir='ltr'><strong>onis</strong></span> <span class='ocrx_word' id='word_1_717' title='bbox 2555 4307 2839 4368; x_wconf 82' lang='lat' dir='ltr'><strong>adhibitis;</strong></span> <span class='ocrx_word' id='word_1_718' title='bbox 2875 4321 2934 4357; x_wconf 84' lang='lat' dir='ltr'><strong>eo</strong></span> <span class='ocrx_word' id='word_1_719' title='bbox 2957 4307 3116 4358; x_wconf 82' lang='lat' dir='ltr'><strong>etiam</strong></span> <span class='ocrx_word' id='word_1_720' title='bbox 3159 4305 3377 4370; x_wconf 83' lang='lat' dir='ltr'><strong>monito,</strong></span> <span class='ocrx_word' id='word_1_721' title='bbox 3417 4323 3479 4360; x_wconf 77' lang='lat' dir='ltr'><strong>ne</strong></span> <span class='ocrx_word' id='word_1_722' title='bbox 3520 4305 3774 4363; x_wconf 67' lang='lat' dir='ltr'><strong>Ecclesia</strong></span> <span class='ocrx_word' id='word_1_723' title='bbox 3801 4305 3864 4365; x_wconf 55' lang='lat' dir='ltr'><strong>fi;</strong></span> 
     </span>
    </p>
   </div>
   <div class='ocr_carea' id='block_1_102' title="bbox 2379 4373 3864 4449">
    <p class='ocr_par' dir='ltr' id='par_1_102' title="bbox 2379 4373 3864 4449">
     <span class='ocr_line' id='line_1_102' title="bbox 2379 4373 3864 4449; baseline 0.001 -21"><span class='ocrx_word' id='word_1_724' title='bbox 2379 4377 2626 4449; x_wconf 58' lang='lat' dir='ltr'><strong>bertatcm</strong></span> <span class='ocrx_word' id='word_1_725' title='bbox 2649 4375 2933 4449; x_wconf 77' lang='lat' dir='ltr'><strong>impugnet.</strong></span> <span class='ocrx_word' id='word_1_726' title='bbox 2953 4373 3173 4428; x_wconf 69' lang='lat' dir='ltr'><strong>Interim</strong></span> <span class='ocrx_word' id='word_1_727' title='bbox 3209 4391 3270 4428; x_wconf 77' lang='lat' dir='ltr'><strong>ne</strong></span> <span class='ocrx_word' id='word_1_728' title='bbox 3295 4375 3573 4449; x_wconf 62' lang='lat' dir='ltr'><strong>quisquam</strong></span> <span class='ocrx_word' id='word_1_729' title='bbox 3599 4378 3864 4449; x_wconf 75' lang='lat' dir='ltr'><strong>episcopus</strong></span> 
     </span>
    </p>
   </div>
   <div class='ocr_carea' id='block_1_103' title="bbox 2379 4442 3864 4514">
    <p class='ocr_par' dir='ltr' id='par_1_103' title="bbox 2379 4442 3864 4514">
     <span class='ocr_line' id='line_1_103' title="bbox 2379 4442 3864 4514; baseline 0.003 -16"><span class='ocrx_word' id='word_1_730' title='bbox 2379 4461 2496 4498; x_wconf 85' lang='lat' dir='ltr'><strong>eum</strong></span> <span class='ocrx_word' id='word_1_731' title='bbox 2530 4442 3078 4514; x_wconf 43' lang='lat' dir='ltr'><strong>absoluat,&#39;quousquc</strong></span> <span class='ocrx_word' id='word_1_732' title='bbox 3106 4442 3408 4513; x_wconf 69' lang='lat' dir='ltr'><strong>apostolica</strong></span> <span class='ocrx_word' id='word_1_733' title='bbox 3425 4442 3571 4514; x_wconf 72' lang='lat' dir='ltr'><strong>sedis</strong></span> <span class='ocrx_word' id='word_1_734' title='bbox 3591 4442 3864 4502; x_wconf 65' lang='lat' dir='ltr'><strong>consensus</strong></span> 
     </span>
    </p>
   </div>
   <div class='ocr_carea' id='block_1_104' title="bbox 2383 4512 3865 4583">
    <p class='ocr_par' dir='ltr' id='par_1_104' title="bbox 2383 4512 3865 4583">
     <span class='ocr_line' id='line_1_104' title="bbox 2383 4512 3865 4583; baseline 0.003 -17"><span class='ocrx_word' id='word_1_735' title='bbox 2383 4513 2615 4566; x_wconf 82' lang='lat' dir='ltr'><strong>accedat.</strong></span> <span class='ocrx_word' id='word_1_736' title='bbox 2636 4512 2786 4577; x_wconf 84' lang='lat' dir='ltr'><strong>Quod</strong></span> <span class='ocrx_word' id='word_1_737' title='bbox 2814 4512 2860 4565; x_wconf 81' lang='lat' dir='ltr'><strong>si</strong></span> <span class='ocrx_word' id='word_1_738' title='bbox 2884 4512 3002 4566; x_wconf 41' lang='lat' dir='ltr'><strong>vare&#39;</strong></span> <span class='ocrx_word' id='word_1_739' title='bbox 3017 4528 3115 4565; x_wconf 82' lang='lat' dir='ltr'><strong>non</strong></span> <span class='ocrx_word' id='word_1_740' title='bbox 3137 4514 3456 4583; x_wconf 66' lang='lat' dir='ltr'><strong>pmnituerit,</strong></span> <span class='ocrx_word' id='word_1_741' title='bbox 3483 4512 3681 4583; x_wconf 77' lang='lat' dir='ltr'><strong>eligant</strong></span> <span class='ocrx_word' id='word_1_742' title='bbox 3705 4515 3865 4570; x_wconf 77' lang='lat' dir='ltr'><strong>alium</strong></span> 
     </span>
    </p>
   </div>
   <div class='ocr_carea' id='block_1_105' title="bbox 2382 4581 3866 4649">
    <p class='ocr_par' dir='ltr' id='par_1_105' title="bbox 2382 4581 3866 4649">
     <span class='ocr_line' id='line_1_105' title="bbox 2382 4581 3866 4649; baseline 0.004 -16"><span class='ocrx_word' id='word_1_743' title='bbox 2382 4583 2626 4633; x_wconf 82' lang='lat' dir='ltr'><strong>idoneum</strong></span> <span class='ocrx_word' id='word_1_744' title='bbox 2657 4597 2859 4649; x_wconf 80' lang='lat' dir='ltr'><strong>regem,</strong></span> <span class='ocrx_word' id='word_1_745' title='bbox 2886 4596 3036 4649; x_wconf 83' lang='lat' dir='ltr'><strong>quem</strong></span> <span class='ocrx_word' id='word_1_746' title='bbox 3080 4596 3133 4632; x_wconf 81' lang='lat' dir='ltr'><strong>se</strong></span> <span class='ocrx_word' id='word_1_747' title='bbox 3174 4581 3607 4648; x_wconf 72' lang='lat' dir='ltr'><strong>conﬁrmatur-uin</strong></span> <span class='ocrx_word' id='word_1_748' title='bbox 3650 4583 3762 4648; x_wconf 77' lang='lat' dir='ltr'><strong>ait,</strong></span> <span class='ocrx_word' id='word_1_749' title='bbox 3807 4587 3866 4639; x_wconf 76' lang='lat' dir='ltr'><strong>de</strong></span> 
     </span>
    </p>
   </div>
   <div class='ocr_carea' id='block_1_106' title="bbox 2375 4648 3864 4722">
    <p class='ocr_par' dir='ltr' id='par_1_106' title="bbox 2375 4648 3864 4722">
     <span class='ocr_line' id='line_1_106' title="bbox 2375 4648 3864 4722; baseline 0.003 -20"><span class='ocrx_word' id='word_1_750' title='bbox 2375 4649 2596 4722; x_wconf 79' lang='lat' dir='ltr'><strong>consilio</strong></span> <span class='ocrx_word' id='word_1_751' title='bbox 2628 4648 2804 4722; x_wconf 66' lang='lat' dir='ltr'><strong>tamen</strong></span> <span class='ocrx_word' id='word_1_752' title='bbox 2830 4648 3041 4716; x_wconf 81' lang='lat' dir='ltr'><strong>Agnetis</strong></span> <span class='ocrx_word' id='word_1_753' title='bbox 3081 4649 3464 4717; x_wconf 78' lang='lat' dir='ltr'><strong>imperatricis,</strong></span> <span class='ocrx_word' id='word_1_754' title='bbox 3495 4651 3584 4704; x_wconf 81' lang='lat' dir='ltr'><strong>cui</strong></span> <span class='ocrx_word' id='word_1_755' title='bbox 3621 4668 3678 4706; x_wconf 75' lang='lat' dir='ltr'><strong>se</strong></span> <span class='ocrx_word' id='word_1_756' title='bbox 3719 4655 3864 4722; x_wconf 75' lang='lat' dir='ltr'><strong>jure-</strong></span> 
     </span>
    </p>
   </div>
   <div class='ocr_carea' id='block_1_107' title="bbox 2366 4716 3036 4785">
    <p class='ocr_par' dir='ltr' id='par_1_107' title="bbox 2366 4716 3036 4785">
     <span class='ocr_line' id='line_1_107' title="bbox 2366 4716 3036 4785; baseline 0.001 -15"><span class='ocrx_word' id='word_1_757' title='bbox 2366 4717 2600 4785; x_wconf 87' lang='lat' dir='ltr'><strong>jurando</strong></span> <span class='ocrx_word' id='word_1_758' title='bbox 2631 4716 3036 4771; x_wconf 76' lang='lat' dir='ltr'><strong>obstrinxerant.</strong></span> 
     </span>
    </p>
   </div>
   <div class='ocr_carea' id='block_1_108' title="bbox 2377 4806 3865 4877">
    <p class='ocr_par' dir='ltr' id='par_1_108' title="bbox 2377 4806 3865 4877">
     <span class='ocr_line' id='line_1_108' title="bbox 2377 4806 3865 4877; baseline 0.003 -14"><span class='ocrx_word' id='word_1_759' title='bbox 2377 4809 2681 4863; x_wconf 75' lang='lat' dir='ltr'><strong>GREGOBIUS</strong></span> <span class='ocrx_word' id='word_1_760' title='bbox 2705 4806 3013 4876; x_wconf 81' lang='lat' dir='ltr'><strong>episcOpus.</strong></span> <span class='ocrx_word' id='word_1_761' title='bbox 3049 4822 3241 4862; x_wconf 87' lang='lat' dir='ltr'><strong>servus</strong></span> <span class='ocrx_word' id='word_1_762' title='bbox 3269 4822 3554 4863; x_wconf 84' lang='lat' dir='ltr'><strong>servorum</strong></span> <span class='ocrx_word' id='word_1_763' title='bbox 3594 4808 3711 4877; x_wconf 88' lang='lat' dir='ltr'><strong>Dei,</strong></span> <span class='ocrx_word' id='word_1_764' title='bbox 3749 4825 3865 4866; x_wconf 77' lang='lat' dir='ltr'><strong>om-</strong></span> 
     </span>
    </p>
   </div>
   <div class='ocr_carea' id='block_1_109' title="bbox 2308 4893 3863 4972">
    <p class='ocr_par' dir='ltr' id='par_1_109' title="bbox 2308 4893 3863 4972">
     <span class='ocr_line' id='line_1_109' title="bbox 2308 4893 3863 4972; baseline 0.003 -21"><span class='ocrx_word' id='word_1_765' title='bbox 2308 4899 2468 4951; x_wconf 88' lang='lat' dir='ltr'><strong>nibus</strong></span> <span class='ocrx_word' id='word_1_766' title='bbox 2502 4897 2713 4950; x_wconf 89' lang='lat' dir='ltr'><strong>dilectis</strong></span> <span class='ocrx_word' id='word_1_767' title='bbox 2753 4896 2806 4948; x_wconf 91' lang='lat' dir='ltr'><strong>in</strong></span> <span class='ocrx_word' id='word_1_768' title='bbox 2855 4894 3076 4949; x_wconf 86' lang='lat' dir='ltr'><strong>Christo</strong></span> <span class='ocrx_word' id='word_1_769' title='bbox 3105 4893 3384 4961; x_wconf 88' lang='lat' dir='ltr'><strong>fratribus,</strong></span> <span class='ocrx_word' id='word_1_770' title='bbox 3422 4905 3478 4952; x_wconf 85' lang='lat' dir='ltr'><strong>et</strong></span> <span class='ocrx_word' id='word_1_771' title='bbox 3511 4899 3863 4972; x_wconf 85' lang='lat' dir='ltr'><strong>coepiscopis.</strong></span> 
     </span>
    </p>
   </div>
   <div class='ocr_carea' id='block_1_110' title="bbox 2308 4983 3863 5056">
    <p class='ocr_par' dir='ltr' id='par_1_110' title="bbox 2308 4983 3863 5056">
     <span class='ocr_line' id='line_1_110' title="bbox 2308 4983 3863 5056; baseline 0.001 -14"><span class='ocrx_word' id='word_1_772' title='bbox 2308 4988 2556 5052; x_wconf 89' lang='lat' dir='ltr'><strong>ducibus,</strong></span> <span class='ocrx_word' id='word_1_773' title='bbox 2588 4985 2897 5049; x_wconf 88' lang='lat' dir='ltr'><strong>comitibus,</strong></span> <span class='ocrx_word' id='word_1_774' title='bbox 2927 4983 3198 5040; x_wconf 89' lang='lat' dir='ltr'><strong>universis</strong></span> <span class='ocrx_word' id='word_1_775' title='bbox 3244 5000 3463 5056; x_wconf 87' lang='lat' dir='ltr'><strong>quoque</strong></span> <span class='ocrx_word' id='word_1_776' title='bbox 3507 4987 3668 5044; x_wconf 73' lang='lat' dir='ltr'><strong>ﬁdem</strong></span> <span class='ocrx_word' id='word_1_777' title='bbox 3710 4989 3863 5044; x_wconf 80' lang='lat' dir='ltr'><strong>Chri-</strong></span> 
     </span>
    </p>
   </div>
   <div class='ocr_carea' id='block_1_111' title="bbox 2310 5072 3865 5146">
    <p class='ocr_par' dir='ltr' id='par_1_111' title="bbox 2310 5072 3865 5146">
     <span class='ocr_line' id='line_1_111' title="bbox 2310 5072 3865 5146; baseline -0.001 -14"><span class='ocrx_word' id='word_1_778' title='bbox 2310 5079 2540 5134; x_wconf 89' lang='lat' dir='ltr'><strong>stianam</strong></span> <span class='ocrx_word' id='word_1_779' title='bbox 2570 5072 3005 5139; x_wconf 87' lang='lat' dir='ltr'><strong>defendentibus,</strong></span> <span class='ocrx_word' id='word_1_780' title='bbox 3032 5076 3086 5130; x_wconf 92' lang='lat' dir='ltr'><strong>in</strong></span> <span class='ocrx_word' id='word_1_781' title='bbox 3111 5089 3280 5146; x_wconf 85' lang='lat' dir='ltr'><strong>regno</strong></span> <span class='ocrx_word' id='word_1_782' title='bbox 3305 5075 3554 5131; x_wconf 85' lang='lat' dir='ltr'><strong>videlicet</strong></span> <span class='ocrx_word' id='word_1_783' title='bbox 3573 5075 3865 5132; x_wconf 79' lang='lat' dir='ltr'><strong>Teutonico</strong></span> 
     </span>
    </p>
   </div>
   <div class='ocr_carea' id='block_1_112' title="bbox 2311 5164 3862 5235">
    <p class='ocr_par' dir='ltr' id='par_1_112' title="bbox 2311 5164 3862 5235">
     <span class='ocr_line' id='line_1_112' title="bbox 2311 5164 3862 5235; baseline 0.001 -13"><span class='ocrx_word' id='word_1_784' title='bbox 2311 5164 2699 5228; x_wconf 86' lang='lat' dir='ltr'><strong>habitantibus,</strong></span> <span class='ocrx_word' id='word_1_785' title='bbox 2731 5164 2962 5219; x_wconf 89' lang='lat' dir='ltr'><strong>salutem</strong></span> <span class='ocrx_word' id='word_1_786' title='bbox 2980 5173 3036 5218; x_wconf 90' lang='lat' dir='ltr'><strong>et</strong></span> <span class='ocrx_word' id='word_1_787' title='bbox 3058 5165 3304 5219; x_wconf 88' lang='lat' dir='ltr'><strong>omnium</strong></span> <span class='ocrx_word' id='word_1_788' title='bbox 3328 5175 3678 5235; x_wconf 82' lang='lat' dir='ltr'><strong>peccatorum</strong></span> <span class='ocrx_word' id='word_1_789' title='bbox 3707 5167 3862 5223; x_wconf 83' lang='lat' dir='ltr'><strong>abso-</strong></span> 
     </span>
    </p>
   </div>
   <div class='ocr_carea' id='block_1_113' title="bbox 2311 5254 3558 5329">
    <p class='ocr_par' dir='ltr' id='par_1_113' title="bbox 2311 5254 3558 5329">
     <span class='ocr_line' id='line_1_113' title="bbox 2311 5254 3558 5329; baseline -0.001 -19"><span class='ocrx_word' id='word_1_790' title='bbox 2311 5257 2570 5310; x_wconf 88' lang='lat' dir='ltr'><strong>lutionem</strong></span> <span class='ocrx_word' id='word_1_791' title='bbox 2599 5259 2694 5322; x_wconf 90' lang='lat' dir='ltr'><strong>per</strong></span> <span class='ocrx_word' id='word_1_792' title='bbox 2729 5255 3081 5323; x_wconf 83' lang='lat' dir='ltr'><strong>apostolicam</strong></span> <span class='ocrx_word' id='word_1_793' title='bbox 3107 5254 3558 5329; x_wconf 80' lang='lat' dir='ltr'><strong>benedictionem.</strong></span> 
     </span>
    </p>
   </div>
   <div class='ocr_carea' id='block_1_114' title="bbox 2357 5343 3864 5416">
    <p class='ocr_par' dir='ltr' id='par_1_114' title="bbox 2357 5343 3864 5416">
     <span class='ocr_line' id='line_1_114' title="bbox 2357 5343 3864 5416; baseline 0.002 -16"><span class='ocrx_word' id='word_1_794' title='bbox 2357 5346 2440 5400; x_wconf 76' lang='lat' dir='ltr'><strong>‘Si</strong></span> <span class='ocrx_word' id='word_1_795' title='bbox 2466 5347 2669 5400; x_wconf 86' lang='lat' dir='ltr'><strong>litteras</strong></span> <span class='ocrx_word' id='word_1_796' title='bbox 2700 5345 2900 5416; x_wconf 88' lang='lat' dir='ltr'><strong>quibus</strong></span> <span class='ocrx_word' id='word_1_797' title='bbox 2937 5343 3206 5400; x_wconf 81' lang='lat' dir='ltr'><strong>Henricus</strong></span> <span class='ocrx_word' id='word_1_798' title='bbox 3246 5345 3425 5399; x_wconf 89' lang='lat' dir='ltr'><strong>dictus</strong></span> <span class='ocrx_word' id='word_1_799' title='bbox 3461 5359 3558 5399; x_wconf 79' lang='lat' dir='ltr'><strong>rex</strong></span> <span class='ocrx_word' id='word_1_800' title='bbox 3597 5345 3655 5400; x_wconf 89' lang='lat' dir='ltr'><strong>in</strong></span> <span class='ocrx_word' id='word_1_801' title='bbox 3685 5357 3864 5405; x_wconf 78' lang='lat' dir='ltr'><strong>sancta</strong></span> 
     </span>
    </p>
   </div>
   <div class='ocr_carea' id='block_1_115' title="bbox 2313 5435 3866 5509">
    <p class='ocr_par' dir='ltr' id='par_1_115' title="bbox 2313 5435 3866 5509">
     <span class='ocr_line' id='line_1_115' title="bbox 2313 5435 3866 5509; baseline 0.001 -16"><span class='ocrx_word' id='word_1_802' title='bbox 2313 5437 2519 5509; x_wconf 86' lang='lat' dir='ltr'><strong>synodo</strong></span> <span class='ocrx_word' id='word_1_803' title='bbox 2547 5436 2754 5506; x_wconf 81' lang='lat' dir='ltr'><strong>judicio</strong></span> <span class='ocrx_word' id='word_1_804' title='bbox 2788 5436 2962 5490; x_wconf 82' lang='lat' dir='ltr'><strong>sancti</strong></span> <span class='ocrx_word' id='word_1_805' title='bbox 2999 5435 3236 5506; x_wconf 90' lang='lat' dir='ltr'><strong>Spiritus</strong></span> <span class='ocrx_word' id='word_1_806' title='bbox 3267 5438 3866 5495; x_wconf 80' lang='lat' dir='ltr'><strong>excommunicatusest</strong></span> 
     </span>
    </p>
   </div>
   <div class='ocr_carea' id='block_1_116' title="bbox 2313 5510 3863 5598">
    <p class='ocr_par' dir='ltr' id='par_1_116' title="bbox 2313 5510 3863 5598">
     <span class='ocr_line' id='line_1_116' title="bbox 2313 5510 3863 5598; baseline 0.001 -16"><span class='ocrx_word' id='word_1_807' title='bbox 2313 5510 2596 5598; x_wconf 78' lang='lat' dir='ltr'><strong>diligenter</strong></span> <span class='ocrx_word' id='word_1_808' title='bbox 2614 5526 2962 5594; x_wconf 88' lang='lat' dir='ltr'><strong>perpenditis,</strong></span> <span class='ocrx_word' id='word_1_809' title='bbox 2995 5526 3124 5596; x_wconf 91' lang='lat' dir='ltr'><strong>quid</strong></span> <span class='ocrx_word' id='word_1_810' title='bbox 3162 5524 3230 5580; x_wconf 86' lang='lat' dir='ltr'><strong>de</strong></span> <span class='ocrx_word' id='word_1_811' title='bbox 3255 5539 3322 5580; x_wconf 90' lang='lat' dir='ltr'><strong>eo</strong></span> <span class='ocrx_word' id='word_1_812' title='bbox 3345 5525 3538 5582; x_wconf 86' lang='lat' dir='ltr'><strong>debeat</strong></span> <span class='ocrx_word' id='word_1_813' title='bbox 3565 5528 3685 5584; x_wconf 80' lang='lat' dir='ltr'><strong>fieri</strong></span> <span class='ocrx_word' id='word_1_814' title='bbox 3713 5527 3863 5583; x_wconf 86' lang='lat' dir='ltr'><strong>indu-</strong></span> 
     </span>
    </p>
   </div>
   <div class='ocr_carea' id='block_1_117' title="bbox 2315 5606 3863 5689">
    <p class='ocr_par' dir='ltr' id='par_1_117' title="bbox 2315 5606 3863 5689">
     <span class='ocr_line' id='line_1_117' title="bbox 2315 5606 3863 5689; baseline 0.003 -18"><span class='ocrx_word' id='word_1_815' title='bbox 2315 5619 2547 5671; x_wconf 87' lang='lat' dir='ltr'><strong>bitanter</strong></span> <span class='ocrx_word' id='word_1_816' title='bbox 2571 5617 2924 5685; x_wconf 85' lang='lat' dir='ltr'><strong>cognoscetis.</strong></span> <span class='ocrx_word' id='word_1_817' title='bbox 2947 5606 3036 5669; x_wconf 58' lang='lat' dir='ltr'><strong>&#39;Ex</strong></span> <span class='ocrx_word' id='word_1_818' title='bbox 3074 5616 3180 5670; x_wconf 89' lang='lat' dir='ltr'><strong>illis</strong></span> <span class='ocrx_word' id='word_1_819' title='bbox 3222 5617 3368 5672; x_wconf 89' lang='lat' dir='ltr'><strong>enim</strong></span> <span class='ocrx_word' id='word_1_820' title='bbox 3413 5617 3735 5689; x_wconf 83' lang='lat' dir='ltr'><strong>intelligitur</strong></span> <span class='ocrx_word' id='word_1_821' title='bbox 3771 5635 3863 5676; x_wconf 78' lang='lat' dir='ltr'><strong>cur</strong></span> 
     </span>
    </p>
   </div>
   <div class='ocr_carea' id='block_1_118' title="bbox 2316 5705 3861 5780">
    <p class='ocr_par' dir='ltr' id='par_1_118' title="bbox 2316 5705 3861 5780">
     <span class='ocr_line' id='line_1_118' title="bbox 2316 5705 3861 5780; baseline 0.002 -20"><span class='ocrx_word' id='word_1_822' title='bbox 2316 5708 2385 5760; x_wconf 82' lang='lat' dir='ltr'><strong>sit</strong></span> <span class='ocrx_word' id='word_1_823' title='bbox 2415 5705 2772 5761; x_wconf 80' lang='lat' dir='ltr'><strong>ana’thematis</strong></span> <span class='ocrx_word' id='word_1_824' title='bbox 2817 5705 3033 5775; x_wconf 85' lang='lat' dir='ltr'><strong>vinculo</strong></span> <span class='ocrx_word' id='word_1_825' title='bbox 3057 5707 3327 5778; x_wconf 88' lang='lat' dir='ltr'><strong>alligatus,</strong></span> <span class='ocrx_word' id='word_1_826' title='bbox 3355 5715 3411 5770; x_wconf 76' lang='lat' dir='ltr'><strong>ot</strong></span> <span class='ocrx_word' id='word_1_827' title='bbox 3443 5721 3476 5760; x_wconf 90' lang='lat' dir='ltr'><strong>a</strong></span> <span class='ocrx_word' id='word_1_828' title='bbox 3517 5707 3666 5779; x_wconf 85' lang='lat' dir='ltr'><strong>regia</strong></span> <span class='ocrx_word' id='word_1_829' title='bbox 3695 5709 3861 5780; x_wconf 78' lang='lat' dir='ltr'><strong>digni-</strong></span> 
     </span>
    </p>
   </div>
   <div class='ocr_carea' id='block_1_119' title="bbox 2317 5796 3857 5867">
    <p class='ocr_par' dir='ltr' id='par_1_119' title="bbox 2317 5796 3857 5867">
     <span class='ocr_line' id='line_1_119' title="bbox 2317 5796 3857 5867; baseline 0.004 -18"><span class='ocrx_word' id='word_1_830' title='bbox 2317 5806 2422 5850; x_wconf 84' lang='lat' dir='ltr'><strong>tate</strong></span> <span class='ocrx_word' id='word_1_831' title='bbox 2465 5796 2761 5864; x_wconf 85' lang='lat' dir='ltr'><strong>tlepositus,</strong></span> <span class='ocrx_word' id='word_1_832' title='bbox 2812 5803 2861 5847; x_wconf 90' lang='lat' dir='ltr'><strong>et</strong></span> <span class='ocrx_word' id='word_1_833' title='bbox 2916 5797 3058 5864; x_wconf 91' lang='lat' dir='ltr'><strong>quod</strong></span> <span class='ocrx_word' id='word_1_834' title='bbox 3105 5797 3281 5856; x_wconf 87' lang='lat' dir='ltr'><strong>omnis</strong></span> <span class='ocrx_word' id='word_1_835' title='bbox 3328 5797 3564 5866; x_wconf 88' lang='lat' dir='ltr'><strong>populus</strong></span> <span class='ocrx_word' id='word_1_836' title='bbox 3595 5798 3857 5867; x_wconf 71' lang='lat' dir='ltr'><strong>quondm</strong></span> 
     </span>
    </p>
   </div>
   <div class='ocr_carea' id='block_1_120' title="bbox 3689 5898 4052 6330">
    <p class='ocr_par' dir='ltr' id='par_1_120' title="bbox 3689 6217 3974 6325">
     <span class='ocr_line' id='line_1_120' title="bbox 3817 6217 3824 6224; baseline 0 0"><span class='ocrx_word' id='word_1_837' title='bbox 3817 6217 3824 6224; x_wconf 74' lang='lat'><strong>.</strong></span> 
     </span>
     <span class='ocr_line' id='line_1_121' title="bbox 3813 6237 3860 6256; baseline 0 0"><span class='ocrx_word' id='word_1_838' title='bbox 3813 6237 3830 6248; x_wconf 51' lang='grc' dir='ltr'><em>Δ</em></span> <span class='ocrx_word' id='word_1_839' title='bbox 3853 6253 3860 6256; x_wconf 83' lang='lat'><strong>..</strong></span> 
     </span>
     <span class='ocr_line' id='line_1_122' title="bbox 3745 6277 3974 6296; baseline -0.004 -13"><span class='ocrx_word' id='word_1_840' title='bbox 3745 6285 3762 6296; x_wconf 30' lang='grc' dir='ltr'>ἐ</span> <span class='ocrx_word' id='word_1_841' title='bbox 3969 6277 3974 6282; x_wconf 56' lang='grc' dir='ltr'><strong>ς</strong></span> 
     </span>
     <span class='ocr_line' id='line_1_123' title="bbox 3689 6313 3728 6325; baseline 0 0"><span class='ocrx_word' id='word_1_842' title='bbox 3689 6313 3728 6325; x_wconf 68' lang='grc' dir='ltr'><strong>..Α</strong></span> 
     </span>
    </p>
   </div>
  </div>
