4218 6430
880 454 982 510 £59

1505 446 1568 507 5.,
1601 439 1921 499 GREGORll
1962 437 2047 493 vn
2083 435 2287 493 PAPIE
2317 434 2596 491 orsum:
2630 433 2811 520 rans
2842 433 2883 487 ι.
2921 464 2989 474 .-
3027 400 3446 489 uenissem.

3990 433 4099 488 ‘60

945 564 1245 622 exhibeant,
1269 564 1317 610 et
1361 560 1427 609 ad
1454 556 1586 609 bona
1621 554 1851 608 ecclesia‘
1881 551 2233 620 recuperanda
2278 550 2431 603 auxi-
2460 551 2504 606 A
2530 547 2622 614 sti,
2663 554 2741 611 ut,
2774 545 2821 600 si
2853 545 2907 599 in
2938 560 3166 615 corpore
3210 543 3391 599 dilecti
3426 542 3544 596 l-‘ilit
3593 542 3681 596 sui
3719 543 4095 597 membrorum

950 636 1077 686 lium
1111 635 1375 698 prastent.

950 744 1253 796 CBEGORIUS
1280 736 1587 806 episcopus,
1619 746 1811 787 servus
1849 744 2129 785 servorum
2168 727 2285 793 Dei,
2314 742 2431 782 om-

883 836 1043 888 uibus
1083 827 1351 899 episcopis
1394 824 1704 889 Britannia),
1735 821 1961 876 salutem
1997 828 2052 874 et
2082 819 2429 890 apostolicam

882 920 1329 975 benedictionem.
1749 928 1758 936 ·
2411 962 2416 968 _

949 1010 1066 1064 Non
1123 1009 1373 1077 ignorare
1422 1018 1518 1058 vos
1574 1001 1847 1056 credimus
1903 998 2133 1069 qualiter
2186 997 2431 1051 Dolensis

829 1138 835 1143 .
884 1100 1059 1152 cle;us
1078 1104 1131 1150 et
1152 1094 1382 1165 populus
1407 1092 1473 1146 ad
1496 1106 1597 1145 nos
1622 1089 1818 1145 direxit
1839 1089 2094 1158 juvenem
2118 1086 2429 1155 quemdam,

884 1187 1015 1242 satis
1038 1185 1353 1255 praeclarum
1386 1194 1612 1253 genere,
1642 1188 1701 1234 ut
1743 1176 2071 1242 audivimus,
2095 1176 2432 1247 postulantes

884 1285 943 1329 ut
990 1289 1117 1329 eum
1178 1271 1286 1325 illis
1332 1270 1389 1323 in
1442 1268 1757 1338 episcopum
1817 1266 2214 1321 ordinaremus.
2262 1262 2431 1333 Cujus

883 1377 1102 1418 causam
1167 1360 1339 1435 (sictnt
1394 1358 1661 1428 oportuit)
1719 1358 2119 1419 examinantes,
2176 1356 2431 1409 honestos

884 1452 1099 1522 quidem
1131 1464 1309 1503 mores
1339 1464 1436 1518 pro
1465 1448 1681 1501 modqu
1705 1446 1877 1501 aetatis
1905 1460 2036 1509 suae,
2061 1444 2155 1498 sed
2192 1444 2435 1498 nondum

883 1542 1015 1597 satis
1043 1549 1281 1595 maturos
1306 1548 1400 1592 aut
1439 1539 1735 1592 instructos
1756 1536 1824 1591 ad
1859 1534 2181 1606 portandum
2221 1533 2432 1603 episco-

882 1630 1001 1698 pale
1024 1628 1255 1698 pondus,
1284 1612 1340 1680 in
1363 1641 1428 1679 eo
1452 1624 1827 1695 probavimus;
1872 1629 2092 1692 propter
2127 1621 2273 1691 quod
2301 1636 2433 1675 one-

887 1731 1010 1771 rare
1051 1730 1175 1769 eum
1227 1722 1336 1766 tam
1380 1713 1529 1782 gravi
1582 1710 1796 1766 sarcina
1827 1725 1929 1765 nec
1972 1709 2074 1765 sibi
2122 1724 2225 1763 nee
2277 1707 2434 1763 nobis

882 1812 1102 1857 cautum
1153 1800 1267 1856 fore
1329 1800 1678 1869 pervidimus.
1740 1799 1850 1855 Deo
1921 1806 2102 1853 autem
2162 1797 2435 1866 aspirante

886 1893 1259 1950 adinvenimus
1303 1891 1359 1945 in
1392 1890 1649 1945 comitatu
1699 1903 1802 1945 suo
1836 1901 2128 1957 personam
2171 1886 2301 1940 huic
2347 1886 2433 1939 di-

882 1983 1071 2054 gnitati
1092 2024 1107 2048 ,
1138 1989 1321 2047 :etate,
1350 1980 1578 2035 scientia
1617 1987 1672 2033 et
1704 1992 1919 2038 morum
1961 1974 2223 2047 gravitate
2264 1975 2436 2031 multo

882 2072 1055 2141 magis
1082 2083 1379 2139 congruam
1396 2108 1412 2131 ,
1434 2068 1679 2122 videlicet
1713 2065 1929 2120 lvonem
1972 2065 2221 2119 abbatem
2247 2064 2433 2119 Saneti

835 2227 838 2230 ἢ
884 2159 1086 2215 Melarii
1138 2156 1418 2231 [Melanii],
1467 2172 1650 2226 quem,
1708 2155 1832 2210 licet
1865 2154 2093 2208 invitum
2111 2162 2273 2223 atque
2302 2155 2432 2221 obe-

882 2247 1080 2300 dientia
1126 2245 1430 2311 astrictum,
1456 2260 1581 2299 cum
1612 2243 1779 2297 multa
1818 2241 2073 2311 petitione
2095 2250 2149 2295 ct
2174 2242 2436 2295 electione

884 2336 1027 2392 illius
1069 2344 1123 2389 et
1161 2335 1391 2389 aliorum
1432 2334 1525 2403 qui
1560 2347 1683 2387 cum
1713 2346 1779 2386 eo
1816 2338 2094 2395 venerant,
2117 2329 2433 2398 episcopum

882 2423 1271 2479 ordinavimus.
1324 2421 1594 2485 Honorem
1647 2434 1863 2491 quoque
1890 2428 1944 2473 et
1972 2412 2133 2474 nsum
2164 2419 2311 2488 pallii
2336 2434 2446 2487 pro

880 2518 1059 2566 vestra
1079 2518 1132 2565 et
1154 2509 1320 2564 totius
1340 2508 1630 2579 provinciae
1657 2504 1943 2561 dilectione
1965 2506 2016 2560 ei
2040 2506 2431 2569 concessimus,

881 2614 947 2654 eo
966 2598 1186 2668 quidem
1217 2606 1416 2658 tenore.
1432 2605 1493 2651 ut
1515 2604 1819 2665 opportuno
1851 2604 2090 2663 tempore
2128 2592 2435 2648 nullatenus

875 2704 942 2743 se
980 2687 1235 2742 exhibere
1278 2694 1491 2741 recuset
1524 2687 1591 2741 ad
1621 2684 2010 2740 discutiendam
2038 2683 2434 2753 querimoniam

884 2793 1047 2847 quam
1076 2775 1349 2831 confrater
1388 2783 1573 2831 uoster
1615 2773 1951 2844 Rodulphus,
1988 2772 2324 2829 Turonensis
2348 2789 2436 2827 ar-

881 2863 1276 2933 chiepiscopus,
1302 2862 1368 2917 de
1388 2862 1721 2931 subiectione
1739 2862 1883 2917 sedis
1907 2862 2071 2928 illius,
2100 2869 2155 2916 et
2173 2862 2434 2931 denegata

880 2952 984 3008 sibi
1007 2951 1330 3016 obedientia,
1351 2950 1557 3021 jamdiu
1593 2950 1735 3020 apud
1766 2958 2010 3006 nostram
2039 2958 2094 3005 et
2125 2958 2433 3005 antecesso-

882 3055 1003 3093 rum
1023 3048 1332 3094 nostrorum
1361 3038 1487 3107 fecit
1509 3038 1853 3099 audientiam.
1878 3038 2033 3104 Quod
2054 3039 2121 3105 si,
2148 3040 2358 3101 ratione
2380 3048 2434 3093 et

2427 672 2433 680 -
2530 636 2844 707 dignitatem
2872 635 3115 689 obtinere
3149 634 3418 703 cupimus,
3461 632 3758 686 adinviccm
3788 632 3955 686 etiam
3983 631 4096 684 fra-

2530 725 2699 780 ternis
2744 724 3026 779 aﬂ‘ectibus
3056 733 3111 779 et
3151 723 3342 778 oillciis
3389 722 3566 776 intimi
3615 722 3819 775 amoris
3858 722 4095 775 connexi

2528 814 2721 870 simus.
2759 800 2915 884 Agite
2946 828 3079 884 ergo
3117 822 3179 867 ut
3210 822 3389 867 vestra
3436 811 3750 865 fraternitas
3779 826 3905 881 erga
3943 811 4097 863 hunc

2532 903 2753 958 fratrem
2772 912 2827 958 et
2850 902 3148 958 Ecelesiam
3195 902 3299 957 sibi
3324 892 3687 955 commissam
3719 900 3845 954 talis
3866 900 4095 962 existat,

2528 1002 2801 1062 quatenus
2824 1001 2878 1047 et
2909 992 3049 1062 apud
3084 991 3390 1065 Dominum,
3422 990 3845 1059 omnipotentem
3876 1003 3978 1057 pro
4007 1003 4096 1041 vc-

2529 1092 2656 1138 εει-ε
2676 1082 3028 1137 beatitudinis
3048 1081 3270 1151 praemio
3289 1079 3606 1151 gloriemur,
3632 1087 3685 1132 et
3715 1078 3855 1131 inter
3878 1086 3957 1130 tot
3990 1077 4097 1129 hu-

2525 1171 2619 1241 jus
2639 1171 2825 1226 saeculi
2846 1186 3083 1240 nequam
3117 1169 3469 1240 conﬂigentes‘
3500 1168 3765 1232 turbines,
3800 1167 3869 1221 de
3889 1179 4094 1220 conso-

2529 1261 2731 1316 latione
2763 1268 2957 1316 vestrae
2988 1259 3389 1329 eooperationis
3430 1248 3534 1313 nos
3570 1273 3680 1312 non
3717 1266 3953 1322 tantum,
3997 1257 4096 1309 sed

2529 1360 2584 1406 et
2629 1359 2802 1406 mater
2841 1358 3022 1405 vestra
3058 1356 3247 1406 saneta
3290 1356 3344 1403 et
3397 1346 3695 1417 apostolica
3740 1347 3953 1401 laetetur
3992 1344 4097 1398 Ec-

2531 1442 2712 1495 clesia.
3014 1450 3017 1451 '
3230 1479 3235 1482 -
3650 1476 3651 1479 η
3985 1432 3988 1439 ’

2607 1530 2739 1585 Data
2768 1529 2969 1596 Romae,
3000 1529 3193 1600 quinto
3226 1527 3494 1583 Kalendas
3521 1526 3793 1594 Octobris,
3835 1524 4095 1580 indictio-

2532 1635 2599 1675 ne
2621 1635 2710 1674 xv.
3069 1656 3075 1665 .
3328 1623 3337 1635 “
3462 1652 3463 1655 η
3603 1678 3606 1681 Α

3062 1713 3395 1770 εριετοιΑ
3453 1715 3543 1769 Vl.

2780 1822 2846 1859 ΑΙ)
2881 1819 3145 1860 IENRICUI
3180 1819 3505 1859 LEODIENBEI
3536 1817 3842 1859 EPISCOPUI.

3106 1894 3289 1965 (Anno
3312 1892 3508 1961 5076.)
3728 1882 3739 1887 ’“

2534 1984 2810 2050 Rescribit,
2846 1985 2892 2038 si
2934 1983 3382 2037 excommunicato
3426 1982 3535 2051 regi
3584 1980 3627 2036 Τ
3629 1981 3933 2050 rajectensis
3974 1996 4095 2051 epi-

2602 2069 2787 2123 scopus
2828 2054 3050 2107 scienter
3073 2050 3497 2116 communicarit,
3515 2060 3565 2103 et
3594 2052 3705 2105 sine
3724 2050 4100 2123 satisfactione

2601 2118 2806 2188 abierit,
2834 2138 2951 2190 cum
2970 2136 3029 2174 eo
3052 2136 3143 2190 nec
3173 2128 3379 2190 mortuo
3400 2136 3548 2190 posse
3568 2118 3945 2190 communicari
3963 2118 4096 2190 ;_sirt

2601 2187 2799 2254 minus,
2849 2189 3003 2243 illum
3048 2187 3269 2241 absolvit
3295 2229 3311 2253 ,
3346 2187 3412 2242 et?
3437 2189 3707 2257 sacriﬁcia
3738 2204 3833 2257 pro
3878 2187 4099 2257 conﬁeri

2603 2267 2769 2327 optat.
2814 2257 2981 2328 Rogat
3022 2265 3398 2328 postremopro
3426 2256 3677 2310 Ecclesia
3702 2256 4099 2326 tranquillitate

2602 2326 2774 2395 preces
2804 2328 2873 2380 ad
2898 2326 3064 2379 Deum
3100 2326 3319 2394 eﬂ'undi.
3336 2358 3363 2367 η

2594 2415 2899 2471 Caesonius
2931 2416 3239 2485 episcopus,
3269 2408 3461 2469 servus
3496 2428 3779 2469 servorum
3809 2412 3925 2477 Dei,
3950 2409 4094 2467 Hun-

2532 2518 2656 2560 nico
2688 2503 2971 2559 Leodien'si
2994 2504 3268 2575 episcopo,
3296 2504 3526 2571 salutem
3549 2513 3604 2559 et
3623 2504 3976 2575 apostolicam
3997 2502 4095 2556 be-

2533 2593 2913 2648 nedictionem.
3012 2579 3021 2587 ’
3760 2638 3765 2643 ,

2601 2684 2749 2753 (388)
2778 2682 2935 2750 Quod
2965 2684 3033 2739 de
3061 2699 3224 2741 causa
3272 2682 3531 2739 Willelmi
3580 2682 3945 2753 Trajectensis
3976 2682 4093 2753 epi—

2534 2770 2684 2840 scopi
2724 2787 2826 2827 nos
2847 2774 3190 2838 consuluisti,
3213 2774 3498 2843 prudentia
3525 2783 3617 2829 tua
3648 2789 3757 2841 non
3791 2781 3913 2827 tam
3935 2788 3968 2827 a
3993 2788 4092 2826 no-

2534 2860 2617 2914 bis
2636 2875 2799 2929 quam
2822 2855 2865 2915 'a
2895 2863 3171 2917 communi
3198 2858 3513 2934 sanctorum
3552 2860 3775 2919 Patrum
3818 2862 4090 2918 sententia

2533 2950 2898 3007 indubitanter
2927 2966 3242 3022 expressum
3278 2950 3554 3007 addiscere
3575 2960 3630 3007 et
3657 2953 3955 3023 intelligere
3988 2967 4090 3023 ρο·-

2534 3047 2667 3105 test;
2714 3049 3181 3117 quorum‘statuta
3214 3040 3492 3097 servantes
3525 3032 3618 3095 aut
3647 3042 4019 3106 defendentes,
4041 3040 4089 3094 si

880 3128 1093 3219 justitia
1119 3128 1545 3219 demonstrante,
1566 3128 1689 3182 utei
1709 3128 1951 3219 subjecta
1973 3129 2309 3219 essetis-beat
2338 3144 2432 3219 ap-
2459 3164 2501 3219 Ο
2533 3116 2751 3219 quando
2778 3116 3141 3198 judicium‘de
3178 3129 3416 3200 negotiis
3461 3129 3840 3185 ecclesiasticis
3862 3127 4090 3183 fecimus

878 3217 1141 3289 paruerit,
1180 3231 1278 3272 nos
1310 3216 1534 3286 quidem
1574 3225 1774 3271 sanctae
1818 3214 2123 3271 Turonensi
2179 3214 2434 3272 Ecclesia:

879 3308 969 3376 jus
992 3321 1151 3361 suum
1175 3305 1509 3370 conservari,
1530 3313 1584 3359 et
1607 3305 1839 3359 debitam
1862 3304 2249 3373 subjectionem
2272 3321 2303 3359 a
2331 3304 2435 3358 Do-

878 3393 1017 3447 lensi
1045 3391 1285 3447 Ecclesia
1319 3392 1559 3447 exhiberi
1600 3393 1872 3457 volumus,
1902 3400 1957 3447 et
1997 3393 2292 3461 apostolica
2332 3408 2433 3447 au-

876 3482 1125 3544 ctoritate
1167 3495 1468 3547 censemus;
1493 3497 1652 3536 usum
1700 3491 1879 3535 tamen
1916 3480 2061 3550 pallii
2110 3496 2217 3535 non
2255 3481 2435 3536 minus

797 3609 801 3635 τ
870 3571 1007 3624 .huie
1037 3570 1261 3637 suisque
1291 3571 1717 3636 successoribus,
1760 3556 1931 3625 donec
1953 3578 2151 3625 eorum
2182 3572 2435 3627 introitus

880 3668 935 3713 et
959 3660 1069 3713 vita
1114 3659 1410 3727 probabilis
1451 3658 1634 3723 fuerit,
1680 3659 2033 3717 concedimus
2065 3662 2229 3729 amite
2258 3661 2433 3716 llrma-

881 3762 1022 3803 mus.
1074 3746 1167 3801 Sin
1200 3762 1325 3802 vero
1358 3748 1427 3801 ab
1465 3747 1630 3816 hujus
1664 3746 2015 3816 subjectionis
2042 3748 2173 3816 jugo
2197 3746 2316 3802 eam
2343 3750 2434 3804 ab

880 3838 1110 3891 solutam
1135 3852 1254 3891 esse
1286 3816 1443 3906 legali
1480 3834 1794 3891 defensioue
1816 3836 2153 3902 vconstiterit,
2177 3853 2433 3907 quaecun-

875 3941 983 3997 que
1013 3926 1115 3979 sibi
1158 3923 1433 3995 dignitatis
1461 3923 1739 3993 privilegia
1786 3924 1852 3978 de
1896 3932 2089 3978 caetero
2132 3932 2433 3994 competere

849 4014 991 4078 _visa
1026 4013 1257 4079 fuerint,
1293 4012 1587 4083 apostolica
1620 4027 1727 4066 non
1778 4013 2061 4083 denegabit
2103 4015 2430 4081 auctoritas,

876 4110 1037 4174 atque
1063 4104 1300 4169 interim,
1351 4110 1411 4156 ut
1434 4102 1483 4155 ei
1525 4102 1666 4156 sicut
1694 4102 2102 4172 archiepiscopo
2146 4104 2432 4173 subjectio-

878 4208 1002 4249 nem
1020 4202 1076 4247 et
1104 4190 1804 4257 obedientiam'exhibeatis,
1831 4194 2082 4263 praesenti
2110 4194 2445 4277 auctoritate

876 4279 1279 4333 constituimus.
1314 4278 1424 4332 Hoc
1474 4280 1655 4348 itaque
1682 4289 1857 4349 pacto
1889 4294 2013 4335 eum
2053 4291 2428 4339 consecratum

876 4374 934 4420 et
963 4374 1214 4419 ornatum
1240 4365 1305 4417 ad
1349 4365 1529 4418 sedem
1558 4381 1667 4419 non
1699 4368 1939 4421 humano
1977 4360 2209 4424 censilio
2229 4372 2321 4425 sed
2342 4372 2428 4425 di-

873 4456 1079 4529 vinitus
1110 4455 1160 4508 ei
1192 4454 1520 4524 assignatam
1544 4456 1896 4521 remittentes,
1927 4458 2081 4511 vobis
2106 4460 2267 4530 valde
2283 4474 2430 4513 com-

868 4544 1189 4601 mendatum
1214 4558 1334 4598 esse
1354 4544 1635 4610 volumus,
1652 4553 1710 4598 ut
1735 4546 1874 4599 sicut
1908 4562 2008 4621 nos
2032 4547 2088 4601 in
2108 4562 2174 4601 eo
2198 4548 2429 4603 charita-

867 4648 975 4691 tem
1014 4645 1250 4692 vestram
1280 4645 1334 4690 et
1356 4634 1522 4692 totius
1541 4636 1830 4706 provincia;
1856 4637 2213 4706 principatum
2238 4631 2425 4691 bono-

868 4725 1137 4791 ravimus,
1168 4724 1242 4777 ita
1272 4732 1326 4777 et
1352 4738 1453 4794 vos
1484 4738 1646 4792 quam
1684 4738 1782 4791 pro
1811 4738 1876 4777 eo
1908 4724 2250 4794 suscepimus
2281 4725 2428 4777 solli-

870 4814 1167 4865 citudinem
1192 4820 1245 4867 et
1268 4792 1483 4882 pietatis
1516 4810 1764 4865 all‘ectum
1786 4792 2081 4865 nobiseum.
2099 4810 2426 4879 suscipiatis;

878 4898 1057 4964 ipsum
1082 4900 1297 4965 quidem
1329 4915 1451 4953 cum
1474 4899 1624 4954 omni
1651 4900 1857 4955 honore
1890 4906 1944 4953 et
1977 4898 2282 4953 reverentia
2316 4914 2432 4955 sus-

878 4984 1159 5051 cipientes,
1200 4994 1254 5037 et
1300 4997 1359 5041 ut
1402 4989 1544 5043 bona
1584 4989 1825 5044 ecclesia
1843 4988 1955 5059 jam
1986 5003 2083 5057 per
2103 4988 2302 5042 multos
2332 5004 2430 5043 an-

880 5089 982 5130 nos
1005 5089 1035 5127 a
1060 5073 1335 5143 sacrilegis
1366 5077 1606 5145 dispersa
1634 5080 2020 5149 pervaseribus
2048 5094 2310 5149 recupare
2342 5094 2430 5133 va-

879 5164 988 5218 leat
1020 5162 1360 5231 adjuvantes;
1393 5174 1657 5238 quatenus
1690 5168 1777 5240 illa
1816 5164 1970 5224 sedes
2001 5170 2130 5243 olim
2158 5170 2354 5223 nobilis
2376 5178 2430 5223 et

879 5260 1072 5329 potens
1093 5252 1158 5304 ad
1188 5252 1411 5320 gloriam
1445 5236 1657 5322 pristini
1682 5236 1912 5319 decoris,
1951 5240 2063 5310 nes
2103 5258 2445 5335 opitulante,

878 5342 1077 5396 vestris
1128 5340 1451 5397 reformetur
1491 5343 1717 5406 studiis,
1762 5343 2063 5411 vestrisque
2090 5336 2428 5403 restituatur

881 5430 1231 5498 temporibus.
1281 5428 1373 5484 Sic
1419 5431 1637 5495 etenim,
1676 5431 1784 5486 sic.
1839 5428 2033 5485 fratres
2068 5432 2425 5498 dilectissimi,

882 5516 1094 5571 vocavit
1112 5533 1214 5575 nos
1238 5516 1389 5583 Deus
1410 5526 1465 5569 et
1491 5515 1649 5570 Pater
1674 5515 1886 5569 Domini
1911 5518 2080 5571 nostri
2112 5516 2237 5572 Jesu
2268 5519 2427 5574 Chri-

904 5668 913 5676 ’
957 5705 1097 5776 (588)
1135 5706 1263 5763 Vide
1288 5709 1627 5766 Lambertum
1664 5723 1806 5764 anno
1848 5711 1998 5764 1073.

2536 3218 2623 3271 vel
2649 3217 2899 3283 facimus,
2946 3234 3057 3274 non
3100 3235 3240 3291 nova
3274 3230 3369 3275 aut
3407 3228 3593 3275 nostra
3626 3217 4090 3289 profcrimns,‘sed

2535 3305 2604 3383 ab
2651 3305 2732 3360 eis
2773 3304 3155 3385 perSpiritu’m
3186 3318 3435 3364 sanctum
3483 3308 3692 3378 prolata
3727 3307 4011 3377 sequimur
4035 3316 4089 3362 et

2533 3409 2865 3451 exercemus.
2891 3390 3024 3459 Vide
3052 3408 3265 3468 ergoet
3294 3399 3580 3469 diligenter
3598 3396 3813 3452 attende
3836 3396 3969 3467 quid
3997 3410 4087 3451 eo-

2533 3488 2655 3539 rum
2679 3486 2975 3541 auctoritas
2996 3486 3051 3540 in
3074 3502 3169 3542 eos
3191 3486 3491 3543 decreverit
3522 3486 3638 3556 qui,
3672 3485 3739 3540 ad
3761 3484 4085 3559 subverten-

2530 3574 2629 3627 das
2662 3588 2847 3628 sacras
2875 3576 3114 3645 regulas,
3138 3575 3213 3630 ad.
3230 3575 3579 3631 scindendam
3600 3575 3861 3629 unitatem
3894 3587 4087 3641 corpo—

2531 3664 2610 3719 ris
2651 3662 2873 3729 Christi,
2910 3664 3055 3733 quod
3105 3673 3192 3719 est
3219 3664 3480 3730 Ecclesia,
3523 3662 3885 3719 schismaticis
3927 3670 4087 3730 atque

2532 3751 2802 3805 haereticis
2832 3752 3217 3806 calliditatibus
3260 3752 3457 3806 armati
3498 3750 3643 3831 ultro
3670 3756 3861 3803 contra
3904 3754 4085 3816 patrcs

2532 3840 2841 3909 insurgunt,
2870 3848 2966 3893 aut
2996 3840 3385 3893 scientercum
3424 3836 3909 3893 excommunicatis
3939 3850 4085 3891 com-

2516 3917 2843 3991 ‘municant;
2871 3933 2927 3979 et
2964 3940 3073 3980 non
3098 3926 3274 3980 solum
3311 3915 3474 3996 super
3514 3925 3619 3998 hoc
3649 3925 3716 3979 de
3753 3939 3865 3994 quo
3896 3922 4086 3978 frater-

2531 4004 2683 4066 nitas
2697 4020 2787 4067 tua
2820 4006 3089 4082 quaesivit,
3116 4013 3210 4068 sed
3239 4028 3402 4083 super
3423 4013 3678 4068 omnibus
3700 4013 3794 4083 qui
3818 4012 3872 4065 in
3894 4011 4082 4066 eadem

2529 4117 2695 4157 causa
2720 4110 2988 4169 tenentur,
3012 4117 3204 4157 eorum
3225 4118 3456 4172 quorum
3483 4102 3728 4173 vestigia,
3757 4101 3869 4157 Deo
3892 4110 4079 4155 aucto-

2528 4206 2607 4257 re,
2637 4192 3041 4262 perpendimus,
3073 4206 3172 4262 pro
3197 4193 3355 4246 nobis
3377 4204 3635 4261 responsa
3667 4192 3900 4260 suscipe.
3926 4189 4079 4256 Quod

2529 4281 2573 4335 si
2605 4281 2755 4335 nullo
2780 4280 3094 4345 schismate,
3121 4281 3268 4348 quod
3290 4289 3479 4335 contra
3514 4287 3759 4334 sanctam
3785 4287 3840 4332 et
3866 4286 4079 4347 aposto-

2530 4368 2688 4421 licam
2706 4366 3003 4421 Ecclesiam
3023 4362 3413 4433 praesumptum
3425 4370 3614 4420 eontra
3628 4366 3878 4418 ultimum
3899 4380 4078 4433 quem.

2462 4486 2505 4539 υ
2530 4455 2658 4507 libet
2683 4453 2939 4508 Ecclesiae
2958 4452 3268 4509 ministrum
3309 4453 3425 4507 fieri
3454 4453 3765 4525 nullatenus
3784 4452 4072 4517 debuisset,

2534 4544 2647 4611 ipse
2676 4551 2771 4596 aut
2802 4544 3112 4611 quicunque
3141 4558 3239 4599 sua
3273 4549 3464 4611 Sponte
3507 4542 3846 4613 subscripsit,
3882 4550 3936 4597 et
3968 4544 4071 4611 regi

2527 4634 2993 4689 excommunicato
3042 4634 3273 4689 scienter
3303 4635 3710 4692 communicatis
3750 4634 3869 4690 sine
3905 4634 4070 4705 peni-

2527 4722 2693 4775 tentia
2735 4730 2791 4775 et
2825 4714 3190 4777 satisfactione
3224 4723 3471 4778 discessit
3493 4722 3575 4778 vel
3621 4722 3933 4779 discesserit
3961 4741 3976 4789 ;
4004 4722 4069 4776 ab

2529 4808 2617 4863 illa
2670 4812 2980 4865 sanctorum
3030 4798 3252 4865 Patrum
3300 4814 3567 4867 sententia
3607 4811 3917 4881 discrepare
3966 4824 4066 4863 non

2526 4896 2814 4968 possumus
2842 4900 3141 4965 :videlieet,
3171 4899 3372 4968 quibus
3404 4899 3540 4954 vivis
3573 4915 3681 4954 non
3711 4899 4066 4954 communica-

2526 4988 2722 5053 vimus,
2769 5004 2868 5044 nec
2913 4989 3144 5043 mortuis
3189 4988 3591 5044 communicare
3636 4986 3918 5046 audemus.
3976 4985 4061 5039 Sin

2524 5092 2654 5132 vero
2704 5078 2904 5134 invitus
2944 5079 3294 5149 subscripsit,
3351 5087 3406 5133 et
3450 5078 3561 5149 regi
3608 5078 4061 5137 exeommunicato

2520 5165 2675 5235 juxta
2710 5166 3128 5235 prohibitionem
3159 5175 3471 5221 sanctorum
3500 5180 3768 5245 canonum
3791 5181 3898 5219 non
3924 5181 4058 5221 com-

2528 5256 2901 5323 municaverit,
2950 5255 3244 5325 apostolica
3297 5254 3615 5307 auctoritate
3676 5267 3802 5308 eum
3835 5254 4054 5309 absolvi-

2526 5360 2670 5410 mus,
2692 5354 2747 5399 et
2768 5354 2830 5399 ut
2852 5344 3143 5407 orationes,
3167 5340 3489 5395 sacriﬁcium
3516 5349 3570 5394 et
3600 5328 3949 5414 eleémosynze
3968 5356 4055 5410 pro

2522 5426 2590 5489 eo
2610 5434 2839 5491 Domino
2870 5434 3184 5493 oﬂ'erantur,
3220 5446 3329 5483 non
3358 5431 3533 5487 solum
3554 5433 3869 5498 annuimus,
3896 5430 3981 5486 sed
4006 5437 4053 5481 et

2526 5524 2676 5577 valde
2704 5524 3090 5578 desideramus.
3115 5520 3189 5574 De
3227 5530 3420 5578 czetero
3444 5538 3699 5596 rogamus
3728 5525 4048 5581 dilectionem
