4218 6442
682 513 788 566 ‘63

1323 508 1377 561 ς.
1421 506 1743 564 ciu-zenon
1787 505 1869 558 ιιι
1912 500 2112 556 mea:
2151 499 2434 556 orrznt'u
2472 499 2651 556 rans
2689 500 2728 554 ι.
2765 530 2834 538 -
2874 468 3294 556 nisetsrnt‘u.

3905 119 4020 450 ’Ὗ

3836 511 3928 566 468

683 639 873 678 iusan
899 623 1202 676 Senonensr
1228 620 1656 690 archiepiscopo,
1694 618 1922 672 salutem
1953 624 2006 669 et
2032 623 2254 682 aposto-
2285 614 2330 670 Δ
2357 609 2608 664 dubitant
2652 618 2837 665 utrum
2890 625 3059 664 necne
3112 609 3420 665 sacerdotes
3471 627 3534 666 ac
3586 615 3782 681 let-itm,
3841 633 3927 671 seu

685 719 844 770 licam
883 702 1336 767 benedictionem.

753 803 869 858 Non
899 804 1173 858 credimus
1197 803 1363 856 latere
1395 800 1788 854 fraternitatem
1816 806 1961 852 tuam
1991 794 2136 866 quod
2169 795 2256 848 lit-

682 898 815 952 teris
839 895 1040 950 nostris
1083 894 1394 948 lleinerium
1439 891 1886 945 Aurelianensem
1938 888 2253 958 cpiscopqu

685 987 1120 1042 commonuimns
1159 985 1223 1037 ad
1274 999 1373 1036 nos
1418 982 1624 1044 venire,
1668 989 1944 1050 quatenus
1972 977 2038 1031 de
2069 975 2256 1029 multis

684 1080 787 1133 sibi
815 1077 1059 1148 objectis,
1085 1086 1138 1128 et
1165 1075 1397 1128 maxime
1419 1073 1484 1126 de
1507 1071 1824 1125 confusione
1847 1067 2256 1122 Aurelianensis

687 1170 962 1232 l-chlesim,
995 1166 1358 1235 responderet.
1401 1163 1504 1230 Qui
1557 1163 1628 1216 ita
1676 1159 2102 1214 admonitionem
2152 1173 2252 1211 no-

683 1273 852 1316 stram
909 1258 1253 1328 contempsit,
1310 1265 1369 1310 ut
1413 1270 1588 1325 neque
1620 1254 1756 1324 .ipse
1803 1252 2032 1316 veniret,
2079 1265 2255 1321 neque

683 1356 921 1424 aliquam
960 1350 1339 1406 rationabilem
1382 1332 1784 1402 obseruationis
1803 1359 1915 1398 sum
1947 1343 2255 1398 excusatio-

683 1461 808 1500 nem
858 1443 1277 1507 transmitteret;
1334 1439 1492 1510 cujus
1539 1448 1598 1492 ut
1636 1436 2015 1491 inobcdicntizn
2040 1434 2291 1504 plenius’

681 1539 897 1609 culpam
918 1549 1293 1607 cognosceres,
1323 1531 1597 1601 exentplar
1633 1531 1935 1584 litterarum
1958 1542 2096 1598 quas
2124 1527 2252 1580 olim

679 1630 784 1685 sibi
837 1629 1088 1684 misimus
1139 1627 1383 1696 religioni
1436 1635 1542 1679 tuae
1590 1621 1873 1675 ostendere
1919 1619 2252 1674 curavimus.

680 1725 833 1788 Quas
887 1720 903 1774 i
927 1729 1268 1775 sacramento
1295 1715 1591 1771 lirnmverit
1615 1729 1804 1770 senon
1832 1712 2054 1776 vidisse,
2080 1715 2255 1782 neque

679 1829 783 1867 suo
812 1811 1050 1882 ingenio,
1066 1814 1210 1880 quod
1242 1825 1347 1862 non
1378 1803 1956 1870 viderit,remansisse,
1982 1799 2125 1857 facta
2154 1817 2255 1856 sua

678 1906 858 1959 adhuc
893 1901 1272 1973 aequanimiter
1320 1899 1565 1954 ferimus.
1609 1897 1777 1950 Aliter
1823 1902 2028 1960 autem,
2060 1909 2256 1950 secun-

613 2024 620 2032 -
675 2003 806 2051 .lum
866 2006 1106 2051 tenorem
1151 1993 1316 2062 hujus
1359 1989 1707 2053 conditionis,
1749 1985 2106 2057 jurejurando
2151 1985 2254 2038 mi-

679 2091 824 2144 nime
850 2087 1012 2154 Iacto,
1043 2085 1391 2141 decernimus
1425 2097 1550 2137 eum
1583 2081 1651 2136 ab
1676 2079 1824 2135 otnni
1849 2077 2138 2148 episcopali
2169 2075 2252 2131 of-

675 2180 802 2232 licio
827 2193 948 2235 esse
977 2191 1325 2246 suspensum,
1357 2183 1423 2230 et
1447 2190 1478 2228 a
1508 2171 1890 2228 communione
1915 2168 2160 2239 corporis
2197 2177 2252 2222 et

675 2269 960 2340 sanguinis
1005 2266 1219 2321 Domini
1267 2274 1602 2335 separatum,
1639 2263 1744 2318 nisi
1769 2261 1910 2325 [orte
1929 2260 2033 2315 sibi
2062 2258 2251 2313 mortis

676 2361 978 2430 periculum
1029 2357 1422 2428 supervenerit.
1455 2355 1520 2409 Et
1547 2356 1675 2425 quia
1713 2369 1822 2408 non
1848 2353 2028 2408 solum
2061 2367 2250 2406 ncces-

676 2455 811 2508 sitas
838 2463 892 2508 et
920 2452 1197 2507 tribulatio
1221 2451 1367 2505 illius
1392 2448 1666 2513 Ecclesiae,
1689 2461 1878 2502 verum
1894 2445 2058 2500 etiam
2077 2446 2245 2499 multa

674 2546 781 2599 alia
807 2545 955 2616 regni
981 2544 1148 2599 vestri
1184 2543 1397 2612 negotia
1431 2541 1656 2610 exigunt
1687 2550 1746 2593 ut
1766 2537 2018 2591 Romano
2063 2538 2247 2590 conci-

674 2637 1088 2696 liofrat‘emitas
1137 2644 1229 2688 tua
1257 2634 1520 2687 interesse
1548 2631 1759 2696 debeat,
1801 2630 2157 2686 admouemus
2195 2640 2244 2687 te

674 2740 735 2784 ut
781 2728 930 2803 omni
975 2737 1180 2782 remota
1220 2725 1505 2781 occasione
1535 2724 1602 2779 ad
1629 2723 1931 2794 proximam
1977 2723 2242 2796 synodum

672 2829 917 2875 nostram
942 2821 1149 2883 venias,
1177 2828 1228 2873 ct
1260 2819 1378 2886 jam
1407 2817 1612 2871 dictum
1643 2815 2090 2870 Aurelianensem
2129 2817 2244 2885 cpi-

670 2925 900 2981 scopum
940 2920 1116 2965 tecum
1166 2908 1348 2963 venire
1381 2923 1747 2963 commoneas.
1781 2905 2045 2961 Volumus
2078 2908 2241 2962 etiam

671 3012 734 3056 ut
767 3010 824 3057 et
851 3002 897 3058 is
925 3001 1017 3072 qui
1065 3017 1210 3056 nunc
1250 3009 1396 3055 tenet
1443 2999 1725 3054 decaniam
1758 3013 1882 3054 cum
1911 2999 2101 3053 eodem
2129 2999 2242 3067 epi-

673 3109 838 3163 scopo
889 3093 1087 3147 veniat.
1131 3091 1237 3148 Sed
1278 3101 1330 3145 et
1367 3087 1740 3154 Joschelinum
1799 3091 1892 3160 qui
1940 3091 2140 3158 injuste
2183 3104 2242 3145 se

670 3185 1052 3252 exspoliatum,
1093 3192 1145 3236 et
1172 3183 1402 3252 plurima
1433 3196 1530 3236 sua
1572 3197 1677 3251 pro
1707 3182 2045 3250 reparatione
2075 3181 2243 3235 bono-

669 3293 792 3331 rum
823 3275 1078 3330 Ecclesia:
1105 3274 1426 3345 expendisse
1455 3274 1717 3344 deplorat,
1761 3289 1860 3328 nec
1885 3289 1991 3329 non
2023 3273 2243 3328 Everar—
2270 3277 2312 3334 C

669 3371 822 3435 dum,
849 3378 904 3423 et
931 3369 1140 3438 aliquos
1160 3368 1227 3422 de
1249 3366 1462 3422 clericis
1482 3375 1800 3420 ostensurus
1823 3374 1936 3418 tam
1965 3365 2240 3419 decretum

672 3462 950 3530 proprium
975 3456 1235 3529 episcopi,
1263 3473 1427 3527 quam
1463 3457 1627 3511 etiam
1665 3455 1988 3510 veneranda:
2036 3471 2243 3510 memo-

669 3552 768 3607 riae
812 3549 1101 3605 Alexandri
1157 3565 1313 3619 papm
1357 3548 1774 3619 praedecessoris
1813 3547 1986 3602 nostri
2027 3546 2242 3616 privile-

671 3645 846 3711 gium,
872 3642 1056 3696 venire
1109 3641 1474 3710 praecipimus,
1504 3650 1775 3710 quatenus
1811 3639 2245 3710 uniuscujusque

671 3733 937 3788 rationem
967 3731 1380 3802 diligentissime
1402 3731 1676 3801 possimus
1711 3729 2007 3802 inquirere,
2033 3739 2088 3784 et
2121 3745 2248 3799 qua:

670 3823 990 3894 corrigenda
1034 3833 1162 3878 sunt
1194 3824 1289 3889 ita,
1325 3823 1434 3879 Deo
1473 3823 1788 3885 auxiliante,
1837 3822 2128 3894 corrigere,
2185 3832 2244 3876 ut

671 3915 905 3986 quisque
924 3915 1192 3984 justitiam
1223 3931 1378 3970 suam
1411 3917 1700 3988 babeat,et
1743 3915 1984 3970 Ecclesia
2021 3916 2249 3970 omnino

669 4006 937 4075 quiescat.
964 4006 1182 4062 Interim
1213 4016 1396 4062 autem
1426 4007 1492 4062 ad
1525 3998 1978 4065 ﬁrmissimam‘ct
2017 4011 2243 4068 inviola-

671 4100 834 4155 bilem
864 4115 1050 4171 pacem
1091 4100 1335 4170 ejusdem
1380 4099 1636 4154 Ecclesia:
1682 4100 2026 4156 decernimus
2073 4112 2130 4155 ut
2165 4103 2244 4155 ilti

669 4193 768 4264 qui
795 4208 941 4246 nunc
973 4191 1214 4246 decanim
1254 4201 1447 4260 praeest
1482 4200 1647 4261 utque
1683 4191 1748 4246 ad
1789 4192 2118 4247 audientiam
2145 4209 2242 4247 no-

661 4297 843 4346 stram
884 4284 1129 4354 ejusdem
1161 4283 1399 4338 decania:
1427 4283 1699 4353 possessio
1732 4285 2089 4354 relinquatur.
2121 4283 2242 4340 los-

667 4405 686 4428 .
708 4379 888 4433 belino
915 4393 1044 4431 vero
1070 4375 1334 4446 quidquid
1361 4384 1484 4429 ante
1510 4374 1725 4430 initium
1740 4373 1905 4443 hujus
1928 4374 2040 4429 litis
2069 4373 2247 4430 tenuit

668 4471 792 4523 sine
838 4467 1262 4521 contradictione
1311 4474 1495 4520 tenere
1542 4466 1907 4535 permittatur.
1951 4458 2241 4520 Benedicto

666 4573 856 4617 autem
905 4575 1011 4614 non
1037 4555 1219 4613 ~solum
1269 4556 1612 4628 praebendam
1651 4573 1829 4622 suam,
1855 4557 1948 4612 sed
1987 4559 2150 4612 etiam
2178 4572 2241 4612 ea

670 4667 795 4720 qua:
845 4651 1129 4706 occasione
1164 4650 1326 4719 hujus
1352 4634 1636 4704 discordia:
1664 4647 1879 4703 videtur
1923 4645 2239 4717 perdidisse,

668 4743 728 4798 in
755 4744 1022 4812 integrum
1052 4738 1383 4796 restituenda
1409 4740 1522 4797 fore
1542 4741 1835 4820 jubemus._

747 4837 878 4891 Data
913 4834 1097 4891 Romae
1137 4851 1190 4908 tv
1225 4831 1406 4889 Nonas
1444 4833 1787 4899 Novembris,
1818 4831 2111 4889 indictione
2150 4848 2239 4886 xv.

1239 4923 1583 5001 EPISTOLA_
1604 4924 1674 4981 x.
1741 4995 1743 5000 η
1943 4919 1946 4922 ’

983 5035 1048 5072 ΑΟ
1080 5034 1273 5072 Αυιιλκ
1305 5032 1577 5071 ηλιωιιιι
1605 5031 1942 5070 εοιιιπιδελκ.

1273 5109 1451 5179 (Δηιιο
1474 5107 1655 5175 1076.)

679 5199 968 5268 Respondet
1015 5199 1235 5252 clericos
1267 5199 1584 5268 fornicari“
1623 5199 1812 5252 minus
1852 5197 2113 5268 celebrare
2143 5214 2244 5250 non

748 5267 950 5332 debere,
996 5269 1086 5323 sed
1135 5278 1285 5322 extra
1311 5267 1527 5321 chorum
1557 5285 1666 5322 esse
1684 5267 1971 5336 pellendos.
2009 5267 2161 5334 Quod
2188 5279 2243 5320 ut

748 5342 844 5409 fiat
893 5339 1151 5406 praecipit,
1181 5351 1230 5392 et
1278 5336 1511 5409 Haberto
1541 5338 1752 5409 cuidam
1781 5338 2154 5409 archidiacono
2179 5339 2244 5406 ﬁo

747 5407 865 5462 item
891 5423 995 5460 non
1037 5424 1147 5461 em
1189 5407 1560 5473 adhibendam,
1585 5407 1675 5476 qui
1706 5407 1761 5459 in
1785 5407 2026 5460 haeresim
2061 5407 2242 5478 lapsus

750 5487 940 5546 fuerat.
1107 5523 1113 5529 .
1458 5504 1468 5514 κ
1765 5498 1772 5506 ’

750 5569 1054 5624 Guscoams
1080 5567 1386 5637 episcopus,
1425 5582 1616 5621 servus
1654 5581 1935 5623 servorum
1968 5565 2084 5631 Dei,
2110 5566 2242 5620 Am-

680 5675 760 5714 ι..ε
798 5656 1063 5729 [Aucte],
1094 5657 1413 5714 Flandreosi
1439 5658 1749 5725 comitissaa,
1774 5659 2005 5714 salutem
2032 5668 2087 5713 et
2116 5674 2244 5728 apo-

681 5749 927 5802 stolicam
955 5748 1400 5803 benedictionem.
2163 5739 2166 5743 ’

749 5839 999 5896 Pervenit
1031 5841 1096 5895 ad
1126 5855 1284 5894 aures
1333 5849 1545 5893 nostras
1569 5839 1712 5908 Quod
1753 5841 1972 5909 quidam
1997 5851 2240 5899 vestrum

2358 703 2536 757 creteri
2581 704 2673 774 qui
2709 701 2881 758 sacris
2916 704 3182 759 altaribus
3224 704 3625 773 administrant,
3669 709 3724 763 in
3768 709 3928 765 forni-
4018 741 4019 748 ι

2358 795 2570 848 ratione
2603 795 2960 864 persistentes
2996 795 3182 850 missa:
3223 795 3456 849 debeant
3503 798 3782 854 celebrare
3818 799 3921 854 olli-
4018 797 4019 804 “

2357 887 2521 940 cium.
2555 885 2766 953 Quibus
2790 903 2853 941 ex
2888 887 3210 941 auctoritate
3253 895 3564 942 sanctorum
3595 887 3816 945 Patrum
3853 907 3928 945 re-
4018 921 4019 930 ι

2357 979 2685 1050 spondcmns
2720 982 2868 1034 nullo
2915 980 3078 1036 modo
3133 979 3420 1036 ministros
3471 982 3616 1035 sacri
3665 982 3857 1037 altaris
3879 984 3929 1037 in
4018 959 4019 974 χ

2358 1074 2713 1130 fin-uicatione
2749 1074 3048 1128 existentes
3078 1072 3259 1128 missa:
3306 1071 3503 1127 debere
3545 1073 3824 1128 celebrare
3853 1075 3926 1128 οἷ·
4018 1077 4019 1140 1

2358 1167 2570 1233 licium;
2618 1164 2751 1236 quin
2807 1165 2970 1218 etiam
3005 1172 3166 1218 'extra
3219 1163 3416 1219 choros
3463 1179 3586 1219 esse.
3633 1166 3926 1236 pellendos,
4018 1163 4019 1206 ἓ

2355 1272 2642 1328 quousque
2704 1255 3060 1326 pccnitentize'
3089 1255 3287 1326 dignos
3356 1254 3569 1312 fructus
3616 1257 3926 1312 exhibeant.

2361 1349 2509 1406 Unde
2555 1348 2850 1419 apostolica
2880 1348 2985 1420 tibi
3009 1345 3012 1348 ’
3037 1347 3359 1402 auctoritate.
3397 1349 3743 1419 praecipimus
3797 1365 3929 1420 qua-

2359 1451 2515 1497 tenus
2543 1441 2722 1496 nullos
2751 1415 2941 1496 eordm
2966 1439 3059 1510 qui
3090 1439 3145 1492 in
3179 1439 3382 1494 scelere
3408 1440 3707 1508 perdurant
3735 1441 3805 1495 ad
3844 1455 3928 1494 sas
4018 1439 4019 1478 ἶ

2357 1549 2511 1589 crum
2537 1532 2854 1605 mysterium
2889 1531 3275 1586 celebrandum
3321 1531 3654 1600 suscipiatis,
3683 1531 3799 1598 sed,
3831 1549 3928 1586 un-
4018 1533 4019 1605 Ῑ

2355 1599 2638 1693 decunquc
2663 1622 2934 1692 poteritis,
2966 1623 3103 1677 tales
3149 1621 3217 1676 ad
3239 1621 3439 1677 missas
3464 1599 3817 1678 celebrandas
3842 1638 3926 1677 ac-

2356 1714 2589 1784 quiratis
2623 1713 2716 1784 qui
2746 1722 2896 1769 caste
2919 1711 3035 1768 Deo
3065 1713 3410 1779 deserviant;
3444 1714 3528 1768 bis
3553 1715 3756 1770 talibus
3777 1730 3926 1785 pror-

2356 1817 2453 1861 sus
2490 1805 2560 1859 ab
2594 1805 2852 1860 omnibus
2879 1803 3432 1860 Ecclesitebeneticiis
3451 1805 3641 1875 procul
3665 1806 3930 1876 expulsis.

2358 1911 2534 1966 neque
2567 1893 2790 1949 Buberti
2841 1894 3208 1950 archidiaconi
3253 1895 3419 1949 verba
3458 1897 3795 1966 suscipiatis,
3835 1913 3930 1952 seu

2356 1987 2630 2058 aliquibus
2652 1986 2770 2042 suis
2809 1987 3155 2042 sermonibus
3180 1986 3432 2052 laveatis,
3461 1981 3613 2057 quia,
3642 1997 3704 2042 ut
3725 1985 3926 2051 audivi,

2354 2081 2408 2134 in
2435 2077 2686 2147 haeresim
2719 2079 2905 2148 lapsus
2928 2086 3016 2133 est
3051 2078 3167 2132 suis
3185 2078 3367 2149 pravis
3391 2079 3851 2144 contentionibus,
3877 2091 3928 2132 ct
4018 2077 4019 2149 1

2353 2171 2420 2226 ab
2451 2143 2697 2225 lluberto
2717 2143 2896 2241 legato
2917 2169 3085 2241 hujus
3110 2143 3310 2225 sancta:
3333 2168 3594 2226 Remanm
3623 2171 3770 2226 sedis
3791 2171 3924 2242 apud
4018 2143 4019 2192 Τ

2352 2263 2797 2318 lllonasteriolum
2833 2262 3049 2332 publice
3085 2272 3171 2319 est
3197 2262 3500 2317 convictus.

2418 2355 2549 2410 Data
2602 2354 2808 2420 Romae,
2849 2363 3045 2424 quarto
3072 2352 3200 2408 ldus
3239 2351 3582 2420 Novembris,
3636 2353 3930 2420 indictione

2348 2445 2559 2502 decima
2595 2444 2806 2516 quinta.
3658 2481 3665 2487 .
3821 2458 3825 2462 '

2892 2533 3229 2590 EPISTOLA
3288 2534 3383 2588 XI.

2629 2644 2696 2683 ιο
2736 2643 3019 2684 ΒΟΒΕΙΠὍΙ
3055 2643 3331 2681 ΗΛΝΜΠΞ
3369 2642 3632 2682 ςοιιτειι.

2929 2716 3111 2788 (Anno
3150 2715 3329 2787 1076.)

2350 2812 2416 2866 L’t
2442 2820 2785 2881 persequatur
2819 2809 3150 2881 Simoniacos
3188 2809 3561 2881 sam-doleaet
3587 2809 3920 2881 fornicari“-

2416 2879 2689 2936 Invehitur
2718 2882 2773 2934 in
2823 2880 3090 2949 episcopos
3131 2880 3220 2948 qui
3254 2879 3557 2948 apostolica!
3599 2880 3712 2933 sedi
3754 2881 3895 2935 inobe

2413 2952 2612 3006 dientes
2649 2959 2818 3004 erant.

2411 3042 2721 3097 CIIEGORIL'S
2753 3039 3064 3109 episcopus,
3111 3053 3302 3092 servus
3337 3053 3620 3092 servorum
3662 3038 3779 3104 Dei,
3817 3039 3916 3093 llo-

2343 3149 2516 3188 naaro
2539 3133 2727 3187 comiti
2753 3131 3094 3198 Flandrensi,
3123 3132 3352 3186 salutem
3375 3141 3430 3187 et
3452 3132 3807 3205 apostolicam
3827 3134 3917 3188 be—

2346 3225 2725 3288 nedictioncm.

2410 3316 2660 3372 Pervenit
2684 3317 2752 3372 ad
2780 3315 3136 3387 apostolicam
3166 3313 3348 3371 sedem
3385 3305 3533 3384 quod
3561 3314 3619 3369 in
3646 3324 3784 3370 terra
3814 3323 3918 3370 tua:

2344 3405 2732 3459 dominationis
2770 3406 2865 3475 qui
2907 3414 3174 3460 vocantur
3217 3405 3552 3470 sacerdotes,
3601 3405 3654 3459 in
3683 3405 3914 3461 fornica-

2345 3498 2491 3550 tione
2516 3497 2697 3566 positi,
2743 3511 2852 3550 non
2885 3495 3223 3568 erubescant.
3252 3496 3524 3552 cantando
3553 3497 3775 3554 missam
3817 3506 3917 3552 tia-

2344 3597 2491 3642 ctare
2525 3602 2724 3656 corpus
2759 3597 2812 3639 et
2841 3586 3161 3656 sanguinem
3184 3583 3411 3651 Christi,
3443 3601 3554 3659 non
3589 3587 3915 3642 attendentes

2343 3693 2468 3746 qua:
2496 3677 2712 3732 insania
2740 3676 2952 3746 quodve
2992 3676 3172 3733 scelus
3197 3684 3281 3731 est
3306 3692 3419 3731 uno
3458 3677 3758 3750 eodemque
3782 3687 3913 3732 tem-

2345 3782 2476 3841 pore
2503 3783 2700 3837 corpus
2732 3767 3036 3822 meretricis
3065 3775 3123 3822 et
3166 3782 3368 3836 corpus
3388 3776 3676 3823 attrectare
3700 3767 3916 3823 Christi.

2344 3858 2685 3928 Quapropter
2700 3876 2768 3938 ex
2805 3863 2957 3928 parte
2981 3857 3370 3927 omnipotentis
3396 3857 3493 3914 Dei
3519 3869 3572 3914 et
3605 3860 3916 3916 auctoritate.

2344 3949 2486 4003 beati
2517 3947 2660 4001 Petri
2688 3949 3060 4017 apostolorum
3087 3947 3358 4017 principis,
3375 3956 3425 4002 te
3458 3963 3717 4019 rogamus
3741 3965 3802 4004 ac
3821 3948 3914 4003 tili

2344 4037 2570 4092 omnino
2591 4037 2932 4108 praecipimus
2963 4047 3041 4103 ut,
3066 4037 3379 4108 ubicunque
3413 4048 3590 4109 potes,
3633 4040 3760 4094 huic
3797 4055 3915 4094 sce-

2346 4130 2440 4183 leri
2471 4128 2724 4184 resistere
2745 4138 2794 4184 et
2837 4127 3165 4186 Simoniacis
3194 4131 3569 4187 contradicere
3607 4132 3807 4188 nullius
3831 4147 3911 4186 ra-

2345 4221 2425 4276 tio
2445 4221 2527 4275 vel
2549 4221 2722 4291 gratia
2745 4229 2796 4290 te
2817 4221 2992 4290 possit
3011 4230 3349 4291 retorquere.
3406 4220 3513 4289 Qui
3549 4224 3696 4278 enim
3745 4223 3913 4278 dixit:

2347 4311 2531 4368 Omnis
2560 4313 2649 4383 qui
2687 4311 2857 4380 audit,
2899 4313 3086 4382 dicat:
3125 4311 3251 4366 chi
3289 4313 3476 4384 (Apoc.
3519 4314 3682 4384 xm),
3713 4314 3909 4368 nullum

2344 4401 2578 4470 alicujus
2602 4401 2812 4456 ordinis
2837 4403 3081 4471 excepit;
3105 4412 3157 4457 et
3188 4403 3500 4474 quicunque
3530 4405 3652 4460 vult
3685 4422 3715 4460 a
3739 4405 3910 4460 Patre-

2343 4489 2581 4547 familias
2611 4490 2896 4548 denarium
2927 4491 3194 4562 accipere,
3228 4502 3485 4564 procuret
3522 4496 3577 4551 in
3618 4498 3774 4554 vinea
3808 4497 3905 4553 Do-

2275 4605 2322 4661 D
2346 4584 2478 4638 mini
2515 4584 2762 4640 laborare
2796 4583 3012 4654 (Matth.
3052 4585 3167 4657 xx).
3209 4585 3334 4643 Haec
3357 4587 3578 4658 quidem
3602 4591 3907 4646 universam

2345 4684 2520 4731 mater
2559 4676 2802 4746 praecipit
2845 4676 2931 4730 bis
2971 4676 3068 4751 qui
3112 4686 3376 4731 vocantur
3414 4677 3677 4748 episcopi,
3720 4681 3902 4743 dicere,

2345 4766 2488 4821 sicut
2515 4773 2748 4841 oportet;
2777 4764 2871 4818 sed
2899 4764 3089 4834 quales
3114 4764 3242 4830 sint,
3266 4779 3297 4819 a
3321 4763 3589 4824 fructibus
3609 4785 3795 4826 eorum
3815 4786 3906 4842 po-

2345 4852 2500 4908 testis
2523 4867 2873 4922 cognoscere,
2921 4853 3014 4922 qui
3046 4868 3155 4907 non
3189 4869 3286 4923 per
3315 4855 3518 4914 ostium
3558 4857 3906 4929 ingredientes

2346 4944 2398 4998 in
2440 4944 2580 4999 ovile
2625 4945 2830 5009 ovium,
2859 4944 2954 4998 sed
2990 4943 3208 5000 aliunde
3231 4947 3587 5003 ascendentes
3619 4949 3768 5007 fures
3791 4962 3905 5006 sunt

2344 5043 2396 5087 et
2422 5033 2678 5086 latrones.
2705 5031 2807 5086 Per
2841 5033 3041 5088 ostium
3072 5034 3271 5104 quippe
3302 5035 3624 5106 ingreditur,
3651 5040 3705 5095 id
3724 5047 3901 5107 estper

2343 5123 2642 5188 Christum,
2678 5122 2773 5192 qui
2815 5124 3113 5179 secundum
3157 5137 3348 5181 sacros
3373 5139 3614 5182 canones
3634 5127 3900 5196 episcopus

2343 5213 2712 5267 constituitur.
2760 5212 2893 5266 Nam
2921 5214 3066 5282 quod
3090 5213 3144 5266 in
3173 5214 3355 5270 divina
3377 5215 3662 5286 Scriptura
3678 5219 3899 5275 dicitur:

2345 5299 2650 5354 Sacerdotes
2684 5300 2814 5353 mali
2846 5301 3001 5353 ruina
3024 5303 3204 5371 populi
3231 5302 3443 5371 (Ezech.
3477 5303 3588 5372 xv),
3638 5306 3692 5361 in
3729 5316 3899 5363 nostro

2344 5399 2583 5460 tempore
2626 5391 2747 5444 luce
2794 5389 2996 5447 clarius
3043 5393 3450 5461 comprobatur.
3495 5394 3724 5453 Plurimi
3766 5399 3896 5454 enim

2341 5497 2532 5536 eorum
2576 5481 2671 5551 qui
2719 5491 2987 5558 vocantur
3019 5482 3258 5552 episcopi
3289 5499 3398 5539 non
3440 5487 3620 5542 solum
3645 5488 3893 5558 justitiam

2343 5589 2450 5627 non
2473 5572 2788 5639 defendunt,
2814 5573 2909 5628 sed
2937 5572 3104 5626 etiam
3127 5575 3491 5632 ne-clarescat
3525 5581 3714 5636 multis
3735 5579 3898 5650 modis

2342 5650 2622 5748 occultare
2661 5652 2931 5735 nituntur.
2983 5663 3142 5743 Tales
3176 5669 3891 5745 verognonepiscopogsed

2341 5754 2541 5808 Christi
2570 5757 2767 5809 habeto
2789 5754 3072 5820 inimicos;
3097 5763 3150 5808 et
3171 5756 3312 5811 sicut
3333 5758 3407 5812 illi
3424 5774 3541 5834 non
3563 5769 3757 5817 curant
3773 5762 3908 5832 apo-'

2346 5845 2546 5898 stolicze
2570 5844 2682 5899 sedi
2707 5844 2944 5914 obedire,
2980 5847 3052 5901 ita
3089 5861 3184 5902 vos
3223 5847 3424 5902 nullam
3449 5851 3530 5906 eis
3551 5849 3892 5907 obedientiam
