4218 6402
230 466 313 519 tm

1288 446 1491 505 LIBER
1528 442 1872 517 οωητῐδ.
1916 477 1982 485 -
2028 441 2237 501 EPIST.
2276 440 2384 499 xn.

3342 439 3443 493 lilii

227 572 468 625 exhibete.
501 567 641 622 Nam
666 566 963 637 praepositis
993 580 1091 617 non
1124 564 1348 627 obedire,
1380 562 1549 615 scelus
1584 568 1659 613 est
1695 561 1777 611 iu-
1806 560 1850 615 Α
1878 574 1972 628 νη·
2000 560 2236 613 triduum
2260 568 2383 614 ante
2414 568 2645 628 portam,
2672 557 2916 628 deposito
2937 555 3083 620 omni
3106 555 3442 626 regiocttltu,

229 678 412 715 currere
436 659 761 713 idololatria:
787 655 841 724 (Ι
867 656 986 725 Reg.
1014 655 1125 722 xv),
1145 654 1298 723 juxta
1319 653 1479 707 verba
1503 651 1775 720 prophetia

227 748 497 812 Samuelis,
523 762 649 816 qua:
674 745 734 798 Β.
773 744 1065 813 Gregorius
1111 743 1163 794 in
1206 740 1397 794 ultimo
1429 740 1566 794 libro
1597 738 1775 791 Mora-

226 841 338 893 lium
371 838 514 907 (cap.
550 834 659 906 10),
692 835 784 889 ubi
812 834 879 889 de
915 832 1217 887 obedientia
1240 831 1499 901 loquitur,
1517 844 1777 898 procure-

228 931 289 981 vit
308 928 615 997 explanare.
665 924 790 979 Ilzec
819 932 1003 977 nostra
1034 923 1218 985 verba,
1256 922 1379 974 licet
1402 920 1622 981 rustica,
1653 933 1778 972 cum

227 1016 485 1071 communi
513 1013 653 1069 ﬁdeli
687 1021 875 1066 nostro
899 997 1238 1081 Ingelranuo,
1266 1009 1358 1077 qui
1382 1009 1472 1062 diu
1496 1006 1777 1061 nobiscum

230 1109 271 1157 in
294 1118 446 1157 sacro
466 1101 669 1171 palatio
697 1099 916 1165 mansit,
947 1100 1030 1152 vel
1064 1113 1188 1152 cum
1222 1097 1342 1151 aliis
1368 1096 1604 1149 veritatis
1627 1109 1778 1148 ama-

229 1195 418 1247 toribus
453 1191 763 1261 irequenter
788 1191 965 1260 legite,
998 1198 1051 1244 et
1076 1205 1267 1245 omnes
1293 1189 1521 1243 clericos
1543 1195 1595 1240 et
1615 1188 1781 1240 laicos

227 1294 277 1337 ut
304 1283 584 1337 veritatem
611 1282 786 1336 sciant
817 1291 871 1336 et
893 1280 1171 1352 proferant
1194 1288 1501 1349 provocato,
1539 1287 1598 1333 ut
1640 1279 1780 1331 bona

226 1372 471 1427 fratribus
513 1372 708 1428 vestris
756 1373 1066 1426 nuntiantes
1121 1372 1259 1426 inter
1306 1371 1528 1439 angelos
1580 1378 1781 1424 sortem

227 1461 526 1514 mL-reamini
556 1462 818 1530 accipere,
847 1470 901 1516 ct
929 1477 1054 1515 cum
1088 1460 1274 1515 electis
1303 1460 1360 1514 in
1380 1460 1587 1515 coalein
1611 1460 1781 1530 patria

226 1566 254 1617 ε
270 1549 462 1600 ὶιΗΩΓϐ.
1594 1560 1601 1567 ·

287 1638 411 1691 Data
451 1637 659 1704 Romae,
700 1646 897 1710 quarto
945 1636 1071 1695 ldus
1112 1635 1450 1703 Novembris,
1492 1636 1785 1692 indictione

224 1727 419 1781 decima
451 1727 665 1796 quinta.

666 1826 671 1837 "
761 1815 1092 1872 EPISTOLA
1116 1816 1229 1871 XII.

804 1949 872 1986 Αι)
901 1947 1189 1987 ϐειιιλειοε.

779 2019 975 2087 (Anno
1024 2020 1207 2089 1077.)

232 2108 445 2181 li'untiat
500 2109 787 2164 "ruricum
830 2127 995 2181 regem
1042 2112 1394 2166 humillimam
1434 2113 1787 2181 penitentiam

286 2180 464 2248 egisse,
518 2196 670 2252 seque
709 2180 941 2234 omnium
982 2184 1272 2252 astantinm
1318 2180 1788 2252 supplicationi’tts

285 2265 397 2301 eum
432 2249 736 2315 absolvisse,
763 2260 972 2319 accepto
975 2251 1269 2373 ά(ῖιίειὶιιιιὶι
1288 2249 1612 2321 jura-mento.
1664 2253 1791 2308 Mit-

290 2320 352 2370 tit
376 2319 648 2373 exemplar
678 2319 972 2373 iurisiuran
1006 2320 1048 2373 ἱ.
1096 2320 1165 2373 In
1198 2320 1534 2373 Germaniam
1584 2341 1637 2373 se
1684 2326 1791 2373 itu-

290 2320 352 2370 tit
376 2319 648 2389 exemplar
668 2319 1048 2389 jurisjurandi.
1096 2320 1165 2375 In
1198 2319 1534 2377 Germaniam
1584 2341 1637 2377 se
1684 2326 1791 2376 itu-

292 2404 405 2441 rum
445 2390 743 2470 pollicetur.
798 2390 1057 2470 Hortatur
1086 2393 1298 2447 interim
1334 2403 1392 2447 ut
1428 2394 1486 2446 in
1526 2394 1628 2461 fide
1662 2404 1711 2447 et
1736 2396 1791 2446 in

289 2475 463 2512 amore
480 2460 714 2528 justitite
739 2469 1079 2529 perseverent.

290 2544 596 2603 Gasoontos
637 2548 947 2617 episcopus,
983 2563 1174 2603 servus
1216 2563 1498 2606 servorum
1528 2550 1643 2617 Dei,
1675 2568 1791 2606 om-

227 2635 382 2691 nibus
409 2637 858 2707 archiepiscopis,
886 2638 1174 2708 episeopis,
1201 2639 1454 2707 ducibus,
1480 2644 1789 2707 comitibus,

227 2725 543 2796 ceterisque
582 2727 919 2796 principibus
968 2729 1121 2799 regni
1162 2728 1585 2787 Teutonicorum
1631 2733 1793 2787 Citri-

226 2817 452 2870 stianam
478 2817 639 2872 iidem
662 2818 1092 2886 defendentibus,
1114 2821 1343 2877 salutem
1366 2833 1420 2878 et
1439 2826 1790 2894 apostolicam

227 2907 655 2979 benedictionem
671 2950 684 2962 .

292 2996 441 3068 (389)
498 2996 767 3065 Quoniam
809 3016 920 3071 pro
946 3018 1134 3075 amore
1168 3002 1396 3073 iustitiae
1449 3019 1791 3059 communem

226 3087 506 3155 nobiscum
530 3088 587 3143 in
612 3104 783 3161 agone
807 3091 1131 3148 Christiane
1151 3094 1355 3150 militiae
1381 3108 1603 3149 causam
1624 3102 1678 3147 et
1698 3110 1793 3163 pe-

225 3176 457 3232 riculum
480 3180 819 3249 suscepistis,
850 3182 1082 3251 qualiter
1116 3198 1211 3238 rex
1240 3184 1559 3238 humiliatus
1583 3184 1649 3238 ad
1675 3199 1793 3253 pm-

228 3267 508 3322 nitentiam
533 3268 892 3329 absolutionis
914 3272 1127 3327 veniam
1154 3268 1545 3343 impetraverit,
1578 3282 1632 3329 ct
1661 3290 1797 3344 quo-

224 3353 387 3407 modo
414 3361 523 3407 tota
544 3371 711 3410 causa
742 3366 867 3426 post
894 3358 1177 3415 introitum
1212 3362 1333 3430 ejus
1360 3362 1415 3414 in
1447 3360 1655 3415 Italiam
1695 3361 1799 3415 ltu-

224 3456 436 3512 cusque
466 3443 696 3499 deducta
733 3446 824 3510 sit,
855 3456 1051 3502 Vestra!
1077 3432 1352 3507 dilectioni
1381 3448 1594 3504 sincera
1615 3449 1797 3503 chari-

229 3539 332 3585 tate
355 3531 601 3588 indicare
628 3534 961 3591 curavimus.
998 3522 1150 3591 Sidet
1175 3537 1526 3592 constitutum
1555 3536 1658 3593 fuit
1674 3552 1798 3591 cum

228 3620 423 3690 legatis
454 3623 549 3693 qui
574 3623 644 3679 ad
677 3640 779 3680 nos
801 3626 869 3681 de
902 3626 1098 3687 vestris
1124 3627 1369 3697 partibus
1397 3629 1549 3683 missi
1571 3637 1719 3693 sunt,
1745 3630 1799 3682 in

229 3708 667 3782 Inngobardiam
707 3706 1239 3784 venimus,vcirciter
1284 3719 1474 3789 viginti
1518 3719 1633 3775 dies
1678 3729 1801 3773 ante

229 3801 522 3858 terminum
562 3803 629 3871 in
664 3810 775 3874 quo
813 3805 1012 3876 aliquis
1057 3807 1257 3862 dueum
1307 3808 1376 3861 ad
1418 3807 1612 3862 Clusas
1645 3810 1804 3863 nobis

226 3904 519 3948 occanere
560 3892 766 3961 debuit,
810 3890 1185 3968 exspectantes
1232 3897 1522 3952 adventum
1564 3898 1799 3961 illorum,

230 3991 503 4048 quatenus
541 3984 610 4038 ad
633 3993 819 4053 partes
838 3987 960 4043 illas
986 3988 1223 4043 transire
1256 4003 1558 4056 possemus.
1605 3987 1800 4043 Verum

230 4084 355 4122 cum
376 4069 496 4138 jam
770 4073 1004 4126 termino
1032 4074 1136 4129 hoc
1154 4075 1316 4129 nobis
1336 4076 1698 4140 nuntiaretur,
1718 4076 1804 4130 bis

232 4160 591 4228 temporibus,
615 4162 933 4239 pregmultis
956 4163 1125 4233 (quod
1152 4179 1252 4218 nos
1265 4163 1481 4233 quidem
1505 4166 1801 4233 credimus)

231 4244 655 4316 tliﬂieultatibus,
672 4250 929 4306 ducatum
957 4253 1116 4308 nobis
1134 4253 1349 4308 obviam
1381 4254 1517 4308 mitti
1548 4268 1655 4307 non
1675 4269 1801 4323 pos-

229 4353 311 4403 se,
353 4354 457 4394 nec
498 4340 727 4396 aliunde
756 4343 968 4411 copiam
1006 4343 1074 4398 ad
1107 4358 1204 4399 vos
1242 4341 1555 4400 transeundi
1587 4345 1785 4399 habere

231 4444 380 4495 ntus,
420 4445 530 4485 non
552 4447 717 4501 parva
738 4433 1122 4500 sollicitudine,
1152 4435 1282 4505 quid
1324 4435 1665 4505 potissimum
1706 4451 1804 4490 no-

1879 650 2276 714 miseraliilitcr,
2308 658 2493 718 utpote
2525 649 2883 703 discaleeatns
2935 658 2987 702 et
3008 648 3180 702 lancis
3204 648 3443 710 indutus,

1878 739 2195 807 persistens,
2247 754 2355 793 non
2397 738 2548 808 prius
2582 754 2706 793 cum
2749 740 2917 792 multo
2969 739 3091 791 ilcttt
3141 738 3447 807 apostolicos

1880 828 2244 883 miserationis
2284 830 2546 883 auxilium
2587 838 2641 883 et
2682 820 3105 884 consolationem
3159 829 3448 897 impluram

1878 919 2103 981 destitit,
2128 936 2292 989 quam
2314 934 2504 974 onmes
2533 920 2626 989 qui
2655 921 2725 974 ibi
2748 920 2989 983 aderant,
3017 930 3069 972 et
3097 920 3160 973 ad
3186 936 3322 988 quos
3352 934 3448 971 ru»

1882 1023 2002 1061 mor
2028 1008 2113 1061 illc
2140 1009 2402 1077 pervenit,
2426 1010 2496 1063 ad
2521 1017 2721 1063 tantam
2756 1009 3006 1078 pietatem
3029 1019 3081 1062 et
3114 1009 3445 1077 t-tnnpassin--

1883 1100 1967 1152 nis
1994 1099 2419 1153 miscricordiam
2444 1099 2631 1161 movit,
2670 1108 2746 1162 ttt,
2775 1114 2872 1167 pro
2892 1115 2957 1153 eo
2982 1098 3164 1151 multis
3203 1098 3451 1166 pret-ilus

1883 1197 1936 1240 et
1975 1186 2226 1257 Iacrymis
2264 1187 2676 1248 interecdcntcs,
2706 1196 2894 1240 onmes
2923 1186 3139 1256 quidem
3178 1186 3448 1237 insolitam

1886 1289 2082 1334 nostra:
2117 1279 2312 1333 mentis
2357 1278 2612 1332 duritiam
2649 1277 2997 1341 mirarentur,
3032 1272 3275 1331 nonnulli
3324 1292 3450 1328 \‘t‘t‘n

1885 1372 1941 1425 in
1971 1370 2128 1425 nobis
2163 1386 2269 1423 non
2312 1368 2622 1437 apostolica:
2648 1368 2949 1423 severitatis
2982 1366 3318 1437 gravitatem,
3350 1368 3447 1417 sed

1884 1462 2043 1531 quasi
2086 1461 2381 1532 tyrannicae
2413 1458 2639 1513 feritatis
2679 1459 3048 1513 crudelitatem
3088 1473 3209 1511 esse
3248 1456 3445 1509 clama-

1886 1561 2025 1606 rent.
2075 1551 2317 1621 Denique
2340 1551 2594 1607 instantia
2616 1549 3047 1619 compnnetionis
3068 1548 3205 1617 ejus,
3235 1556 3285 1601 et
3306 1557 3451 1600 tanta

1885 1643 2131 1699 omnium
2164 1644 2255 1713 qui
2287 1644 2363 1697 ibi
2401 1643 2627 1697 aderant
2658 1642 3047 1712 supplicatione
3085 1638 3303 1701 devicti,
3344 1648 3451 1691 tan-

1887 1735 2008 1791 dem
2040 1751 2165 1790 eum
2208 1737 2446 1791 relaxato
2475 1735 2833 1789 anatltcmatis
2880 1732 3095 1786 vinculo
3126 1732 3178 1785 in
3207 1747 3451 1784 commn-

1890 1828 2068 1883 nionis
2114 1828 2338 1898 gratiam
2389 1836 2443 1881 et
2490 1826 2670 1880 sinum
2723 1835 2921 1879 sanctae
2972 1825 3162 1879 matris
3208 1823 3457 1877 Ecclesim

1889 1919 2212 1989 recepimus,
2243 1918 2483 1993 acceptis
2501 1912 2570 1972 ab
2590 1933 2653 1972 eo
2680 1917 3060 1972 securitatibus
3090 1932 3211 1984 qua:
3234 1913 3457 1967 lllfCl‘ilh

1888 2010 2102 2079 scriptae
2146 2018 2292 2074 sunt,
2346 2024 2577 2078 quarum
2627 2010 2790 2062 etiam
2846 2007 3308 2061 conlitmationcm
3365 2019 3459 2072 per

1887 2115 2084 2155 manus
2110 2100 2322 2155 abbatis
2359 2099 2753 2161 Cluniaeensis,
2793 2107 2847 2152 et
2883 2098 3112 2152 ﬁliarum
3148 2102 3455 2150 nostrarum

1890 2188 2161 2245 Mathiltlis
2186 2198 2241 2245 et
2272 2190 2563 2247 comitissa:
2590 2189 2875 2251 Adelaidae,
2901 2197 2955 2243 et
2994 2188 3224 2241 aliorum
3255 2185 3455 2254 princic

1890 2299 2040 2353 pum,
2070 2283 2469 2353 episcoporum,
2504 2292 2557 2337 et
2580 2282 2862 2348 laicorttm,
2908 2280 3003 2352 qui
3043 2276 3198 2335 nobis
3240 2276 3306 2333 ad
3358 2276 3462 2331 hoc

1890 2373 2050 2429 utiles
2075 2373 2176 2427 visi
2202 2382 2348 2439 sunt,
2378 2374 2700 2443 recepimus.
2740 2371 2836 2427 llis
2880 2372 3061 2441 itaque
3100 2372 3179 2425 sic
3207 2368 3457 2438 peractis.

1891 2472 1953 2519 ut
1983 2464 2051 2518 ad
2075 2479 2261 2533 pacem
2285 2462 2538 2518 Ecclesia:
2561 2471 2616 2517 et
2643 2461 2987 2517 concordiam
3009 2461 3159 2530 regni
3185 2459 3345 2528 (sicut
3366 2459 3459 2512 ditt

1890 2553 2338 2623 desiticravimus)
2367 2553 2549 2607 omnia
2590 2554 2820 2623 plenius,
2851 2552 2962 2607 Deo
3006 2552 3318 2621 adiuvante,
3363 2564 3456 2601 co-

1893 2654 2075 2715 aptare
2114 2646 2407 2715 possimus,
2459 2644 2527 2698 ad
2574 2652 2756 2713 partes
2800 2653 3008 2698 vestras
3057 2640 3179 2696 data
3224 2641 3458 2710 primum

1895 2736 2296 2805 opportunitate
2324 2736 2555 2790 transire
2577 2735 2847 2805 cupimus.
2891 2733 3002 2787 Iloe
3037 2734 3178 2786 enim
3215 2732 3461 2785 dilectioo

1895 2839 2017 2878 nem
2043 2832 2279 2879 vestram
2309 2822 2674 2877 indubitanter
2699 2822 2838 2878 scire
2877 2821 3153 2884 volumus,
3178 2820 3459 2890 quoniam,

1815 2909 1826 2919 ”
1894 2913 2035 2967 sicut
2062 2914 2117 2967 in
2145 2912 2433 2981 descriptis
2464 2910 2845 2967 securitatibus
2864 2923 3191 2978 cognoscere
3217 2907 3461 2977 potestis.

1895 3001 1966 3054 ita
1996 3001 2173 3055 adhuc
2201 3000 2366 3053 totius
2388 2999 2583 3069 negotii
2604 3014 2769 3054 causa
2794 3013 3054 3068 suspensa
3080 3006 3182 3063 est,
3211 3006 3269 3050 ut
3292 3004 3344 3050 ct
3366 2997 3461 3048 ad-

1894 3098 2086 3144 ventus
2119 3098 2303 3143 noster
2330 3095 2383 3142 et
2408 3087 2757 3142 consiliorum
2791 3095 3094 3141 vestrorum
3136 3086 3464 3139 unanimitas

1819 3199 1863 3255 ο
1896 3178 2227 3247 permaxime
2268 3176 2574 3231 necessaria
2615 3190 2735 3230 esse
2773 3175 3075 3228 videantur.
3129 3173 3465 3242 Quapropter

1897 3269 1949 3321 in
1973 3283 2034 3321 ea
2062 3267 2165 3321 ﬁde
2190 3282 2356 3337 quam
2397 3266 2659 3333 cmpistis,
2686 3275 2739 3319 et
2764 3278 2951 3319 amore
2985 3263 3228 3333 justiti-.e,
3277 3277 3466 3314 omnes

1897 3374 2213 3427 permanere
2275 3358 2506 3421 studcte,
2555 3358 2787 3411 scientes
2836 3359 2936 3410 nos
2994 3370 3101 3407 non
3150 3354 3303 3406 aliter
3353 3355 3467 3420 regi

1896 3449 2103 3503 oblatos
2149 3462 2290 3510 esse,
2334 3446 2440 3500 nisi
2482 3446 2625 3515 quod
2668 3460 2806 3514 puro
2839 3460 3087 3499 sermone
3129 3444 3290 3509 (sicut
3333 3442 3468 3496 mihi

1898 3550 2016 3589 mos
2038 3534 2141 3603 est)
2170 3536 2223 3589 in
2254 3534 2341 3588 his
2369 3549 2493 3588 eum
2524 3533 2591 3587 de
2614 3533 2768 3587 nobis
2794 3530 3013 3603 sperare
3053 3532 3369 3594 dixerimus,
3413 3532 3466 3583 in

1897 3628 2095 3697 quibus
2117 3643 2241 3681 cum
2269 3628 2338 3681 ad
2381 3627 2610 3681 salutem
2640 3635 2694 3680 et
2718 3626 2977 3680 honorem
3007 3639 3189 3689 suum,
3224 3633 3316 3677 aut
3343 3622 3466 3680 cum

1895 3720 2125 3790 justltia,
2154 3728 2247 3773 aut
2272 3735 2393 3773 cum
2424 3718 2815 3781 misericordia,
2842 3716 2959 3771 sine
2994 3726 3193 3770 nostra:
3235 3725 3288 3769 et
3324 3714 3470 3767 illius

1900 3811 2095 3865 animae
2119 3810 2360 3880 periculo
2380 3802 2639 3877 adjuvare
2667 3808 2958 3877 possimus.

1952 3892 1957 3897 ’
2041 3898 2427 3968 Jusjurandum
2469 3897 2685 3951 "sariri
2729 3898 2860 3967 regis
2911 3895 3324 3950 Tentonicorum.

1968 3988 2079 4059 Ego
2099 3987 2363 4042 Henricus
2390 4004 2483 4042 rex
2505 3988 2573 4042 de
2595 3985 3020 4040 murmuratione
3046 3994 3104 4039 et
3134 3982 3469 4037 dissensione.

1901 4093 2065 4147 quam
2094 4092 2241 4132 nunc
2280 4077 2480 4132 habent
2516 4085 2700 4131 contra
2729 4090 2815 4128 me
2841 4071 3229 4141 archiepiscopi
3264 4078 3319 4124 et
3352 4071 3469 4138 cpi-

1902 4167 2069 4235 scopi,
2091 4167 2279 4231 duces,
2300 4167 2546 4229 comites,
2568 4164 2855 4233 exterique
2876 4162 3145 4233 principes
3161 4160 3309 4232 regni
3326 4158 3470 4214 Tett-

1899 4258 2227 4321 tonicorum,
2268 4265 2323 4309 et
2380 4255 2470 4308 alii
2513 4255 2606 4323 qui
2654 4270 2746 4309 eos
2798 4255 2849 4307 in
2894 4254 3080 4308 eadem
3118 4252 3473 4308 dissensionis

1900 4362 2065 4402 causa
2118 4352 2439 4413 sequuntur,
2494 4342 2631 4397 infra
2686 4344 2977 4398 temtinum
3022 4358 3183 4413 quem
3222 4341 3398 4396 domin
3429 4359 3477 4395 In

1901 4452 2038 4507 papa
2071 4435 2363 4507 Gregorius
2389 4434 2743 4499 constituerit,
2773 4443 2865 4487 aut
2889 4433 3153 4502 justitiam
3176 4432 3473 4486 secundum

229 4516 315 4573 bis
335 4520 607 4589 agendum
630 4520 787 4590 foret,
810 4525 1164 4581 circumventi
1184 4542 1393 4583 sumus.
1431 4526 1649 4583 Interim
1674 4543 1803 4583 vero
1834 4513 1878 4569 Ῑ)
1900 4529 2163 4600 judicium
2196 4526 2337 4597 ejus,
2365 4535 2457 4579 aut
2481 4524 2823 4580 concordiam
2853 4516 3148 4598 secundum
3186 4520 3472 4574 consilfum

229 4622 416 4677 regem
436 4610 728 4667 adventare
751 4622 897 4687 certe
917 4618 1302 4686 cognovimus;
1330 4618 1422 4687 qui
1443 4619 1604 4673 etiam
1628 4620 1829 4689 prius-'

228 4713 405 4766 quam
424 4699 682 4757 intrasset
696 4700 926 4772 Italiam,
948 4708 1219 4777 supplices
1239 4709 1307 4765 ad
1327 4725 1426 4765 nos
1452 4711 1655 4782 legatos
1674 4724 1805 4781 prae

206 4790 479 4855 mittens,
502 4805 598 4859 per
620 4793 805 4848 omnia
832 4796 1329 4873 se'satisl'acturum
1369 4800 1481 4858 Deo
1519 4812 1574 4858 et
1618 4812 1807 4859 saneto

230 4880 396 4938 Petro
419 4899 486 4939 ac
512 4883 667 4940 nobis
688 4884 901 4951 obtulit,
924 4896 979 4942 et
1003 4888 1071 4943 ad
1091 4891 1521 4947 emendationem
1544 4896 1667 4950 vita:
1694 4910 1809 4951 suae

230 4988 457 5028 omnem
481 4989 539 5029 se
560 4985 899 5033 servaturum
922 4979 1283 5034 obedientiam
1308 4984 1633 5051 repromisit,
1657 4987 1806 5041 dum—

232 5064 400 5119 modo
434 5065 585 5142 apud
619 5082 721 5123 nos
762 5068 1119 5125 absolutionis
1148 5078 1204 5124 et
1241 5073 1549 5139 apostolicae
1588 5075 1808 5130 benedi-

230 5152 438 5208 ctionis
462 5153 697 5233 gratiam
712 5157 999 5228 impetrare
1028 5166 1355 5226 mereretur;
1384 5162 1527 5229 quod
1556 5177 1679 5216 cum
1709 5165 1799 5218 diu

233 5239 427 5293 multis
465 5243 955 5302 consultationibus
991 5247 1297 5309 diilerentes
1338 5248 1534 5302 acriter
1569 5264 1693 5303 eum
1736 5251 1803 5303 de

234 5330 353 5395 suis
382 5333 703 5421 cumsibus
724 5352 821 5406 per
843 5354 1033 5395 omnes
1064 5338 1158 5411 qui
1188 5339 1618 5395 intercurrebant
1664 5356 1805 5394 nuu-

236 5420 344 5475 tios
375 5422 849 5495 redargueremus,
886 5432 1100 5488 tandem
1145 5433 1492 5503 semetipsum
1532 5433 1667 5486 nihil
1702 5434 1804 5488 ho-

235 5509 361 5563 stile
386 5518 483 5564 aut
510 5512 858 5569 temerarium
878 5528 1177 5585 ostentans,
1200 5522 1267 5576 ad
1288 5521 1540 5590 oppidum
1561 5520 1806 5584 Canusii,

238 5600 294 5653 in
323 5616 442 5671 quo
469 5602 669 5655 morati
698 5601 917 5670 simius;
950 5610 1074 5664 cum
1120 5611 1308 5681 paucis
1352 5612 1584 5677 advenit,
1620 5611 1809 5667 ‘ibiuuc

1907 4620 2047 4691 ejus,
2095 4617 2312 4681 faciam,
2345 4616 2450 4671 nisi
2481 4624 2687 4671 cerwm
2729 4612 3169 4683 impedimentum
3214 4608 3345 4664 mihi
3390 4609 3485 4658 ιρι»

1906 4710 2010 4765 sibi
2037 4708 2323 4771 obstiterit,
2354 4721 2463 4776 quo
2487 4711 2777 4767 transacto,
2818 4703 2884 4757 ad
2927 4700 3284 4772 peragendum
3329 4695 3469 4748 idem

1903 4808 2126 4870 paratus
2159 4814 2272 4853 ero.
2324 4796 2453 4851 Item
2478 4795 2526 4850 'si
2557 4792 2697 4848 idem
2724 4792 2976 4846 dominus
3013 4801 3147 4855 papa
3181 4785 3475 4854 Gregorius

1904 4891 2045 4944 ultra
2066 4888 2293 4952 Montes,
2320 4903 2413 4943 seu
2434 4886 2500 4940 ad
2526 4884 2658 4939 alias
2684 4889 2862 4950 partes
2890 4886 3150 4930 terrarum
3180 4874 3257 4929 ire
3285 4875 3471 4929 voluc—

1903 4979 1995 5044 rit,
2023 4992 2249 5034 securus
2276 4977 2379 5030 erit
2404 4991 2470 5029 ex
2504 4972 2607 5026 mel
2634 4976 2803 5039 parte,
2846 4976 2900 5021 et
2936 4982 3122 5021 eorum
3165 4983 3302 5037 quos
3344 4982 3474 5021 cm-

1905 5067 2168 5136 striugere
2204 5074 2410 5134 potero,
2442 5060 2509 5114 ab
2538 5058 2686 5114 omni
2724 5058 2943 5112 laesione
2970 5057 3091 5111 vitae
3116 5066 3169 5111 et
3198 5057 3471 5111 membro-

1908 5171 2029 5209 rum
2056 5140 2195 5222 ejus,
2215 5168 2311 5208 seu
2337 5150 2603 5221 captione,
2652 5158 2759 5205 tam
2802 5148 2915 5219 ipse
2956 5164 3117 5219 quam
3142 5148 3235 5218 qui
3277 5147 3329 5201 in
3355 5147 3474 5216 ejus

1909 5245 2174 5299 conductu
2198 5252 2253 5298 et
2272 5244 2528 5297 comitatu
2554 5242 2774 5307 fuerint,
2796 5257 2891 5296 seu
2920 5240 3011 5312 qui
3038 5240 3218 5294 abillo
3244 5238 3468 5291 mittun-

1908 5343 2015 5399 tur,
2040 5335 2121 5388 vel
2145 5335 2211 5388 ad
2236 5335 2487 5389 eumdem
2510 5333 2927 5404 quibuscunque
2945 5323 3473 5394 terrarum’pa’rtibus

1914 5428 2156 5481 venerint
2202 5429 2256 5481 in
2304 5429 2501 5492 eundo,
2544 5435 2603 5483 et
2637 5424 3024 5484 ibimorande,
3071 5435 3163 5473 seu
3214 5415 3337 5469 inde
3386 5431 3471 5467 rc-

1914 5517 2147 5581 deundo,
2175 5532 2349 5586 neque
2368 5518 2513 5573 aliud
2546 5517 2762 5586 aliquod
2789 5508 3228 5583 impedimentum
3256 5504 3445 5557 habcbi

1902 5623 1975 5661 ιτ
2018 5623 2139 5662 meo
2162 5622 2451 5669 consensu,
2489 5594 2846 5675 quod-contra
2870 5603 3131 5655 honorem
3160 5609 3317 5652 suum
3362 5596 3467 5659 sit;

311 5803 469 5878 (ζεῦ)
504 5800 639 5859 Vide
676 5781 1042 5873 l..antbertutn;
1072 5792 1418 5865 BerthOIdum
1454 5808 1596 5866 anno
1627 5789 1797 5881 ιονιξ

1824 5791 2082 5883 Leonem
2112 5808 2413 5865 Ostiensem
2443 5807 2533 5861 lib.
2558 5806 2613 5869 5,
2640 5822 2689 5859 ς.
2718 5802 2804 5859 ιε,

488 5896 546 5931 SC
