4218 6424
727 444 818 497 ιῖι
1352 441 1408 497 S.
1447 440 1772 498 GllEGORIl
1812 440 1899 493 ΥΠ
1933 439 2133 496 ΡΑΡιΕ
2171 439 2286 495 ON

2388 437 2453 493 :n
2489 436 2668 493 rans
2703 435 2743 491 ι.
2785 468 2854 477 -
2886 418 3311 493 ’περιετιιωι

3867 425 3991 491 ΓΒ

728 570 751 611 2
772 554 1098 625 irrigendum
1124 556 1305 611 minus
1332 555 1549 610 solliciti
1580 556 1942 619 inveniamur,
1968 555 2173 626 legatos
2198 568 2289 608 no-
2318 555 2362 610 Α
2389 552 2668 606 beratioue
2693 550 2935 627 ejusdem
2958 550 3203 605 ecclesia:
3230 548 3449 613 fecerat,
3478 563 3595 604 eam
3620 564 3893 618 occupare
3920 560 3988 606 et

724 651 886 706 atros.
914 644 1161 697 videlicet
1190 641 1516 697 confratrem
1549 654 1796 697 nostrum
1828 640 2107 712 llugonem
2130 658 2291 697 vene-

726 730 952 784 rabilem
986 730 1235 785 Dieusem
1262 730 1596 801 episcopum,
1619 740 1673 784 et
1717 730 1972 785 dilectum
2000 727 2167 784 ﬁlium
2197 746 2294 785 no-

720 830 895 876 strum
929 820 1227 877 lluhcrtum
1259 830 1460 877 sancta:
1490 820 1747 876 Romana:
1779 819 2034 875 Ecclesia:
2068 820 2291 877 subdia-

721 930 942 980 conum,
970 925 1023 969 ct
1070 917 1248 985 ipsum
1287 915 1448 968 etiam
1486 914 1793 969 Lcuzoncm
1847 914 2198 979 monachum,
2247 915 2292 968 si

720 1015 963 1075 ereptum
992 1006 1061 1059 ab
1086 1006 1397 1059 inlirmitate
1422 1005 1723 1075 poterimus
1750 1004 1877 1060 illuc
1918 1005 2153 1071 mittere,
2200 1003 2292 1058 de-

719 1096 1011 1160 crevimus,
1044 1095 1138 1165 qui
1166 1110 1385 1149 causam
1417 1094 1660 1165 diligenti
1708 1093 2061 1163 inquisitione
2103 1093 2290 1148 discu-

723 1186 879 1248 tiant,
911 1195 985 1249 et,
1016 1186 1061 1241 si
1087 1186 1218 1255 quid
1248 1186 1302 1239 in
1349 1200 1411 1240 ea
1459 1186 1697 1240 dictante
1728 1184 1940 1265 justitia
1971 1185 2290 1239 mutandum

721 1276 801 1328 vel
830 1276 1225 1331 emendandum
1255 1276 1438 1340 fuerit,
1465 1275 1821 1345 consequenti
1847 1275 2057 1329 ratione
2096 1283 2149 1328 et
2190 1291 2290 1327 an-

717 1370 967 1422 rtoritate
994 1370 1216 1439 exsequi
1259 1369 1528 1423 studeant.
1572 1364 1850 1437 Nusquam
1876 1368 2021 1421 enim
2068 1368 2168 1422 hoc
2194 1382 2289 1420 ue-

718 1458 921 1523 gotium
950 1458 1150 1512 rectius
1176 1468 1269 1512 aut
1297 1456 1607 1526 diligentius
1636 1471 1799 1527 quam
1832 1457 1884 1511 in
1912 1456 2097 1510 eadem
2119 1457 2291 1510 eccle-

717 1548 796 1598 sia
826 1548 1138 1615 pertractari
1171 1562 1330 1617 posse
1358 1547 1591 1611 videtur,
1628 1546 1717 1599 ubi
1757 1555 1814 1600 et
1846 1546 1933 1600 hic
1954 1554 2008 1600 et
2042 1544 2117 1599 illi
2149 1560 2288 1614 prm-

716 1647 895 1691 sentes
922 1652 1042 1692 esse
1065 1638 1301 1699 valeant,
1330 1645 1384 1691 et
1408 1636 1570 1691 vestri
1598 1636 1759 1689 etiam
1786 1636 2047 1690 interesse
2073 1634 2286 1689 ﬁdeles.

714 1728 807 1794 qui
837 1728 1098 1781 rationem
1138 1735 1191 1780 et
1233 1724 1498 1793 justitiam
1540 1726 1695 1795 plene
1736 1725 2102 1795 percognitam
2126 1723 2290 1778 certis

714 1816 1104 1871 assertionibus
1134 1816 1284 1871 vobis
1311 1816 1550 1870 indit-are
1583 1824 1804 1884 queant.
1837 1812 1948 1867 Nec
1973 1813 2289 1867 dubitamus

658 1948 665 1955 .
713 1906 962 1975 equidem
1017 1908 1149 1975 quin
1202 1916 1380 1959 vestra
1433 1904 1696 1959 celsitudo
1732 1894 2289 1973 diﬁlnitioniljustitite

712 1997 1051 2051 concorditer
1087 1997 1424 2065 acquiescat,
1456 1996 1713 2065 quoniam
1740 1995 1865 2049 licet
1904 1995 1957 2048 in
1996 1995 2149 2050 vobis
2194 2010 2289 2063 per

711 2087 1143 2140 misericordiam
1182 2086 1271 2139 Dei
1313 2087 1495 2141 multa:
1526 2095 1578 2141 et
1606 2087 1836 2156 egregire
1880 2095 2009 2141 sunt
2036 2086 2286 2150 virtutes,

712 2177 829 2231 haec
873 2188 1053 2231 tamen
1100 2189 1181 2231 est
1230 2179 1485 2247 praeclara
1540 2188 1593 2233 et
1641 2176 2031 2242 famosissima,
2069 2188 2123 2232 et
2168 2191 2289 2247 qua:

712 2270 936 2339 gloriam
964 2282 1197 2324 vestram
1229 2269 1336 2324 Deo
1366 2271 1636 2339 przecipuc
1663 2268 2009 2324 commendat
2034 2280 2089 2324 et
2114 2269 2289 2323 homi-

712 2362 893 2427 nibus,
943 2364 1086 2431 quod
1126 2361 1414 2431 justitiam,
1470 2375 1631 2430 quam
1684 2375 1778 2414 vos
1830 2358 2010 2414 facere
2055 2357 2287 2428 prompti

709 2454 865 2518 estis,
895 2454 1017 2507 aliis
1044 2453 1205 2507 etiam
1236 2452 1561 2507 facientibus
1588 2452 1811 2523 diligitis
1836 2461 1999 2523 atque
2026 2451 2283 2522 probatis.

714 2542 788 2597 De
821 2554 1016 2599 caetero
1037 2543 1229 2598 scitote
1263 2544 1619 2597 eminentiam
1648 2550 1909 2606 vestram,
1935 2551 1989 2595 ct
2013 2556 2154 2610 stepe
2198 2558 2288 2597 co—

708 2636 914 2704 gnitam
964 2635 1305 2689 devotionem
1346 2632 1487 2701 ejus.
1526 2633 1685 2687 nobis
1729 2632 2099 2702 gratissimam
2150 2629 2284 2697 fore,

714 2727 891 2795 qui_et
920 2740 1015 2780 vos
1042 2726 1207 2794 ipsos,
1228 2731 1280 2777 et
1299 2723 1561 2793 quidquid
1591 2724 1658 2778 ad
1685 2724 1912 2795 gloriam
1938 2723 2287 2778 sublimitatis

709 2824 903 2869 vestrae
933 2815 1040 2871 Deo
1062 2825 1282 2871 auctore
1310 2814 1571 2886 prolicere
1590 2822 1786 2883 potest,
1815 2827 2028 2882 semper
2051 2813 2105 2867 in
2128 2813 2289 2867 corde

709 2916 763 2958 et
793 2907 1093 2961 visceribus
1119 2908 1320 2963 nostris
1348 2923 1471 2961 cum
1513 2922 1711 2976 magno
1731 2906 1999 2962 desiderio
2018 2917 2071 2961 et
2093 2906 2285 2963 aﬁ'eclu

714 2997 918 3050 iutimze
965 2998 1246 3053 charitatis‘
1291 2996 1692 3067 amplectimur,
1735 3006 1789 3051 ct
1838 2996 1905 3050 ad
1953 2995 2285 3050 voluntatem

714 3096 949 3139 vestram
979 3087 1033 3139 in
1067 3088 1323 3141 omnibus
1356 3102 1479 3155 qua:
1500 3086 1641 3155 apud
1669 3102 1770 3141 nos
1810 3086 2101 3155 impetrare
2139 3101 2287 3155 qua:—

2397 640 2679 711 tyranniea
2704 640 3054 708 oppressione
3077 638 3309 709 afﬂigere
3335 630 3442 691 non
3467 646 3661 691 cessat.
3690 634 3838 692 Unde
3861 638 3986 691 sci—

2396 746 2455 785 re
2482 746 2580 785 vos
2620 729 2874 785 volumus
2924 730 3052 799 quia
3100 729 3243 785 sicut
3285 727 3559 783 confratcr
3588 738 3771 782 noster
3813 726 3989 797 ilugo

2397 822 2609 878 Diensis
2644 822 2960 891 episc0pus,
2998 821 3087 875 cui
3121 821 3268 875 vices
3318 829 3532 875 nostras
3567 820 3621 873 in
3668 818 3983 874 Galliarum

2346 946 2349 949 -
2394 912 2640 983 partibus
2698 912 2931 982 agendas
2976 911 3388 978 commisimus,
3441 912 3590 965 illum
3650 926 3984 965 excommu—

2397 1001 2615 1065 nicavit,
2653 1000 2731 1054 sic
2757 1008 2811 1053 et
2839 1016 2939 1055 nos
2967 1000 3582 1065 excommunicavimus,
3608 1008 3661 1054 et
3689 1016 3719 1053 a
3746 999 3986 1077 gremio

2350 1118 2351 1121 η
2394 1102 2595 1148 sanctte
2637 1082 2893 1147 Ecclesiae
2936 1092 3327 1161 separavimus.
3373 1089 3713 1161 Quapropter
3751 1099 3986 1161 aposto-

2394 1184 2496 1239 lica
2523 1182 2845 1237 auctoritate
2894 1176 3241 1252 pimeipimus
3284 1182 3439 1237 vobis
3486 1190 3568 1245 ut,
3602 1180 3736 1236 colla
3784 1189 3982 1236 vestra

2392 1274 2459 1328 de
2507 1272 2609 1328 sub
2644 1273 2777 1343 jugo
2826 1272 2945 1342 ejus
2998 1272 3451 1338 escutientes,ne
3500 1271 3597 1338 illi,
3633 1260 3982 1326 adhaéreutes

2393 1363 2626 1427 diabolo,
2658 1364 2817 1433 cujus
2847 1342 2960 1433 ipse
2987 1364 3290 1418 membrum
3330 1363 3505 1419 factus
3548 1372 3651 1430 est,
3695 1364 3980 1428 serviatis,

2394 1454 2485 1507 sed
2514 1454 2582 1507 ab
2606 1454 2698 1507 illo
2728 1454 2869 1508 sicut
2891 1453 2958 1508 ab
2983 1455 3457 1509 excommunicato
3478 1464 3691 1525 oportet
3710 1455 3979 1519 caveatis,

2390 1556 2443 1601 et
2484 1548 2549 1602 de
2595 1546 3173 1614 exconununicatione,
3204 1562 3367 1617 quam
3412 1546 3739 1613 incurristis,
3782 1562 4017 1609 coram,

2392 1638 2646 1708 praedicto
2688 1637 2871 1693 Diensi
2902 1638 3157 1707 episcopo
3185 1636 3605 1703 satisfacientes,
3640 1638 3808 1707 ipsius
3831 1653 3984 1692 conv

2392 1729 2515 1784 silio
2552 1738 2820 1799 pastorem
2867 1727 3021 1781 vobis
3053 1727 3355 1801 secundum
3406 1726 3700 1783 Dommum
3730 1728 3985 1797 eligatis.

2391 1814 2547 1883 Quod
2590 1816 2634 1870 si
2686 1814 2945 1879 feceritis,
2978 1814 3046 1869 ab
3080 1814 3229 1869 omni
3274 1824 3616 1869 sacramento
3664 1826 3718 1870 et
3757 1816 3989 1885 obliga-

2392 1907 2536 1959 tione
2564 1920 2729 1974 quam
2758 1903 2982 1975 prtefato
3018 1903 3331 1960 Simoniaco
3356 1913 3544 1959 contra
3568 1904 3855 1960 Dominum
3894 1904 3989 1957 fc-

2392 1995 2543 2049 cistis
2576 2011 2638 2049 cx
2668 2004 2818 2065 parte
2850 1995 3023 2049 sancti
3050 1993 3194 2048 Petri
3224 2010 3319 2047 vos
3349 1993 3703 2049 absolvimus.
3753 1982 3990 2046 Sivem

2391 2085 2556 2139 etiam
2606 2099 2751 2139 nunc
2800 2094 3001 2137 nostrce
3047 2084 3273 2139 salutari
3328 2082 3566 2152 jussioni
3620 2080 3990 2137 recalcitrarc

2391 2174 2870 2245 praesumpseritis,
2908 2173 3027 2244 pari
3056 2189 3152 2228 vos
3185 2174 3531 2227 anathemate
3579 2172 3987 2227 condcnmatos

2391 2265 2599 2319 sciatis.
3870 2250 3887 2259 ’

2461 2353 2592 2408 Data
2624 2352 2899 2408 Bibianclli
2932 2352 3279 2425 [Biblianelli,
3312 2360 3361 2406 et
3384 2353 3463 2405 sic
3495 2348 3720 2422 semper]
3754 2349 3988 2403 decimo

2393 2441 2659 2497 Kalendas
2678 2441 2899 2510 Aprilis,
2929 2442 3225 2496 indictione
3247 2442 3457 2496 decima
3483 2441 3691 2512 quinta.
3797 2432 3803 2437 ’

2920 2560 3260 2616 EPISTOLA
3295 2561 3435 2616 XIX.

2818 2649 2882 2687 Αι)
2912 2648 3215 2687 ολιιιηωι
3246 2646 3542 2686 ενιεωιιοε.

2980 2724 3159 2796 (Anno
3195 2723 3377 2794 ωτι.)

2391 2812 2682 2880 Confirmat
2704 2813 3017 2866 sententiam
3041 2814 3096 2865 in
3110 2812 3440 2881 Anicieusent
3457 2806 3751 2881 episcopum
3775 2811 3980 2874 (araret.

2462 2893 2516 2934 ut
2567 2883 2619 2934 in
2666 2883 2927 2951 superiori
2966 2881 3210 2950 epistola.
3250 2880 3684 2934 Excommuuicat
3713 2891 3981 2949 pmteraa

2461 2967 2638 3005 omnes
2668 2950 2758 3021 qui
2791 2951 3070 3005 consilium
3095 2952 3143 3004 ei
3172 2950 3411 3021 dederint
3432 2959 3515 3021 _ut
3556 2952 3609 3002 in
3652 2968 3748 3003 sua
3780 2951 3981 3003 haresi

2457 3019 2780 3090 permaneat.
2822 3022 3068 3075 Prohibet
3108 3037 3327 3092 quoque,
3355 3019 3644 3092 oblationes
3679 3022 3733 3072 in
3781 3022 3980 3073 eadem

2457 3092 2678 3145 ecclesia
2703 3092 2841 3160 ﬁeri,
2864 3092 3099 3161 quandiu
3120 3090 3190 3143 ab
3213 3107 3271 3143 eo
3294 3090 3610 3154 detineatur.
3770 3090 3771 3097 “

712 3175 969 3237 siveritis,
997 3174 1174 3245 quoad
1199 3190 1513 3244 possumus,
1544 3184 1599 3229 et
1637 3174 1934 3229 secundum
1978 3175 2285 3245 beneplaci-
2315 3202 2357 3257 ρ
2463 3177 2772 3235 Caesonius
2799 3179 3107 3251 episcopus,
3139 3174 3331 3235 Servus
3369 3194 3652 3234 servorum
3689 3176 3805 3243 Dei,
3838 3177 3977 3231 uni-

712 3275 826 3317 tqu
860 3264 973 3330 Dei,
1004 3281 1103 3320 nos
1140 3265 1339 3320 audere
1369 3266 1768 3335 cognoscimus,
1796 3266 1935 3320 flecti
1965 3276 2019 3319 et
2048 3281 2287 3321 aunuere

712 3356 885 3423 parati
924 3367 1138 3409 sumus.
1174 3354 1313 3421 Quia
1354 3371 1483 3409 vero
1510 3355 1791 3424 praefatum
1843 3356 2011 3409 ﬁlium
2040 3366 2286 3432 nostrum

717 3445 1018 3501 "ubertum
1070 3446 1137 3501 ad
1193 3462 1291 3502 vos
1354 3462 1530 3517 usque
1586 3447 1819 3516 dirigere
1870 3446 2284 3511 destinavimus,

711 3534 869 3603 plura
905 3534 1058 3589 vobis
1110 3536 1350 3590 scribere
1409 3550 1519 3589 non
1568 3535 1935 3590 necessarium
1987 3536 2284 3603 duximus;

711 3625 993 3694 quoniam,
1030 3625 1082 3678 in
1104 3625 1359 3678 omnibus
1388 3640 1511 3694 qum
1536 3640 1601 3678 ex
1626 3635 1810 3679 nostra
1832 3636 1985 3695 parte
2010 3627 2165 3681 vobis
2198 3642 2286 3680 re-

711 3714 837 3780 fert,
870 3716 1046 3785 ipsum
1068 3716 1225 3785 quasi
1250 3716 1613 3770 certissimam
1640 3716 1925 3785 epistolam
1962 3725 2205 3772 nostram
2234 3727 2288 3773 et

714 3806 883 3860 verba
917 3816 1101 3861 nostra
1139 3806 1367 3859 ﬁdeliter
1389 3806 1756 3860 continentem
1784 3804 1905 3862 fore
1934 3822 2036 3862 nec
2057 3822 2156 3862 nos
2181 3807 2285 3863 du-

713 3896 970 3962 bitamus,
1000 3911 1099 3950 nec
1138 3905 1373 3950 vestram
1418 3898 1791 3951 exceilentiam
1838 3898 2091 3963 dubitare
2129 3898 2286 3952 volu-

714 4004 855 4043 mus.
894 3988 1036 4043 Deus
1066 3998 1244 4042 autem
1274 3988 1617 4057 omnipotens
1644 3988 1853 4043 meritis
1867 3998 1920 4042 et
1947 3988 2288 4043 intercessio-

715 4083 874 4135 nibus
918 4082 1282 4150 apastolorum
1308 4072 1469 4135 Petri'
1492 4089 1547 4134 et
1575 4078 1750 4145 Pauli,
1792 4088 1846 4133 ct
1876 4080 2121 4134 omnium
2154 4096 2283 4135 san-

713 4184 923 4226 ctorum
979 4186 1225 4241 suorum,
1265 4170 1360 4223 tibi
1413 4179 1468 4223 et
1518 4170 1879 4223 serenissima:
1928 4172 2128 4240 reginae
2170 4170 2286 4225 Ma.

633 4302 641 4309 .
714 4263 867 4315 thildi
896 4262 1049 4316 uxori
1073 4271 1199 4324 tuae,
1236 4269 1289 4314 et
1324 4259 1647 4314 clarissimis
1671 4258 1795 4313 liliis
1817 4260 2017 4313 vestris
2039 4260 2283 4313 onmium

714 4363 1067 4422 peccatorum
1086 4360 1393 4405 vestrorum
1422 4350 1812 4419 indulgentiam
1826 4358 1883 4406 et
1905 4351 2285 4407 remissionem

712 4455 767 4498 et
794 4444 1191 4498 absolutionem
1214 4441 1450 4505 tribuat;
1482 4448 1536 4493 et
1563 4453 1687 4493 cum
1715 4454 1815 4494 vos
1838 4441 1905 4495 de
1933 4442 2097 4495 rebus
2120 4458 2283 4499 mun-

2388 3270 2562 3325 versis
2589 3268 2891 3325 Galliarum
2911 3269 3207 3340 episcopis,
3228 3277 3284 3323 et
3310 3267 3521 3322 cunctis
3540 3267 3826 3321 ordinibus
3861 3267 3980 3321 sub

2388 3364 2469 3417 eis
2496 3364 2827 3432 constitutis,
2853 3365 3054 3435 quibus
3093 3379 3191 3434 pro
3222 3364 3414 3419 merito
3440 3362 3683 3429 debetur,
3732 3361 3977 3417 salutem

2386 3464 2442 3509 et
2467 3456 2822 3524 apostolicam
2852 3455 3304 3510 benedictionem.

2392 3542 2397 3547 ’
2458 3546 2656 3601 Notum
2682 3562 2805 3601 esse
2838 3546 3089 3601 volumus
3131 3544 3383 3599 charitati
3422 3551 3614 3599 vestra:
3649 3544 3795 3613 quod
3834 3542 3975 3598 Ste-

2388 3637 2625 3705 phanus,
2660 3635 2969 3691 Anicieusis
2995 3635 3239 3709 ecclesiae
3274 3634 3495 3690 invasor
3516 3643 3571 3688 et
3595 3632 3974 3697 Simoniacus,

2383 3724 2588 3793 juravit
2636 3725 2791 3780 nobis
2825 3739 2991 3794 super
3022 3740 3222 3793 corpus
3244 3724 3387 3778 beati
3421 3722 3567 3778 Petri
3594 3732 3654 3777 ut
3677 3723 3972 3778 ecclesiam

2389 3815 2563 3885 ipsam
2576 3815 2903 3888 dimitteret,
2930 3822 2987 3868 et
3030 3822 3304 3883 pastorem
3332 3813 3386 3866 in
3416 3828 3481 3868 ea
3516 3813 3816 3867 secundum
3858 3811 3974 3865 Do-

2388 3904 2597 3957 minum
2620 3905 2818 3975 eligere
2850 3914 3013 3975 atque
3045 3904 3376 3959 constituere
3410 3918 3506 3973 per
3545 3903 3705 3958 ﬁdem
3734 3901 3972 3971 adjuva-

2388 4002 2489 4059 ret,
2539 3994 2976 4066 quandocunque
3028 3995 3236 4066 legatus
3284 3994 3594 4064 apostolica:
3636 3991 3783 4046 sedis
3834 4006 3971 4045 cum

2389 4086 2585 4142 litteris
2609 4086 2818 4141 nostris
2853 4086 2906 4141 id
2931 4100 3059 4140 eum
3083 4084 3265 4139 facere
3288 4099 3383 4153 per
3406 4090 3809 4137 sacramentum
3844 4097 3971 4136 mo-

2389 4184 2560 4227 neret.
2602 4173 2794 4229 Postea
2830 4188 2961 4228 vero
2991 4173 3357 4229 commonitus
3389 4188 3420 4227 a
3462 4171 3738 4227 confratre
3775 4181 3971 4227 nostro

2388 4260 2612 4335 llugone
2654 4261 2841 4318 Diensi
2886 4263 3144 4334 episcopo
3190 4262 3356 4333 hujus
3403 4262 3706 4332 specialiter
3760 4262 3967 4332 negotii

2386 4353 2597 4409 litteras
2621 4370 2652 4408 a
2689 4353 2847 4408 nobis
2881 4354 3136 4419 habente,
3167 4353 3422 4422 quamvis
3443 4352 3616 4406 eidem
3671 4351 3819 4406 vices
3861 4367 3967 4406 no-

2387 4449 2530 4497 stras
2560 4443 2614 4495 in
2644 4440 2941 4495 Galliarum
2972 4440 3219 4511 partibus
3255 4441 3744 4506 commisissemus,
3772 4437 3963 4494 Eccle-

714 4534 870 4586 danis
898 4533 1061 4585 eximi
1085 4531 1329 4601 jusserit,
1374 4530 1441 4584 ad
1470 4538 1736 4585 aeternum
1778 4544 2005 4600 regnum
2042 4546 2203 4585 suum
2232 4540 2287 4585 et
2318 4522 2363 4577 Ι)
2389 4530 2527 4585 siam
2570 4546 2679 4585 non
2726 4539 2905 4586 cessat
2948 4531 3273 4600 opprimere,
3316 4540 3374 4586 et
3417 4530 3556 4585 ﬁlios
3599 4530 3720 4598 ejus
3759 4529 3963 4598 duplici

715 4636 898 4676 veram
927 4620 1152 4690 gloriam
1182 4619 1418 4674 transire
1444 4618 1625 4673 faciat.

787 4711 915 4765 Data
947 4709 1246 4773 Bibianelli,
1275 4726 1351 4762 xu
1381 4706 1497 4762 Kal.
1529 4707 1749 4779 Aprilis,
1777 4709 1888 4762 ind.
1920 4727 2004 4765 xv.

1222 4816 1553 4873 EPISTOLA
1586 4817 1769 4899 xvul.

1135 4905 1199 4943 AD
1222 4904 1282 4941 CA
1292 4904 1511 4943 NOXICOS
1537 4904 1859 4945 Απιςιεηιε.

1296 4977 1475 5043 (Anno
1510 4976 1691 5046 1077.)

716 5066 1005 5133 Con/irruat
1054 5068 1609 5125 excommunicationis
1662 5069 1970 5121 sententiam
2027 5085 2059 5120 a
2100 5066 2283 5123 Dieusi

784 5137 1021 5203 episeOpo
1044 5137 1214 5205 legato
1239 5135 1405 5188 latam
1438 5137 1491 5189 in
1521 5138 1840 5205 Stephanum
1865 5138 2160 5192 Aniciensis
2191 5138 2285 5189 lico

789 5206 961 5259 clesia:
1005 5207 1326 5277 invasorem;
1358 5206 1475 5261 ideo
1506 5208 1571 5259 ab
1605 5210 1746 5259 oumi
1787 5218 2119 5261 sacramento
2147 5224 2283 5277 pne-‘-

785 5278 910 5330 stito
931 5291 1017 5329 eos
1046 5273 1333 5340 absolvens,
1366 5278 1605 5346 prwcipit
1627 5293 1687 5330 ne
1708 5278 1756 5330 ei
1780 5278 2008 5345 amplius
2035 5273 2281 5332 obedien-

787 5348 915 5397 tiam
943 5345 1239 5408 exhibeant,
1270 5355 1321 5397 et
1348 5356 1404 5397 ut
1435 5345 2127 5417 alium,pastoremncligaut.

786 5436 1091 5490 Gnacomus
1122 5436 1429 5506 episcopus,
1472 5452 1659 5492 servus
1688 5454 1971 5493 servorum
2004 5436 2117 5504 Dei,
2146 5438 2279 5494 Ani-

714 5525 989 5579 cieusibus
1015 5526 1307 5581 canonicis.

788 5615 981 5669 Notum
1024 5617 1279 5671 estv'obis
1328 5620 1559 5687 qualiter
1620 5618 1927 5689 Stephanus
1978 5620 2282 5675 Aniciensis

720 5708 972 5765 Ecclesia
1017 5710 1239 5766 invasor
1288 5722 1339 5764 et
1392 5712 1754 5774 Simouiacus,
1799 5714 2052 5781 despecto
2094 5730 2279 5767 saera-

725 5810 907 5859 mento
930 5804 1069 5875 quod
1100 5803 1254 5857 nobis
1292 5819 1452 5873 super
1479 5812 1676 5872 corpus
1707 5804 1881 5860 sancti
1916 5800 2055 5859 Petri
2092 5807 2157 5859 de
2209 5805 2277 5861 lio

2388 4622 2733 4689 contritione,
2783 4623 3053 4692 corporali
3102 4624 3310 4701 scilicet
3334 4632 3390 4677 et
3436 4619 3728 4690 spirituali,
3776 4628 3965 4674 conte-

2388 4731 2523 4769 rere.
2593 4714 2745 4769 Unde
2792 4711 3430 4779 excommunicationem,
3478 4727 3640 4782 quam
3668 4710 3963 4781 praedictus

2387 4807 2595 4874 legatus
2646 4814 2830 4860 noster
2874 4820 3038 4872 super
3070 4818 3195 4857 eum
3226 4802 3375 4868 fecit,
3411 4819 3511 4858 nos
3546 4803 3959 4860 conﬁrmamus.

2387 4894 2695 4967 ipsumque,
2714 4904 2971 4949 etomnes
3002 4894 3095 4963 qui
3119 4894 3373 4963 deinceps
3401 4892 3689 4962 consilium
3715 4890 3767 4945 ei
3795 4890 3961 4945 dede-

2385 4991 2494 5046 rint
2523 4998 2582 5043 ut
2612 4989 2665 5041 iu
2716 4988 2819 5042 hac
2855 4987 3047 5042 bmresi
3093 4995 3427 5059 permaneat,
3462 5000 3529 5040 ex
3569 4990 3723 5053 parte
3765 4980 3861 5037 Dei
3903 4989 3961 5034 et

2385 5081 2557 5136 sancti
2607 5079 2752 5133 Petri
2804 5080 3350 5143 anathematizamus,
3395 5078 3570 5132 donec
3610 5074 3954 5144 resipiscant.

2384 5169 2826 5230 Coutradicimus
2872 5169 3036 5222 etiam
3084 5178 3146 5222 ut
3194 5168 3398 5222 nullam
3429 5164 3715 5233 pecuniam
3758 5164 3956 5235 aliquis

2385 5258 2574 5313 ochral
2600 5260 2653 5313 in
2684 5260 2842 5331 podio
2866 5258 3080 5314 Sanctae
3106 5258 3308 5320 Mariae,
3340 5257 3453 5311 sive
3494 5255 3562 5311 ad
3591 5254 3809 5321 altaria,
3843 5256 3956 5310 sive

2384 5351 2450 5403 ad
2500 5366 2694 5406 manus
2731 5351 3096 5415 sacerdotum,
3131 5350 3306 5404 donec
3347 5349 3577 5404 ecclesia
3623 5348 3882 5403 liberetur
3919 5362 3953 5401 a

2385 5454 2494 5496 tam
2545 5442 2707 5512 impia
2759 5442 3129 5514 oppressione,
3188 5440 3316 5512 quia
3361 5441 3662 5495 oblationes
3716 5437 3951 5492 fidelium

2386 5534 2699 5605 praedictum
2728 5532 3060 5603 Stephanum
3076 5547 3106 5583 a
3123 5530 3231 5585 Deo
3258 5540 3565 5600 apostatare
3583 5536 3748 5597 atque
3766 5537 3949 5583 contra

2382 5642 2505 5679 eum
2536 5624 2739 5680 faciunt
2764 5623 3060 5694 superbire.
3106 5620 3270 5677 Vobis
3313 5628 3526 5690 autem,
3546 5618 3745 5675 fratres
3772 5619 3950 5689 coepi-

2385 5716 2553 5782 scopi,
2604 5716 2745 5769 hanc
2795 5712 3411 5774 excmnmunicatiomn
3470 5718 3633 5779 atque
3676 5708 3948 5765 contradio

2383 5804 2617 5860 ctionem
2635 5805 2689 5860 in
2712 5802 2984 5866 uaroclziis
2998 5802 3189 5861 vestris
3219 5798 3541 5867 pcrdiversd
3559 5800 3680 5857 loca
3700 5799 3945 5858 recitare.

3834 6318 3845 6325 .
3884 6270 4089 6325 LL
4132 6260 4193 6333 ,λέ

4132 5964 4212 6366 J
