4218 6392
325 424 419 475 η.)

1376 414 1578 470 LIBER
1612 409 1961 481 QUARTUS.
1999 442 2065 451 -—
2093 410 2308 465 EPIST.
2347 410 2463 465 XX.

3434 405 3539 466 ω

325 542 370 586 et
391 542 633 601 exparte
658 546 838 591 vestra
865 538 1210 603 contirmare,
1234 536 1529 606 apostolica
1557 534 1879 589 auctoritate
1908 533 1952 588 Α
1978 530 2059 601 gis
2079 530 2256 584 debita
2291 545 2398 583 non
2425 538 2665 605 accusat,
2695 544 2792 598 pro
2817 528 2919 583 hac
2960 528 3013 582 in
3043 527 3277 596 capitulo
3311 523 3539 581 fratrum

327 622 678 691 praecipimus.
1532 656 1535 659 -

386 709 512 767 Data
561 710 885 781 Bibianello,
930 716 1143 771 decimo
1172 713 1439 769 Kalendas
1482 712 1703 783 Aprilis,
1736 710 1878 765 indi-

326 798 485 854 ctione
508 799 726 859 decima
751 804 959 873 quinta.

848 922 1183 979 EPISTOLA
1216 922 1335 977 XX.

506 1029 573 1068 AD
602 1030 901 1070 JOSFREDUI
924 1030 1210 1069 EPISCOPUI
1234 1027 1664 1069 PARlSIACENSEI.

896 1104 1077 1175 (Anno
1109 1103 1294 1175 1077.)

326 1188 608 1245 Walterum
650 1193 927 1263 quemdam
976 1195 1040 1246 ab
1087 1193 1476 1263 archiepiscopo
1526 1192 1763 1263 Remensi
1786 1205 1880 1263 δεῖ

383 1258 841 1328 communicatum,
864 1272 912 1315 et
944 1280 976 1315 a
1001 1279 1055 1317 se
1084 1263 1179 1315 sub
1222 1258 1428 1316 cautela
1468 1261 1786 1323 absolutum,
1811 1258 1875 1311 ab

384 1332 790 1401 archiepiscopo,
834 1334 884 1385 si
929 1331 1085 1401 culpa
1135 1334 1414 1398 vacaverit,
1466 1330 1664 1401 absolvi
1705 1328 1873 1401 jubet.

388 1399 533 1463 Quod
555 1397 604 1454 si
625 1397 718 1455 ille
739 1403 910 1470 facere
953 1397 1199 1465 noluerit,
1228 1400 1337 1453 vult
1366 1397 1423 1454 ut
1458 1401 1566 1469 ipse
1596 1397 1829 1452 absdlrat
1855 1413 1872 1461 ;

384 1472 429 1540 si
452 1487 571 1523 vero
599 1471 656 1524 in
683 1472 840 1539 culpa
868 1472 1047 1540 fuerit,
1077 1471 1145 1523 ad
1184 1470 1603 1540 satisfactionem
1628 1476 1872 1540 coarctet.

385 1537 578 1610 Eodem
608 1537 809 1610 quoque
832 1537 983 1608 pacto
1011 1541 1240 1610 {tamen}
1268 1537 1544 1610 quemdam
1565 1538 1875 1610 canonicum

384 1606 660 1671 absolvat,-
694 1606 965 1663 monac/iis
997 1606 1181 1663 Sancti
1206 1606 1492 1671 La'mberti,
1517 1606 1605 1677 qui
1630 1615 1875 1677 extraneo

384 1676 559 1730 abbati
601 1677 809 1731 obedire
842 1676 1141 1744 noluerant,
1179 1676 1736 1731 excontmunicationis
1759 1691 1876 1727 sen-

387 1747 597 1799 tentiam
622 1746 852 1811 relaxet;
882 1757 933 1801 et
955 1747 1374 1811 Cameracenses,
1396 1747 1442 1799 si
1468 1746 1725 1798 hominem
1758 1745 1874 1798 ideo

383 1817 773 1887 combusserint,
796 1820 921 1887 quia
944 1816 1270 1871 Simoniacos
1282 1826 1330 1870 et
1354 1816 1663 1887 fornicarios
1685 1815 1871 1867 missas

383 1886 636 1939 celebrare
661 1902 765 1939 non
799 1886 981 1941 debere
1008 1896 1279 1951 assereret,
1308 1886 1738 1948 excommunicet,
1783 1899 1868 1937 se-

382 1955 757 2025 queyEcclesia:
786 1956 991 2024 ﬁdelem
1014 1956 1312 2008 ministrum
1333 1954 1592 2008 exhibeat.

382 2058 683 2127 Caesonius
704 2071 1010 2141 episc0pus,
1049 2085 1239 2125 servus
1268 2082 1552 2124 servorum
1597 2064 1713 2131 Dei,
1748 2062 1874 2117 Jos-

322 2176 479 2217 russo
521 2161 887 2219 Parisiacensi
924 2163 1200 2233 episcopo,
1252 2161 1481 2217 salutem
1522 2165 1577 2213 et
1622 2154 1880 2231 apostoli-

320 2266 432 2306 cam
471 2253 927 2310 benedictionem.

387 2343 475 2398 Vir
506 2308 610 2400 iste
656 2308 902 2401 videlicet
947 2344 1295 2415 prasentium
1340 2308 1887 2414 portitor‘Walterus

320 2433 382 2489 de
408 2434 589 2491 Duaco
616 2436 682 2490 ad
714 2451 817 2491 nos
865 2435 1110 2498 veniens,
1152 2432 1342 2487 multis
1397 2428 1880 2499 supplicationibus

321 2522 468 2579 nobis
494 2526 709 2589 institit,
753 2533 1023 2594 quatenus
1067 2524 1116 2577 ei
1164 2538 1261 2592 per
1312 2521 1620 2590 apostolica:
1666 2520 1914 2588 pietatis'

321 2614 738 2673 misericordiam
771 2614 1062 2670 consilium
1104 2611 1463 2668 absolutionis
1490 2619 1679 2666 nostro
1709 2611 1877 2664 inter—

320 2714 475 2760 ventu
498 2702 937 2776 impenderemus'
950 2704 1093 2774 apud
1115 2703 1445 2759 confratrem
1472 2712 1719 2757 nostrum
1744 2700 1882 2755 Rhe-

319 2812 551 2853 mensem
596 2798 1085 2867 archiepiscopum,
1130 2794 1223 2866 qui
1269 2810 1396 2850 eum
1448 2792 1883 2849 excommunica-

317 2896 459 2944 νει-αι
486 2909 500 2945 :
531 2890 778 2947 indicans
805 2888 964 2945 nobis
997 2887 1143 2959 quod
1170 2886 1237 2940 de
1271 2900 1437 2941 causa
1471 2892 1691 2953 propter
1713 2898 1876 2952 quam

319 2982 810 3037 excommunicatus
854 2981 926 3035 sit
970 2978 1289 3033 multotiens
1335 2976 1405 3030 ad
1434 2972 1877 3041 disceptationem

318 3077 371 3123 et
414 3070 711 3125 faciendam
758 3069 1025 3140 justitiam
1079 3076 1205 3125 ante
1262 3065 1877 3122 excommunicationem

318 3168 369 3213 et
397 3168 513 3229 post
543 3160 1164 3217 «communicationem
1205 3173 1265 3214 se
1313 3165 1563 3228 paratum
1597 3153 1873 3210 obtulerit.

321 3248 532 3319 Verum,
556 3252 681 3322 quia
709 3251 959 3306 relationi
991 3265 1105 3304 sua:
1127 3249 1247 3302 sine
1277 3248 1516 3317 legitima
1528 3245 1876 3301 discnssione

317 3341 530 3395 credere
557 3356 668 3394 non
708 3340 841 3395 satis
880 3346 1099 3392 cautum
1143 3333 1239 3391 aut
1283 3334 1607 3391 rationabile
1655 3335 1869 3405 putavi-

320 3443 456 3495 mus,
509 3430 783 3490 detlnitam
834 3428 1158 3487 sententiam
1210 3443 1312 3498 pro
1359 3428 1478 3498 ejus
1513 3426 1876 3482 "absolutione

319 3517 442 3573 dare
466 3519 757 3585 noluimus,
800 3534 920 3575 eam
961 3519 1307 3574 solummodo
1345 3517 1775 3573 misericordiam
1810 3532 1876 3572 ex

321 3612 483 3678 gratia
511 3620 564 3666 et
594 3610 928 3680 indulgentia
954 3602 1325 3677 apostolorum
1354 3608 1501 3663 Petri
1539 3616 1593 3663 et
1614 3607 1785 3674 Pauli,
1810 3608 1877 3661 ad

321 3712 543 3767 quorum
576 3700 766 3754 limina
788 3698 1060 3765 veniebat,
1120 3698 1223 3753 sibi
1276 3699 1654 3763 concedentes,
1708 3706 1785 3752 ut»
1822 3699 1876 3751 in
1911 3758 1913 3761 1

320 3788 491 3843 eundo
525 3799 579 3844 et
608 3788 886 3845 redeundo
931 3802 1103 3844 sacra
1155 3787 1557 3843 communionis
1605 3787 1875 3841 licentiam

325 3874 551 3944 haberet,
583 3894 756 3947 usque
800 3877 855 3933 in
894 3884 1151 3932 octavum
1180 3877 1322 3932 diem
1353 3884 1643 3947 postquam
1681 3875 1879 3930 rediret

323 3963 387 4018 ad
410 3966 654 4033 patriam.
687 3965 978 4031 Caeterum,
1004 3980 1072 4020 ne
1095 3964 1302 4020 diutius
1325 3965 1505 4034 aliqua
1537 3964 1755 4035 indigna
1781 3978 1875 4018 oc-

323 4053 528 4109 casione
561 4054 1283 4110 subexcommunieationis
1332 4056 1564 4110 nexibus
1610 4065 1874 4122 teneatur,

320 4144 603 4211 apostolica
628 4152 681 4199 te
705 4144 1029 4204 auctoritate
1054 4158 1343 4199 monemus
1374 4152 1454 4210 ut,
1487 4142 1657 4199 fultus
1682 4145 1770 4200 his
1794 4143 1877 4199 lit-

324 4233 442 4289 teris
472 4235 694 4302 nostris,
712 4235 1181 4305 archiepiscopum
1205 4235 1492 4289 convenire
1526 4234 1763 4299 studeas,
1800 4245 1873 4300 et,

323 4325 600 4395 perquisita
634 4341 701 4381 ac
740 4327 970 4398 cognita.
991 4342 1141 4382 mera
1187 4326 1351 4397 hujus
1395 4327 1593 4398 negotii
1628 4325 1873 4391 veritate,

321 4414 366 4472 si
394 4418 486 4473 iste
518 4420 611 4473 aut
644 4433 744 4495 pro
772 4435 870 4475 sua
902 4411 1209 4474 innocentia
1246 4430 1345 4485 aut
1370 4434 1624 4489 congruae
1655 4416 1873 4473 satisfa-

323 4506 505 4562 ctionis
535 4507 869 4563 exhibitione
899 4508 995 4561 tibi
1040 4507 1400 4561 absolvendus
1422 4508 1708 4574 videbitur,
1736 4524 1869 4563 con-
1903 4523 1946 4579 ι)

326 4592 464 4650 tinuo
494 4596 959 4668 archiepiscopum
1016 4602 1074 4648 ut
1114 4609 1239 4649 eum
1271 4595 1389 4649 sine
1442 4597 1868 4651 contradictione

323 4682 551 4739 absolvat
578 4702 645 4741 ex
688 4693 875 4740 nostra
914 4676 1080 4757 parte
1125 4701 1472 4741 commoneas
1501 4704 1513 4739 :
1564 4687 1658 4756 qui
1693 4688 1740 4741 si
1769 4689 1869 4741 ali-

321 4789 418 4843 qua
451 4776 552 4831 hoc
578 4777 928 4833 excusatione
955 4779 1226 4849 .renuerit,
1273 4785 1332 4831 tu
1383 4778 1497 4848 ipse
1517 4794 1643 4833 eum
1680 4788 1864 4834 nostra

325 4865 429 4924 vice
478 4868 758 4926 absolvere
804 4858 1115 4945 nullatenus
1164 4869 1588 4940 praetermittas,
1626 4868 1684 4923 Si
1736 4885 1864 4923 vero

322 4955 474 5013 istum
514 4960 567 5015 in
594 4960 753 5030 culpa
792 4973 933 5026 esse,
966 4960 1022 5015 bt
1044 4960 1189 5030 quod
1212 4959 1419 5028 justum
1452 4960 1616 5020 fuerit
1642 4960 1863 5029 exsequi

322 5046 449 5102 nolle
472 5049 795 5115 constiterit,
832 5063 1006 5118 usque
1052 5041 1385 5118 ad'dignam
1440 5050 1861 5105 satisfactionem

320 5134 412 5189 sub
454 5136 1026 5193 excommunicationis
1086 5137 1303 5193 vinculo
1356 5140 1619 5200 coarctari
1664 5134 1864 5195 debere

319 5221 664 5286 decernimus.
693 5226 955 5283 Praeterea
980 5228 1095 5283 Azo
1119 5229 1338 5300 quidam
1369 5231 1664 5285 canonicus
1691 5233 1863 5286 eccle-

319 5312 404 5368 site
430 5316 597 5370 sancti
625 5317 803 5372 Annali
830 5317 897 5372 de
917 5318 1309 5388 praznominato
1330 5316 1469 5383 loco,
1507 5332 1605 5386 pro
1627 5320 1862 5387 quodam

319 5402 470 5471 dicto,
504 5404 628 5460 licet
650 5421 802 5473 vero,
836 5408 1002 5463 nimis
1036 5408 1223 5464 leviter
1250 5416 1303 5462 et
1332 5407 1687 5461 irreverenter
1731 5424 1860 5477 pro-

320 5489 440 5559 lato,
473 5511 506 5552 a
532 5495 818 5555 consortio
840 5494 1070 5552 fratrum
1107 5513 1165 5553 se
1203 5497 1431 5568 ejectum
1457 5511 1576 5550 esse
1608 5496 1858 5555 innotuit.

323 5578 479 5645 Quem
502 5587 749 5643 similiter
780 5586 1089 5665 apostolicae
1126 5578 1489 5643 miserationis
1525 5587 1860 5642 clementiam

323 5688 413 5744 pro
451 5694 545 5734 sua
584 5670 1022 5757 reconciliatione
1072 5681 1446 5752 implorantem
1526 5675 1706 5733 itidem
1766 5681 1859 5735 tibi

320 5768 716 5847 Conuenimus.
750 5772 885 5830 utsi
910 5764 1161 5827 alia'eum
1186 5772 1340 5842 culpa
1385 5771 1714 5828 damnationi
1742 5786 1857 5826 ma-

1982 618 2257 675 claustrali
2292 602 2576 686 disciplina
2601 628 2925 684 correctum,
2952 626 3005 671 et
3031 615 3345 685 pmnitentia
3374 614 3541 668 casti-

1980 720 2185 781 gatum,
2214 710 2267 763 in
2301 710 2613 763 societatem
2666 708 2894 762 fratrum
2936 708 3001 762 ad
3044 705 3320 777 proprium
3358 704 3541 757 locum

1979 817 2103 855 cum
2135 798 2396 855 charitate
2426 798 2590 866 recipi
2628 797 2815 852 facias.
2850 796 2945 851 Est
2967 804 3021 850 et
3046 795 3150 849 alia
3181 808 3344 848 causa
3375 802 3539 861 quam

1980 906 2105 947 cum
2141 890 2289 944 omni
2318 888 2677 944 sollicitudine
2702 897 2755 941 te
2781 887 3056 956 suscipere
3079 894 3132 943 et
3161 888 3415 954 peragere
3440 897 3539 934 vo-

1979 982 2179 1045 lumus,
2204 978 2457 1033 videlicet
2494 979 2726 1032 duorum
2759 976 2987 1031 fratrum
3017 973 3330 1029 monasterii
3368 971 3541 1026 sancti

1979 1068 2227 1139 Remigii,
2261 1067 2485 1121 Roberti
2526 1075 2580 1121 et
2625 1066 2918 1133 Lamberti,
2960 1067 3055 1136 qui
3082 1081 3139 1121 se
3169 1061 3540 1137 ahtqarchiepi-

1977 1174 2143 1228 scopo
2178 1158 2379 1212 idcirco
2404 1157 2925 1223 excommunicatos,
2969 1162 3043 1221 et,
3089 1162 3359 1209 excaecato
3402 1167 3540 1223 quo-

1933 1264 1937 1267 ·
1976 1248 2101 1302 dam
2128 1245 2294 1315 fratre
2322 1261 2512 1300 eorum
2536 1246 2695 1313 laico,
2728 1246 2877 1299 omni
2902 1244 3119 1299 miseria
3142 1243 3543 1296 circumventos

1974 1349 2097 1397 esse
2143 1333 2370 1387 dicunt:
2409 1332 2668 1405 quoniam
2701 1332 2916 1386 cuidam
2953 1339 3208 1384 extraneo
3250 1328 3428 1381 abbati
3460 1329 3542 1381 in-

1974 1430 2219 1476 terventu
2245 1421 2504 1492 pecuniae,
2535 1430 2588 1475 et
2630 1420 2854 1475 omnino
2877 1430 3064 1477 contsa
3091 1417 3331 1487 regulam
3368 1417 3541 1470 sancti

1973 1515 2245 1570 Benedicti
2286 1522 2341 1570 et
2374 1516 2748 1570 auctoritatem
2779 1524 3092 1572 sanctorum
3121 1514 3363 1578 Patrum,
3398 1512 3541 1566 indi-

1974 1620 2074 1674 gne
2099 1604 2207 1682 illis
2228 1614 2282 1659 et
2325 1605 2551 1675 praefato
2584 1606 2917 1661 monasterio
2950 1621 3048 1675 pro
3078 1606 3270 1658 abbate
3297 1604 3542 1679 apposito

1974 1696 2211 1762 obedire,
2261 1704 2315 1750 et
2364 1698 2467 1750 sub
2499 1698 2617 1767 ejus
2667 1692 3029 1768 regiminein
3071 1697 3258 1751 eodem
3294 1695 3543 1749 cmnobio

1975 1802 2193 1842 manere
2228 1786 2538 1841 noluerint:
2588 1803 2687 1841 nec
2720 1788 2773 1840 in
2803 1788 2887 1841 his
2937 1787 3193 1841 omnibus
3242 1786 3538 1856 quidquam

1902 1866 1945 1921 Β
1970 1875 2049 1930 eis
2082 1873 2348 1945 profuisse
2384 1889 2483 1942 pro
2504 1870 2823 1927 confusione
2848 1873 3184 1937 monasterii,
3217 1880 3270 1924 et
3294 1870 3540 1924 habenda

1968 1964 2131 2058 jpstae
2161 1962 2495 2017 defensionis
2527 1978 2640 2016 sua:
2671 1961 2908 2025 licentia,
2942 1960 3005 2014 ad
3043 1960 3372 2013 audientiam
3403 1960 3546 2013 sedis

1972 2049 2281 2121 apostolica:
2302 2053 2685 2121 proclamasse.
2714 2050 2868 2116 Quod
2899 2049 2944 2104 si
2988 2050 3058 2101 ita
3089 2056 3191 2113 est,
3218 2062 3379 2116 quam
3417 2062 3544 2116 gra-

1970 2142 2108 2196 viter
2137 2141 2579 2211 archiepiscopus
2617 2142 2672 2194 in
2700 2142 2803 2194 hac
2826 2155 3014 2205 causa,
3047 2138 3279 2192 maxime
3316 2137 3381 2191 de
3416 2152 3546 2189 con-

1973 2239 2177 2300 temptu
2208 2216 2537 2299 apostolicae.
2565 2228 2926 2292 auctoritatis,
2955 2244 3012 2282 se
3044 2226 3365 2296 culpabilem
3402 2224 3546 2279 fece-

1976 2324 2068 2388 rit,
2099 2332 2153 2377 tu
2188 2324 2302 2391 ipse.
2323 2321 2653 2391 perpendere
2696 2330 2869 2389 potes.
2916 2319 3255 2388 Quapropter
3282 2320 3348 2371 de
3383 2315 3466 2371 his
3496 2324 3550 2369 ct

1973 2411 2040 2465 de
2071 2411 2256 2464 multis
2282 2410 2403 2462 aliis
2440 2409 2667 2477 aptioris
2711 2409 2899 2473 loci-ct
2935 2407 3193 2474 temporis
3228 2406 3546 2475 opportuni-

1973 2508 2137 2553 tatem
2170 2497 2524 2553 conveniendi
2559 2512 2706 2561 eum,
2735 2495 2847 2549 Deo
2876 2493 3547 2563 auxiliante,'przes'tolan-

1978 2600 2076 2656 tcs,
2103 2590 2235 2644 illud
2268 2589 2335 2643 ad
2371 2604 2611 2657 praesens
2642 2595 2746 2641 tum
2775 2585 3097 2640 fraternitati
3136 2584 3546 2648 committimus,
3594 2588 3595 2591 ‘

1956 2689 2031 2739 vet
2060 2679 2356 2750 apostolica
2388 2677 2709 2732 auctoritate
2733 2675 3099 2745 praecipimus,
3144 2680 3204 2726 ut
3228 2687 3376 2737 eum,
3400 2672 3569 2725 omni'

1976 2757 2264 2825 occasi‘Jne
2310 2776 2540 2834 remota,
2573 2766 2899 2821 sententiam
2942 2762 3549 2826 excommunicationis,
3612 2770 3618 2778 '

1976 2876 2141 2930 quam
2173 2860 2227 2913 in
2252 2855 2507 2927 praefatos
2532 2856 2833 2909 monachos
2856 2855 3101 2924 protulit,
3135 2853 3376 2907 relaxare
3398 2866 3549 2907 com-

1976 2960 2220 3011 moneas,
2247 2952 2303 2999 et
2338 2958 2434 2999 eos
2477 2942 2731 3011 deinceps
2769 2941 2885 2995 sine
2929 2942 3078 2995 omni
3122 2938 3468 2993 infestatione
3497 2946 3548 2991 et
3622 2935 3628 2940 ’

1976 3034 2216 3107 periculo
2238 3034 2297 3088 in
2318 3048 2451 3103 pace
2485 3047 2703 3087 manere
2726 3030 3005 3086 dimittat:
3043 3043 3459 3099 recognoscens,
3496 3034 3548 3081 et

1978 3125 2199 3195 superni
2228 3121 2429 3193 judicis
2448 3121 2713 3191 judicium
2751 3121 2949 3175 timens
2982 3119 3125 3189 quod
3151 3119 3230 3172 eis
3255 3125 3404 3171 tanta
3427 3132 3547 3171 ma-

1902 3198 1943 3252 C
1976 3214 2026 3267 la
2054 3215 2171 3268 sine
2194 3208 2583 3267 deliberatione
2625 3210 2852 3279 justitiae
2891 3211 2993 3264 sub
3028 3209 3391 3279 appellatione
3418 3222 3547 3277 apo-

1974 3303 2179 3359 stolicaa
2215 3302 2361 3355 sedis
2391 3300 2597 3354 fecerit.
2624 3300 2695 3352 -Si
2723 3315 2850 3353 vero
2884 3314 3008 3353 eum
3040 3301 3091 3351 in
3117 3300 3216 3352 bac
3241 3314 3297 3351 re
3328 3313 3425 3366 pro
3452 3312 3549 3351 sua

1974 3389 2343 3461 magnitudine
2394 3395 2449 3441 et
2486 3388 2712 3441 arbitrio
2763 3387 3219 3440 contradiccntcm
3272 3394 3326 3437 et
3369 3385 3547 3440 minus

1974 3480 2311 3535 obedientem
2345 3474 2637 3543 inveneris,
2665 3484 2721 3529 tu
2752 3475 2867 3544 ipse
2898 3475 3066 3529 fultus
3094 3483 3280 3529 nostra
3304 3475 3547 3528 auctori—

1977 3579 2085 3626 tate
2117 3584 2210 3624 eos
2234 3568 2507 3634 absolvas,
2538 3563 2868 3621 et‘abbatem
2916 3565 3089 3631 illum,
3118 3564 3212 3634 qui
3262 3562 3546 3634 praefatum

1976 3660 2364 3715 monasterium
2395 3657 2567 3713 sancti
2602 3655 2831 3727 Remigii
2868 3654 3097 3709 nefanda
3135 3654 3431 3708 ambitione
3458 3668 3548 3707 oc-

1974 3764 2203 3818 cupasse
2234 3748 2452 3812 dicitur,
2494 3748 2568 3801 ita
2594 3760 2967 3811 commoneas,
3003 3752 3063 3798 ut
3086 3754 3181 3797 aut
3225 3745 3280 3797 in
3304 3744 3548 3814 partibus
3578 3796 3579 3799 η

1975 3838 2081 3893 illis
2114 3836 2378 3891 confratri
2416 3843 2605 3890 nostro
2648 3834 2863 3905 Hugoni
2898 3832 3193 3890 venerabili
3221 3832 3405 3888 Dicnsi
3430 3836 3548 3903 epi-

1975 3942 2161 3997 scopo,
2198 3924 2286 3979 cui
2316 3925 2463 3979 vices
2500 3932 2719 3979 nostras
2750 3924 3149 3991 commisimus,
3182 3931 3277 3977 aut
3309 3922 3431 3977 aliis
3469 3923 3547 3975 le-

1975 4018 2113 4089 gatis
2135 4016 2358 4082 nostris,
2390 4015 2437 4070 si
2471 4029 2567 4069 eos
2603 4015 2659 4068 in
2695 4014 2865 4070 Gallia
2889 4015 3154 4087 syncdum
3178 4014 3546 4068 celebraturos

1975 4109 2303 4179 cognoverit,
2342 4122 2401 4162 se
2440 4116 2830 4176 repraesentare
2870 4122 2969 4176 pro
3016 4105 3286 4159 reddenda
3334 4104 3544 4157 ratione

1975 4200 2059 4253 sui
2080 4198 2333 4252 introitus
2364 4197 2669 4250 nullatenus
2702 4196 3094 4263 prmtermittat,
3140 4202 3233 4248 aut
3271 4194 3336 4248 ad
3361 4209 3461 4248 nos
3489 4193 3543 4247 in

1973 4287 2220 4355 proxima
2252 4284 2542 4338 festivitate
2562 4285 2807 4337 omnium
2828 4292 3141 4338 sanctorum
3164 4284 3377 4339 veniat:
3402 4299 3545 4339 com-

1973 4376 2195 4429 monitis
2244 4376 2407 4429 etiam
2449 4375 2711 4430 fratribus
2767 4374 3012 4444 ejusdem
3059 4376 3394 4440 monasterii,
3449 4376 3543 4444 q-Ii

1973 4466 2236 4521 adversus
2260 4481 2385 4521 eum
2410 4466 2475 4521 de
2506 4482 2671 4521 causa
2714 4466 2913 4519 illicitae
2954 4465 3318 4534 subreptionis
3341 4458 3453 4520 sua:
3488 4469 3542 4520 in

1971 4560 2241 4615 alibatiam
2267 4568 2698 4629 conqueruntur,
2744 4566 2804 4610 ut
2833 4564 2887 4609 et
2927 4557 3031 4624 ipsi
3068 4556 3369 4611 secundum
3399 4574 3539 4627 prac-

1968 4650 2222 4719 scriptam
2250 4638 2686 4702 terminationem
2711 4646 2777 4699 ad
2800 4646 3199 4701 discutiendum
3234 4647 3338 4701 hoc
3370 4660 3537 4714 nego-

1970 4742 2101 4796 tium
2149 4756 2206 4793 se
2237 4746 2527 4806 praesentes
2575 4736 2884 4792 exhibeant.
2926 4737 3057 4792 Item
3108 4738 3334 4790 relatum
3378 4737 3538 4791 nobis

1964 4841 2048 4885 est
2094 4830 2516 4893 Cameracenses
2548 4830 2823 4904 hominem
2848 4830 3135 4899 quemdam
3167 4827 3399 4882 ﬂammis
3427 4838 3539 4882 tra-

1964 4922 2183 4987 didisse,
2215 4936 2280 4975 eo
2322 4921 2471 4995 quod
2505 4920 2843 4975 Siraouiacos
2877 4926 2932 4971 et
2973 4918 3318 4988 presbyteros
3362 4918 3536 4972 torni-

1965 5020 2176 5067 catores
2199 5012 2397 5067 missas
2444 5026 2554 5064 non
2597 5010 2791 5062 debere
2822 5007 3117 5073 celebrare,
3146 5017 3199 5061 et
3236 5009 3381 5077 quod
3410 5009 3534 5061 illo-

1964 5120 2083 5158 rum
2108 5104 2340 5157 oflicium
2370 5100 2591 5153 minime
2611 5099 3015 5168 suscipiendum
3043 5098 3201 5162 foret,
3226 5098 3404 5151 dicere
3436 5104 3535 5153 au-

1964 5210 2056 5249 sus
2088 5192 2267 5245 fuerit.
2303 5190 2455 5258 Quod
2501 5191 2627 5261 quia
2672 5192 2830 5246 nobis
2872 5191 3027 5244 valde
3073 5188 3332 5254 terribile,
3378 5199 3449 5254 et,
3485 5190 3531 5244 si

1961 5300 2147 5338 verum
2202 5269 2291 5338 est
2321 5325 2335 5350 ,
2406 5283 2555 5337 omni
2628 5284 2804 5353 rigore
2877 5278 3154 5333 canonica:
3224 5280 3529 5334 severitatis

1960 5379 2342 5433 vindicandum
2362 5394 2482 5433 esse
2503 5378 2733 5441 videtur,
2761 5374 3159 5427 fraternitatem,
3188 5382 3338 5427 tuam
3374 5372 3526 5427 solli-

1961 5472 2066 5525 cite
2087 5470 2250 5539 hujus
2279 5469 2359 5523 rei
2389 5468 2673 5521 veritatem
2701 5465 2975 5533 inquirere
3012 5466 3367 5520 admonemus
3398 5480 3408 5513 :
3449 5469 3521 5527 et,

1962 5569 2009 5623 si
2040 5583 2134 5624 eos
2178 5567 2243 5620 ad
2278 5573 2491 5619 tantam
2536 5563 2911 5617 crudelitatem
2947 5562 3139 5630 impias
3174 5575 3368 5613 manus
3397 5574 3524 5613 suas

1961 5667 2262 5724 extendisse
2287 5665 2624 5733 cognoveris,
2659 5664 2726 5717 ab
2757 5661 2979 5717 introitu
3009 5668 3061 5713 ct
3095 5658 3244 5711 omni
3274 5672 3522 5711 commu—

1962 5770 2120 5825 nione
2147 5764 2387 5822 ecclesia:
2418 5774 2667 5820 auctores
2704 5763 2904 5837 pariter
2943 5767 2995 5815 ct
3028 5755 3317 5831 complices
3357 5758 3518 5832 hujus
