4218 6458
677 548 783 609 4ῖό

1244 613 1255 620 κ
1315 509 1373 605 s.
1412 547 1740 608 cascoau
1781 549 1871 604 vn
1909 549 2112 606 mea;
2145 547 2258 606 ori

2335 545 2428 605 ΕΜ
2465 549 2645 606 PARS
2680 551 2721 607 1.
2747 541 2829 592 ἶ·
2864 548 3281 610 REGISTRUM.

3809 558 3900 616 Hii

676 663 898 720 sceleris
941 677 1196 732 separare
1232 678 1340 716 non
1383 662 1620 728 dill'eras,
1671 671 1725 717 et
1758 663 2130 733 nobis'huius
2172 663 2250 718 rei
2280 665 2324 720 A
2421 661 2554 718 Data
2597 663 2926 733 Bibianello,
2971 676 3162 722 octavo
3201 667 3328 724 ldus
3367 668 3586 738 Aprilis,
3629 669 3901 728 indictione

675 752 1075 817 cerzitudinem,
1108 767 1206 806 nec
1229 767 1336 806 non
1358 752 1622 822 quidquid
1644 753 1711 808 de
1731 751 2106 822 superioribus
2124 767 2256 808 cau-

677 843 1027 908 siscllectum
1063 841 1247 911 fuerit,
1283 858 1380 913 per
1415 843 1625 900 litteras
1654 852 1777 899 tuas
1798 859 1964 914 quam
1994 844 2256 900 citissime

679 933 856 1002 possis
902 933 1144 988 indicare
1197 933 1375 988 stude.
1427 930 1503 987 De
1547 942 1746 988 caetero
1796 948 2053 1004 rogamus
2102 941 2157 989 te
2200 942 2257 989 et

678 1023 908 1076 multum
962 1024 1322 1078 admonemus
1375 1031 1437 1078 ut
1484 1023 1742 1078 omnibus
1786 1020 2156 1078 confratribus
2200 1029 2258 1078 et

676 1113 1014 1184 coepiscopis
1045 1114 1156 1169 tuis
1183 1130 1280 1184 per
1308 1122 1477 1168 totam
1515 1112 1807 1183 Franciam
1843 1129 1910 1168 ex
1958 1115 2256 1186 apostolica

675 1208 998 1262 auctoritate
1028 1207 1322 1278 signiﬁces,
1353 1215 1624 1277 quatenus
1662 1207 1725 1261 et”
1745 1206 1853 1262 illis
1883 1205 2256 1262 sacerdotibus

674 1299 770 1369 qui
825 1316 855 1353 a
899 1299 1234 1369 turpitudine
1277 1298 1652 1368 fornicationis
1698 1313 1914 1356 cessare
1961 1283 2252 1370 noluerint,

675 1387 911 1444 ofﬁcium
953 1390 1128 1444 sacris
1167 1388 1433 1444 altaribus
1464 1389 1810 1445 ministrandi
1843 1388 2060 1460 penitus
2087 1388 2265 1444 inter—'

671 1478 874 1547 dicant,
903 1489 958 1534 et
984 1489 1043 1534 tu
1082 1479 1198 1549 ipse
1233 1479 1288 1533 in
1317 1479 1467 1534 omni
1510 1479 1632 1536 loco
1657 1491 1713 1536 et
1745 1489 2014 1536 conventu
2037 1478 2090 1535 id
2119 1495 2256 1550 pra:-

670 1569 856 1624 dieare
885 1583 993 1622 non
1020 1583 1224 1623 cesses.
1252 1565 1319 1623 Et
1349 1567 1398 1623 si
1427 1567 1484 1622 in
1525 1567 1630 1624 bac
1654 1583 1716 1624 re
1742 1567 2148 1639 aut'episcopos
2176 1578 2255 1623 te-
2347 1605 2349 1608 ι

672 1657 850 1727 pidos,
878 1665 971 1712 aut
999 1656 1119 1712 illos
1147 1658 1242 1728 qui
1277 1673 1562 1714 sacrorum
1589 1657 1843 1715 ordinum
1871 1674 2068 1714 nomen
2093 1669 2151 1716 et
2172 1653 2256 1716 of-

668 1749 852 1804 ﬁcium
883 1749 1103 1820 indigne
1131 1766 1231 1820 pro
1261 1751 1589 1820 supradictis
1631 1752 1956 1808 criminibus
1989 1768 2255 1824 usurpare

667 1848 1027 1908 przesumunt,
1061 1839 1293 1894 rebelles
1328 1855 1450 1895 esse
1478 1842 1817 1911 cognoveris,
1848 1843 1996 1899 omni
2033 1843 2272 1914 populo,

666 1943 737 1985 ne
755 1943 946 1984 eorum
982 1929 1212 1988 ulterius
1239 1929 1472 1985 ollicium
1506 1926 1768 2004 suscipiat
1811 1949 1880 1988 ex
1922 1943 2077 2005 parte
2109 1935 2251 1990 beati

645 2017 816 2076 ‘Petri
853 2029 907 2075 et
929 2030 1120 2082 nostra
1149 2023 1447 2092 apostolica
1488 2024 1812 2083 auctoritate
1843 2025 2042 2096 ubique
2083 2021 2252 2084 inter-

666 2109 842 2176 dicas,
890 2121 950 2164 ut
973 2112 1058 2164 vel
1089 2111 1192 2164 hoc
1239 2112 1399 2167 modo
1439 2111 1654 2169 confusi
1703 2114 1768 2170 ad
1816 2116 2249 2173 emendationem

666 2199 944 2266 viuesuaa,
967 2210 1021 2255 et
1049 2201 1116 2255 ad
1139 2201 1444 2257 castitatem
1475 2203 1740 2275 religiosa:
1766 2207 2134 2275 continentia,
2163 2225 2250 2266 re-

664 2287 784 2351 dire
808 2297 1088 2358 cogantur.
1120 2288 1233 2359 Age
1264 2305 1394 2361 ergo
1422 2301 1482 2346 ut
1502 2303 1691 2348 sancta
1711 2303 1768 2350 et
1791 2296 2115 2352 universalis
2134 2313 2250 2357 ma-

664 2387 751 2434 ter
792 2377 1039 2434 Ecclesia
1081 2389 1134 2434 te
1168 2379 1380 2436 fidelem
1417 2383 1728 2438 ministrum
1759 2393 1821 2441 et
1846 2367 2248 2456 cooperatorem

666 2477 889 2534 nostrae,
927 2469 1038 2523 imo
1071 2470 1400 2539 apostolicae,
1425 2473 1825 2546 sollicitudinis,
1853 2475 1964 2532 Deo
1987 2477 2250 2549 adiuvan-

663 2567 746 2625 te,
775 2569 1085 2630 cognoscat,
1117 2569 1172 2616 et
1218 2561 1399 2629 nobis,
1447 2565 1596 2634 quod
1641 2567 1798 2622 valde
1851 2567 2246 2635 desideramus,

666 2649 736 2704 de
758 2649 1028 2704 libertate
1052 2659 1106 2704 et
1135 2649 1317 2705 fructu
1349 2651 1428 2706 tui
1454 2655 1810 2712 sacerdotalis
1832 2655 1988 2712 ollicii
2015 2659 2082 2715 ad
2111 2675 2249 2730 prte-

665 2754 792 2794 sens
812 2739 1065 2809 gaudere,
1094 2749 1148 2795 et
1176 2740 1231 2794 in
1248 2751 1540 2812 posterum
1571 2760 1669 2815 per
1695 2745 2125 2804 misericordiam
2153 2750 2245 2806 Dei

666 2829 1008 2884 conﬁdenter
1033 2832 1265 2900 sperare
1284 2848 1444 2901 posse
1472 2837 1782 2904 proveniat.-

740 2916 874 2972 Data
905 2918 1222 2988 Bibianello,
1253 2937 1352 2994 vim
1381 2921 1672 2992 .Kalendas
1690 2926 1914 2998 Aprilis,
1954 2927 2247 2988 indictione

667 3023 753 3061 ιν.
1513 3029 1518 3038 ⁸

1207 3142 1540 3206 EI’ISTOLA
1578 3151 1718 3208 XXI.

903 3252 968 3290 AD
1013 3251 1358 3293 "ERIIANNUI
1393 3256 1682 3299 EPISCOPCI
1713 3261 2012 3304 ΙΕΤΕΝΒΕΙ.

1264 3327 1444 3394 (Anno
1480 3333 1663 3399 1077.)

668 3395 961 3475 Committit
990 3400 1044 3475 ei
1063 3413 1281 3475 causam
1317 3399 1458 3454 inter
1497 3395 1797 3475 episcopum
1823 3406 2158 3475 Leodkusem
2194 3418 2246 3462 et

739 3468 978 3550 abbatem
1006 3468 1196 3550 §aucti
1215 3467 1535 3550 Laurentii;
1564 3476 1655 3550 qui
1673 3467 1713 3530 ἀ
1737 3472 1880 3530 dicto
1901 3478 2141 3550 episcopo
2182 3477 2247 3531 de

738 3547 1058 3594 monasterio

1087 3551 1193 3615 suo
1229 3538 1424 3606 ejecta:
1449 3545 1520 3598 ad
1561 3538 1734 3599 sedem
1779 3538 2122 3616 apostolicam
2151 3563 2248 3617 ap-

735 3605 1046 3676 pellaverat.
1087 3606 1091 3610 ’
1139 3606 1147 3615 ’
1251 3605 1260 3606 ί
1619 3645 1621 3647 ι

706 3774 710 3777 .
737 3717 1048 3774 ϐιεθοιιιτε
1067 3726 1377 3800 cpiscopus,
1403 3739 1595 3779 servus
1621 3739 1904 3778 servorum
1934 3723 2050 3790 Dei,
2082 3723 2248 3780 Hear-

669 3807 846 3863 u‘muo
903 3805 1131 3864 Metensi
1193 3811 1468 3883 episcopo,
1518 3813 1748 3868 salutem
1795 3821 1848 3868 et
1896 3814 2248 3883 apostolicam

669 3896 1122 3966 benedictionem.
1185 3959 1189 3963 ,
1633 3971 1636 3979 ,

741 3983 1098 4051 Praesentium
1150 3990 1379 4058 portitor
1439 3991 1746 4046 litterarum
1793 3987 2039 4062 Vulpodo
2083 3993 2251 4050 abbas

671 4078 988 4156 montst‘erii
1026 4081 1198 4134 sancti
1243 4079 1523 4136 Laurentii
1558 4079 1744 4136 Leodii
1791 4083 1856 4136 ad
1903 4098 2002 4137 nos
2027 4083 2252 4140 veniens

671 4166 857 4220 multis
893 4169 1381 4237 supplicationibus
1428 4185 1529 4227 nos
1558 4171 1802 4227 exoravit
1828 4181 2098 4241 quatenus
2126 4188 2250 4228 cum

670 4254 814 4325 apud
844 4255 1159 4326 episcopum
1189 4255 1565 4326 Lcodiensem,
1597 4263 1690 4332 qui
1721 4277 1847 4317 eum
1883 4263 1950 4318 de
1977 4273 2254 4320 monaste-

613 4384 625 4391 .
671 4344 755 4399 rio
777 4360 877 4400 suo
903 4346 1155 4416 eiecerat,
1186 4356 1245 4402 ut
1269 4347 1591 4404 clementius
1618 4351 1672 4404 in
1702 4352 1855 4406 illum
1883 4363 2085 4424 ageret,
2125 4372 2256 4425 apo-

661 4435 880 4490 .Stolicis
929 4437 1325 4496 interventibus
1362 4441 1678 4510 iuraremus
1707 4461 1720 4497 :
1769 4451 1979 4497 tantum
2008 4443 2164 4499 nobis
2189 4445 2256 4500 de

674 4543 840 4582 causa
866 4543 962 4583 sua
994 4529 1242 4585 indicans
1270 4532 1416 4600 quod
1444 4533 1511 4586 de
1536 4533 1762 4602 objectis
1787 4535 1889 4590 sibi
1932 4536 2256 4605 respondere

676 4627 904 4687 paratus
950 4618 1143 4687 fuerit;
1191 4621 1284 4677 sed
1323 4622 1522 4692 legales
1549 4623 1909 4692 respondendi
1957 4634 2011 4678 et
2057 4641 2256 4696 expur-

674 4709 836 4779 gandi
867 4725 925 4764 se
952 4711 1200 4767 inducias
1227 4714 1425 4770 habere
1455 4714 1765 4771 nullatenus
1803 4716 2059 4785 potuerit,
2082 4706 2256 4786 quan-

677 4815 840 4868 quam
869 4801 1104 4856 eas‘sub
1148 4803 1430 4857 vocatione
1455 4804 1625 4859 divini
1660 4804 1896 4861 nominis
1929 4813 1984 4859 et
2011 4814 2257 4874 respectu

675 4888 816 4942 beati
855 4887 997 4943 Petri
1037 4892 1334 4960 quaesierit.
1375 4891 1678 4962 Episcopus
1713 4904 1892 4950 autem
1922 4895 2075 4965 prius
2102 4895 2258 4966 nobis

615 5009 624 5018 ι
676 4977 731 5029 in
760 4978 983 5046 epistola
1017 4995 1114 5034 sua
1152 4981 1400 5050 quaedam
1430 4981 1649 5052 indigna
1678 4983 1746 5038 de
1773 4984 1893 5053 ejus
1935 4985 2146 5040 actibus
2175 4986 2259 5041 in-

675 5066 967 5124 dicaverat.
1013 5067 1084 5124 Ut
1127 5070 1290 5140 igitur
1319 5072 1372 5126 in
1404 5074 1506 5129 hac
1533 5072 1884 5145 ambiguitate
1913 5074 2089 5128 neutri
2115 5077 2257 5144 quod

670 5158 881 5228 iustum
913 5171 996 5215 est
1029 5163 1300 5234 denegare
1335 5162 1636 5230 videamur,
1679 5163 2072 5222 fraternitatem
2111 5175 2259 5222 tuam

677 5265 956 5321 rogamus,
993 5261 1048 5307 et
1076 5254 1371 5323 apostolica
1402 5255 1726 5310 auctoritate
1766 5266 1826 5312 ut
1855 5257 1996 5312 hanc
2037 5274 2257 5314 causam

679 5343 942 5413 suscipiat
985 5346 1365 5412 admonemus,
1409 5355 1463 5401 et
1487 5361 1609 5402 eam
1638 5346 1882 5418 diligenti
1911 5349 2260 5419 inquisitione

681 5433 1053 5504 percognitam
1086 5451 1152 5491 eo
1192 5436 1384 5492 ordine
1421 5453 1531 5506 quo
1559 5437 1820 5492 canonica
1850 5437 2094 5492 instituta
2124 5455 2260 5509 pra:-

682 5525 891 5593 cipiunt
929 5527 1153 5580 tractari
1179 5534 1234 5581 et
1273 5526 1486 5583 deliniri
1534 5527 1736 5584 faciat:
1773 5544 2075 5598 procurans
2107 5531 2261 5599 equi-

683 5612 808 5668 dem
839 5625 899 5669 ut
937 5617 1039 5673 iste
1072 5633 1198 5672 cum
1229 5627 1379 5674 tanto
1415 5619 1784 5674 moderamine
1813 5628 1869 5674 ct
1911 5619 2014 5674 sibi
2043 5635 2261 5675 conser-

627 5772 630 5778 ι
686 5715 811 5760 vata
845 5707 1058 5776 iustitia
1107 5710 1173 5764 ad
1227 5709 1560 5766 audientiam
1609 5711 1948 5776 admittatur,
1993 5720 2261 5781 quatenus

689 5812 795 5851 non
842 5799 1114 5854 incassum
1167 5801 1516 5870 apostolicam
1571 5803 1996 5859 misericordiam
2048 5811 2096 5857 et
2142 5803 2261 5872 ejus

691 5889 953 5959 suilragia
971 5892 1232 5963 qtia'sissc
1260 5894 1525 5950 videatur.

2354 754 2562 810 decima
2589 755 2796 826 quinta.
3011 789 3017 794 -

2792 917 2806 924 _
2857 842 3196 902 EPISTOLA
3231 833 3396 903 x'xn.

2541 961 2553 969 ·
2651 951 2719 991 ΑΙ)
2757 951 3000 992 ιιιιοοκειι
3038 951 3327 992 ενιεεορωι
3374 953 3621 995 υιεκεει.

2939 1025 3121 1098 (Anno
3157 1024 3343 1097 1077.)
3433 1034 3442 1040 ν·
3640 1012 3646 1019 ’

2355 1111 2611 1182 Ρνωεῦρὶι
2627 1121 2691 1198 χι
2719 1121 3030 1195 congregata
3057 1113 3258 1198 synodo
3285 1115 3644 1198 episcoporum
3673 1114 3904 1198 Francia

2426 1179 2591 1257 causa
2623 1179 3018 1257 Cameracensis
3065 1179 3218 1257 electi
3269 1179 3634 1257 discutiatur,
3656 1187 3748 1257 qui
3800 1198 3903 1257 post

2422 1251 2508 1306 sui
2541 1249 2832 1332 legitimam
2844 1251 3156 1334 electionem
3187 1253 3548 1334 inrestituram
3581 1249 3646 1308 ob
3667 1249 3905 1334 'Ileu'rico

2355 1390 2358 1393 Α
2425 1336 2541 1393 rege
2581 1330 2878 1390 acceperat,
2924 1330 2945 1374 ξ
2981 1337 3174 1376 noram
3209 1331 3262 1376 et
3295 1338 3462 1394 regem
3500 1330 3907 1380 escommum‘ca-

2426 1399 2558 1472 tum,
2587 1398 2640 1444 et
2678 1336 2979 1514 hujusrutﬁ
3010 1391 3372 1472 iurestiturqur
3395 1407 3430 1445 α
3539 1393 3718 1514 utjﬁce
3743 1392 3908 1477 prohi-

2425 1456 2608 1514 bitam.
2635 1456 2789 1514 Quod
2825 1473 2872 1514 τι
2937 1468 2992 1513 to
3025 1475 3136 1514 esse
3179 1407 3536 1514 tantum}:
3565 1479 3598 1514 α
3653 1474 3906 1514 mortem.

2425 1456 2610 1532 bilem.
2635 1456 2789 1532 Quod
2822 1460 2872 1514 si
2905 1456 3136 1532 ‘r'ta_esse
3169 1456 3521 1532 jurejurando
3565 1456 3906 1532 alimur-terit,

2421 1527 2537 1597 ejus
2560 1527 2862 1600 electionem
2889 1527 3211 1600 conﬁgunt:
3249 1527 3462 1600 vultque
3492 1539 3552 1584 ut
3594 1527 3656 1585 in
3697 1527 3907 1588 concilio

2425 1596 2602 1670 causa
2633 1596 3010 1670 nonnullarum
3035 1596 3403 1670 Ecclesiaruut
3422 1600 3766 1670 deﬁniuntur,
3792 1601 3910 1658 Clu-

2425 1666 2684 1739 niacensi:
2714 1667 2876 1739 abbas
2903 1668 2974 1721 ad
2996 1668 3254 1739 synodum
3274 1666 3604 1739 vocetur-pro
3631 1666 3911 1726 Arvernu-

2423 1737 2498 1790 sis
2533 1734 2788 1792 Ecclesia
2813 1753 3008 1803 causa;
3026 1734 3093 1790 ἰι
3133 1737 3274 1791 inter
3319 1734 3531 1792 cratere
3557 1738 3819 1794 decretum
3851 1741 3908 1797 de

2421 1819 2526 1870 non
2548 1807 2864 1876 accipiendis
2887 1806 3213 1862 investituris
3238 1822 3272 1860 ο
3297 1805 3452 1861 laici:
3476 1809 3847 1881 promulgatur.

2423 1896 2732 1954 Caesonius
2757 1897 3068 1968 episcopus,
3099 1911 3293 1954 servus
3333 1906 3616 1954 servorum
3646 1897 3767 1965 Dei,
3809 1897 3912 1956 Bu-

2285 1987 2327 2042 B
2351 1996 2474 2042 cost
2509 1987 2805 2044 venerabili
2841 1987 3028 2044 Diensi
3051 1988 3329 2060 episcopo,
3364 1986 3596 2044 salutem
3623 1995 3680 2045 et
3703 1998 3913 2060 aposto-
4008 2005 4009 2016 π

2349 2077 2509 2134 licam
2537 2079 2985 2137 benedictionem.

2419 2169 2694 2226 Gerardus
2737 2170 3150 2228 Cameracensis
3193 2172 3403 2228 electus
3445 2172 3512 2233 ad
3559 2187 3662 2228 nos
3698 2172 3913 2231 veniens

2349 2260 2584 2328 qualiter
2605 2259 2666 2314 in
2699 2261 2890 2316 eadem
2933 2260 3316 2316 Cameracensi
3365 2261 3608 2319 Ecclesia
3637 2263 3705 2318 ad
3743 2252 3911 2318 locum

2350 2338 2630 2420 regiminis
2659 2351 2968 2422 assignatus
2998 2351 3069 2406 sit
3095 2359 3344 2421 prompta
3381 2351 3540 2407 nobis
3578 2351 3914 2408 confessione

2349 2440 2736 2508 manifestavit,
2764 2457 2876 2498 non
2895 2431 3170 2513 denegans
3205 2450 3329 2513 post
3363 2440 3560 2496 factam
3583 2441 3719 2497 cleri
3739 2451 3792 2496 et
3824 2459 3912 2513 po-

2346 2535 2460 2602 puli
2487 2534 2804 2590 eleetionem
2831 2533 3034 2589 donum
3063 2533 3410 2603 episcopatus
3436 2533 3506 2588 ab
3529 2531 3764 2587 Heinrieo
3797 2548 3912 2603 rege

2350 2639 2408 2679 se
2455 2625 2729 2694 accepisse
2767 2643 2780 2678 :
2835 2623 3206 2679 defensionem
3263 2631 3443 2678 autem
3495 2639 3822 2694 proponens,
3863 2633 3912 2678 et

2349 2715 2580 2770 multum
2632 2714 2790 2770 nobis
2840 2714 3095 2780 ollerens,
3139 2729 3198 2768 se
3256 2729 3435 2783 neque
3477 2714 3759 2768 decretum
3819 2729 3910 2768 no-

2349 2817 2524 2862 strum
2550 2807 2619 2863 de
2661 2805 3024 2876 prohibitione
3070 2793 3382 2876 huiusmodi
3429 2804 3781 2875 acceptionis,
3818 2821 3912 2860 nec

2348 2896 2526 2968 ipsum
2563 2895 2857 2951 Henricum
2899 2910 3082 2966 regem
3128 2911 3159 2950 a
3203 2896 3362 2951 nobis
3387 2894 3908 2951 ex‘wmmunicatum

2347 2985 2538 3052 fuisse,
2566 2987 2748 3059 aliqua
2777 2995 2923 3041 certa
2959 2982 3398 3040 manifestatione
3439 2985 3777 3056 cognovisse.
3817 2983 3909 3040 Cui

2348 3093 2472 3134 cum
2507 3093 2610 3134 nos
2647 3077 2904 3148 congruis
2955 3075 3257 3132 rationibus
3297 3075 3710 3132 ostenderemus
3754 3090 3908 3145 quam

2347 3183 2510 3240 grave
2535 3166 2897 3233 esset,.etiam
2922 3166 3070 3221 omni
3105 3166 3410 3235 ignorantia
3447 3179 3574 3222 eum
3602 3168 3909 3228 excusante,

2347 3266 2549 3314 sanctae
2580 3255 2895 3328 apostolicae
2945 3255 3090 3311 sedis
3140 3255 3398 3326 synodale
3417 3255 3695 3311 decmtum
3742 3263 3912 3309 trans-

2347 3350 2518 3421 gredi,
2564 3359 2620 3405 et
2673 3346 2987 3418 huiusmodi
3037 3343 3452 3417 participatione
3514 3359 3641 3399 cum
3695 3342 3908 3399 homine

2346 3439 2817 3496 excommunicam
2873 3437 3297 3502 comniaeulari,
3353 3437 3423 3492 ad
3471 3433 3921 3492 satisfaciendum.

2346 3541 2630 3603 promptus
2651 3532 2855 3588 donum
2890 3529 3036 3604 quod
3069 3529 3346 3599 accepisse
3374 3528 3528 3584 visus
3555 3535 3640 3583 est
3659 3525 3915 3582 continuo

2263 3676 2266 3677 ν
2347 3625 2404 3678 in
2432 3638 2628 3678 manus
2654 3631 2871 3678 nostras
2895 3619 3167 3687 refutavit,
3194 3629 3250 3674 et
3269 3618 3494 3674 omnino
3517 3632 3740 3673 causam
3767 3631 3913 3671 suam

2349 3727 2537 3770 nostro
2574 3713 2780 3785 judicio
2813 3728 2940 3768 cum
2981 3711 3068 3768 sui
3097 3710 3273 3782 ipsius
3312 3709 3383 3766 ad
3407 3724 3626 3766 omnem
3668 3708 3915 3772 volunta-
4008 3749 4009 3758 χ

2317 3816 2458 3866 .tem
2487 3814 2728 3861 nostram
2776 3803 3114 3874 subiectione
3163 3810 3220 3858 et
3265 3800 3619 3859 obauditione
3675 3797 3912 3869 reliquit.
4008 3831 4009 3838 η

2346 3897 2455 3952 Pro
2481 3897 2640 3966 cuius
2683 3893 3080 3960 humiliatione,
3108 3900 3164 3947 et
3191 3891 3426 3946 maxime
3463 3890 3722 3970 quoniam
3758 3903 3918 3944 cano-
4008 3917 4009 3934 χ

2350 3989 2528 4044 uicam
2568 3985 2887 4041 electionem
2919 3984 2973 4038 in
3002 3998 3068 4054 eo
3096 3982 3439 4052 praecessisse
3483 3980 3819 4046 audivimus,
3853 3979 3914 4033 ad

2350 4076 2782 4133 misericordiam
2803 4076 2937 4131 moti
2959 4089 3171 4140 sumus,
3191 4082 3265 4140 et,
3295 4072 3487 4129 conﬁsi
3519 4073 3577 4127 in
3597 4069 3916 4127 testimonio
4008 4147 4009 4150 η

2351 4167 2496 4237 quod
2521 4167 2768 4222 nonnulli
2810 4165 3149 4222 confratrum
3201 4173 3515 4219 nostrorum
3541 4163 3917 4234 episcoporum

2354 4273 2478 4312 cum
2510 4257 2695 4314 multis
2723 4273 2822 4328 pro
2848 4272 2915 4312 eo
2958 4254 3447 4326 supplicationibus
3474 4255 3541 4309 ad
3565 4269 3667 4310 nos
3694 4269 3796 4336 per
3810 4253 3925 4324 epi-
4008 4329 4009 4336 γ

2353 4349 2520 4404 stolas
2564 4364 2693 4403 suas
2740 4348 3077 4413 direxerant,
3129 4346 3378 4402 videlicet
3405 4347 3551 4416 quod
3578 4346 3700 4416 eius
3726 4335 3922 4416 praece-
4008 4379 4009 4382 η

2355 4437 2491 4492 dens
2515 4437 2623 4491 vita
2644 4446 2700 4492 et
2736 4436 3079 4491 conversatio
3109 4436 3339 4489 multum
3372 4435 3601 4490 honesta
3639 4443 3696 4490 et
3739 4435 3920 4489 lauda-

2357 4525 2480 4581 bilis
2522 4526 2703 4592 fuerit,
2727 4527 2794 4582 ad
2816 4525 3210 4596 promotionem
3241 4525 3363 4594 eius
3388 4525 3640 4581 discretae
3677 4525 3920 4580 modera-

2359 4617 2522 4672 tionis
2563 4619 3000 4674 consideratione
3041 4632 3328 4672 assensum
3358 4616 3598 4686 pmbere
3635 4629 3748 4670 non
3789 4613 3919 4676 iudi—
4008 4607 4009 4664 ξ

2357 4723 2521 4779 gnum
2534 4707 2812 4765 duximus.
2837 4708 3087 4762 Attamen
3111 4706 3732 4776 neistudaliis,quorum
3763 4719 3918 4788 causa
4008 4691 4009 4696 “

2354 4807 2409 4853 et
2437 4801 2782 4866 conversatio
2805 4798 2934 4854 huic
2954 4798 3112 4868 longe
3133 4796 3416 4852 dissimilis
3445 4805 3502 4852 et
3527 4797 3704 4868 impar
3724 4798 3921 4853 consti-

2358 4892 2502 4958 terit,
2535 4893 2604 4946 ad
2630 4892 2938 4962 exemplum
2963 4890 3048 4945 vel
3074 4888 3420 4946 occasionem
3439 4891 3746 4961 quaerenda
3764 4889 3920 4945 mise-
4008 4871 4009 4918 ³

2358 4984 2605 5039 ricordiae
2651 4984 2706 5038 in
2750 4970 3028 5054 posterum
3070 4979 3186 5036 fore
3214 4981 3510 5050 debuisset,
3544 4981 3678 5037 illud
3724 4981 3924 5036 consti:
4008 5051 4009 5056 η

2359 5077 2583 5143 tuimus,
2621 5083 2684 5130 ut
2731 5090 2914 5130 coram
2953 5084 3005 5130 te
3043 5081 3097 5127 et
3134 5071 3404 5129 eonfratre
3442 5081 3632 5128 nostro
3673 5068 3919 5125 Remensi

2359 5165 2769 5237 archiepiscopo
2803 5174 2859 5221 et
2896 5165 3019 5221 aliis
3067 5163 3616 5234 comprovin’eialibus
3654 5159 3921 5231 episcopis
3953 5163 3956 5166 ’
4008 5221 4009 5230 γ

2359 5255 2433 5323 ita
2453 5271 2513 5310 se
2539 5269 2637 5324 per
2657 5263 3059 5311 sacramentum
3082 5268 3314 5324 purgare
3333 5253 3548 5318 debeat,
3560 5251 3710 5321 quod
3731 5251 3783 5308 ei
3804 5259 3921 5306 ante

2359 5345 2724 5416 acceptionem
2757 5346 2926 5412 illam,
2957 5351 3032 5410 et,
3063 5351 3124 5399 ut
3157 5345 3378 5411 dicitur,
3416 5343 3796 5399 investituram
3815 5342 3897 5412 cpi

2359 5445 2616 5508 scopatus
2642 5437 2824 5508 regem
2845 5437 3374 5500 excommunicatum
3396 5433 3588 5502 fuisse,
3606 5444 3664 5491 et
3684 5433 3816 5490 illud
3834 5433 3920 5488 de-
4008 5435 4009 5508 ᾗ

2359 5536 2567 5582 cretum
2596 5534 2846 5582 nostrum
2887 5527 2954 5582 de
2981 5513 3347 5598 prohibitione
3377 5523 3754 5596 huiuscemodi
3779 5521 3919 5576 inve-

2359 5619 2554 5674 stiendi
2593 5627 2648 5674 et
2682 5617 2980 5688 accipiendi
3021 5610 3321 5684 Ecclesias,
3358 5632 3536 5689 neque
3563 5630 3661 5688 per
3694 5617 3916 5686 legatum

2360 5713 2629 5772 nostrum,
2660 5722 2837 5776 neque
2857 5707 2926 5760 ab
2953 5705 3132 5774 aliqua
3155 5704 3384 5776 persenti
3418 5718 3624 5776 quaeso
3643 5703 3731 5764 his
3757 5713 3918 5760 statu-

2360 5799 2429 5852 tis
2457 5796 2767 5851 interfuisse
2794 5779 2942 5850 etea
2979 5795 3196 5851 audisse
3239 5796 3520 5874 fateretur,
3563 5793 3917 5867 signiﬁcatum

2262 5949 2264 5951 ,
2360 5899 2410 5945 et
2441 5883 2810 5943 indubitanter
2851 5887 3186 5942 notitieatum
3226 5886 3407 5942 fuerit.
3461 5885 3804 5958 Quapropter
3833 5882 3930 5939 adv
