4218 6388
375 488 488 542 47⁸1

1419 481 1618 537 LIBER
1653 476 1997 549 QUARTUS.
2031 507 2099 518 -
2135 475 2349 535 EPIST.
2391 480 2574 539 xxm.

3511 489 3614 544 478

379 614 678 655 mouemus
715 587 1108 654 fraternitatem
1148 604 1294 673 tuam
1327 605 1386 650 ut
1413 595 1699 650 (oaziliutn
1740 596 1792 647 in
1833 609 1956 663 par-
1983 593 2028 648 Δ
2054 593 2310 660 positioni
2357 595 2606 650 cllectum
2638 597 2839 650 dederit
2869 639 2883 661 ,
2934 598 3072 651 inter
3120 607 3312 654 czctera
3362 617 3482 671 qua:
3521 611 3613 656 tua

375 694 534 749 tibus
561 693 669 748 illis
695 706 1000 748 convocare
1037 698 1092 744 et
1118 689 1391 743 celebrare
1430 687 1669 750 studeas,
1719 687 1951 740 maxime

373 786 608 855 quidem
635 800 764 840 cum
793 798 1059 840 consensu
1085 778 1391 836 et'consilio
1419 779 1560 848 regis
1597 777 1948 841 Francorum,

377 874 436 929 si
465 874 582 930 fieri
613 882 812 945 potest.
845 873 904 929 Si
932 881 1110 928 autem
1140 870 1317 939 aliqua
1345 869 1628 925 occasione
1657 869 1708 921 in
1741 868 1790 921 id
1820 883 1952 921 con-

376 964 594 1020 sentire
621 965 877 1030 noluerit,
899 965 953 1018 in
994 961 1318 1032 Lingonensi
1350 959 1586 1015 Ecclesia
1625 967 1947 1014 com'entnm

376 1051 700 1110 celebrandi
723 1052 937 1109 concilii
967 1048 1239 1117 instituas‘,
1263 1059 1426 1119 atque
1455 1050 1557 1104 hoc
1578 1065 1701 1103 cum
1723 1050 1952 1118 consilio

372 1150 440 1198 α
476 1143 733 1213 prudenti
760 1143 1117 1216 dispositione
1151 1141 1336 1196 fratris
1375 1140 1547 1196 nostri
1591 1139 1950 1211 Lingouensis

372 1233 633 1304 episcopi
662 1233 856 1302 facias;
887 1235 1067 1291 sciens
1091 1231 1350 1304 quoniam
1380 1233 1434 1286 in
1461 1233 1714 1288 omnibus
1739 1232 1947 1287 fidelem

375 1321 690 1392 adjutonem
714 1333 768 1380 et
793 1333 1206 1394 cooperator-em
1235 1339 1342 1378 non
1373 1325 1548 1380 solum
1578 1323 1752 1391 nobis,
1776 1325 1952 1396 sedet

374 1411 458 1467 ibi
490 1414 672 1487 Uorte,
696 1417 812 1474 tibi.
841 1415 1059 1488 illam],
1082 1424 1137 1471 et
1167 1417 1420 1472 omnibus
1441 1417 1627 1488 legatis
1657 1417 1860 1472 nostris
1892 1433 1951 1472 sc

379 1500 650 1576 deinceps
686 1504 802 1562 fore
827 1506 1095 1578 promisit,
1143 1514 1198 1562 et
1225 1521 1324 1562 nos
1365 1506 1420 1561 in
1449 1521 1515 1560 co
1544 1507 1768 1560 multam
1797 1521 1946 1576 spem

381 1593 659 1652 habemus
685 1607 739 1654 et
763 1599 1033 1654 fiduciam.
1060 1597 1257 1653 Comes
1277 1597 1438 1652 etiam
1462 1596 1730 1653 Tebaldus
1757 1612 1852 1666 per
1873 1597 1949 1652 le-

375 1692 540 1756 gatos
573 1702 704 1744 suos
733 1689 976 1744 eamdem
1015 1687 1172 1743 nobis
1208 1686 1624 1757 promissionem
1649 1685 1795 1752 fecit,
1819 1694 1879 1739 ut
1902 1685 1947 1740 si

377 1791 476 1831 rex
507 1777 716 1848 legatos
733 1789 952 1844 nostros
971 1779 1210 1848 recipere
1230 1779 1416 1845 nollet,
1447 1777 1562 1849 ipse
1581 1794 1704 1833 cum
1734 1794 1947 1834 summa

373 1867 671 1924 devotione
697 1870 978 1939 reciperet,
1007 1879 1061 1924 et
1086 1871 1166 1926 eis
1205 1886 1421 1926 omnem
1451 1886 1614 1940 quam
1637 1880 1822 1940 posset
1851 1886 1948 1940 ap-

374 1957 665 2012 titudincm
689 1959 1354 2032 eclebrandisynodum,et
1371 1963 1733 2017 ecclesiastica
1756 1962 1946 2032 exqui-

373 2047 535 2104 rendi
563 2049 802 2119 negotia,
823 2051 1021 2117 locum,
1052 2052 1339 2106 consilium
1367 2053 1741 2123 auxiliumque
1767 2055 1941 2110 daret.

373 2135 550 2193 Stude
567 2153 701 2209 ergo
723 2148 784 2194 ut
809 2140 1088 2210 praefatum
1112 2142 1438 2198 confratrem
1469 2155 1714 2200 nostrum
1747 2146 1946 2216 Lingo-

373 2216 607 2283 nensem
648 2230 963 2301 episcopum
993 2235 1304 2300 convenias,
1335 2244 1389 2290 et
1415 2237 1690 2291 communi
1715 2239 1946 2293 consilio

372 2317 470 2372 ubi
509 2320 665 2376 vobis
706 2323 900 2379 melius
939 2324 1233 2391 videbitur,
1263 2327 1528 2397 synodum
1577 2328 1863 2395 instituitc,
1892 2340 1946 2386 et

371 2413 697 2466 convocatis
737 2412 867 2468 illuc
904 2415 1309 2486 archiepiscopo
1335 2403 1612 2484 Remi,
1640 2426 1695 2472 et
1735 2422 1945 2476 cancris

369 2509 650 2580 quotquot
676 2503 853 2570 possis
873 2487 1290 2574 arcliiepiscOpis
1311 2513 1364 2560 et
1383 2507 1650 2576 episcopis
1678 2507 1941 2575 Francite,

369 2591 560 2657 primo
605 2593 854 2647 omnium
890 2609 1110 2649 causam
1152 2611 1315 2664 supra
1363 2599 1646 2652 memorati
1682 2597 1940 2655 Camera-

323 2688 330 2693 '
370 2679 561 2735 censis
589 2680 747 2736 electi
792 2683 1066 2739 discutere
1099 2687 1339 2752 studeas,
1365 2686 1614 2742 videlicet
1653 2698 1712 2743 ut
1742 2705 1940 2745 secun-

2052 680 2364 737 fratcrnitas
2390 684 2593 753 agenda
2616 687 2854 754 suscepit
2875 687 2975 740 hoc
3000 688 3356 747 attentissime
3387 706 3614 760 perpen-

2049 776 2141 830 dat
2162 786 2215 831 et
2241 777 2722 848 exsequistudeat,
2749 787 2806 832 nt
2828 779 3164 849 congregatis
3184 781 3458 845 onmilns,
3484 790 3536 835 ct
3558 782 3612 834 in

2049 878 2318 944 conventu
2351 871 2734 936 residentibus,
2763 869 3047 925 manifesta
3077 879 3130 925 et
3163 872 3474 941 personanti
3519 871 3614 925 de-

2051 962 2391 1019 nuntiatione
2413 965 2702 1020 interdicat
2727 973 2806 1028 ut,
2837 968 2935 1033 pro
2957 964 3327 1018 conservanda
3361 963 3614 1031 deinceps

2027 1052 2102 1105 .in
2127 1057 2512 1123 promovendis
2537 1057 2806 1127 episcopis
2830 1056 3093 1110 canonica
3117 1063 3169 1110 et
3194 1054 3488 1125 apostolica
3515 1069 3596 1105 aut

2048 1145 2317 1214 ctorilatc,
2354 1149 2536 1203 nullus
2574 1149 3134 1219 metropolitanorum,
3159 1156 3252 1201 aut
3293 1147 3468 1216 quivis
3495 1144 3614 1212 epi-

2047 1253 2359 1310 scoporum,
2404 1241 2588 1305 alicui,
2621 1241 2715 1310 qui
2763 1257 2793 1293 a
2839 1240 2974 1294 laiea
3009 1253 3239 1308 persona
3272 1236 3475 1291 donum
3501 1235 3614 1304 epi-

2047 1338 2302 1399 scopatus
2335 1332 2655 1401 susceperit,
2685 1330 2750 1384 ad
2788 1327 3217 1383 consecrandum
3251 1317 3402 1380 illum
3442 1325 3616 1393 impn-

2047 1437 2177 1476 uere
2199 1437 2418 1476 manum
2452 1421 2669 1486 audeat,
2707 1421 2812 1476 nisi
2835 1419 3112 1490 dignitatis
3135 1434 3246 1472 sua:
3273 1418 3478 1486 honore
3499 1414 3618 1467 olli-

2046 1515 2241 1584 cioquc
2261 1531 2446 1570 carere
2477 1523 2530 1568 et
2561 1514 2674 1583 ipse.
2707 1513 2850 1566 velit.
2889 1511 3150 1566 Similiter
3175 1509 3340 1563 etiam
3381 1515 3439 1560 ut
3471 1505 3614 1558 nulla

2045 1615 2308 1676 potestas,
2331 1614 2426 1661 aut
2448 1606 2629 1674 aliqua
2655 1619 2906 1674 persona.
2933 1602 3000 1656 dc
3035 1598 3348 1669 huiusmodi
3392 1596 3617 1650 honoris

2045 1699 2340 1756 donatione
2379 1709 2462 1752 vet
2507 1697 2820 1766 acceptione
2874 1692 3101 1748 ulterius
3150 1706 3209 1746 se
3255 1688 3618 1743 intromittcre

2044 1793 2254 1849 debeat.
2289 1791 2444 1859 Quod
2489 1807 2535 1846 Si
2568 1787 2975 1860 przcsumpserit
2998 1827 3014 1852 ,
3045 1785 3232 1839 eadem
3263 1777 3528 1834 sententia
3562 1786 3616 1830 et

1981 1919 2020 1973 Β
2046 1883 2533 1940 animadversionis
2587 1896 2818 1957 censura
2868 1893 3031 1950 quam
3085 1878 3278 1931 beatus
3345 1871 3616 1925 Adrianus

2047 1991 2205 2046 papa,
2232 1976 2286 2030 in
2315 1984 2504 2029 octava
2529 1973 2736 2046 synodo
2766 1973 2877 2043 (an.
2906 1970 3020 2038 2'2),
3042 1969 3108 2022 de
3133 1963 3442 2036 hujnsmndi
3473 1979 3613 2032 pne-

2047 2067 2419 2137 sumptoribus
2486 2063 2542 2121 ct
2603 2081 2773 2120 sacrze
2814 2060 3157 2117 auctoritatis
3200 2054 3620 2125 corruptoribus

2045 2158 2233 2212 statuit
2265 2166 2427 2226 atque
2461 2157 2715 2220 firmavit,
2753 2171 2814 2209 se
2844 2154 3129 2212 astrictum
3157 2165 3222 2204 ae
3251 2149 3474 2218 ligatum
3501 2145 3616 2198 fore

2045 2257 2356 2318 cognoscat.
2375 2229 2504 2313 Quo
2527 2247 2764 2316 capitulo
2787 2245 3009 2314 scripto,
3036 2251 3198 2310 atque
3235 2242 3286 2293 in
3327 2236 3613 2308 praesentia

2045 2337 2288 2392 omnium
2314 2339 2472 2404 lecto,
2502 2339 2569 2393 ad
2595 2337 3045 2393 collaudationcm
3073 2342 3128 2388 ct
3147 2329 3613 2387 confirmationem

2042 2429 2160 2497 ejus
2183 2428 2496 2484 universum
2538 2411 2739 2484 castum
2784 2428 2929 2481 illius
2965 2438 3258 2480 consessus
3296 2421 3511 2476 admoni
3530 2431 3611 2470 as.

2043 2518 2151 2573 Eos
2185 2527 2365 2573 autem
2400 2519 2493 2588 qui
2524 2527 2649 2588 post
2688 2518 3009 2573 recensitam
3046 2531 3076 2569 a
3113 2514 3270 2568 nobis
3319 2510 3483 2579 hujus
3516 2507 3613 2560 dc-

2041 2607 2172 2662 creti
2196 2609 2574 2663 auctoritatem
2603 2609 2981 2663 investituram
3005 2606 3352 2675 episeopatus
3378 2614 3472 2670 per
3495 2611 3614 2651 ma-

2041 2715 2144 2753 nus
2165 2702 2509 2755 saecularium
2534 2700 2967 2756 dominorum'et
2991 2689 3323 2768 potestatum
3357 2703 3616 2758 suscepe-

368 2767 510 2842 d‘lm.
557 2773 926 2842 ΡΓπδετῘΡῑθηι
977 2777 1302 2832 sacramenti
1347 2778 1848 2835 ἀυῐθΐῐηίηειὶοηρηι
1884 2799 1941 2839 sc
2039 2799 2188 2856 runt,
2225 2800 2280 2845 et
2311 2793 2404 2861 qui
2436 2793 2516 2848 eis
2547 2793 2614 2858 in
2648 2767 3048 2847 ordinationem
3082 2802 3304 2843 manum
3336 2785 3616 2852 imponere

367 2873 564 2914 coram
595 2864 847 2920 omnibus
864 2877 1155 2940 expurget;
1183 2879 1237 2924 et
1263 2871 1502 2940 insuper,
1537 2887 1604 2927 nc
1633 2873 1684 2926 in
1710 2884 1938 2931 mortem
2038 2890 2521 2950 praesumpserunt,
2549 2882 2616 2936 ad
2641 2899 2744 2936 nos
2771 2883 2946 2951 super
2968 2882 3070 2934 hac
3101 2893 3160 2932 re
3190 2867 3612 2931 rationem'rcd-

369 2948 531 3005 illius
558 2953 652 3021 qui
681 2954 734 3008 in
775 2955 950 3025 ignem
977 2960 1249 3029 projectus
1273 2968 1357 3015 est
1382 2963 1738 3030 consenserit,
1761 2964 1814 3018 in
1847 2981 1938 3020 eo-
2035 2971 2249 3026 dituros
2277 2948 2487 3026 venire
2537 2948 2855 3042 apostolica-
2885 2970 3210 3025 aueuuritate
3262 2973 3615 3020 commoneas

366 3040 504 3130 dem
545 3058 606 3097 se
629 3041 990 3104 ‘sacramenm
1014 3049 1283 3105 defendat.
1315 3050 1468 3118 Quod
1510 3053 1554 3106 si
1585 3051 1784 3108 factum
1816 3055 1937 3130 fue-

365 3129 470 3194 rit,
535 3135 922 3200 praecedentem
973 3139 1092 3209 ejus
1148 3141 1462 3197 electionem
1510 3144 1934 3202 confirmandam

2035 3071 2199 3131 atque
2226 3063 2527 3132 praecipias.

2079 3137 2234 3208 .Data
2279 3154 2434 3223 juxta
2464 3154 2692 3220 Padum,
2727 3156 2780 3209 in
2824 3143 2948 3208 loco
2972 3150 3087 3222 "qui
3113 3149 3313 3204 dicitur
3337 3140 3610 3204 Ficarolo,

363 3235 512 3315 955‘:
530 3225 823 3290 προδιοιίοθ
862 3229 1230 3300 moderatione
1254 3233 1618 3300 decernimus.
1647 3246 1700 3291 ει
1737 3245 1789 3292 ιο
1819 3253 1941 3293 cum
1970 3245 2012 3302 C
2043 3254 2240 3315 quarto
2273 3244 2397 3300 ldus
2423 3244 2571 3313 Maii,
2595 3247 2891 3303 indictione
2911 3244 3122 3301 decima
3147 3241 3356 3312 quinta.

296 3323 306 3330 ‘
365 3305 652 3368 cunfratre
673 3318 861 3373 nostro
880 3317 1133 3400 Demensi
1157 3323 1562 3394 archiepiscopo
1583 3327 1648 3380 de
1667 3328 1786 3396 ejus
1811 3344 1943 3384 con-

363 3402 700 3469 scontione,
748 3416 908 3474 prout
951 3419 1201 3478 oportet,
1230 3403 1468 3482 statuere
1511 3415 1785 3482 volumus,
1833 3419 1939 3474 nisi

363 3490 520 3546 forte
560 3493 663 3548 alia
689 3495 791 3550 sibi
820 3513 940 3567 qua:
970 3474 1069 3556 nos
1096 3474 1413 3572 ignor/amus
1449 3474 1785 3574 obstiterint;
1817 3524 1940 3578 qua:

361 3589 558 3637 tamen
601 3584 655 3638 in
683 3589 1016 3655 providentia
1055 3585 1235 3669 vestra
1279 3587 1634 3650 examinanda
1676 3598 1938 3669 relinqui-

365 3685 523 3726 mus.
551 3670 684 3730 lllnd
709 3677 837 3734 vero
865 3674 1160 3736 commune
1179 3665 1383 3738 malum
1412 3699 1548 3754 pene
1571 3687 1738 3742 totius
1759 3665 1936 3753 terim,

363 3763 626 3822 videlicet
652 3770 796 3838 quod
823 3771 1012 3828 altaria
1040 3775 1366 3842 venduntur,
1395 3787 1448 3832 et
1466 3779 1609 3847 quod
1645 3779 1747 3835 iste
1774 3783 1937 3836 etiam

366 3853 433 3908 in
465 3855 635 3914 officio
659 3861 745 3916 sui
769 3865 1238 3926 archidiacouatus
1264 3883 1322 3924 se
1343 3867 1538 3925 fecisse
1561 3886 1666 3926 non
1688 3872 1935 3944 denegat,

361 3957 447 3999 ne
467 3945 720 4018 deinceps
745 3953 856 4019 ﬁat,
894 3965 1003 4010 tam
1044 3958 1190 4025 huic,
1218 3975 1382 4029 quam
1425 3962 1636 4017 caeteris
1662 3965 1936 4030 omnibus,

364 4030 706 4120 interdicito.
734 4038 809 4095 De
829 4052 1026 4100 caetero
1043 4048 1399 4106 admonemus
1410 4051 1750 4108 dilectionem
1768 4063 1936 4120 tuam,

363 4121 442 4176 ut
461 4124 697 4196 reliquas
726 4143 920 4194 causas
935 4142 988 4188 et
1008 4127 1240 4206 negotia,
1261 4139 1509 4194 videlicet
1525 4139 1939 4200 Catalaunensis

363 4211 635 4284 episcopi,
673 4211 1025 4280 Carnotensis
1059 4223 1334 4293 Ecclesiae,
1372 4227 1699 4297 Anicicnsis,
1735 4230 1935 4288 Arver-

365 4305 583 4372 nensis,
617 4324 718 4364 nec
751 4325 857 4365 non
895 4317 1206 4372 monasterii
1250 4317 1433 4374 Sancti
1471 4320 1729 4394 Dionysii,
1751 4312 1936 4379 et'alia

364 4409 500 4484 qua:
535 4401 844 4456 necessaria
879 4405 1257 4464 ecclesiastica:
1299 4409 1543 4482 religioni
1593 4416 1938 4484 apparuerint

364 4498 479 4554 pro
513 4490 808 4547 commissa
837 4495 933 4550 tibi
963 4497 1080 4554 vice
1122 4511 1327 4566 nostra,
1352 4513 1612 4573 quantum
1648 4505 1758 4561 Deo
1786 4510 1938 4563 auxi-

365 4573 543 4631 liante
588 4584 850 4651 potueris,
879 4587 951 4642 ita
991 4589 1276 4662 diligenter
1313 4585 1548 4650 tractare
1593 4604 1646 4650 et
1679 4598 1745 4652 ad
1775 4597 1958 4656 finem.

363 4665 673 4760 perducere
695 4673 936 4760 studeas,
976 4691 1243 4748 quatenus
1280 4684 1335 4738 in
1362 4685 1441 4740 eis
1464 4694 1648 4740 nostra
1684 4688 1937 4760 deinceps

365 4755 547 4845 possit
587 4759 897 4819 sollicitudo
942 4776 997 4822 et
1033 4769 1191 4842 longa
1228 4773 1472 4845 fatigatio
1502 4777 1792 4832 sublevari.
1830 4755 1936 4835 vi)-

365 4843 560 4937 Iunius
601 4848 768 4934 etiam
811 4861 872 4908 ut
915 4854 1136 4912 fratrem
1171 4843 1416 4916 nostrum
1461 4863 1738 4937 llugonem
1771 4885 1935 4926 vene-

366 4934 600 4991 rabilem
674 4937 1086 5013 Cluniacensem
1158 4949 1404 5006 abbatem
1485 4934 1660 5011 tecum
1732 4963 1938 5030 synodo

362 5025 640 5085 interesse
668 5046 734 5086 ex
758 5043 939 5089 nostra
963 5046 1112 5106 parte
1142 5041 1417 5118 convitare
1439 5048 1680 5114 rogando
1711 5025 1776 5103 et.
1796 5053 1936 5106 mul-

365 5120 489 5173 tum
513 5119 770 5177 instando
793 5140 1078 5194 procures,
1093 5143 1216 5187 cum
1241 5140 1460 5202 propter
1483 5133 1584 5189 alia
1605 5139 1792 5205 multa,
1820 5149 1934 5197 tum

367 5208 618 5298 maxime,
656 5222 720 5267 ut
755 5224 918 5272 causa
943 5217 1298 5277 Arvernensis
1323 5221 1577 5282 Ecclesiae
1612 5235 1934 5298 competenti

369 5303 431 5388 et
454 5296 621 5388 arma
651 5302 1098 5366 determinatione
1129 5328 1252 5367 cum
1287 5313 1381 5369 Dei
1409 5307 1470 5370 et.
1496 5316 1642 5374 illius
1667 5296 1937 5388 adjutorio

369 5382 616 5444 ﬁniatur.
652 5391 987 5456 Conﬂdimus
1032 5403 1174 5458 enim
1215 5405 1268 5460 in
1314 5407 1681 5462 misericordia
1715 5382 1848 5476 Dei,
1883 5424 1938 5468 et

369 5479 790 5572 conversatione
811 5486 936 5544 vita:
960 5492 1079 5562 ejus
1103 5535 1118 5561 ,
1166 5497 1312 5566 quod
1348 5498 1547 5555 nullius
1591 5497 1894 5570 deprecatio
1919 5547 1934 5572 ,

365 5564 580 5660 nullius
604 5565 763 5625 favor
789 5583 884 5629 aut
906 5582 1074 5648 gratia
1093 5624 1108 5649 ,
1138 5564 1239 5640 nec
1273 5587 1451 5658 aliqua
1489 5564 1714 5659 prorsus
1745 5564 1934 5660 perso;

333 5655 515 5728 qualis
539 5661 789 5732 acceptio
818 5677 941 5721 cum
959 5685 1007 5737 ,a
1041 5676 1277 5731 tramitte‘
1307 5655 1639 5736 rectitudinis
1661 5655 1936 5740 dimovere
1993 5695 1996 5699 ‘

369 5749 593 5828 poterit,
630 5749 688 5807 Si
716 5752 881 5825 igitur
906 5757 1083 5815 divina
1127 5766 1408 5851 clementia
1444 5771 1570 5827 huic
1605 5780 1802 5828 nostra!
1828 5775 1937 5859 dis;

283 6265 308 6275 ,ι
327 6239 460 6275 ᾖξε-ες.

2547 3336 2882 3392 EPISTOLA
2915 3334 3102 3389 XXIII.
3132 3382 3136 3384 .
3285 3411 3287 3418 η

2073 3444 2140 3488 AD
2175 3442 2488 3482 BERNARDU!
2523 3442 2810 3493 DIACONUH,
2849 3442 2920 3481 ΕΤ
2955 3438 3272 3479 BERNARDL'!
3311 3432 3572 3474 ΑΒΒΑΤΕΙ.

2620 3518 2801 3589 (Anno
2841 3515 3022 3586 l077.)
3594 3517 3597 3520 ’

2045 3603 2112 3658 Ut
2143 3605 2207 3658 ab
2242 3604 2472 3660 Henrico
2509 3617 2557 3660 et
2593 3607 2866 3676 Rodulpho
2912 3605 3116 3675 regibus
3167 3603 3278 3676 iter
3316 3609 3483 3653 tutum
3527 3614 3615 3676 pe-

2110 3685 2244 3740 tant,
2271 3686 2327 3728 ut
2358 3677 2426 3730 ad
2454 3667 2856 3731 Tcutonicorum
2881 3667 3055 3745 parum
3078 3690 3130 3726 se
3152 3673 3385 3745 conferre
3408 3667 3569 3738 possit
3596 3683 3613 3719 :

2108 3762 2331 3822 quorum
2381 3746 2536 3811 alter,
2583 3748 2673 3817 qui
2717 3747 2771 3822 id
2811 3742 3064 3822 prjestare
3103 3742 3615 3822 ttoluet°it,‘ca'contf

2108 3809 2445 3879 itttmicetur,
2493 3809 2542 3868 ct
2596 3809 2746 3885 regni
2795 3809 3162 3885 gubernaculis
3221 3809 3613 3885 interdiratur;

2110 3885 2200 3954 qui
2224 3901 2342 3938 vero
2371 3887 2627 3954 paruerit,
2658 3880 2716 3938 in
2742 3880 2885 3954 rc'gia
2913 3884 3168 3954 dignitate
3199 3880 3554 3947 conﬁrmetur.

2110 3971 2417 4029 Gaecomcs
2477 3976 2811 4044 episcopus,
2878 3988 3070 4027 servus
3132 3984 3414 4026 servorum
3473 3965 3608 4027 Dei,

2040 4061 2326 4118 Bsnsaano
2375 4073 2575 4119 sanctae
2619 4064 2877 4119 Romana:
2926 4061 3184 4116 Ecclesia:
3233 4059 3464 4112 diacono
3493 4096 3507 4119 ,
3555 4065 3612 4107 et

2040 4149 2327 4206 Bsamnuo
2350 4152 2676 4207 Massiliensi
2701 4153 2902 4216 abbati,
2924 4151 3153 4206 salutem
3179 4155 3234 4200 et
3254 4143 3608 4215 apostolicam

2039 4239 2485 4294 benedictionem.

2103 4327 2450 4384 Fraternitati
2485 4341 2678 4386 vestra:
2724 4339 2910 4385 notum
2960 4345 3078 4384 esse
3124 4344 3232 4383 non
3286 4328 3612 4397 amhigimus

2038 4419 2165 4488 quia
2194 4418 2314 4474 ideo
2339 4420 2405 4474 ab
2435 4420 2578 4476 Urbe
2605 4423 2796 4477 confisi
2829 4423 2894 4477 de
2926 4421 3018 4476 Dei
3050 4419 3420 4475 misericordia
3443 4428 3493 4474 ct
3518 4419 3611 4472 ad-

2036 4508 2241 4578 jutorio
2270 4497 2409 4565 beati
2440 4511 2583 4567 Petri
2615 4504 2825 4585 egressi
2848 4529 3059 4577 sumus,
3091 4511 3169 4566 ut'
3196 4512 3262 4566 ad
3286 4511 3612 4565 Teutonico-

2042 4617 2162 4656 t'um
2196 4611 2399 4672 partes,
2425 4605 2781 4678 composituri
2809 4605 2952 4658 inter
2980 4619 3074 4657 eos
3102 4603 3190 4671 (ad
3218 4603 3478 4655 honorem
3518 4597 3608 4680 Dei

2039 4700 2094 4746 et
2114 4693 2401 4749 utilitatem
2430 4694 2632 4750 sancta:
2663 4693 2939 4764 Ecclesize)
2972 4709 3183 4764 pacem,
3228 4691 3606 4757 transit-emus.

2041 4781 2147 4838 Sed
2168 4784 2295 4853 quia
2320 4784 2616 4841 defuerunt
2637 4786 2730 4857 qui
2762 4801 2860 4840 nos
2885 4786 3182 4840 secundum
3207 4781 3350 4850 quod
3374 4780 3610 4847 disposi-

2039 4883 2154 4928 tum
2176 4883 2291 4929 erat
2312 4876 2697 4943 conducerent,
2733 4874 2970 4946 impediti
2999 4873 3231 4925 adventu
3258 4870 3400 4939 regis
3424 4869 3477 4922 in
3504 4868 3611 4923 lta-

2039 4964 2186 5028 liam,
2214 4964 2268 5018 in
2301 4963 2677 5038 Longobardia
2711 4967 2851 5020 inter
2885 4962 3137 5016 inimicos
3166 4959 3494 5015 Christianae
3523 4978 3609 5017 rc-

2038 5054 2256 5126 ligionis
2296 5071 2405 5110 non
2447 5045 2570 5110 sine.
2604 5069 2802 5124 magno
2842 5053 3083 5123 periculo
3111 5053 3510 5118 remansimus,
3557 5064 3611 5110 et

2037 5131 2246 5210 adhuc,
2279 5145 2422 5200 sicut
2447 5141 2819 5201 desideramus
2845 5186 2859 5210 ,
2899 5146 3038 5200 ultra
3073 5154 3287 5200 montes
3312 5147 3606 5215 proficisci

2037 5234 2399 5304 nequivimus.
2433 5233 2698 5301 Quocirca
2742 5253 3028 5292 monemus
3072 5253 3168 5290 vos
3195 5277 3208 5301 ,
3254 5245 3309 5290 et
3353 5253 3417 5290 ex
3457 5246 3608 5304 parte

2037 5322 2178 5378 beati
2220 5323 2364 5379 Petri
2404 5327 2751 5396 przecipimus
2798 5336 2875 5392 ut,
2916 5327 3034 5382 fulti
3078 5328 3400 5382 auctoritate
3443 5327 3606 5394 hujus

2036 5415 2210 5470 nostri
2239 5417 2510 5486 praecepti,
2537 5425 2831 5487 nostraque
2860 5419 2976 5473 vice
3005 5419 3074 5472 ab
3108 5419 3296 5492 eodem
3332 5416 3605 5486 apostolo-

2037 5520 2161 5560 rum
2193 5505 2432 5575 principe
2456 5507 2707 5572 accincti,
2735 5517 3028 5578 utrumque
3061 5523 3263 5577 regem,
3308 5505 3600 5560 lleuricum

2038 5584 2284 5650 videlicet
2308 5603 2469 5665 atque
2505 5596 2874 5665 Rodulphum,
2907 5595 3298 5652 commoneatis
3332 5604 3601 5666 quatenus

2038 5686 2178 5739 viam
2204 5683 2359 5737 nobis
2382 5685 2508 5738 illuc
2532 5698 2723 5750 secure
2746 5685 3057 5739 transeundi
3081 5685 3346 5752 aperiant,
3369 5696 3421 5740 ct
3445 5686 3596 5755 adju-

2037 5775 2237 5828 torium
2269 5777 2433 5842 atque
2457 5774 2712 5840 ducatum
2735 5789 2829 5842 per
2854 5775 2986 5828 tales
3008 5789 3269 5844 personas
3302 5776 3366 5830 de
3401 5775 3596 5846 quibus
