4218 6438
614 475 718 528 Πυ

1253 470 1310 525 s.
1347 423 1674 526 cnsconu
1712 468 1802 523 vn
1841 467 2044 524 parm
2081 466 2359 525 orsum:
2409 439 2590 512 PARS
2620 456 2661 510 ῐ⁸
2700 487 2766 496 ——
2805 454 3201 513 REGlSTRUM

3749 460 3871 518 £80

612 603 710 644 vos
741 588 876 642 bene
903 584 1196 651 conﬁditis,
1230 556 1524 654 praebeant,
1555 592 1618 638 ut
1647 585 1748 638 iter
1782 592 1938 638 nobis
1962 584 2182 640 Christo
2211 588 2239 642 Α

2309 573 2521 641 :ipimus
2563 578 2626 625 ut
2670 577 2961 640 utrumque
2999 585 3216 640 regem,
3265 569 3555 628 licuricum
3603 573 3870 631 videlich

613 685 926 749 protegente
967 683 1166 745 pateat.
1214 673 1599 730 Desideramus
1627 675 1772 730 enim
1802 690 1926 729 cum
1956 675 2184 730 consilio

615 767 937 822 clericurum
963 774 1125 835 atque
1148 765 1413 820 laicorum
1457 765 1699 836 ejusdem
1742 765 1913 835 regni,
1941 766 2036 836 qui
2079 765 2186 820 Do-

618 857 827 911 minum
871 856 1068 910 timent
1107 864 1163 911 et
1201 855 1455 926 diligunt,
1483 871 1705 911 causam
1742 855 1882 910 inter
1905 871 2028 922 eos,
2076 855 2186 912 Deo

619 947 851 1012 favente,
887 946 1158 1001 discutere
1195 965 1208 1000 :
1241 954 1296 1000 et
1326 946 1484 1016 cujus
1526 946 1668 1016 parti
1711 946 1884 1018 magis
1927 947 1995 1001 ad
2034 949 2184 1018 regni

619 1037 984 1109 gubernacula
1007 1036 1220 1105 iustitia
1254 1035 1395 1091 favet
1423 1023 1816 1093 demonstrare.
1853 1036 2016 1092 Scitis
2042 1039 2188 1092 enim

620 1129 750 1198 quia
776 1127 951 1184 nostri
975 1126 1136 1182 cilicii
1157 1137 1212 1181 et
1235 1127 1546 1197 apostolica:
1568 1128 1714 1184 sedis
1735 1136 1818 1182 est
1840 1128 2192 1198 providentiae

578 1214 596 1222 ’⁷
623 1220 828 1289 majora
864 1217 1232 1274 Ecclesiarum
1258 1217 1473 1289 negotia
1502 1220 1776 1275 discutere
1798 1261 1813 1286 ,
1858 1228 1912 1273 et
1953 1219 2191 1274 dictante

620 1308 833 1380 iustitia
861 1307 1105 1363 deﬁnire.
1142 1307 1257 1362 Hoc
1300 1317 1481 1364 autem
1507 1309 1653 1378 quod
1698 1310 1975 1364 intereas
2016 1309 2194 1379 agitur

625 1399 898 1470 negotium
926 1407 1090 1472 tanta
1117 1399 1404 1468 gravitatis
1432 1409 1530 1454 est
1555 1399 1796 1469 tantique
1829 1399 2052 1468 periculi
2082 1443 2095 1465 ,
2138 1409 2195 1454 ut

626 1491 672 1543 si
707 1507 735 1544 a
773 1490 931 1544 nobis
973 1474 1140 1543 fueiit
1169 1489 1350 1559 aliqua
1383 1490 1672 1545 occasione
1714 1490 2014 1560 neglectum
2042 1531 2055 1556 ,
2085 1505 2194 1544 non

628 1582 807 1635 solum
853 1580 959 1634 illis
994 1587 1049 1634 et
1081 1579 1259 1644 nobis,
1295 1580 1388 1634 sed
1421 1581 1586 1635 etiam
1622 1580 1915 1634 universali
1945 1573 2199 1634 Ecclesia:

627 1687 884 1742 magnum
928 1680 983 1732 et
1022 1671 1367 1726 lamentabile
1388 1671 1572 1740 .pariat
1603 1671 2005 1726 detrimentum.
2053 1669 2199 1736 Qua-

628 1772 859 1834 propter.
876 1762 921 1818 si
953 1763 1212 1817 alteruter
1239 1761 1619 1830 praedictorum
1642 1777 1828 1832 regum
1853 1761 1982 1816 huic
2001 1770 2202 1815 nostrae

631 1852 898 1908 voluntati
925 1867 990 1906 ac
1010 1851 1384 1906 deliberationi
1416 1867 1605 1921 parere
1623 1861 1680 1907 et
1703 1853 1770 1907 ad
1796 1845 1973 1908 vestra
1995 1852 2200 1905 monita

631 1943 812 2000 locum
839 1944 967 1999 dare
990 1943 1250 2010 renuerit,
1278 1956 1545 2013 suamque
1570 1943 1876 2012 superbiam
1907 1951 2070 2012 atque
2103 1958 2202 1996 eu-

632 2035 874 2105 piditatis
901 2035 1048 2091 iaces
1070 2043 1260 2091 contra
1286 2035 1550 2090 honorem
1579 2034 1672 2089 Dei
1697 2022 2089 2103 omnipotentis
2114 2049 2206 2088 ac-

633 2126 909 2189 cendens,
973 2125 1043 2180 ad
1109 2125 1503 2196 desolationem
1558 2126 1736 2193 totius
1811 2124 2064 2196 Romani,
2097 2123 2204 2178 im-

635 2217 770 2285 perii
805 2218 1060 2272 anhelare
1089 2218 1396 2281 tentaverit,
1429 2217 1685 2272 omnibus
1733 2216 1910 2270 modis
1949 2216 2208 2284 omnique

637 2307 855 2377 ingenio
883 2320 1055 2375 usque
1095 2307 1163 2385 ad
1189 2315 1440 2372 mortem,
1469 2308 1516 2360 si
1543 2315 1775 2376 oportet,
1818 2313 2005 2360 nostra
2052 2305 2168 2358 vice
2191 2347 2205 2370 ,

640 2397 752 2450 imo
798 2397 941 2450 beati
983 2396 1130 2450 Petri
1169 2398 1531 2463 auctoritate,
1572 2397 1621 2452 ei
1649 2397 1904 2461 resistite,
1949 2403 2003 2450 et
2045 2396 2212 2450 totius

637 2486 794 2557 regni
818 2487 1182 2558 gubernacula
1210 2481 1633 2544 contradicendo
1663 2497 1774 2543 tam
1798 2480 1960 2542 illum
1986 2528 2001 2553 ,
2045 2501 2210 2557 quam
2240 2538 2241 2541 η

641 2592 832 2633 omnes
875 2577 978 2632 sibi
1019 2579 1420 2634 consentientes
1456 2595 1484 2633 a
1515 2579 1926 2650 participatione
1965 2577 2212 2647 corporis

644 2677 700 2723 et
743 2669 1023 2741 sanguinis
1049 2669 1264 2726 Domini
1291 2671 1464 2726 nostri
1494 2670 1622 2726 Jesu
1654 2669 1892 2736 Christi,
1933 2678 1988 2724 et
2016 2686 2046 2724 a
2071 2670 2214 2722 limi-

652 2759 815 2813 nibus
851 2768 1052 2814 sanctae
1079 2759 1336 2816 Ecclesiae
1369 2770 1617 2837 separate
1646 2780 1658 2814 :
1700 2761 1833 2815 illud
1867 2749 2081 2830 semper
2114 2760 2216 2814 ha—

647 2847 839 2906 bentes
885 2850 939 2903 in
983 2851 1244 2920 memoria
1280 2851 1405 2920 quia
1441 2853 1618 2906 scelus
1648 2851 1965 2906 idololatria
1992 2850 2220 2905 incurrit

2288 673 2344 714 ei
2367 661 2728 730 Rodulphum,
2755 668 2849 715 aut
2885 676 2982 730 per
3007 677 3066 715 se
3098 671 3200 716 aut
3237 663 3592 733 per‘idoncos
3633 666 3870 728 nunties

2283 754 2618 809 admoneant
2643 761 2914 821 quatenus
2939 736 3081 805 viam
3103 735 3257 817 mihi,
3285 759 3382 822 pro
3404 754 3739 816 discutienda
3757 771 3870 810 nc-

2290 843 2438 910 gotiu
2467 842 2612 912 quod
2644 841 2880 911 peccatis
2912 837 3234 898 facientibus
3262 844 3402 899 inter
3427 859 3521 900 cos
3549 854 3725 901 ortum
3747 855 3869 910 est,

2289 944 2355 998 ad
2380 958 2505 1009 vos,
2550 932 2658 988 Deo
2697 931 2927 996 favente,
2973 947 3162 987 secure
3200 933 3450 989 veniendi
3475 936 3760 1006 praebeant.
3797 936 3870 992 ln

2289 1050 2484 1105 magna
2512 1023 2664 1091 enim.
2686 1023 2901 1078 tristitia
2925 1031 2980 1078 et
3005 1024 3187 1079 dolore
3216 1040 3310 1080 cor
3338 1033 3582 1081 nostrum
3610 1026 3870 1090 ﬂuctuat.

2291 1126 2335 1180 si
2364 1141 2458 1195 per
2483 1124 2647 1178 unius
2674 1113 2915 1175 hominis
2947 1114 3255 1192 superbiam
3283 1113 3361 1169 tet
3383 1116 3547 1170 millia
3574 1117 3872 1173 hominum

2291 1215 2722 1269 Christianorum
2769 1205 3054 1280 temporali
3091 1213 3145 1259 et
3179 1213 3393 1259 internae
3425 1201 3584 1260 morti
3631 1206 3867 1261 tradun—

2293 1313 2402 1369 tur,
2436 1312 2491 1359 et
2517 1301 2829 1358 Christiana
2874 1294 3069 1370 religio
3113 1292 3484 1359 confunditur,
3526 1285 3874 1350 Romanum-

2292 1410 2401 1465 que
2430 1393 2718 1462 imperium
2755 1391 2821 1447 ad
2847 1389 3203 1463 perditionem
3241 1384 3574 1459 perducitur;
3622 1385 3875 1457 Uterque

2297 1501 2532 1555 namque
2563 1499 2660 1539 rex
2703 1497 2735 1538 a
2783 1473 3114 1551 nobis,jimo
3158 1480 3227 1534 ab
3269 1477 3562 1549 apostolica
3590 1477 3734 1542 sede,
3769 1477 3872 1532 cui

2297 1577 2424 1631 licet
2465 1574 2671 1646 indigni
2712 1559 3091 1645 praesidemus,
3133 1571 3462 1642 adiutorium
3500 1569 3750 1633 requirit.
3793 1567 3878 1621 Et

2300 1684 2420 1730 nos,
2451 1668 2518 1721 de
2542 1663 2911 1723 misericordia
2941 1661 3328 1733 omnipotentis
3367 1659 3461 1716 Dei
3501 1669 3555 1717 et
3595 1658 3878 1732 adiutorio

2301 1758 2442 1812 beati
2486 1756 2630 1812 Petri
2673 1755 3004 1812 conﬁdentes
3029 1795 3044 1818 ,
3090 1753 3264 1823 parati
3296 1766 3486 1807 sumus
3528 1758 3879 1806 cumvcstro

2304 1849 2553 1914 consilio,
2579 1847 2673 1916 qui
2704 1845 2874 1900 Deum
2903 1844 3104 1899 timetis
3132 1852 3187 1898 et
3211 1842 3576 1897 Christianam
3603 1841 3758 1896 ﬁdem
3779 1841 3894 1907 (ιὶ-⁵

2305 1940 2489 2010 ligitis,
2514 1938 2822 2007 azquitatem
2861 1952 3040 1989 causa:
3079 1933 3334 2003 utrinque
3376 1932 3682 1998 decernere,
3727 1938 3780 1986 et
3816 1930 3912 1985 ci-

2304 2031 2541 2100 prazhere
2561 2028 2821 2082 auxilium
2848 2027 2933 2082 cui
2957 2025 3167 2096 iustitia
3207 2025 3274 2079 ad
3312 2023 3465 2094 regni
3505 2021 3883 2094 gubernacula

2307 2121 2485 2178 favere
2517 2121 2870 2192 dignoscitur.
2907 2117 3270 2188 Quapropter,
3311 2115 3360 2170 si
3401 2115 3656 2169 alteruter
3679 2128 3883 2168 eorum

2307 2213 2558 2283 superbia
2583 2211 2800 2265 inﬁatus
2829 2209 3014 2278 aliquo
3061 2208 3280 2278 ingenio
3319 2206 3614 2279 quominus
3661 2203 3725 2258 ad
3770 2218 3888 2258 vos

2307 2306 2492 2359 venire
2529 2297 2806 2372 possimus
2841 2299 3149 2364 obstiterit;
3183 2307 3240 2352 et
3271 2295 3340 2351 de
3371 2311 3471 2351 sua
3504 2295 3766 2365 iniustitia
3797 2294 3889 2348 ιίς-

2310 2412 2463 2452 meus
2487 2395 2752 2466 iudicium
2785 2392 2955 2447 sancti
2986 2385 3528 2460 Spiritus'refugerit,
3558 2384 3891 2461 inohediens

2312 2486 2487 2542 factus
2515 2485 2816 2542 resistendo
2844 2491 3044 2538 sancta:
3069 2471 3134 2535 et.
3153 2476 3447 2534 universali
3479 2475 3639 2531 matri
3686 2473 3891 2528 Eccle—

2313 2579 2425 2643 siae,
2457 2577 2606 2632 hunc
2636 2576 2785 2630 velut
2810 2574 3116 2629 membrum
3149 2567 3493 2633 Antichristi,
3527 2573 3581 2622 et
3612 2565 3894 2620 desolato-
3944 2554 3949 2557 ⁷

2313 2685 2427 2723 rem
2455 2665 2793 2741 Christianae.
2818 2659 3114 2735 religionis,
3161 2659 3525 2724 comtemnite,
3565 2665 3619 2712 et
3661 2663 3895 2711 senten-

2316 2759 2468 2824 tiam,
2490 2774 2655 2828 quam
2682 2740 2855 2812 nostri
2877 2754 3040 2826 legati
3070 2758 3258 2806 contra
3285 2764 3410 2826 eum
3433 2740 3618 2804 nostra
3645 2745 3760 2800 vice
3785 2745 3901 2800 de-

2317 2849 2516 2918 derint,
2542 2855 2855 2902 conservate
2886 2863 2898 2900 :
2934 2845 3168 2899 scientes
3194 2841 3324 2910 quia
3351 2840 3490 2894 Deus
3509 2838 3752 2909 superbis
3796 2851 3898 2888 re-

649 2940 745 3011 qui
789 2941 1101 3010 apostolica:
1145 2941 1259 2996 sedi
1313 2943 1534 2997 obedire
1580 2942 1911 3006 contemnit,
1966 2948 2020 2996 et
2074 2940 2220 3010 quod
2320 2940 2483 3006 sistit,
2511 2937 2797 2992 humilibus
2822 2942 2996 2988 autem
3025 2938 3115 2985 dat
3140 2932 3369 3001 gratiam
3407 2929 3548 3000 (Jac.
3576 2930 3672 3000 iv).
3711 2927 3896 2981 Alteri

651 3031 843 3088 beatus
866 3031 1159 3104 Gregorius
1189 3035 1379 3089 doctor
1420 3043 1642 3089 sanctus
1677 3042 1732 3088 et
1764 3033 2100 3088 humillimus
2123 3033 2221 3088 de-
2320 3046 2450 3085 vero
2473 3027 2568 3099 qui
2594 3026 2870 3082 humiliter
2897 3039 2955 3079 se
2983 3022 3266 3088 habuerit,
3292 3026 3360 3090 et
3383 3018 3647 3088 iudicium
3676 3018 3902 3087 (decre-

620 3172 622 3175 ,
656 3123 826 3177 erevit
857 3138 1009 3194 reges
1044 3139 1076 3178 a
1113 3141 1213 3180 sua
1252 3122 1513 3195 dignitate
1554 3124 1750 3179 cadere
1772 3164 1792 3190 ,
1841 3125 1888 3178 si
1935 3123 2224 3178 temerario
2325 3130 2441 3176 tum
2467 3133 2599 3174 vero
2627 3133 2658 3172 a
2689 3112 2895 3187 Spiritu
2922 3116 3129 3195 sancto,
3157 3127 3253 3184 per
3279 3125 3376 3165 vos
3396 3117 3574 3164 autem
3593 3108 3900 3186 prolatum)

623 3227 799 3296 {ausu
843 3193 1482 3296 prmmerenﬁicontra
1533 3214 1842 3283 apostolica:
1891 3213 2036 3266 sedis
2071 3211 2224 3280 iussa
2251 3225 2293 3278 ι,
2325 3226 2434 3266 non
2462 3205 2848 3276 contempserit
2868 3193 3256 3275 (indubitanter
3276 3199 3418 3256 enim
3446 3199 3714 3264 credimus
3740 3197 3899 3267 quod

656 3294 860 3358 venire'
889 3301 1056 3373 (390).
1077 3319 1079 3321 ί
1101 3302 1270 3358 Alteri
1294 3313 1478 3360 autem
1511 3305 1607 3374 qui
1641 3311 1840 3358 nostra:
1855 3301 2091 3371 iussioni
2124 3301 2228 3354 hu-

659 3393 861 3447 militer
901 3394 1182 3470 paruerit,
1225 3403 1279 3449 et
1325 3395 1684 3450 obedientiam
1722 3392 2016 3448 universali
2067 3389 2227 3445 matri

662 3483 827 3554 (sicut
847 3485 1000 3540 decet
1020 3485 1391 3542 Christianum
1419 3485 1623 3557 regem)
1648 3483 1952 3542 exhibuerit
1978 3525 1993 3549 ,
2029 3496 2229 3537 convo-

594 3581 598 3586 '
662 3584 786 3630 cato
819 3577 1048 3633 concilio
1072 3564 1320 3632 omnium
1346 3578 1668 3635 clericorum
1711 3584 1765 3630 et
1797 3576 2230 3644 laicorumquos

665 3668 930 3740 advocare
957 3665 1228 3737 poteritis,
1263 3669 1554 3738 mnsilium
1579 3666 1635 3721 et
1656 3666 1987 3735 adiutorium
2016 3664 2072 3716 in
2108 3659 2230 3717 om-

666 3760 833 3821 nibus
852 3758 1103 3828 praebete,
1130 3750 1184 3825 et
1203 3758 1260 3812 in
1283 3758 1428 3836 regia
1450 3757 1712 3828 dignitate
1736 3769 1839 3823 per.
1858 3753 2234 3807 auctoritatem

666 3850 950 3907 beatorum
980 3850 1346 3920 apostolorum
1391 3847 1534 3904 Petri
1582 3855 1636 3903 et
1688 3845 1840 3900 Pauli
1886 3853 2072 3899 nostra
2119 3843 2237 3895 vice

564 3987 575 4000 ,ι
670 3941 1006 4007 conﬁrmate,
1038 3941 1398 4010 omnibusque
1437 3937 1723 4008 episcopis,
1750 3935 2055 4000 abbatibus,
2081 3931 2240 3987 cleri-

621 4090 632 4101 ,
671 4033 754 4089 eis
779 4047 846 4088 ac
862 4031 1040 4098 laicis,
1066 4031 1120 4085 in
1145 4031 1293 4087 omni
1316 4047 1484 4102 regno
1509 4028 1902 4105 habitantibus,
1937 4035 1998 4081 ut
2036 4024 2138 4079 sibi
2173 4023 2238 4076 ﬁe-

671 4127 863 4184 deliter
887 4125 1052 4198 (sicut
1071 4128 1298 4201 oportet)
1325 4125 1438 4197 regi
1463 4124 1714 4180 obediant
1744 4113 1809 4175 'et
1837 4117 2142 4175 deserviant
2175 4131 2241 4176 ex

676 4227 828 4290 parte
852 4219 1232 4288 omnipotentis
1260 4219 1353 4274 Dei
1376 4211 1669 4288 praecipitet.

722 4307 877 4363 ‘Data
893 4309 1218 4379 Carpinete,
1245 4309 1489 4367 secundo
1521 4324 1588 4362 xv
1610 4305 1878 4360 Kalendas
1899 4300 2069 4367 Junii,
2101 4297 2246 4353 indi-

681 4399 866 4455 ctione
881 4399 1090 4454 deeima
1113 4401 1323 4480 duintit',
1393 4425 1403 4431 υ
1494 4465 1502 4477 ι
1673 4401 1675 4404 ⁴

1130 4478 1743 4545 έΕΡίΞἸῸΜΧΧΠ.
1873 4523 1876 4527 -
1950 4513 1954 4518 -
2053 4479 2056 4482 ’

1248 4591 1696 4634 Αυςεκιλκοι
1776 4572 1811 4587 “’

1249 4671 1267 4739 (
1294 4669 1450 4724 Anno
1495 4666 1651 4722 1077.
1676 4665 1696 4736 )

681 4830 686 4834 _
1165 4759 1418 4830 Ejusdem
1467 4756 1779 4829 argumenti.

759 4857 1066 4913 Gnnconws
1085 4855 1392 4924 episcopus,
1426 4861 1616 4906 servus
1633 4861 1914 4905 servorum
1937 4843 2054 4909 Dei,
2078 4840 2256 4896 archi-

692 4947 979 5018 episcopis,
1011 4946 1298 5016 episcopis,
1321 4942 1574 5007 ducibus,
1598 4937 1887 4995 comitibus
1907 4942 1962 4990 et
1985 4931 2257 4988 universis

694 5037 899 5113 Christi
933 5038 1178 5093 ﬁdelibus
1221 5036 1431 5092 clericis
1475 5042 1530 5090 et
1574 5031 1730 5087 laicis
1757 5072 1771 5096 ,
1819 5038 1928 5083 tam
1958 5021 2259 5094 maioribus

696 5142 860 5200 quam
890 5125 1208 5191 minoribus,
1220 5128 1285 5182 in
1307 5134 1477 5200 regno
1506 5121 1929 5200 Teutonicorum
1956 5115 2261 5172 consisten-

698 5219 865 5297 tibus,
893 5218 1122 5273 salutem
1147 5224 1208 5270 et,
1225 5199 1570 5285 apostolicam
1590 5211 2038 5273 benedictionem.
2201 5215 2215 5280 '_

740 5317 742 5319 ‘
773 5293 971 5366 Notum
1006 5307 1123 5361 ﬁeri
1147 5307 1315 5361 vobis
1341 5304 1650 5369 solum”
1682 5303 1879 5357 εταιιιοε
1927 5293 2258 5359 eharissimi,

701 5404 830 5476 quia
859 5400 1051 5472 legatis
1075 5398 1297 5465 nostris,
1332 5395 1608 5451 Bernardo
1636 5386 2112 5476 videlieet'staucta
2140 5384 2261 5476 βοά
2297 5426 2299 5429 .

703 5474 880 5550 manas
905 5491 1161 5548 Ecclesiae
1182 5487 1328 5545 ﬁdeli
1355 5487 1464 5542 ﬁlio
1488 5494 1542 5540 et
1561 5485 1810 5545 diacono,
1847 5474 2266 5546 itemq'ueBeiji-

2327 3298 2637 3366 ubicunque
2663 3295 2772 3350 duo
2787 3295 2868 3349 vel
2889 3305 2998 3349 tres
3025 3292 3078 3348 in
3107 3291 3323 3348 nomine
3347 3289 3560 3348 Domini
3580 3287 3903 3360 congregati

2327 3391 2547 3457 fuerint,
2590 3387 2875 3459 praesentia
2916 3387 3034 3457 eius
3077 3385 3451 3450 illuminantur
3472 3380 3685 3454 (Matth.
3709 3379 3900 3449 xvm),

2328 3482 2426 3547 illi,
2463 3481 2711 3550 inquam,
2752 3477 3033 3533 servitium
3086 3483 3140 3530 et
3185 3472 3545 3530 reverentiam
3591 3469 3907 3544 mundun

2328 3573 2474 3644 quod
2503 3571 2674 3627 nostri
2711 3569 2921 3639 praefati
2947 3566 3108 3638 legati
3129 3564 3485 3642 decreverint,
3514 3561 3763 3618 exhibete
3791 3557 3906 3614 ad-

2330 3663 2584 3727 nitentes,
2619 3667 2674 3716 et
2702 3659 2879 3715 modis
2905 3651 3159 3714 omnibus
3199 3657 3250 3712 ei
3289 3657 3667 3724 obsequentes,
3703 3657 3764 3704 ut
3799 3663 3906 3704 re—

2331 3755 2474 3826 giam
2497 3753 2810 3824 dignitatem
2839 3753 3065 3808 honeste
3090 3749 3264 3820 possit
3293 3734 3558 3826 obtinere,
3602 3751 3660 3798 et
3695 3749 3911 3826 unde

2334 3812 2588 3899 "Ecclesia;
2609 3842 2724 3913 iam
2745 3856 2880 3912 pene
2911 3812 3129 3897 labanti'
3159 3812 3496 3898 succurret/‘e.
3540 3831 3656 3888 Non
3682 3831 3824 3887 enim
3848 3823 3907 3886 'a

2335 3934 2497 3990 corde
2540 3941 2731 3989 nostro
2775 3931 2932 3987 debet
2977 3929 3230 3986 excidere
3258 3927 3418 3998 quod
3449 3926 3544 3998 qui
3589 3923 3910 3996 apostolica:

2337 4024 2451 4080 sedi
2482 4024 2700 4100 obemre
2737 4021 3050 4086 contemnit,
3095 4019 3273 4076 scelus
3317 4015 3634 4073 idololatria;
3666 4010 3911 4070 incurrit

2340 4113 2394 4184 (l
2430 4103 2568 4186 Reg."
2593 4115 2705 4185 xv),
2730 4101 2952 4184 etquod
2988 4112 3179 4167 beatus
3208 4107 3498 4184 Gregorius
3538 4107 3684 4179 (39l)
3709 4107 3912 4162 doctor

2339 4217 2558 4264 sanctus
2589 4217 2643 4263 et
2680 4206 3016 4262 humillimus
3033 4219 3186 4275 reges
3210 4201 3444 4258 decrevit
3471 4216 3503 4255 a
3525 4195 3641 4255 suis
3668 4193 3912 4268 dignita-

2341 4282 2722 4364 tibuscadere,
2762 4305 2816 4353 et
2845 4293 3256 4367 partieipatiOne
3277 4290 3522 4361 corporis
3545 4295 3602 4343 et
3621 4284 3909 4355 sanguinis

2343 4389 2558 4445 Domini
2589 4369 2762 4444 nostri
2788 4384 2922 4452 iam
2934 4380 3144 4438 Christi
3171 4381 3359 4435 carere
3379 4419 3396 4445 ,
3430 4377 3480 4432 si
3507 4375 3915 4445 praisumerent

2348 4479 2656 4548 apostolica:
2689 4476 2832 4531 sedis
2855 4475 3074 4529 decreta
3096 4458 3464 4525 contemnere.
3494 4465 3554 4520 Si
3576 4464 3720 4521 enim
3739 4462 3916 4517 etule—

2283 4547 2326 4600 ι)
2353 4547 2466 4624 stia'
2480 4577 2535 4623 et
2553 4563 2866 4637 spiritualla
2900 4561 3054 4617 sedes
3085 4559 3227 4615 beati
3252 4555 3399 4613 Petri
3425 4552 3659 4614 solvit'et
3675 4553 3912 4624 iudicat,

2351 4665 2556 4728 quanto
2597 4655 2769 4725 magis
2807 4662 3018 4710 terrena
3058 4659 3112 4706 et
3138 4642 3454 4720 saecularia?
3494 4645 3656 4702 Scitis
3699 4652 3914 4706 autem,
3973 4661 3978 4666 λ

2352 4748 2548 4804 fratres
2595 4743 2924 4811 eharissimi,
2971 4742 3098 4813 quia
3137 4757 3203 4797 ex
3241 4755 3352 4812 quo
3392 4747 3630 4809 tempore
3661 4736 3729 4791 ab
3760 4732 3918 4789 Urbe

2353 4839 2639 4905 exivimus,
2659 4838 2716 4891 in
2737 4851 2933 4907 magno
2954 4833 3192 4905 periculo
3215 4832 3356 4886 inter
3376 4827 3625 4886 inimicos
3644 4823 3921 4887 Christiae-

2355 4945 2441 4986 ηπ
2465 4930 2587 4986 ﬁdei
2616 4928 2918 5002 mansimus
2944 4945 2956 4980 :
2986 4934 3041 4980 et
3081 4933 3261 4980 tamen
3305 4919 3495 4977 neutri

2357 5035 2543 5094 regum
2567 5032 2742 5094 neque
2762 5029 2965 5076 terrore
2984 5032 3161 5088 neque
3185 5029 3372 5073 amore
3393 5008 3517 5066 ﬂexi
3543 5001 3759 5094 aliquod
3781 5017 3925 5094 con-3

2347 5091 2440 5186 mi
2478 5091 2744 5181 iuStitiam
2769 5101 3523 5180 'adiutoriumpromisimtis‘.‘
3564 5091 3736 5182 Magis
3761 5092 3918 5178 enim

2359 5191 2610 5258 volumus
2633 5208 2879 5266 mortem,
2907 5199 2954 5254 s‘i
2975 5199 3080 5253 hoe
3103 5199 3330 5264 oportet,
3353 5185 3555 5252 subire,
3575 5198 3762 5255 quam,
3785 5197 3925 5265 pro-

2359 5293 2478 5363 pria
2501 5291 2776 5347 voluntate
2801 5264 3026 5352 devicti-ﬁ
3045 5290 3105 5340 ut
3125 5277 3383 5336 ‘Eeclesia
3409 5273 3508 5330 Dei
3538 5273 3607 5330 ad
3639 5264 3928 5329 confusio-
4020 5322 4024 5323 ,

2362 5399 2501 5439 nem.
2524 5381 2720 5438 veniat
2750 5365 3084 5437 cohsentire.-
3103 5372 3183 5427 Ad
3217 5370 3322 5425 hoc
3343 5366 3487 5422 enim
3511 5381 3614 5421 nos
3639 5365 3926 5424 ordinatos

2361 5483 2418 5528 et
2448 5474 2505 5527 in
2522 5473 2830 5555 .giost‘olica
2853 5468 2980 5524 sede
2997 5461 3327 5519 constitutos
3349 5471 3469 5531 esse
3499 5456 3881 5555 cognoscimus-
3895 5479 3936 5555 ,-

895 5537 1731 5654 abvtiaiivEli-gioso-gassiliensis
1762 5537 2092 5631 monasterii,
2367 5571 2426 5617 ut
2457 5537 2650 5618 iuliae
2675 5563 2785 5616 vita
2816 5560 3070 5635 non‘quaa‘
3417 5549 3540 5620 qua:
3563 5546 3692 5605 Iesu
3711 5537 3937 5637 Christi

971 5743 1091 5798 Libo
1118 5746 1178 5823 lt.
1199 5751 1321 5823 post
1340 5735 1610 5823 epist;.5§,
1627 5730 1923 5823 indictione,
1947 5743 1998 5783 ιι
2021 5769 2036 5794 ,
2068 5723 2122 5778 in
2156 5710 2268 5791 pri-

715 5804 1244 5869 “ilcﬁo'monasterii
1267 5804 1448 5865 Sancti
1470 5804 1723 5862 Medardi.
1957 5849 1961 5852 .
2100 5841 2122 5852 ν.

2440 5662 2596 5786 (591)..
2973 5707 3153 5765 eitato.

3861 6079 4214 6380 Δια-1
