4218 6390
375 417 499 478 ’481

379 547 524 592 sunt
552 550 865 606 quaeramus
894 534 1116 604 (Philip.
1149 538 1206 604 ιι)
1234 577 1247 600 ,

380 625 616 681 Patrum
655 635 947 695 sequentes
973 625 1195 695 vestigia
1240 626 1307 679 ad
1357 624 1596 680 futuram
1621 636 1674 680 et
1703 636 1959 680 aeternam

378 717 653 786 quietem,
681 714 792 769 Deo
815 709 1123 781 miserante,
1162 716 1468 770 tendamus.

461 805 599 859 Data
639 805 964 876 Carpinetaz,
998 807 1236 862 secundo
1283 805 1551 863 Kalendas
1599 804 1769 872 Junii,
1822 806 1961 860 indi-

379 898 575 953 ctione
603 899 814 954 decima
841 899 1050 970 quinta.

913 1045 1247 1102 EPISTOLA
1279 1045 1446 1099 XXV.

516 1157 594 1194 AD
615 1155 884 1193 ΝΕῘΙΕἋΙΑΙ
913 1153 1356 1193 Αειειιιιςιηθίιοηι
1394 1139 1808 1192 ετίιιῦοῖηεκεεκ

991 1229 1168 1299 (Anno
1198 1226 1399 1298 1077.).

385 1317 628 1372 Causam
649 1318 884 1388 assignat
908 1333 1002 1370 cur
1023 1316 1257 1388 epistola
1279 1317 1499 1388 latorem
1527 1317 1667 1385 apud
1695 1331 1748 1370 se
1774 1317 1959 1388 tuadiu

461 1385 997 1456 retinueritfeumque
1015 1385 1360 1454 commendat.
1389 1385 1545 1456 Illius
1560 1387 1872 1453 promotioni
1889 1387 1958 1439 ad

459 1459 816 1511 sacerdotium
853 1455 954 1508 non
997 1457 1335 1524 adversatur.
1373 1455 1548 1508 Mouet
1589 1471 1758 1524 regem
1800 1472 1961 1523 nuper

462 1527 688 1580 electum
716 1535 1036 1578 commoneat
1080 1534 1135 1576 ut
1180 1541 1270 1592 per
1317 1523 1514 1594 legatos
1554 1523 1962 1578 debitum’obse-

461 1597 648 1665 quium
681 1595 792 1648 sedi
815 1594 1113 1663 apostolica
1133 1603 1363 1663 praestet.

465 1706 776 1762 Caesonius
796 1706 1104 1777 episcopus,
1130 1721 1321 1762 servus
1340 1720 1624 1760 servorum
1639 1703 1752 1771 Dei,
1777 1703 1959 1759 Neae-

391 1813 506 1852 lm
535 1796 891 1868 Strigoniensi
920 1796 975 1851 in
1006 1795 1280 1868 llungaria
1302 1796 1958 1867 archiepiscoposalutem
2031 1801 2039 1807 '

388 1898 448 1944 et
471 1889 826 1960 apostolicam
854 1888 1283 1944 benedictionem
1611 1956 1624 1971 κ

462 1979 586 2035 Non
615 1979 871 2036 admirari
900 1988 952 2035 te
989 1979 1240 2034 volumus
1279 1995 1386 2049 qua
1427 1979 1494 2034 de
1533 1995 1697 2036 causa
1738 1979 1958 2036 fratrem

390 2071 587 2136 istum,
609 2070 856 2125 videlicet
878 2070 1074 2125 harum
1103 2070 1406 2126 litterarum
1437 2073 1751 2142 portitorem
1779 2113 1796 2139 ,
1841 2081 1962 2126 tan-

388 2161 490 2215 diu
517 2161 803 2216 nobiscum
829 2161 1210 2218 rctinuerimus
1240 2181 1252 2216 :
1287 2178 1412 2217 nam
1438 2206 1453 2226 .
1491 2180 1617 2220 cum
1642 2165 1709 2220 ad
1737 2180 1839 2221 nos
1864 2181 1959 2220 ve-

391 2253 499 2317 nit,
530 2251 586 2306 in
616 2267 844 2323 regnum
876 2251 1298 2309 Tcutonicorum
1343 2255 1576 2310 transire
1617 2255 1963 2326 disposuera-

390 2360 542 2417 mus,
573 2352 842 2413 quatenus
873 2343 1014 2398 inter
1057 2359 1234 2413 regem
1271 2342 1565 2400 llenricum
1604 2353 1658 2400 et
1693 2345 1962 2416 principes

387 2444 555 2490 terra:
577 2449 765 2505 pacem
794 2441 848 2488 et
874 2434 1216 2488 concordiam
1247 2449 1572 2503 componere
1596 2475 1611 2500 ,
1654 2434 1765 2490 Deo
1807 2436 1961 2505 adju-

388 2533 578 2589 vante,
611 2539 926 2604 possemus;
965 2523 1197 2592 acceptis
1225 2523 1387 2578 etiam
1421 2537 1518 2594 per
1557 2535 1960 2580 sacramentum

386 2618 465 2674 ab
493 2616 682 2671 eodem
709 2614 942 2671 Henrico
967 2630 1090 2686 rege
1113 2615 1497 2671 securitatibus
1515 2657 1529 2682 ,
1555 2631 1691 2686 quas
1719 2633 1784 2671 ex
1810 2627 1962 2687 parte

388 2706 544 2760 illius
571 2705 639 2760 ad
673 2705 1058 2775 profectionem
1088 2715 1331 2761 nostram
1365 2716 1495 2762 tunc
1522 2716 1769 2776 oportere
1806 2718 1962 2778 puta-

389 2799 578 2852 vimus
603 2815 616 2850 :
645 2796 802 2866 cujus
828 2797 905 2850 rei
924 2796 1128 2854 exitum
1155 2806 1546 2867 exspectantes,
1577 2798 1794 2854 interim
1816 2799 1964 2853 hunc

389 2877 682 2946 nobiscum
709 2903 927 2943 manere
948 2888 1324 2958 praecepimus,
1372 2898 1433 2944 ut
1465 2900 1519 2945 et
1562 2899 1770 2945 eertum
1800 2889 1962 2957 hujus

391 2982 599 3053 negotii
630 2981 816 3045 ﬁnem,
855 2987 909 3034 et
945 2979 992 3033 si
1026 2995 1135 3048 qua
1157 2980 1261 3034 alia
1283 2980 1589 3034 necessaria
1626 2980 1957 3044 viderentur,

337 3131 344 3136 ,
388 3074 550 3129 vobis
590 3073 698 3127 hoc
745 3076 1044 3126 t-evertente
1087 3069 1490 3124 mandaremus.
1535 3068 1802 3124 Caeterum
1833 3069 1960 3138 quia

389 3181 583 3232 causa,
609 3161 926 3226 sicutvobis
949 3169 1138 3216 notum
1159 3175 1280 3215 esse
1304 3161 1594 3227 credimus,
1621 3161 1686 3235 ad
1710 3159 1961 3231 gravissi-
1987 3198 2029 3254 ε

388 3260 544 3314 mam
583 3256 770 3318 litem,
811 3261 866 3306 et
905 3245 1044 3320 penei
1085 3251 1152 3304 ad
1197 3253 1363 3306 totius
1406 3253 1592 3322 patria;
1637 3252 1959 3306 divisionem

388 3345 656 3409 excrevit,
694 3357 875 3412 neque
910 3341 1064 3394 nobis
1090 3340 1193 3393 hoc
1224 3339 1276 3393 in
1305 3350 1543 3410 tempore
1591 3343 1821 3396 transire
1865 3358 1961 3412 op-

387 3443 692 3505 portunum
713 3447 840 3505 esse
856 3430 1107 3496 vidimus,
1152 3429 1357 3484 diutius
1393 3432 1539 3486 hunc
1570 3438 1754 3486 tenere
1784 3433 1959 3487 nolui-

388 3543 540 3592 mus;
571 3523 872 3581 scribentes
898 3538 992 3593 per
1017 3537 1142 3576 eum
1182 3520 1501 3577 fraternitati
1539 3532 1643 3578 tum
1666 3565 1681 3590 ,
1724 3533 1778 3578 et
1821 3526 1960 3578 mul-

389 3628 512 3685 tum
535 3616 892 3672 admonentes
917 3622 976 3666 ut
996 3614 1045 3667 ei
1070 3613 1211 3682 apud
1237 3624 1287 3668 te
1309 3616 1479 3682 prosit
1500 3616 1645 3685 quod
1667 3631 1792 3670 cum
1812 3625 1957 3670 tanta

390 3707 712 3778 fatigatione
733 3712 786 3756 et
811 3702 1049 3772 periculo
1069 3711 1122 3755 et
1148 3703 1498 3770 apostolicam
1519 3704 1765 3772 qumsivit
1799 3706 1961 3760 mise-

392 3798 708 3860 ricordiam,
754 3804 809 3848 et
845 3803 953 3847 tam
997 3793 1211 3862 longam
1241 3795 1382 3863 apud
1428 3809 1527 3850 nos
1570 3793 1698 3848 fecit
1727 3810 1957 3848 moram.

393 3888 510 3944 Hoc
531 3888 677 3942 enim
709 3885 848 3940 scire
878 3893 928 3940 te
950 3885 1201 3939 volumus
1225 3926 1240 3951 ,
1285 3886 1544 3954 quoniam
1574 3885 1816 3956 quandiu
1861 3901 1961 3940 no-

392 3981 608 4035 biscum
637 3976 762 4041 fuit,
787 3976 1029 4044 quietum
1060 3975 1114 4029 in
1143 3976 1234 4030 illo
1255 3976 1505 4045 spiritum
1532 3985 1585 4032 et
1619 3977 1687 4032 ad
1721 3977 1962 4033 servien-

391 4071 525 4126 dum
557 4069 669 4122 Deo
698 4068 951 4122 devotum
978 4082 1097 4121 esse
1119 4068 1490 4136 cognovimus.
1521 4068 1858 4140 Quapropter
1876 4087 1962 4126 se-

334 4198 337 4200 -
391 4160 637 4217 cundum
661 4158 936 4213 miseriam
961 4158 1154 4212 borum
1184 4166 1506 4227 temporum,
1547 4167 1600 4214 et
1637 4161 1705 4214 ad
1738 4177 1961 4231 compa-

393 4251 666 4306 rationem
693 4263 881 4304 earum
908 4263 1260 4320 personarum
1288 4265 1425 4318 quas
1450 4265 1549 4320 pro
1577 4249 1888 4305 inﬁrmitate
1909 4261 1962 4308 et

395 4341 724 4398 necessitate
761 4339 1076 4407 toleramus,
1117 4340 1262 4396 hunc
1293 4355 1510 4411 quoque
1542 4341 1962 4397 misericorditer

395 4431 727 4505 portandum
755 4447 875 4487 esse
916 4446 1023 4486 non
1063 4432 1339 4502 indignum
1369 4432 1622 4494 duximus
1648 4452 1661 4487 :
1693 4433 1960 4504 siquidem

1435 421 1633 477 LlBER
1669 422 2015 489 QUARTUS.
2054 453 2123 465 --
2163 421 2377 476 EPIST.
2415 420 2600 475 XXVI.

1289 545 1343 589 ct
1384 551 1479 604 per
1523 537 1721 590 multos
1754 537 1964 590 labores
1995 544 2037 598 Α
2065 535 2371 604 apostoliae
2413 534 2646 588 debitam
2706 549 2801 602 per
2849 533 3071 590 idoneos
3111 537 3313 608 legatos
3353 540 3631 598 denuntie‘

3529 433 3635 487 6δῖ

2062 626 2402 680 devotionem
2430 641 2442 676 :
2468 632 2521 677 et
2549 624 2622 677 ita
2649 623 2867 677 demum
2887 665 2902 689 ,
2933 625 3077 693 quod
3101 625 3168 680 ad
3191 642 3294 682 nos
3323 629 3535 694 attinet,
3560 632 3628 687 ad

2064 715 2321 768 honorem
2345 712 2438 767 Dei
2463 713 2847 782 omnipotentis
2867 722 2920 768 et
2939 714 3079 768 beati
3097 715 3238 771 Petri
3253 721 3626 786 apostolorum

2060 804 2317 873 principis
2343 804 2572 873 benigne
2593 804 2695 858 sibi
2719 804 3185 873 respondebimus,
3215 816 3270 862 et
3296 810 3628 867 excellentia:

2062 910 2174 949 sua:
2195 895 2260 948 ad
2286 910 2442 949 suam
2465 903 2518 948 et
2541 895 2705 949 totius
2725 895 2874 964 regni
2898 896 3182 950 utilitatem
3205 907 3404 953 sancta:
3423 908 3476 955 et
3497 917 3627 971 apo-

2061 985 2262 1038 stolica:
2288 985 2628 1040 auctoritatis
2667 985 2902 1038 studium
2944 1001 3069 1040 cum
3109 989 3254 1040 omni
3282 989 3546 1046 (haritate
3571 1000 3626 1046 et
3707 1046 3710 1051 .

2061 1073 2440 1135 benevolentia,
2456 1076 2711 1129 exhibere
2739 1075 3070 1134 curabimus.
3092 1076 3296 1132 Czetcra
3317 1095 3475 1148 vero,
3503 1096 3626 1151 quae.

2060 1165 2278 1234 longum
2301 1172 2416 1219 erat
2437 1165 2491 1218 in
2512 1165 2760 1234 epistola,
2781 1166 2900 1218 viva
2924 1165 3148 1220 ﬁdeliter
3174 1183 3304 1222 voce
3333 1171 3621 1236 nuntiabit,

2057 1255 2201 1308 sicut
2230 1256 2282 1308 in
2302 1255 2420 1324 ejus
2440 1269 2532 1308 ore
2555 1255 2855 1323 posuimus.

2098 1344 2261 1398 .Data
2301 1343 2620 1416 Carpincue,
2646 1361 2678 1398 v
2707 1343 2833 1399 ldus
2871 1343 3039 1413 Junii,
3082 1346 3371 1403 indictione
3413 1348 3622 1405 decima
3690 1341 3692 1343 b

2059 1435 2267 1504 quinta.
2445 1490 2448 1493 .
2830 1458 2834 1461 '

2564 1588 2894 1645 EPISTOLA
2929 1590 3116 1647 XXVI.

2093 1719 2158 1756 AD
2192 1716 2480 1756 DOIINICUI
2511 1717 2880 1758 ΡΑτιιιΑιιαιΑιι
2907 1720 3213 1762 ειιλυεηδευ
3239 1724 3307 1762 ΕΤ
3332 1724 3590 1766 ωετεεοθ

2559 1807 2835 1848 EPISCOPOS
2856 1809 3100 1850 \‘ENETIE
3109 1836 3122 1850 .

2644 1923 2824 1997 (Anno
2853 1924 3038 2006 1077.)

2118 2057 2285 2112 Mittit
2313 2057 2621 2130 Gregorium
2647 2058 2876 2130 legatum
2899 2076 2993 2129 pro
3015 2059 3377 2114 ecclesiasticis
3401 2065 3576 2117 causis

2324 2129 2638 2194 tractandis,
2664 2129 2750 2181 cui
2773 2145 2857 2182 eos
2881 2130 3087 2184 obedire
3106 2131 3379 2201 prwcipit..

2131 2261 2435 2317 GREGORIUS
2460 2261 2768 2332 episcopus,
2784 2277 2989 2336 servus
3010 2278 3293 2320 servorum
3318 2264 3434 2331 Dei,
3460 2265 3631 2320 Dom-

2061 2368 2180 2407 ruco
2200 2341 2520 2422 patriarchae
2542 2352 2825 2421 Gradensi,
2854 2361 2910 2409 et
2937 2355 3147 2410 ceteris
3167 2356 3434 2426 episcopis
3457 2354 3632 2411 Vene-

2061 2443 2168 2508 tiae,
2198 2443 2426 2497 salutem
2447 2452 2500 2499 et
2528 2445 2880 2514 apostolicam
2907 2443 3356 2500 benedictionem.

2128 2533 2448 2589 Audivimus
2487 2534 2542 2587 in
2590 2533 2845 2589 Ecclesiis
2887 2535 3082 2590 vestris
3129 2536 3299 2588 multa
3343 2533 3655 2590 emersisset

2062 2624 2274 2694 negotia
2301 2665 2314 2689 ,
2359 2639 2481 2694 qum
2509 2631 2568 2678 ut
2606 2624 2816 2682 sincera
2840 2624 3212 2693 exploratione
3250 2624 3629 2691 discutiantur,

2060 2723 2115 2768 et
2143 2714 2418 2769 canonica:
2461 2713 2771 2770 traditionis
2808 2713 3122 2769 deﬁnitione
3163 2716 3517 2769 terminentur
3541 2731 3634 2769 ec-

2062 2803 2378 2859 clesiastica:
2407 2804 2684 2876 religionis
2703 2803 2836 2862 ordo
2855 2804 3118 2874 deposcit,
3161 2813 3216 2859 et
3255 2822 3285 2859 a
3329 2805 3485 2861 nobis
3519 2814 3633 2860 tam

2060 2902 2238 2948 vestra
2260 2894 2494 2959 dilectio,
2516 2892 2679 2964 quam
2703 2894 2864 2949 cilicii
2891 2895 3064 2948 nostri
3092 2893 3272 2949 debita
3303 2894 3632 2960 sollicitudo,

2061 2983 2306 3051 requirit.
2337 2982 2659 3054 Quanquam
2683 2982 2828 3037 enim
2863 2997 2930 3036 ex
2958 2983 3390 3037 'consideratione
3412 2983 3632 3040 credita:

2060 3073 2217 3129 nobis
2254 3073 2674 3144 dispensationis
2701 3071 2973 3128 debitores
3015 3071 3189 3126 simus
3217 3073 3486 3128 univ’ersis
3525 3071 3634 3126 Ec-

2061 3164 2242 3219 clesiis
2264 3205 2279 3230 ,
2328 3164 2546 3233 Speciali
2583 3173 2764 3218 tamen
2796 3177 2929 3218 cura
2957 3161 3110 3218 vobis
3138 3169 3193 3217 et
3218 3162 3415 3219 vestris
3451 3163 3635 3218 causis

2061 3255 2433 3324 astringimur;
2465 3269 2588 3308 cum
2617 3261 2836 3323 propter
2856 3253 3184 3322 singularem
3217 3255 3510 3322 quamdam
3529 3269 3626 3308 co-

2059 3344 2372 3398 hmrentiam
2394 3359 2557 3412 quam
2582 3344 2649 3398 ad
2680 3340 2926 3396 sanctam
2970 3341 3270 3396 Romanam
3293 3352 3348 3398 et
3367 3344 3632 3412 apostoli-

2058 3451 2176 3490 cam
2220 3434 2431 3488 habetis
2474 3431 2768 3487 Ecclesiam
2796 3475 2810 3497 ,
2858 3440 2972 3485 tum
3014 3441 3234 3501 prOpter
3272 3433 3631 3496 vicinitatem,

2057 3541 2180 3595 quae
2219 3539 2497 3593 nunquam
2539 3522 2766 3578 nosvel
2805 3537 2926 3593 quae
2987 3523 3130 3594 apud
3194 3538 3291 3578 vos
3332 3531 3481 3594 psunt
3538 3524 3632 3578 diu

2060 3617 2330 3686 ignorare,
2356 3614 2459 3680 vel,
2506 3630 2626 3685 qua:
2663 3627 2763 3687 nos
2801 3613 3062 3669 debemus
3107 3622 3161 3668 ct
3198 3629 3511 3684 possumus,
3541 3629 3634 3667 vc-

2061 3716 2185 3762 stra:
2227 3706 2552 3761 fraternitati
2595 3706 2862 3775 denegare
2903 3706 3127 3775 patitur.
3167 3705 3506 3775 Quapropter
3534 3704 3635 3758 mi-

2061 3798 2231 3852 simus
2271 3798 2337 3851 ad
2376 3810 2474 3850 vos
2515 3798 2660 3850 hunc
2699 3796 2956 3849 dilectum
2995 3795 3167 3849 ﬁlium
3209 3804 3460 3850 nostrum
3491 3793 3631 3849 Gre-

2058 3886 2270 3956 gorium
2310 3894 2365 3940 et
2406 3886 2697 3941 diaconum
2754 3893 2958 3940 sancta:
3017 3883 3277 3940 Romamn
3337 3884 3591 3942 Ecclesia:
3617 3927 3635 3951 ,

2062 3985 2331 4047 quatenus
2393 3993 2502 4032 una
2556 3977 2838 4032 vobiscum
2879 3977 2945 4032 de
2985 3976 3371 4046 ecclesiasticis
3409 3975 3589 4041 causis
3615 4015 3634 4040 ,

2059 4077 2113 4124 et
2170 4068 2494 4125 Christianae
2540 4069 2820 4140 religionis
2861 4066 3224 4123 sacrosanctis
3265 4065 3636 4120 institutioni-

2061 4162 2202 4227 bus,
2253 4177 2375 4231 quze
2422 4160 2729 4215 necessaria
2771 4165 2938 4222 sunt,
2983 4155 3094 4210 Deo
3133 4156 3421 4225 adjuvante
3446 4197 3461 4222 ,
3505 4170 3636 4225 pcr-

2061 4259 2301 4306 tractans
2326 4292 2340 4316 ,
2385 4258 2571 4304 nostra
2611 4249 2729 4303 vice
2768 4262 2891 4317 qua:
2933 4245 3250 4316 corrigenda
3291 4255 3421 4301 sunt
3452 4246 3637 4302 corri-

2060 4350 2189 4412 gat,
2248 4356 2369 4410 quzn
2425 4339 2713 4394 statuenda
2769 4336 3108 4403 constituat,
3156 4344 3211 4391 et
3256 4337 3638 4392 ecclesiasticae
3731 4360 3737 4366 -

2061 4432 2326 4486 libertatis
2366 4438 2531 4501 atque
2563 4430 2791 4501 iustitia:
2830 4429 2924 4488 diu
2963 4437 3018 4483 et
3057 4428 3113 4482 in
3146 4428 3332 4482 multis
3366 4429 3638 4500 neglectas

397 4540 464 4579 ea
487 4539 609 4594 qua:
627 4524 790 4578 nobis
816 4523 883 4578 de
911 4539 1008 4580 sua
1038 4522 1401 4576 manifestavit
1425 4525 1776 4591 conscientia,
1818 4535 1872 4580 et
1898 4527 1965 4581 de
1994 4531 2039 4585 D
2064 4526 2302 4580 rationes
2341 4532 2396 4579 et
2436 4523 2614 4580 studia
2653 4522 2719 4578 ad
2761 4520 2994 4593 formam
3027 4519 3306 4573 canonica:
3338 4527 3393 4572 et
3425 4528 3638 4588 aposto-

396 4616 602 4686 quibus
622 4631 653 4669 a
676 4630 735 4669 se
762 4613 1077 4683 reprehendi
1097 4612 1402 4677 conﬁtetur,
1435 4627 1467 4666 a
1495 4628 1593 4668 sua
1620 4614 1962 4673 confessione

395 4712 454 4760 et
474 4689 736 4759 relatione
756 4701 866 4757 non
888 4703 1215 4772 discrepant.
1247 4700 1401 4768 Quod
1421 4710 1601 4758 autem
1621 4703 1688 4758 ad
1711 4706 1964 4762 sacerdo-

396 4795 461 4849 tii
482 4794 712 4865 gradum
737 4793 1043 4877 promoveri
1064 4793 1349 4861 desiderat,
1391 4795 1492 4849 etsi
1521 4809 1620 4849 nos
1659 4809 1726 4850 ex
1751 4795 1965 4866 imperii

398 4885 722 4950 auctoritate
749 4900 855 4940 non
877 4885 1219 4958 decernimus
1242 4927 1256 4951 ,
1289 4893 1531 4954 respectu
1564 4893 1747 4942 tamen
1788 4888 1964 4942 indul-

398 4977 594 5048 gentia;
642 4991 754 5030 non
798 4959 1257 5042 contradicimus,
1310 4991 1409 5030 nec
1449 4976 1823 5049 denegandum
1858 4979 1962 5034 sibi

397 5081 521 5122 esse
534 5067 920 5138 indicavimus,
945 5067 990 5120 si
1018 5067 1235 5134 quidem
1256 5067 1382 5132 alia,
1403 5083 1525 5138 qua:
1544 5085 1644 5124 nos
1665 5070 1846 5135 lateat,
1870 5086 1961 5124 or-

397 5157 663 5212 dinationi
689 5173 801 5216 suae
821 5158 1032 5228 gravior
1050 5172 1212 5212 causa
1240 5174 1347 5213 non
1370 5161 1675 5227 obstiterit,
1715 5169 1779 5215 et‘
1813 5161 1964 5227 dein-

398 5261 524 5318 ceps
546 5248 713 5301 vitam
734 5256 789 5303 et
816 5263 994 5303 mores
1021 5263 1150 5303 suos
1177 5249 1243 5303 ad
1284 5249 1598 5319 dignitatem
1636 5253 1770 5306 tanti
1799 5253 1962 5306 mini-

398 5338 548 5394 cterii
569 5353 811 5407 congrue
833 5339 1113 5394 instituere
1134 5348 1186 5395 et
1214 5348 1636 5408 perseveranter,
1661 5340 1771 5394 Deo
1800 5343 1964 5398 mise-

399 5438 572 5498 rante,
607 5443 830 5490 servare
855 5430 1104 5485 voluerit.
1138 5431 1212 5486 De
1239 5421 1433 5488 caetero
1461 5430 1814 5514 admonemuos
1849 5432 1962 5488 fra-

397 5523 709 5576 ternitatem
733 5526 904 5585 tuam,
936 5527 995 5572 ut
1032 5537 1211 5591 regem
1240 5523 1332 5592 qui
1362 5523 1500 5576 inter
1528 5536 1623 5577 vos
1651 5513 1854 5579 electus
1881 5535 1964 5578 cst
2010 5565 2016 5571 -

395 5631 518 5672 cum
548 5621 672 5676 aliis
702 5611 815 5672 tuis
839 5615 1197 5672 confratrillus
1219 5627 1272 5671 et
1296 5618 1624 5687 principibus
1653 5624 1809 5672 terra:
1837 5619 1965 5671 allo-

392 5711 598 5780 quaris,
626 5710 978 5793 notitlcantes
1016 5715 1068 5763 et
1100 5710 1445 5764 consulentes
1484 5709 1586 5764 sibi
1627 5717 1685 5762 ut
1724 5709 1962 5778 apertius

387 5800 545 5859 nobis
574 5813 742 5858 suam
781 5798 1108 5856 voluntatem
1133 5841 1147 5866 ,
1177 5811 1230 5853 et
1268 5815 1393 5870 erga
1436 5799 1790 5856 reverentiam
1820 5800 1964 5856 sedis

2068 4618 2185 4673 licac
2222 4615 2520 4687 disciplina:
2558 4614 2851 4677 reducere,
2906 4618 2961 4665 et
2976 4625 3097 4686 ,per
3135 4610 3398 4665 auxilium
3441 4609 3636 4665 divina:

2065 4710 2252 4781 gratiae
2275 4707 2562 4764 efﬁcaciter
2591 4704 2767 4758 valeat
2793 4701 3115 4758 conﬁrmare
3143 4721 3156 4757 :
3195 4703 3282 4758 cui
3315 4717 3414 4755 nos
3449 4700 3631 4771 [forte,

2063 4800 2183 4870 vos]
2225 4813 2350 4854 cum
2389 4796 2539 4852 omni
2579 4795 2845 4851 cbaritate
2883 4795 3183 4850 assidentes
3223 4793 3297 4846 ita
3340 4789 3524 4844 faVere
3578 4799 3635 4844 ct
3709 4823 3713 4826 -

2044 4890 2395 4945 unanimiter
2444 4903 2731 4946 assensum
2784 4888 3022 4959 przebere
3077 4884 3219 4939 sicut
3261 4881 3459 4938 fratres
3507 4883 3637 4937 cha«

2061 4982 2311 5038 rissimos
2353 4981 2709 5037 admonemus
2751 4998 2764 5033 :
2805 4985 3073 5047 quatenus
3121 4974 3177 5028 in
3229 4974 3322 5030 illo
3381 4979 3639 5044 appareat

2062 5083 2323 5146 quantam
2363 5072 2721 5128 reverentiam
2763 5069 2818 5122 in
2849 5068 3067 5123 beatum
3102 5064 3324 5121 Petrum
3363 5063 3636 5135 apostolo-

2064 5182 2186 5220 rum
2228 5163 2526 5233 principcm
2574 5160 2841 5225 habeatis,
2886 5159 2953 5213 de
2992 5157 3150 5227 cujus
3191 5156 3351 5209 domo
3395 5162 3447 5206 et
3485 5152 3638 5205 fami-
3695 5163 3700 5169 '

2063 5256 2132 5309 lia
2163 5253 2392 5308 mittitur
2415 5270 2428 5305 :
2454 5260 2659 5322 quanta
2677 5252 2840 5306 etiam
2862 5250 2928 5305 de
2950 5257 3134 5302 nostra
3166 5244 3451 5298 dilectione
3480 5243 3635 5296 vobis

2065 5359 2195 5399 cura
2238 5344 2347 5409 sit,
2388 5343 2482 5413 qui
2514 5344 2646 5397 eum
2683 5343 2749 5395 de
2777 5342 2901 5394 sinu
2934 5346 3119 5391 nostro
3147 5335 3418 5400 misimus,
3453 5341 3636 5400 utpote
3701 5381 3706 5384 ,

2064 5450 2159 5503 per
2182 5450 2344 5503 quem
2368 5442 2553 5487 nostra
2577 5431 2716 5500 apud
2738 5443 2835 5482 vos
2863 5426 3197 5491 sollicitudo,
3238 5434 3292 5480 et
3333 5442 3362 5478 a
3405 5420 3632 5474 Domino

2067 5524 2180 5579 Deo
2203 5525 2360 5579 nobis
2382 5515 2653 5578 cencessa:
2674 5519 2956 5589 potestatis
2985 5518 3280 5572 auctoritas
3300 5513 3500 5568 vicaria
3515 5512 3600 5568 d.s
3627 5549 3630 5552 ~

2064 5616 2380 5687 pensatione
2407 5620 2826 5681 repraesentatur
2846 5621 2899 5663 et
2921 5611 3143 5691 geritur.

2139 5705 2266 5757 Data
2294 5703 2615 5771 Carpinetae,
2646 5700 2837 5769 quinto
2865 5700 2985 5754 idus
3022 5695 3322 5768 [Kalendis]
3346 5694 3514 5764 Junii,
3545 5696 3634 5752 in-

2066 5796 2298 5852 dictione
2326 5794 2536 5850 decima
2564 5792 2770 5864 quinta.
