4218 6444
768 448 870 502 ω
1495 439 1818 496 οιηίαοιιιι
1857 438 1944 492 VII
1981 437 2183 493 ρλιδτε
2216 437 2434 494 οιδεῐιι

1685 439 1818 494 01111
1857 438 1944 492 VII
1981 437 2183 493 ρλιδκε
2216 437 2501 494 OI’EI'IU.“
2539 437 2718 494 PARS
2756 439 2796 492 I.
2833 467 2901 478 --
2935 437 3351 496 ΠΕΟΙΞΤΒΙΙΜ.

1290 551 1624 609 EPISTULA
1663 550 1875 606 XXVII.

770 685 834 722 AD
877 664 1162 722 ωιιὲειευκ
1200 681 1410 720 ειινιωι
1453 679 1625 718 θεοῦ]
1673 679 1740 716 ετ
1791 678 2031 718 1⁸01³υΙΛᾏΙ
2075 678 2337 717 νεκετιειε.

1359 755 1538 823 (Λιιηο
1575 752 1752 820 I077.)

770 848 1023 912 anritnr
1070 863 1155 900 cos
1209 861 1326 904 cum
1375 844 1843 897 excommunicatis
1907 845 2336 897 communicasse.

842 918 1008 996 Mittit
1031 916 1227 996 legatos
1249 915 1337 996 qui
1354 929 1444 996 eos
1469 923 1682 980 peracta
1702 914 2010 983 pcrnitentia
2038 915 2102 966 ab
2132 928 2342 966 excom-

841 981 1192 1038 municatiane
1221 981 1510 1052 absolvant.

841 1093 1146 1148 Cosconius
1168 1093 1476 1164 episcopus,
1508 1107 1701 1147 servus
1726 1107 2008 1146 servorum
2038 1091 2154 1158 Dei,
2185 1091 2345 1146 Dom-

771 1201 889 1240 mco
918 1184 1090 1238 Silvio
1116 1185 1262 1250 duci,
1291 1193 1346 1238 et
1371 1170 1578 1254 papulo
1598 1182 1856 1250 Venetiae,
1885 1184 2116 1240 salutem
2138 1193 2192 1239 et
2219 1197 2346 1254 apo-

771 1277 1017 1331 stolicam
1047 1276 1505 1332 benedictionem.
1899 1272 1909 1281 ’

840 1367 1150 1422 Meminisse
1175 1366 1386 1422 debetis
1413 1374 1615 1436 quanta
1643 1365 1798 1420 vobis
1846 1366 1988 1435 apud
2019 1374 2261 1422 sanctam
2290 1373 2344 1420 et

769 1458 1123 1528 apostolicam
1153 1457 1336 1512 sedem
1367 1456 1552 1510 multis
1575 1456 1688 1525 jam
1712 1457 2050 1525 temporibus
2084 1465 2138 1510 et
2163 1455 2343 1510 chari-

770 1550 898 1603 tatis
927 1547 1300 1602 benevolentia
1338 1556 1392 1602 et
1419 1547 1843 1602 honoriﬁcentire
1870 1547 2040 1617 gratia
2091 1547 2162 1602 sit
2185 1548 2340 1602 exhi-

771 1637 900 1690 bita.
951 1635 1016 1690 Et
1044 1650 1143 1690 nos
1170 1635 1410 1706 quidem,
1442 1643 1578 1690 teste
1605 1633 1940 1688 conscientia
1987 1643 2193 1701 nostra,
2232 1649 2340 1688 non

770 1727 944 1780 solum
991 1733 1278 1794 postquam
1307 1723 1373 1778 ad
1421 1722 1793 1793 pontiﬁcatum
1819 1723 2068 1780 venimus
2091 1765 2108 1788 ,
2156 1723 2250 1779 sed
2289 1732 2343 1778 et

769 1828 928 1872 antea
973 1818 1220 1888 pluribus
1261 1816 1419 1871 annis
1463 1831 1561 1872 vos
1600 1825 1654 1872 et
1679 1824 1880 1871 terram
1913 1826 2150 1874 vestram
2188 1817 2343 1872 valde

3907 441 4021 496 18$

2368 555 2411 608 Δ
2509 568 2722 632 regnum
2763 553 2994 632 antiquis
3030 550 3496 632 constitutioniius
3524 549 3666 632 juris
3691 565 3804 604 esse
3839 552 4022 604 sancti

2517 617 2662 674 Petri
2687 635 2704 672 :
2733 617 2992 689 quodcum
3017 631 3302 689 temporum
3329 619 3529 688 injuria
3555 628 3604 672 et
3624 617 4022 689 Saracenorum

2514 687 2793 759 tyrannide
2813 690 3063 759 meritoria
3091 687 3200 742 labi
3221 687 3451 756 coeperit,
3475 696 3525 740 et
3546 689 3697 759 modo
3719 688 3821 756 ipsi
3846 687 4024 743 Sara-

2513 756 2665 813 cenos
2713 757 3416 828 vicerinttlegatosmittit.
3474 767 3529 808 ut
3553 756 3664 809 illis
3713 759 4022 828 signiﬁcent

2511 836 2765 898 quantum
2781 828 2928 898 beato
2957 826 3113 881 Petro
3145 827 3385 893 debeant,
3407 835 3456 880 et
3482 841 3663 879 eorum
3691 826 3930 880 debitum
3963 827 4026 878 in

2513 896 2818 951 memoriam
2845 896 2954 950 illis
2981 906 3245 963 rerocenta

2509 1005 2816 1062 Caesonius
2836 1007 3143 1076 episcopus,
3174 1021 3366 1062 servus
3403 1021 3686 1063 servorum
3716 1004 3834 1070 Dei,
3869 1005 4025 1076 regi-

2443 1097 2566 1163 bus,
2598 1097 2910 1162 comitibus,
2937 1097 3252 1168 cteterisque
3274 1098 3606 1168 principibus
3631 1095 3906 1167 llispanize
3929 1111 4026 1151 sa-

2443 1185 2608 1240 lutem
2636 1193 2691 1241 et
2720 1184 3074 1254 apostolicam
3108 1175 3556 1241 benedictionem.

2465 1280 2470 1284 '
2509 1273 2628 1328 Non
2651 1274 2902 1345 ignorare
2934 1274 3205 1359 crpdimus
3231 1275 3574 1344 prudentiam
3595 1283 3856 1340 vestram,
3879 1274 4022 1345 quin

2443 1372 2629 1420 sancta
2666 1371 2720 1418 et
2761 1363 3056 1432 apostolica
3093 1363 3249 1418 sedes
3291 1363 3543 1433 princeps
3595 1371 3651 1418 et
3690 1363 4028 1420 universalis
4091 1388 4098 1393 ·

2444 1463 2616 1508 mater
2635 1453 2706 1508 sit
2729 1453 2976 1508 omnium
3015 1451 3377 1514 Ecclesiarum
3412 1461 3467 1508 et
3491 1453 3734 1524 gentium
3759 1468 3901 1523 quas
3934 1453 4027 1508 di-

2442 1545 2566 1598 vina
2614 1543 2899 1598 clementia
2951 1543 3020 1598 ad
3067 1543 3395 1614 agnitionem
3437 1543 3524 1599 sui
3557 1543 3794 1599 nominis
3827 1542 3882 1597 in
3914 1542 4028 1598 ﬁde

2443 1631 2656 1686 Domini
2682 1647 2747 1688 ac
2775 1631 3072 1688 Salvatoris
3118 1634 3288 1689 nostri
3332 1631 3459 1688 Jesu
3487 1631 3691 1690 Christi
3722 1649 3820 1704 per
3849 1648 4027 1689 evan-

2442 1724 2668 1793 gelicam
2697 1731 2754 1779 et
2803 1725 3158 1794 apostolicam
3192 1712 3496 1778 doctrinam
3531 1724 3717 1780 venire
3753 1723 4028 1796 praeordi-

2443 1815 2620 1880 navit;
2657 1814 2857 1884 quibus
2893 1814 3036 1870 hanc
3063 1829 3253 1870 curam
3286 1822 3341 1869 et
3367 1822 3681 1886 perpetuam
3720 1815 3882 1871 debet
3911 1831 4026 1873 ex-

769 1875 1078 1972 dllexinius,
1107 1917 1161 1962 et
1187 1921 1295 1962 non
1322 1909 1440 1963 sine
1469 1907 1651 1978 aliqua
1677 1910 2066 1964 nonnullorum
2093 1910 2342 1982 indigna-
2375 1875 2416 1928 Β
2444 1875 2628 1960 bibere
2660 1875 3107 1971 sollicitudinem,
3156 1914 3248 1971 ut,
3304 1875 3447 1961 sicut
3466 1875 3547 1961 'ad
3583 1907 4026 1962 conservandam

771 2000 919 2053 tione
962 2008 1016 2053 et
1061 1999 1341 2054 inimicitia
1390 1999 1456 2053 ad
1501 1999 1891 2069 providendum
1932 2000 2126 2055 honori
2161 2011 2342 2057 vestro

771 2091 1003 2160 prompti
1031 2085 1267 2156 fuimus;
1299 2091 1530 2145 multum
1553 2089 1723 2160 gavisi
1748 2105 1846 2160 pro
1869 2089 2158 2147 dilectione
2177 2107 2341 2162 quam

769 2195 898 2249 erga
931 2179 1289 2234 unis'crsalem
1317 2177 1561 2231 omnium
1610 2178 1846 2233 ﬁdelium
1875 2187 2124 2243 matrem,
2155 2180 2344 2234 videli-

772 2278 856 2323 cet
885 2278 1126 2324 sanetam
1160 2267 1456 2322 Romanam
1506 2266 1824 2334 Ecclesiam,
1870 2269 2159 2334 habuistis,
2188 2278 2242 2324 et
2279 2269 2344 2322 li-

777 2361 981 2414 bertate
1008 2374 1172 2428 quam
1215 2358 1284 2413 ab
1309 2357 1531 2427 antiqua
1561 2358 1728 2427 stirpe
1759 2357 2017 2413 Romamn
2047 2359 2345 2414 nobilitatis

773 2457 1048 2519 acceptam
1071 2447 1454 2502 conservastis.
1483 2446 1683 2500 Verum
1705 2447 1790 2502 bis
1815 2449 2168 2518 temporibus,
2199 2447 2346 2519 quod

773 2541 893 2596 sine
919 2553 1116 2609 magno
1142 2537 1327 2592 dolore
1356 2553 1463 2592 non
1493 2537 1746 2603 dicimus,
1787 2554 1896 2593 non
1925 2540 2102 2594 solum
2130 2549 2346 2595 nostros

773 2629 1140 2683 exacerbastis
1180 2628 1425 2692 affectus,
1456 2628 1548 2681 sed
1577 2627 1964 2696 omnipotentis
1995 2629 2086 2684 Dei
2116 2629 2344 2700 gratiam

772 2721 928 2774 vobis
971 2718 1159 2790 procul
1182 2719 1347 2772 dubio
1377 2717 1601 2770 nimium
1633 2717 2038 2786 labefactastis;
2087 2721 2345 2790 quoniam

775 2811 962 2865 nescio
990 2809 1190 2877 quibus
1218 2808 1455 2877 peccatis
1484 2805 1810 2863 facientibus
1841 2825 1872 2863 a
1897 2819 2042 2865 statu
2069 2809 2348 2865 rectitudi-

776 2901 861 2954 nis
885 2899 1178 2962 cxcidistis,
1201 2906 1255 2952 et
1280 2899 1419 2952 ultra
1447 2906 1598 2952 extra
1619 2900 1953 2954 consortium
1981 2902 2348 2957 membrorum

774 2989 977 3044 Christi
1005 2997 1060 3042 et
1085 2987 1337 3042 Ecclesia:
1365 2987 1491 3042 facti
1517 2990 1671 3055 estis,
1706 2999 1976 3046 sectantes
2002 3000 2056 3046 et
2082 2991 2348 3061 recipien-

776 3090 859 3135 tes
885 3095 980 3134 eos
1002 3078 1096 3148 qui
1125 3093 1225 3149 pro
1256 3079 1371 3133 suis
1399 3079 1694 3135 sceleribus
1719 3083 2175 3137 excommunicati
2198 3091 2346 3147 sunt,

775 3179 853 3235 αι,
871 3169 1237 3223 exorbitantes
1263 3185 1292 3222 τι
1319 3170 1420 3223 ﬁde
1436 3164 1490 3223 et
1513 3172 1778 3225 catholica
1796 3181 2108 3227 sanctorum
2123 3172 2346 3228 Patrum
2375 3193 2415 3250 ο
2450 3165 2534 3218 Ius
2563 3166 2780 3220 intuens
2809 3167 2884 3220 ait
2913 3185 2927 3220 :
2961 3165 3259 3220 Necessitas
3307 3167 3700 3237 euangelizandi
3753 3169 3885 3222 milii
3935 3171 4040 3223 in-‘

777 3259 1003 3324 unitate,
1040 3258 1307 3324 doctrina,
1333 3265 1387 3312 et
1421 3258 1770 3313 corroborata
1811 3260 2069 3315 divinitus
2111 3261 2346 3316 auctori-

773 3360 904 3415 tate,
935 3366 1030 3419 per
1063 3365 1279 3404 omnem
1312 3347 1730 3405 inobedientiam
1765 3361 1819 3406 et
1857 3353 2256 3407 contumaciam
2291 3353 2345 3408 in

774 3441 928 3510 laqut
941 3457 1030 3494 um
1044 3441 1244 3498 diaboli
1270 3441 1600 3505 ceciderunt,
1618 3449 1671 3494 et
1688 3442 1943 3508 ministri,
1961 3444 2070 3496 imo
2081 3445 2223 3498 servi
2248 3443 2346 3498 Sa-

775 3542 937 3596 tanze,
960 3548 988 3585 a
1011 3547 1119 3602 quo
1140 3531 1339 3602 captivi
1360 3539 1631 3597 tenentur,
1651 3529 1778 3586 facti
1799 3540 1946 3587 sunt.
1960 3531 2233 3599 Quocirca
2249 3533 2346 3589 do-

776 3607 862 3673 ian
871 3631 950 3676 tes
961 3623 1026 3675 de
1043 3621 1602 3691 periculoanimarum
1616 3631 1942 3688 vestrarum,
1955 3633 2008 3678 et
2019 3625 2084 3678 ad
2099 3625 2344 3680 reconci-

777 3711 1053 3765 liationem
1067 3711 1261 3765 divinae
1282 3712 1465 3780 gratiae
1485 3727 1581 3765 vos
1597 3727 1852 3766 revocare
1872 3713 2169 3782 cupientes,
2189 3715 2344 3771 misi-

777 3819 901 3856 mus
911 3801 977 3856 ad
990 3817 1086 3856 vos
1099 3802 1242 3855 hunc
1253 3801 1508 3856 dilectum
1523 3803 1690 3855 filium
1706 3811 1951 3857 nostrum
1965 3802 2280 3874 Gregorium
2293 3814 2347 3860 et

775 3893 1064 3946 diaconum
1090 3901 1289 3946 sancta:
1313 3891 1567 3946 Romanae
1592 3891 1864 3956 Ecclesiae,
1881 3901 1958 3956 ut,
1973 3894 2342 3962 pcenitentiam

777 3991 1017 4053 agentes,
1040 3983 1107 4035 ab
1126 3983 1702 4036 excommunicationis
1721 3983 1936 4037 vinculo
1954 3985 2006 4038 in
2029 3985 2172 4054 quod
2185 3986 2347 4054 parti-

775 4075 1008 4143 cipando
1027 4089 1150 4128 cum
1171 4073 1653 4127 excommunicatis
1683 4074 1919 4143 prolapsi
1949 4076 2103 4138 estis,
2125 4077 2345 4145 possitis

777 4163 1006 4223 absolvi,
1020 4164 1140 4216 etin
1153 4163 1533 4214 communione
1548 4170 1748 4230 sanet-.e
1761 4163 1949 4217 matris
1963 4161 2212 4219 Ecclesiae
2222 4181 2347 4235 apo-

779 4253 967 4305 stolica
983 4251 1311 4320 indulgentia
1337 4260 1388 4303 et
1409 4251 1780 4306 benedictione
1795 4254 2018 4308 restitui.
2044 4254 2196 4322 Quod
2217 4272 2340 4312 cum

777 4342 980 4395 factum
1035 4340 1215 4404 fuerit,
1239 4341 1283 4393 si
1312 4351 1491 4393 nostra
1517 4342 1742 4402 monita,
1767 4343 1874 4395 imo
1895 4347 2116 4398 verbum
2145 4346 2259 4411 Dei,
2279 4363 2340 4401 ea

778 4450 883 4500 qua
906 4440 1116 4499 oportet
1139 4433 1484 4484 veneratione
1519 4433 1813 4502 suscipitis,
1849 4435 2115 4498 volumus,
2139 4446 2343 4506 etapo—

2442 1996 2721 2052 catholicm
2747 1995 2870 2052 ﬁdei
2894 1995 3199 2063 veritatem,
3231 1996 3305 2051 ita
3331 2011 3550 2067 quoque
3581 1997 3648 2052 ad
3680 2012 4028 2068 cognoscen-

2441 2087 2564 2141 dam
2591 2094 2646 2141 ct
2679 2085 2966 2141 tenendam
2995 2085 3264 2155 justitiam
3293 2087 3620 2142 documenta
3657 2096 3712 2142 et
3734 2086 4027 2144 salutifera

2442 2177 2784 2232 administret
2833 2177 3065 2230 monita.
3097 2177 3178 2231 Ad
3227 2177 3383 2247 cujus
3430 2177 3858 2246 dispensationis
3895 2177 4027 2233 olli-

2444 2267 2608 2331 cium,
2631 2265 2848 2337 quando
2874 2266 3172 2321 secundum
3195 2267 3524 2334 voluntatem
3552 2266 3666 2332 Dei,
3696 2283 4026 2340 quanquam

2425 2356 2599 2412 inviti
2626 2365 2682 2411 et
2723 2355 2952 2427 indigni,
2992 2355 3274 2410 constituti
3303 2371 3515 2423 sumus,
3551 2357 3815 2412 creditum
3858 2358 4027 2413 nobis

2445 2445 2803 2500 ministerium
2830 2444 2983 2500 valde
3008 2439 3462 2514 pertimescimus,
3499 2444 3731 2500 scientes
3752 2445 4025 2515 quoniam

2445 2545 2498 2590 et
2526 2536 2611 2590 his
2636 2536 2730 2605 qui
2757 2550 2923 2605 prope
2950 2543 3005 2590 et
3037 2535 3123 2590 bis
3154 2534 3249 2605 qui
3276 2534 3433 2605 longe
3458 2542 3587 2590 sunt
3623 2535 3898 2590 debitores
3927 2551 4029 2591 su-

2446 2641 2590 2689 mus,
2623 2639 2723 2679 nec
2751 2624 2892 2694 apud
2921 2625 3214 2694 superbum
3246 2624 3484 2694 judicem
3523 2615 3894 2680 exeusationis
3940 2625 4027 2678 lo-

2446 2729 2570 2769 cum
2598 2713 2794 2768 habere
2817 2713 3135 2784 poterimus,
3159 2712 3206 2769 si
3229 2721 3413 2768 nostra
3437 2711 3804 2786 taciturnitate
3825 2699 4024 2768 eorum

2447 2813 2541 2858 aut
2557 2804 2704 2859 salus
2730 2797 3017 2875 negligitur
3043 2811 3138 2859 aut
3162 2804 3319 2875 culpa
3347 2803 3578 2860 fovetur.
3605 2803 3776 2876 Cujus
3797 2805 3879 2860 rei
3905 2815 4025 2860 tam

2449 2895 2502 2948 in
2530 2897 2859 2966 propheticis
2891 2913 3056 2966 quam
3081 2898 3406 2968 evangelicis
3429 2899 3638 2968 paginis
3661 2899 3831 2954 multa
3861 2900 4027 2955 nobis

2447 2985 2794 3054 documenta,
2819 2996 3020 3043 etcum
3053 2987 3382 3059 terribilibus
3420 2987 3584 3042 minis
3617 2991 3865 3060 exempla
3891 3005 4028 3060 pro—

2448 3075 2624 3144 posita
2655 3084 2803 3142 sunt,
2831 3091 2955 3146 quin
2975 3075 3224 3147 egregius
3254 3076 3340 3132 ille
3366 3076 3684 3148 praedicator
3701 3086 3756 3134 et
3778 3080 4024 3150 Aposto-

2450 3256 2678 3320 cumbit;
2710 3271 2784 3310 ra:
2813 3257 2951 3310 enim
2979 3257 3128 3323 mihi,
3156 3257 3203 3310 si
3229 3272 3330 3310 non
3353 3257 3770 3328 euangelizauero
3808 3255 3861 3330 (Ι
3893 3259 4022 3315 Cor.

2450 3345 2560 3413 ix)!
2588 3344 2927 3415 Quapropter
2954 3356 3008 3400 et
3034 3361 3162 3412 nos,
3193 3346 3551 3412 dilectissimi,
3587 3347 3682 3418 qui
3721 3359 4026 3418 praesentes

2449 3435 2745 3490 secundum
2771 3435 3097 3492 desiderium
3120 3448 3364 3492 nostrum
3388 3438 3552 3493 verbo
3570 3454 3679 3493 non
3700 3455 4024 3510 possumus,

2448 3525 2638 3581 saltem
2677 3526 2934 3582 absentes
2959 3541 3054 3598 per
3089 3527 3374 3597 epistolam
3413 3528 3479 3581 de
3508 3528 3683 3582 salute
3707 3540 3892 3584 vestra
3925 3547 4026 3586 vos

2446 3617 2736 3672 admonere
2760 3617 3070 3672 curavimus
3097 3636 3110 3670 :
3137 3617 3438 3673 scribentes
3468 3617 3642 3683 vobis,
3670 3619 3812 3674 sicut
3842 3621 3899 3674 in
3925 3637 4027 3676 vos

2447 3707 2698 3762 affectum
2740 3707 2933 3764 debitae
2975 3709 3254 3765 charitatis
3289 3709 3572 3776 habemus,
3611 3711 3848 3780 primum
3892 3714 4025 3784 qui-

2446 3797 2566 3851 dem
2591 3805 2670 3863 ut,
2704 3798 2904 3868 gratias
2931 3808 3148 3868 agentes
3178 3799 3306 3866 Deo,
3339 3800 3433 3869 qui
3460 3815 3557 3854 vos
3598 3804 3938 3870 regeneravit
3967 3804 4024 3858 in

2446 3906 2596 3960 spem
2624 3892 2802 3944 vivam
2835 3901 2888 3944 et
2913 3892 3370 3960 incorruptibilem
3400 3902 3616 3947 aeternae
3640 3894 3763 3948 vitae
3789 3896 4023 3965 gloriam

2445 3994 2542 4050 per
2576 3981 2759 4035 Iesum
2787 3979 3064 4035 Christum
3089 3980 3375 4036 Dominum
3409 3991 3679 4050 nostrum,
3708 3999 3925 4055 semper
3957 3987 4024 4040 il-

2445 4069 2556 4122 lum
2588 4063 2821 4124 timeatis
2845 4078 2899 4124 ct
2917 4086 2984 4125 ex
3007 4079 3116 4125 toto
3145 4073 3304 4127 corde
3331 4072 3586 4144 diligatis,
3628 4074 4024 4132 transferentes

2447 4156 2501 4208 in
2531 4157 2683 4211 illum
2706 4173 2866 4213 omne
2889 4159 3217 4214 desiderium
3255 4170 3497 4216 vestrum
3523 4176 3689 4230 supra
3717 4177 3910 4219 omnes
3937 4165 4024 4218 di-

2445 4248 2605 4302 vitias
2623 4257 2676 4302 et
2705 4249 2940 4303 honores
2965 4250 3126 4319 hujus
3154 4251 3358 4316 saeculi,
3385 4265 3546 4320 supra
3569 4265 3759 4307 omnes
3787 4268 3896 4308 non
3926 4271 4021 4310 so—

2445 4341 2556 4394 lum
2599 4340 2864 4408 humanas
2909 4341 3002 4395 sed
3045 4351 3099 4396 et
3145 4343 3417 4411 angelieas
3467 4353 3778 4411 creaturas;
3824 4349 4023 4403 ambu-

2445 4431 2617 4485 Iantes
2642 4447 2822 4485 coram
2851 4432 2940 4484 illo
2969 4432 3023 4484 in
3047 4433 3194 4486 omni
3227 4433 3328 4487 ﬁde
3353 4443 3406 4488 et
3434 4423 3714 4490 devotione
3739 4438 3810 4492 sit
3823 4448 3884 4492 ut
3910 4439 4024 4500 ele-

780 4524 966 4575 ,ςιυὶἱιῖτι
992 4537 1088 4575 vos
1107 4521 1424 4574 auctoritate
1470 4537 1751 4577 monemus
1774 4530 1830 4577 tit
1853 4541 1975 4578 cum
1998 4527 2342 4580 omnichari-
2376 4515 2419 4568 ι)
2446 4519 2515 4571 ειί
2555 4517 2668 4581 ﬁlii.
2698 4529 2750 4573 οι
2775 4519 2828 4572 in
2860 4529 3060 4575 501⁸1οΠ1
3093 4522 3420 4578 ὴαὲνθάίίδιίδ
3462 4525 3612 4594 regni
3651 4523 3746 4580 Dei
3787 4542 3886 4597 Per
3911 4529 4017 4583 im‘

781 4623 885 4663 tate
897 4611 1260 4664 etobedientia
1285 4613 1380 4663 sibi
1406 4611 1690 4677 assistatis,
1705 4623 1974 4682 quatenus
1985 4632 2106 4669 cum
2119 4619 2346 4672 consilio

777 4699 1066 4753 confratris
1098 4700 1266 4752 nostri
1301 4703 1617 4767 patviart‘hae
1645 4715 1696 4757 et
1717 4705 1947 4758 aliorum
1969 4707 2342 4774 episcoporum

781 4791 924 4843 illius
951 4790 1261 4857 provincite,
1286 4806 1490 4842 necnon
1523 4810 1643 4846 (um
1666 4796 1935 4862 adiutorio
1954 4797 2129 4864 ducis,
2154 4807 2205 4850 et
2227 4814 2344 4852 om-

781 4880 928 4931 nium
945 4888 1202 4943 vestrum,
1216 4881 1280 4933 de
1294 4889 1431 4934 statu
1451 4882 1832 4950 Ecclesiarum,
1849 4887 2231 4943 ethristianze
2258 4906 2341 4942 rc—

781 4969 994 5037 Iigionis
1015 4973 1202 5024 ordine
1222 4989 1282 5024 ac
1303 4974 1723 5041 dispensatione,
1745 4992 1865 5044 qua:
1887 4979 2191 5031 necessaria
2219 4989 2342 5031 sunt

775 5062 926 5128 juxta
953 5059 1178 5114 fortnam
1198 5078 1226 5114 a
1247 5066 1445 5116 sanctis
1471 5065 1717 5120 I‘atribus
1743 5069 1991 5120 traditam
2016 5078 2342 5137 pertractare

780 5152 970 5219 possit,
992 5166 1073 5215 ac,
1100 5151 1209 5206 Deo
1230 5153 1532 5222 adjuvantu,
1555 5169 1733 5211 nostra
1758 5161 1870 5212 vice
1894 5161 2196 5229 disponere.

850 5240 981 5294 Data
1033 5241 1372 5312 Carpinetge,
1417 5247 1605 5314 qrinlo
1646 5247 1767 5299 Idus
1819 5250 2002 5315 Junii,
2049 5251 2338 5305 indictione

776 5331 984 5384 decima
1018 5333 1222 5400 quinta.

1266 5423 1525 5477 EPISTOI
1541 5429 1594 5477 Α
1628 5427 1716 5478 XX
1730 5427 1854 5478 VIII.

1333 5531 1407 5565 AD
1449 5532 1768 5569 Πῑῖςῖτκκης.

1332 5663 1342 5672 ι
1368 5606 1542 5668 (Anno
1579 5609 1720 5657 i077.

783 5693 955 5742 hanc!
987 5693 1103 5742 illos
1133 5711 1223 5761 pro
1249 5698 1501 5762 pastum/ﬁ
1795 5739 1802 5746 ,
1906 5718 1958 5750 ,ἠ
1991 5704 2056 5750 ml
2103 5705 2180 5765 ινὲιι
2211 5719 2334 5753 san-

848 5772 1021 5830 cteque
1063 5764 1345 5817 rit-(mlum.
1412 5767 1668 5820 Pro-cra:
1730 5775 1764 5817 ("’-
1799 5782 2009 5819 -.-:n.uict
2069 5772 2337 5839 Hispania:

2449 4623 2692 4663 mensam
2721 4610 2944 4679 gratiam
2976 4611 3231 4668 bonitatis
3255 4614 3374 4682 ejus
3403 4613 3600 4681 vocati,
3631 4631 3739 4671 non
3770 4617 4019 4693 detinen-

2446 4708 2528 4752 tes
2563 4701 2858 4754 secundum
2894 4703 3208 4757 smcularem
3246 4705 3738 4774 concupiscentiam
3778 4709 3834 4762 in
3875 4710 4019 4780 inju-

2447 4787 2590 4838 stitia
2634 4803 2753 4854 qua!
2779 4788 2844 4841 de
2876 4789 3099 4844 veritate
3131 4799 3184 4845 et
3232 4793 3483 4861 tequitate
3525 4810 3624 4848 sua
3674 4795 3819 4852 Deus
3860 4802 4016 4855 vobis

2447 4891 2769 4944 cognoscere
2798 4880 2940 4934 dedit
2963 4882 3042 4935 vel
3069 4883 3295 4938 daturus
3314 4893 3418 4950 est,
3451 4886 3541 4939 sed
3575 4887 3892 4948 exhibentes
3920 4910 4016 4947 vos

2447 4968 2627 5020 lidcles
2654 4969 2929 5026 ministros
2950 4975 3014 5026 ad
3039 4973 3335 5028 faciendam
3353 4976 3641 5044 justitiam,
3664 4981 3730 5034 ad
3757 4985 4011 5038 tuendam

2446 5058 3089 5118 libertatemChristiana“:
3122 5067 3243 5120 ﬁdei
3269 5077 3320 5121 et
3349 5069 3622 5140 religionis
3650 5071 3702 5124 in
3727 5076 3874 5128 omni
3904 5077 4014 5130 vir-

2446 5159 2555 5200 tute
2585 5162 2636 5204 ct
2667 5155 3130 5210 administratione
3169 5160 3328 5228 regite
3368 5165 3648 5230 potestatis
3692 5173 3913 5231 vestrae,
3944 5169 4012 5222 ad

2444 5239 2652 5331 laudem
2693 5253 2746 5295 et
2787 5246 3008 5312 gloriam
3053 5251 3284 5304 nominis
3312 5253 3428 5322 ejus
3458 5271 3550 5323 qut
3581 5271 3676 5311 vos
3704 5259 3872 5314 multa
3900 5261 4012 5331 glo-

2443 5326 2519 5378 ria
2557 5330 2880 5387 sullimavit.
2917 5335 3078 5401 Nam,
3109 5343 3252 5408 quod
3290 5359 3500 5412 semper
3533 5345 3685 5401 vobis
3713 5349 3860 5404 cordi
3889 5326 4010 5404 esse

2443 5419 2709 5486 volumus,
2745 5426 2917 5493 inquit
2941 5429 3284 5485 dilectoribus
3308 5433 3420 5487 suis
3445 5433 3716 5505 Sapientia
3737 5455 3834 5508 per
3858 5439 4008 5493 San-

2443 5524 2651 5562 nionem
2699 5532 2707 5562 :
2755 5513 2862 5581 ligo
2907 5518 3177 5587 diligentes
3225 5537 3301 5573 me
3344 5523 3551 5594 diligo;
3601 5527 4005 5595 honoriﬁcantes

2443 5615 2518 5648 "'1"
2563 5600 2822 5655 Ῑιίτηθνίιίλω
2891 5617 2901 5664 ξ
2937 5608 3087 5660 Ρνοι·-
3124 5626 3218 5662 "Ill
3253 5615 3309 5680 1";
3365 5617 3822 5684 contemptoribus
3880 5635 4005 5673 vero

2442 5693 2674 5744 minatur
2710 5697 2805 5746 dir:
2854 5717 2892 5746 -ς
2939 5721 2945 5749 ;
2992 5699 3092 5761 Qui
3127 5713 3295 5755 antcm
3337 5723 3414 5758 me
3450 5717 3812 5778 contemnunt,
3853 5723 4002 5765 erunt

2441 5781 2690 5851 ignobiles
2721 5784 2768 5853 (1
2799 5787 2917 5854 ίαν.
2951 5789 3028 5850 ιι).
3075 5789 3134 5844 lit
3164 5794 3436 5850 apostolus
3472 5793 3672 5853 Paulus
3699 5803 3999 5861 general-eui

4061 103 4068 108 -
4122 74 4218 130 “’1

3576 6384 3686 6391 ἡ
3807 6091 4204 6392 Α
