4218 6378
196 147 535 277 ’.Γ

1310 387 1511 443 LIBER
1548 382 1895 452 QUARTIIS.
1922 376 2227 433 —-F.|‘IST.
2270 374 2503 429 XXVIII.

3386 374 3492 429 £86

270 514 415 571 futuri
449 512 771 568 sententiam
804 505 1156 562 manifestans
1195 504 1267 556 ait
1304 519 1317 555 :
1351 501 1427 553 De
1449 501 1596 569 justo
1615 498 1821 568 judicio
1854 500 1895 553 Α
1924 492 2235 555 ronnnoda.
2273 498 2326 542 et
2360 488 2541 556 aliqua
2592 495 2994 539 antecesserunt
3041 484 3354 539 nostrorum
3400 502 3497 541 oc-

270 603 349 655 Dei
360 602 443 671 qui
462 600 635 653 reddet
653 591 1225 665 unicuiquesecundum
1244 605 1397 657 opera
1409 589 1521 656 ejus
1546 587 1716 656 (Rom.
1736 591 1817 655 tt).

271 690 350 743 llis
393 689 609 759 quidem
646 686 741 754 qui
774 682 1072 739 secundum
1107 678 1420 749 patientiam
1463 677 1593 730 boni
1644 676 1828 743 operis

269 781 472 849 gloriam
492 788 543 830 et
555 778 816 830 honorem
838 785 891 828 et
912 768 1367 839 incorruptionem
1380 775 1647 837 quaerunt,
1661 767 1823 819 vitam

271 882 537 935 sternam;
568 869 654 922 his
683 877 864 921 autem
895 865 992 935 qui
1019 871 1146 919 sunt
1173 878 1240 916 cx
1268 858 1631 923 contentione,
1658 869 1709 913 et
1733 860 1839 928 qui

274 976 363 1012 nou
399 958 753 1026 acquiescunt
780 952 1021 1017 veritati,
1058 950 1287 1005 credunt
1318 957 1497 1003 autem
1529 948 1824 1017 iniquitati,

275 1051 341 1103 ira
367 1057 418 1102 et
446 1046 742 1116 indignatio
764 1085 779 1109 ,
833 1042 1108 1097 tribulatio
1148 1049 1203 1094 et
1234 1038 1484 1109 angustia
1520 1038 1575 1091 in
1611 1053 1828 1092 omnem

274 1138 493 1189 animam
526 1132 763 1186 hominis
787 1129 1061 1199 operantis
1096 1127 1318 1182 malum.
1360 1124 1532 1181 Nolite
1570 1141 1698 1195 ergo
1737 1142 1830 1179 su-

274 1222 420 1277 blime
464 1234 674 1289 sapere,
723 1228 836 1285 aut,
881 1227 1101 1288 preptcr
1153 1215 1502 1270 eminentiam
1553 1214 1831 1284 praesentis

276 1308 461 1379 gloriae,
484 1309 735 1361 humana:
759 1305 1108 1369 conditionis,
1130 1318 1251 1373 qua:
1278 1318 1431 1372 requa
1457 1310 1540 1357 est
1568 1317 1752 1372 regum
1778 1310 1832 1355 ct

277 1412 577 1469 pauperum,
604 1395 873 1450 oblivisci.
908 1393 1035 1460 Sed,
1067 1394 1210 1448 sicut
1239 1393 1379 1447 idem
1410 1391 1687 1460 apostolus
1718 1407 1832 1444 mo-

279 1499 375 1557 uet,
394 1488 751 1542 humiliamini
773 1489 867 1541 sub
892 1490 1091 1557 potenti
1118 1504 1278 1540 manu
1304 1486 1424 1549 Dei,
1448 1496 1503 1538 ut
1528 1502 1613 1539 ros
1637 1486 1832 1539 exultet

279 1579 325 1631 in
364 1588 582 1647 tempore
611 1576 976 1630 tribulationis
1016 1576 1186 1647 (Petr.
1215 1576 1290 1644 v).
1338 1573 1533 1629 Nolite
1556 1590 1706 1644 spem
1737 1590 1833 1645 po-

283 1684 395 1723 nere
421 1668 475 1722 in
504 1668 711 1722 incerto
733 1666 1045 1723 divitiarum
1082 1667 1247 1737 hujus
1274 1666 1477 1732 saeculi,
1510 1667 1603 1721 sed
1644 1668 1698 1720 in
1744 1668 1835 1723 illo

279 1757 339 1813 de
363 1771 469 1827 quo
514 1757 775 1827 scriptum
803 1765 888 1811 est
922 1776 934 1810 :
974 1756 1079 1810 Per
1120 1773 1207 1810 me
1255 1757 1395 1809 enim
1444 1773 1583 1825 reges
1618 1765 1834 1827 regnant

284 1849 449 1910 (τινοιν.
479 1852 633 1918 vni);
679 1856 734 1902 et
775 1848 903 1902 alibi
943 1866 955 1902 :

282 1944 494 2003 potestas
528 1936 689 2001 robis,
720 1944 769 1989 et
795 1937 961 1989 virtus
985 1936 1051 1989 ab
1080 1935 1390 2000 Altissimo,
1424 1937 1515 2005 qui
1545 1936 1839 2007 interroga-

285 2024 350 2076 bit
367 2040 516 2093 opera
538 2034 728 2089 vestra,
751 2032 801 2077 et
831 2024 1173 2093 cogitationes
1196 2022 1553 2086 scrutabitur;
1585 2023 1640 2075 in
1660 2040 1762 2093 quo
1789 2032 1841 2078 et

286 2112 615 2167 thesaurizate
664 2113 807 2166 vobis
853 2112 1069 2166 divitias
1118 2112 1371 2165 bonorum
1414 2122 1662 2181 operum;
1710 2122 1865 2165 σου-⁷

285 2212 524 2256 struentes
545 2204 735 2257 stabile
755 2203 1156 2273 fundamentum
1180 2201 1235 2273 (1
1259 2201 1395 2257 Tim.
1414 2206 1511 2273 vt),
1534 2212 1584 2257 et
1596 2202 1841 2257 omelioris
1860 2185 1869 2188 i

286 2301 425 2363 atque
444 2292 789 2362 indeﬁcientis
814 2292 1123 2347 substantiis
1144 2293 1519 2361 possessionem
1551 2290 1735 2361 (Hebr.
1764 2292 1841 2358 x),

288 2381 367 2433 ubi
396 2382 550 2436 vitam
583 2382 793 2435 duratis
842 2391 1111 2437 (sternam.
1156 2380 1279 2435 Non
1302 2378 1443 2435 enim
1477 2381 1724 2435 habemus
1759 2382 1843 2433 hic

290 2481 566 2547 manentem
604 2474 900 2538 civitatem,
927 2469 1017 2526 'sed
1044 2473 1279 2541 futuram
1322 2472 1663 2541 inquirimus,
1693 2471 1843 2540 cujus

289 2560 472 2629 artifex
485 2569 533 2614 et
551 2562 795 2615 conditor
812 2561 953 2615 Deus
975 2559 1159 2630 (Hebr.
1176 2562 1296 2631 xm)
1324 2559 1495 2631 (592).
1526 2560 1587 2614 Et
1608 2560 1845 2630 profecto

290 2650 478 2720 vosipsi
499 2650 647 2705 scitis
668 2659 724 2705 et
748 2651 991 2719 quotidie
1010 2651 1201 2706 videtis
1223 2666 1389 2721 quam
1407 2650 1475 2704 llu
1485 2666 1549 2705 xa
1571 2658 1623 2705 et
1641 2649 1845 2721 fragilis

291 2747 366 2793 est
386 2739 494 2793 vita
524 2739 857 2806 mortalium,
883 2755 1047 2810 quam
1084 2739 1244 2794 fallax
1282 2747 1337 2794 et
1369 2740 1675 2811 deceptoria
1720 2756 1846 2810 spes

292 2830 646 2898 praesentium.
700 2829 927 2901 Semper
954 2832 1100 2887 enim
1130 2832 1372 2901 volentes
1396 2832 1747 2901 nolentesque
1778 2832 1846 2887 ad

294 2920 444 2985 tinem
465 2920 758 2985 currimus,
781 2929 836 2975 et
852 2908 963 2975 sub
982 2928 1093 2975 tam
1114 2928 1259 2974 certo
1283 2919 1543 2989 periculo,
1567 2934 1846 2988 nunquam

295 3018 464 3063 tamen
494 3025 657 3080 quam
695 3010 767 3065 sit
805 3010 985 3066 vicina
1015 3009 1478 3079 mors‘przevidere
1516 3021 1844 3079 possumus;

298 3112 390 3153 nec
425 3115 661 3171 unquam
690 3099 784 3155 diu
819 3109 1033 3155 tenetur
1061 3098 1323 3170 quidquid
1356 3098 1423 3153 de
1447 3097 1698 3168 praesenti
1736 3098 1847 3153 vita

299 3186 374 3240 vel
420 3190 615 3243 «ecula
657 3190 921 3261 quaeritur
969 3200 1075 3247 aut.
1098 3187 1423 3259 possidetur.
1462 3187 1845 3255 Quamobrem,

247 3290 253 3296 ·
298 3284 575 3340 pensantes
596 3291 811 3345 semper
835 3292 959 3345 quae
984 3278 1094 3331 sint
1121 3277 1414 3331 novissima
1442 3286 1642 3343 vestra,
1673 3294 1865 3346 quan:

299 3369 449 3430 taque
483 3373 602 3417 cum
633 3363 1002 3419 amaritudine.
1016 3365 1082 3418 de
1101 3364 1353 3434 praesenti
1377 3366 1578 3419 saeculo
1612 3380 1847 3434 nequam

298 3451 506 3516 exituri,
529 3460 581 3506 et
614 3452 670 3505 in
699 3453 1037 3522 putredinem
1078 3451 1237 3525 ter/ra:
1289 3470 1355 3510 ac
1389 3455 1577 3509 sordes
1611 3457 1847 3525 pulveris

301 3526 552 3594 reversuri
586 3542 740 3609 estis,
775 3554 1050 3613 quamque
1086 3544 1190 3619 sub
1236 3544 1484 3600 districto
1512 3546 1758 3601 examine
1782 3545 1849 3599 de

302 3627 447 3685 lactis
471 3632 662 3688 vestris
692 3631 957 3687 rationem
984 3628 1245 3688 reddituri
1276 3635 1416 3700 sitis,
1447 3644 1634 3690 contra
1668 3635 1847 3689 futura

302 3717 526 3783 pericula
547 3734 642 3776 vos
674 3721 1024 3807 communite.
1066 3721 1231 3777 Arma
1257 3732 1457 3789 vestra,
1482 3738 1633 3793 opes,
1664 3733 1851 3793 poten-

301 3809 441 3877 tiam,
464 3828 567 3889 non
588 3814 657 3868 ad
686 3813 1271 3891 saecularem/pompam
1298 3824 1527 3880 tantum,
1552 3815 1647 3869 sed
1668 3816 1732 3869 ad
1755 3816 1852 3879 ho-

304 3912 479 3954 norem
503 3910 554 3956 et
585 3904 868 3958 servitium
893 3907 1078 3960 aeterni
1110 3908 1251 3976 regis
1281 3906 1472 3962 vertite
1497 3925 1512 3974 ;
1562 3910 1850 3981 commissa

305 3986 447 4040 vobis
467 3990 613 4058 regni
635 3992 1001 4060 gubernacula
1029 3995 1101 4048 ita
1130 3996 1318 4064 gerite,
1349 3998 1427 4051 sic
1456 3996 1847 4063 administrate,

303 4082 357 4129 ttt
381 4085 566 4129 vestra:
594 4078 811 4165 virtutis
856 4087 911 4132 et
946 4081 1285 4136 rectitudinis
1327 4084 1566 4145 studium
1598 4088 1849 4160 omnipo-

305 4165 424 4218 tenti
450 4165 557 4221 Deo
580 4157 791 4237 gratum
823 4168 1052 4236 justitize
1096 4171 1269 4239 possit
1306 4186 1427 4225 esse
1478 4157 1845 4240 sacrificium;

304 4266 554 4324 quatenus
577 4268 629 4313 et
663 4273 761 4313 vos
792 4259 846 4313 in
877 4260 994 4329 ipso
1027 4276 1243 4329 sperare
1276 4260 1499 4331 possitis
1526 4263 1619 4333 qui
1643 4263 1736 4317 dat
1763 4278 1851 4317 sa-

304 4344 456 4401 lutem
479 4349 722 4419 regibus;
746 4358 799 4403 et
819 4359 1007 4419 potens
1028 4360 1110 4406 est
1130 4352 1338 4421 eripere
1357 4352 1422 4407 de
1444 4368 1608 4408 manu
1638 4354 1847 4418 mortis,

1922 582 2146 635 cultavit
2174 578 2520 649 negligentia.
2562 576 2698 629 Ilum
2730 586 3016 644 postquam
3048 591 3275 645 regnum
3308 577 3437 630 illud
3463 593 3495 630 a

1924 666 2211 721 Saracenis
2246 674 2301 719 et
2350 664 2577 734 paganis
2630 678 2917 733 psrvasum
2959 673 3073 728 est,
3113 673 3167 716 et
3212 664 3496 718 servitium

1923 759 2069 828 quod
2093 757 2250 811 beato
2270 753 2431 808 Petro
2462 754 2586 807 inde
2615 754 2821 807 solebat
2852 752 2991 817 fieri,
3023 763 3241 823 propter
3268 754 3497 808 inﬁdeli-

1924 857 2089 902 tatem
2110 861 2299 901 eorum
2329 854 2383 899 et
2410 844 2750 914 tyrannidem
2799 844 3098 907 detentum,
3148 845 3215 897 ab
3253 860 3353 898 usu
3403 861 3498 897 no-

1898 948 2166 993 strorum
2197 944 2278 990 tot
2308 935 2467 988 annis
2496 934 2853 1003 interceptum
2878 944 2982 997 est,
3006 934 3206 1002 pariter
3226 934 3387 987 etiam
3415 950 3499 986 re-

1928 1041 2051 1079 rum
2094 1032 2148 1078 et
2181 1021 2531 1091 proprietatis
2574 1021 2835 1075 memoria
2882 1020 3049 1075 dilabi
3083 1021 3263 1089 coepit.
3302 1019 3498 1074 Verum

1927 1115 2055 1182 quia
2082 1112 2264 1167 divina
2292 1112 2577 1165 clementia
2607 1126 2865 1164 ronccssa
2891 1112 3048 1165 vobis
3084 1111 3140 1164 in
3170 1112 3354 1164 hostes
3380 1109 3502 1163 illos

1929 1216 2252 1271 s;-taperquc
2312 1202 2655 1255 concedenda
2703 1201 2927 1255 victoria
2970 1210 3171 1255 terram
3208 1201 3262 1253 in
3308 1217 3505 1255 manus

1929 1302 2140 1352 vestras
2168 1291 2408 1356 tradidit,
2443 1291 2673 1345 ulterius
2716 1306 2813 1344 vos
2839 1306 3059 1345 causam
3088 1291 3229 1345 hanc
3256 1291 3505 1360 ignorare

1931 1383 2218 1448 nolumus,
2262 1396 2328 1435 ne
2377 1379 2523 1450 quod
2566 1394 2836 1447 supernus
2876 1380 3078 1435 arbiter
3124 1388 3178 1434 ct
3216 1380 3393 1448 legum
3443 1394 3509 1433 ac

1926 1472 2153 1541 jnstitia:
2210 1470 2458 1525 conditor
2518 1469 2585 1523 dc
2630 1470 2996 1537 recuperanda
3055 1479 3110 1524 et
3173 1469 3508 1525 restituenda

1928 1562 2139 1630 iustitia
2181 1570 2235 1616 et
2268 1552 2474 1615 honore
2521 1558 2694 1613 sant-ti
2741 1556 2908 1623 Petri,
2941 1558 3169 1627 ejusque
3218 1569 3421 1613 sanctae
3454 1566 3511 1613 et

1934 1650 2249 1719 apostolicae,
2266 1648 2430 1713 sedis,
2460 1656 2652 1701 vestrae
2696 1642 2881 1716 gloriae
2922 1647 2989 1699 ad
3021 1648 3159 1701 bene
3192 1647 3510 1701 merendum

1935 1739 2185 1804 contulit,
2215 1744 2309 1791 aut
2353 1736 2511 1790 nobis
2545 1751 2609 1789 ex
2654 1734 3024 1788 taciturnitate
3071 1734 3123 1787 iu
3177 1735 3512 1804 negligentie

998 1847 1262 1913 Quoniam
1297 1848 1425 1901 data
1454 1857 1531 1901 est
1550 1866 1584 1902 a
1615 1825 1839 1905 Domino

1939 1830 2191 1900 culpam,
2242 1835 2337 1881 aut
2375 1826 2528 1881 vobis
2565 1841 2637 1897 cx,
2658 1825 2993 1896 ignorantia,
3042 1826 3189 1895 quod
3219 1826 3393 1881 absit!
3445 1826 3515 1880 ad

1938 1921 2325 1975 detrimentum
2355 1917 2645 1987 preposita:
2672 1926 2727 1971 et
2760 1910 3021 1970 divinitus
3055 1916 3249 1969 oblata:
3279 1916 3516 1970 retribu-

1940 2010 2107 2063 tionis
2155 2008 2427 2073 obveniat,
2477 1992 2818 2061 Confidimus
2864 2006 3009 2060 enim
3060 2006 3113 2061 in
3144 2004 3515 2061 misericordia

1941 2097 2059 2163 Dei,
2089 2098 2184 2167 qui
2214 2098 2467 2151 virtutem
2497 2096 2652 2150 vobis
2676 2096 2823 2150 dedit
2848 2104 2904 2151 et
2949 2096 3254 2162 victoriam,
3289 2105 3347 2150 ut
3377 2096 3517 2150 lianc

1940 2188 2102 2242 etiam
2125 2188 2457 2241 voluntatem
2479 2186 2631 2241 vobis
2655 2186 2877 2251 tribuat,
2899 2187 3257 2257 quo,cognita
3269 2187 3516 2251 veritate,

1942 2279 2125 2348 potius
2162 2285 2363 2333 statuta
2393 2276 2833 2331 Christianorum
2860 2276 3166 2347 principum
3191 2285 3246 2331 ct
3272 2277 3517 2345 exempla

1943 2367 2269 2437 sequamini,
2298 2381 2463 2436 quam
2493 2380 2686 2420 eorum
2725 2366 3057 2435 impietatem
3102 2367 3196 2434 qui
3245 2365 3517 2420 Christia-

1944 2473 2073 2511 num
2101 2470 2298 2509 nomen
2328 2454 2501 2525 magis
2528 2446 2757 2523 cupiunt
2784 2456 3034 2524 persequi
3060 2470 3224 2525 quam
3247 2456 3514 2509 venerari.

1942 2545 2189 2601 Misimus
2238 2552 2417 2599 autem
2455 2545 2523 2599 ad
2572 2560 2669 2599 vos
2697 2544 3029 2599 confratrem
3066 2553 3314 2599 nostrum
3347 2547 3516 2599 Ama-

1944 2645 2059 2690 tum
2086 2636 2449 2690 venerabilem
2481 2634 2815 2689 Ellorensem
2862 2634 3202 2704 episcopum,
3231 2636 3319 2689 cui
3356 2645 3410 2689 et
3440 2635 3521 2689 vi-

1943 2742 2060 2781 cem
2104 2736 2351 2782 nostram
2378 2726 2445 2780 ad
2474 2734 2659 2796 partes
2709 2726 2828 2780 illas
2868 2725 3138 2790 dedimus,
3168 2725 3522 2795 adjungentes

1945 2818 2051 2872 sibi
2091 2817 2237 2872 hunc
2285 2817 2534 2871 abbatem
2574 2816 2759 2879 Sancti
2789 2815 2991 2881 Pontii,
3022 2816 3201 2870 virum
3230 2800 3515 2870 venerabi-

1944 2906 2072 2971 leta,
2104 2905 2209 2959 fide
2236 2914 2291 2959 et
2336 2920 2551 2958 morum
2599 2905 2884 2958 honestate
2917 2904 3226 2973 probatum,
3272 2910 3330 2958 ut
3363 2890 3523 2972 quod

1945 3010 2047 3051 nos
2070 2995 2137 3050 de
2164 2994 2530 3049 insinuatione
2580 2994 2745 3064 hujus
2780 3009 2961 3049 causa:
2991 3002 3183 3049 vestra:
3212 2994 3522 3049 celsitudini

1947 3085 2221 3140 succincte
2247 3084 2589 3154 scripsimus,
2620 3084 2723 3154 ipsi
2758 3086 2934 3150 vobis,
2978 3086 3024 3140 si
3072 3099 3296 3141 necesse
3322 3086 3412 3151 sit,
3440 3085 3521 3138 la-

1948 3175 2060 3231 tius
2107 3175 2455 3245 apertiusque
2516 3174 2905 3241 manifestent,
2958 3183 3031 3241 et,
3069 3183 3336 3245 quantum
3384 3176 3527 3230 ratio

1948 3267 2340 3337 postulaverit,
2389 3265 2637 3320 notitiam
2667 3266 2910 3320 veritatis
2944 3267 3197 3335 praesenti
3238 3265 3527 3320 denuntia-

1949 3359 2095 3412 tione
2114 3366 2169 3413 et
2187 3366 2335 3412 certa
2364 3356 2665 3410 assertione
2693 3355 3088 3411 demonstrent.
3119 3355 3365 3422 Quorum
3390 3372 3525 3412 con-

1950 3448 2084 3501 siliis
2109 3447 2161 3500 in
2188 3447 2273 3501 his
2302 3461 2424 3515 qua:
2451 3445 2518 3499 ad
2548 3444 2839 3499 Dominum
2890 3448 3162 3516 pertinent
3191 3489 3206 3513 ,
3264 3457 3320 3503 et
3364 3449 3527 3504 saluti

1949 3538 2255 3591 animarum
2285 3544 2589 3590 vestrarum
2626 3539 2931 3592 necessaria
2962 3548 3121 3604 sunt,
3158 3539 3531 3594 indubitanter

1950 3628 2176 3698 potestis
2204 3626 2441 3692 credere,
2475 3626 2617 3681 sicut
2653 3641 2753 3681 nos
2790 3626 2844 3680 in
2874 3627 3007 3697 ipsis
3037 3644 3133 3697 per
3165 3608 3527 3686 studiumrc-

1952 3716 2173 3786 ligionis
2201 3724 2256 3770 et
2283 3724 2502 3770 actuum
2533 3730 2760 3769 suorum
2788 3717 3293 3785 comprobavimus,
3330 3726 3385 3773 et
3429 3734 3531 3773 vcs

1954 3808 2009 3860 in
2038 3822 2229 3862 eorum
2258 3806 2506 3875 poteritis
2534 3807 2949 3861 conversatione
2970 3809 3319 3877 perpendere.
3360 3808 3530 3881 Igitur

1951 3898 2097 3966 quod
2124 3898 2190 3951 ad
2222 3912 2321 3952 nos
2350 3896 2611 3967 pertinuit
2635 3938 2651 3962 ,
2695 3905 2790 3951 aut
2836 3899 3228 3967 providendum
3257 3916 3323 3955 ex
3351 3900 3529 3955 ollich

1952 3996 2047 4041 aut
2073 3986 2456 4042 satisfaciendo
2483 3987 2711 4055 iustitia:
2732 3986 2933 4053 debito,
2967 3987 3077 4042 Deo
3108 3990 3425 4051 miserante,
3449 3990 3529 4042 fe-

1952 4078 2163 4141 cimus;
2198 4077 2328 4145 quid
2375 4085 2568 4129 vestrae
2606 4092 2771 4129 causa
2793 4078 3017 4131 salutisa
3047 4077 3201 4131 vobis
3238 4078 3443 4147 exigat,
3473 4088 3531 4134 et

1951 4171 2215 4230 quantum
2241 4163 2397 4216 beato
2426 4162 2587 4215 Petro
2623 4164 2994 4231 apostolorum
3024 4165 3254 4235 principi
3284 4167 3530 4223 debeatis

1952 4250 2327 4315 indicavimus,
2347 4265 2414 4304 ne
2442 4252 2745 4319 ignorantia
2770 4252 3047 4319 obsit,nec
3076 4257 3177 4310 sub
3202 4272 3340 4312 vana
3372 4274 3531 4314 secu—

1952 4342 2112 4396 ritate
2163 4341 2393 4395 labcutis
2434 4338 2580 4396 lucis
2630 4352 2683 4397 et
2730 4346 2992 4413 temporis
3038 4347 3300 4403 damnosa
3350 4350 3526 4415 vobis,

306 4442 359 4490 ut
381 4437 731 4506 superinduat
772 4454 870 4493 vos
898 4440 1241 4495 eminentiori
1271 4441 1535 4509 claritate,
1566 4451 1619 4497 et
1643 4443 1852 4513 gaudiis

1952 4432 2097 4501 quod
2144 4432 2313 4487 absit!
2367 4434 2623 4504 subrepat
2665 4437 3007 4507 negligentia.
3048 4438 3159 4494 Vos
3188 4449 3367 4495 autem
3398 4444 3528 4511 quid

305 4524 419 4579 vita
454 4527 735 4594 perennis,
771 4539 827 4582 et
852 4529 919 4583 de
960 4530 1180 4584 caducis
1223 4531 1518 4586 honoribus
1540 4548 1682 4602 quos
1712 4549 1857 4587 nunc

1957 4530 2193 4577 vestrum
2224 4523 2292 4577 sit
2316 4524 2595 4589 attendite,
2618 4526 2747 4594 quid
2768 4526 2899 4581 fides
2912 4520 3287 4586 etChristiana
3315 4532 3529 4585 devotio

307 4609 503 4665 habetis
540 4614 835 4669 transferat
882 4632 978 4671 vos
1024 4618 1081 4671 in
1139 4633 1366 4687 regnum
1416 4620 1602 4689 gloriae
1645 4608 1874 4676 meum;~
1957 4614 2122 4667 vestri
2143 4614 2476 4684 principatus
2494 4616 2561 4669 ad
2590 4615 2947 4672 imitationem
2977 4620 3347 4688 piissimorum
3378 4621 3528 4687 prin-

308 4714 429 4767 suze,
459 4702 547 4755 ubi
571 4717 672 4757 nec
698 4702 975 4760 beatitudo
997 4707 1309 4770 finem,nec
1330 4704 1334 4707 Α
1352 4709 1521 4776 gloria
1552 4710 1857 4777 corruptio-

308 4802 440 4853 nem,
470 4798 571 4844 nec'
593 4790 831 4860 dignitas
859 4793 1020 4847 habet
1060 4796 1539 4862 comparationem.
1593 4796 1859 4854 Przeterca

308 4885 484 4932 notum
511 4878 665 4934 vobis
696 4878 812 4932 fieri
844 4880 1122 4944 volumus,
1154 4881 1299 4948 quod
1341 4882 1497 4936 nobis
1524 4885 1742 4952 quidem
1775 4886 1857 4940 fa-

310 4979 422 5020 cere
440 4983 543 5023 non
566 4978 648 5023 est
671 4968 925 5033 liberum,
953 4968 1106 5021 vobis
1138 4977 1314 5025 nullam
1338 4984 1444 5023 non
1470 4973 1644 5026 solum
1676 4975 1741 5028 ad
1775 4975 1859 5028 fu-

311 5060 474 5109 turam
512 5057 606 5113 sed
654 5058 819 5112 etiam
858 5058 923 5111 ad
958 5066 1279 5126 praesentem
1326 5058 1551 5127 gloriam
1582 5063 1734 5115 valde
1762 5080 1859 5117 ne-

311 5144 613 5209 cessarium,
650 5145 900 5201 videlicet
936 5161 1160 5215 regnum
1212 5144 1482 5214 Hispania:
1522 5164 1585 5201 ex
1624 5152 1862 5219 antiquis

314 5227 777 5287 constitutionibus
802 5234 958 5287 beato
986 5232 1147 5288 Petro
1174 5242 1227 5287 et
1254 5244 1453 5288 sancta:
1477 5233 1735 5290 Romana:
1759 5236 1861 5291 Ec-

314 5314 477 5370 clesia
502 5317 558 5371 in
581 5320 673 5386 jus
700 5330 755 5375 et
799 5326 1177 5398 proprietatem
1217 5340 1338 5379 esse
1375 5325 1651 5380 traditum.
1708 5325 1861 5391 Quod

314 5400 558 5459 .timirum
599 5406 865 5465 hactenus
898 5422 953 5467 et
986 5414 1379 5483 praeteritorum
1426 5422 1726 5481 temporum
1774 5414 1858 5468 in-

375 5556 518 5627 (592)
554 5557 632 5614 Ex
662 5561 830 5637 variis
857 5564 1098 5637 Apostoli
1126 5568 1427 5631 sententiis,
1456 5577 1515 5621 ut
1543 5579 1595 5621 ei
1621 5570 1863 5637 proxime

317 5639 551 5707 sequens,
578 5629 849 5707 conflatus
873 5629 954 5687 est
983 5636 1072 5690 hic
1102 5638 1274 5701 locus,
1306 5629 1442 5707 quas
1478 5653 1574 5692 nec
1602 5629 1731 5705 ipsis
1766 5656 1863 5695 nec

317 5695 523 5752 totidem
560 5697 739 5755 verbis
767 5699 927 5756 refert
953 5715 1173 5762 sanctus
1212 5695 1472 5778 ponitfex,
1509 5695 1633 5775 sed,
1657 5719 1862 5765 mutata

1956 4706 2136 4774 cipum
2163 4707 2384 4775 exsequi
2410 4707 2601 4761 debeat
2641 4709 2891 4777 prudenti
2921 4711 3150 4765 consilio
3180 4718 3524 4777 pertractate,

1955 4792 2225 4861 disponite
2271 4804 2432 4864 atque
2479 4799 2737 4863 statuite;
2788 4807 2841 4851 et
2879 4788 2951 4850 ita
2982 4812 3076 4849 vos
3105 4812 3230 4866 erga
3263 4798 3524 4863 honorem

1959 4882 2100 4935 beati
2130 4883 2273 4937 Petri
2300 4894 2353 4939 et
2380 4896 2580 4941 sancta:
2612 4886 2801 4940 matris
2837 4894 3029 4939 vestrae
3056 4885 3312 4942 Romana:
3342 4888 3527 4945 Eccle-

1959 4971 2052 5025 size
2073 4984 2350 5041 promptos
2371 4984 2533 5042 atque
2576 4974 2915 5043 magnificos
2940 4977 3219 5043 exhibete,
3252 4988 3313 5034 ut
3340 4990 3523 5037 vestra

1961 5060 2132 5114 virtus
2171 5071 2225 5114 ct
2254 5063 2443 5129 gloria,
2479 5078 2600 5131 quae
2637 5064 2747 5118 Deo
2776 5066 3011 5123 donante
3058 5068 3255 5123 illustri
3299 5071 3524 5126 victoria

1959 5149 2153 5218 pollet,
2190 5151 2504 5218 apostolicis
2554 5153 3035 5213 intercessionibus
3082 5158 3281 5213 clarior
3326 5160 3419 5212 fiat
3472 5172 3525 5214 et

1959 5238 2237 5305 excelsior,
2267 5250 2321 5294 et
2359 5256 2549 5297 eorum
2598 5262 2694 5301 vos
2724 5262 2936 5316 semper
2962 5249 3263 5303 benedictio
3294 5248 3522 5313 muniat,

1961 5329 2255 5384 auctoritas
2285 5346 2316 5385 a
2342 5335 2576 5401 peccatis
2604 5337 2876 5403 absolvat,
2916 5337 3158 5392 defensio
3204 5346 3345 5390 tutos
3372 5344 3427 5389 et
3454 5337 3520 5390 il-

1962 5418 2117 5475 laesos
2144 5422 2213 5475 ab
2234 5423 2381 5475 omni
2414 5425 2655 5493 periculo
2702 5436 2964 5497 protegat,
2996 5441 3225 5496 quorum
3258 5433 3523 5492 potestate

1965 5575 2359 5645 aliquantulum,
2388 5576 2577 5641 forma,
2617 5594 2646 5629 e
2684 5580 2941 5631 memoria
2971 5594 3087 5639 sua,
3120 5577 3517 5645 Scripturarnm

1966 5646 2257 5779 tltesauri(sF
2281 5644 2493 5718 referta,
2540 5661 2777 5707 manare,
2832 5656 2886 5697 ut
2916 5647 2986 5697 ita
3015 5644 3398 5711 (ιὶίειιηίδιηὶι
3442 5653 3521 5703 \cl

1971 5729 2169 5767 mscms
2240 5724 2339 5779 ⁸υ.)

1971 5729 2169 5767 ιιιδςιίιδ
2198 5728 2312 5767 (ιι-ιι.
