4218 6420
3804 58 4038 371 ’Ἴ

596 485 697 539 ι87
1231 480 1288 535 S.
1330 478 1653 537 GREGORII
1694 478 1783 533 ΥΠ
1818 477 2017 532 ΡΑΡΑΞ
2056 474 2337 531 OPERUM
2372 475 2552 531 PARS
2586 475 2731 529 1--
2769 471 3187 531 llEGlSTRUM.
3740 479 3855 549 εδδ
4036 454 4037 463 χ

596 587 856 654 divinitus
884 572 990 651 illis
1021 594 1215 651 tradita
1244 576 1570 648 universitas
1614 593 1897 647 hominum
1946 600 2057 644 tam
2108 590 2161 643 in
2192 602 2237 656 Α
2332 589 2465 643 Data
2498 588 2819 658 Carpinetze,
2855 598 3051 659 quarto
3082 587 3345 652 ljalendas
3371 586 3523 657 Julii,
3550 590 3853 647 indictione

598 688 738 743 caelo
762 702 925 757 quam
946 686 1012 760 in
1049 693 1191 738 terra
1230 684 1430 754 ligatur
1472 690 1527 736 et
1568 682 1815 747 solvitur,
1849 690 1903 735 et
1930 679 2166 734 caelestis
2270 681 2479 735 decima
2506 680 2715 750 quinta.

599 778 749 848 regni
774 761 1188 847 januaycnnctis
1214 773 1454 848 aperitur
1481 781 1533 826 et
1567 772 1858 827 clauditur.

604 892 685 909 wu-

697 879 3771 907 ____________—______________._.____________________

1403 987 1758 1074 LIBER
1828 980 2356 1090 QUINTUS
2426 978 3017 1102 REGISTRI.

572 1162 774 1233 ,Δηηο
807 1146 881 1221 ab
901 1158 1345 1220 Incarnatio‘ne
1368 1155 1621 1215 Domini
1640 1151 1961 1214 millesimo
1994 1148 2443 1235 septuagesimo
2468 1147 2751 1225 septimo,
2773 1145 3114 1219 indictione
3138 1146 3368 1208 decima
3394 1147 3619 1226 quinta
3650 1146 3840 1229 (393).

1067 1275 1399 1332 EPISTOLA
1438 1272 1670 1328 PRIMA.

802 1386 868 1425 AD
891 1384 1174 1425 CANONICOS
1200 1382 1385 1423 SANC'I'I
1415 1380 1635 1420 ΙΔΙΠῚΝΙ
1664 1378 1927 1418 ιυεεκδιε.

1176 1457 1357 1529 (Anno
1387 1452 1566 1525 1077.)

590 1552 779 1622 Δνςιιὶι
803 1567 889 1605 eos
912 1550 1048 1620 quod
1072 1558 1251 1602 contra
1277 1565 1372 1622 sua
1391 1548 1617 1611 monita,
1638 1553 1825 1622 etpost
1844 1545 2155 1614 promissam

658 1615 1093 1690 satisfactionem,
1119 1619 1457 1693 canonicatus
1476 1633 1548 1693 ac
1577 1615 2151 1693 praabendasemerent.

655 1685 830 1762 Quare
853 1691 1091 1762 omnibus
1114 1690 1201 1758 qui
1222 1702 1309 1742 eas
1338 1690 1414 1740 sic
1437 1687 1613 1755 adepti
1635 1685 1853 1762 fuerint,
1881 1685 2155 1762 introititm

651 1753 870 1828 majoris
899 1753 1136 1813 ecclesite'
1164 1766 1211 1811 ct
1242 1773 1421 1811 carum
1461 1753 1797 1809 rctentionem
1828 1753 2035 1806 omnino
2068 1753 2154 1803 in-

653 1830 884 1883 terdicit.
1517 1849 1523 1857 ·

655 1917 960 1973 Gneconws
981 1918 1287 1988 episcopus,
1312 1931 1503 1972 servus
1527 1930 1808 1971 servorum
1837 1912 1955 1979 Dei,
1986 1925 2156 1966 cano-

584 2010 725 2065 nicis
741 2010 928 2064 Sancti
953 2009 1175 2064 Martini
1202 2007 1467 2063 Lucensis
1493 2005 1771 2061 Ecclesia.

654 2099 968 2157 Meminisse
993 2099 1221 2164 debetis,
1261 2098 1478 2168 quoties
1506 2104 1561 2151 et
1608 2110 1734 2150 cum
1777 2102 1981 2164 quanta
2026 2108 2155 2160 cura

586 2205 682 2244 vos
706 2190 1079 2245 monuerimus
1090 2190 1233 2259 apud
1254 2203 1353 2243 vos
1379 2194 1677 2252 manentes,
1702 2201 1769 2239 ne
1800 2193 2012 2240 terrena
2036 2199 2158 2253 per-

584 2280 726 2334 itura
755 2280 1041 2335 commoda
1078 2279 1305 2348 majoris
1341 2293 1507 2348 quam
1545 2278 1758 2331 animas
1781 2285 1995 2329 vestras
2014 2276 2159 2329 aesti-

584 2375 820 2434 mantes,
850 2370 927 2424 ita
954 2383 1053 2424 vos
1081 2368 1149 2421 ad
1181 2366 1543 2423 obedientiam
1566 2364 1793 2436 ju‘stitiae
1808 2363 2156 2428 exhiberetis,

584 2468 647 2513 ut
671 2459 896 2514 ulterius
916 2460 1019 2514 sub
1042 2456 1622 2514 excommunicationis
1659 2455 1895 2521 vinculo,
1926 2455 2073 2524 quod
2103 2454 2158 2509 in

584 2550 933 2619 acquirendis
953 2556 1144 2605 contra
1165 2547 1463 2618 apostolica
1494 2547 1707 2602 decreta
1733 2546 2033 2616 praebendis
2061 2560 2158 2600 vos

587 2639 886 2697 incurrisse
914 2636 1267 2693 manifestum
1298 2646 1435 2704 erat,
1461 2652 1571 2691 non
1607 2635 2014 2706 permanerctis.
2053 2634 2159 2689 Vc-

588 2744 732 2795 rum,
758 2737 820 2784 ut
845 2728 962 2799 ipsa
992 2742 1081 2783 res
1122 2727 1345 2795 indicat,
1383 2727 1746 2785 substantiam
1789 2736 1980 2783 vestrae
2035 2728 2160 2782 licet

586 2815 789 2885 iniquae
825 2817 1189 2885 possessionis
1216 2817 1592 2887 pretiosiorem
1624 2832 1789 2886 quam
1801 2816 2159 2885 vosmetipsos

585 2906 786 2971 facitis,
814 2905 931 2983 qui,
967 2892 1167 2976 spretis
1201 2906 1666 2961 admonitionibus
1688 2907 1891 2961 nostris
1918 2914 1974 2961 et
2030 2921 2161 2960 con-

585 3006 787 3067 tempta
816 2998 1112 3068 apostolica
1147 2998 1490 3064 auctoritate,
1520 3013 1619 3068 pro
1647 2997 1814 3053 lucris
1845 2996 2157 3067 temporali-

586 3088 691 3143 bus
724 3097 779 3142 et
834 3089 1096 3159 explenda
1141 3071 1435 3157 cupiditate
1481 3097 1686 3155 vestra,
1715 3088 1818 3143 sub
1872 3087 2159 3142 maledicto

585 3178 948 3233 anathematis
981 3187 1104 3246 post
1142 3178 1479 3247 promissam
1528 3178 1686 3233 nobis
1731 3177 2159 3232 satisfactionem

588 3264 826 3321 rccidivo
872 3278 937 3319 ac
973 3266 1271 3321 deliberato
1315 3265 1778 3334 praevaricationis
1819 3266 2047 3320 crimine
2077 3265 2162 3333 ja-

588 3371 713 3411 cere
741 3371 851 3421 non
880 3357 1282 3426 pcrtimcscitis.
1321 3355 1681 3428 QuaprOpter,
1704 3358 1966 3427 quoniam
1999 3366 2162 3412 tanta:

588 3446 1030 3518 praesumptionis
1065 3448 1489 3513 contumaciam,
1530 3456 1586 3502 et
1615 3456 1724 3501 tam
1746 3448 2002 3502 immanis
2034 3462 2162 3501 ava-

587 3538 727 3593 ritiae
751 3537 987 3607 culpam,
1036 3546 1224 3592 nostra
1256 3553 1355 3593 nec
1404 3538 1773 3592 taciturnitate
1796 3537 2158 3603 dissimulare,

589 3626 961 3701 necpatieutia
984 3642 1092 3683 non
1134 3627 1295 3682 modo
1340 3628 1409 3681 ad
1430 3636 1693 3693 vestrum,
1725 3626 1816 3683 sed
1843 3627 1911 3682 ad
1944 3627 2160 3683 illorum

588 3716 755 3769 etiam
781 3706 913 3771 cum
932 3716 1135 3785 quibus
1174 3717 1592 3770 communicatis
1631 3717 1931 3785 periculum
1959 3719 2163 3775 diutius

591 3805 773 3859 fovere
796 3804 1078 3871 audemus,
1114 3805 1367 3874 praesenti
1416 3807 1741 3861 auctoritate
1787 3808 2041 3861 omnibus
2070 3810 2163 3877 qui

2257 1266 2527 1338 agendum
2564 1273 2767 1321 nostrai
2797 1265 3180 1321 sollicitudinis
3204 1266 3466 1331 debitum,
3496 1267 3845 1339 singularum

2256 1354 2984 1425 provinciarum'Ecclesias
3035 1371 3131 1426 per
3182 1357 3547 1426 nosmetipsos
3618 1358 3847 1413 visitare

2256 1456 2367 1500 non
2399 1461 2716 1514 possumus,
2771 1448 3139 1501 necessarium
3182 1448 3337 1501 valde
3358 1456 3443 1502 est
3474 1456 3554 1511 ut,
3589 1448 3846 1518 exigente

2192 1543 2198 1550 '
2254 1536 2469 1589 ratione
2498 1536 2581 1589 vel
2606 1544 2878 1606 tempore,
2912 1536 3149 1606 aliquem
3180 1538 3355 1592 modo
3408 1537 3474 1591 ad
3498 1537 3621 1593 illas
3654 1548 3845 1607 partes

2256 1626 2471 1681 mittere
2502 1627 2839 1693 studeamus,
2878 1642 2974 1697 per
3004 1642 3181 1698 quem
3204 1629 3500 1684 commissa
3545 1631 3706 1684 nobis
3756 1647 3845 1686 se-

2256 1717 2493 1772 cundum
2518 1718 2856 1773 voluntatem
2888 1717 2983 1773 Dei
3003 1727 3421 1789 repraesentetur
3442 1721 3768 1786 auctoritas,
3791 1737 3846 1795 et

2255 1807 2525 1864 Dominici
2550 1809 2729 1879 gregis
2755 1809 2903 1863 salus
2950 1816 3115 1879 atque
3153 1810 3462 1864 communis
3488 1811 3846 1880 provideatur

2256 1900 2483 1955 utilitas.
2515 1896 2735 1953 Scimus
2778 1899 2925 1953 enim
2954 1899 3217 1969 quoniam
3252 1900 3372 1954 sine
3410 1900 3745 1955 detrimento
3790 1912 3845 1956 et

2257 2002 2457 2060 magno
2486 1988 2795 2043 animarum
2847 1988 3091 2058 periculo
3138 2004 3260 2044 esse
3313 2003 3423 2043 non
3460 1997 3662 2059 potest,
3712 2006 3841 2045 cum

2257 2080 2404 2136 illius
2428 2078 2707 2150 diligentia
2752 2079 2820 2134 ad
2844 2094 3007 2149 quem
3045 2095 3260 2135 summa
3295 2081 3637 2151 negotiorum
3664 2090 3720 2136 et
3743 2098 3842 2136 cu-

2256 2188 2331 2226 ra:
2355 2172 2657 2226 necessitas
2677 2170 2948 2241 praecipue
2968 2180 3195 2241 spectat,
3224 2172 3321 2226 diu
3350 2172 3584 2227 subditis
3607 2188 3673 2227 ac
3686 2188 3841 2227 com-

2257 2262 2443 2318 missis
2470 2262 2574 2317 sibi
2603 2261 2864 2316 fratribus
2902 2261 3071 2317 deest.
3096 2260 3461 2335 Quapropter,
3481 2260 3839 2320 censideran-

2259 2360 2341 2406 tes
2362 2360 2418 2406 et
2440 2339 2595 2406 valde
2620 2351 2873 2406 timentes
2914 2366 2983 2406 ne
3016 2352 3330 2422 huiusmodi
3354 2369 3481 2424 erga
3504 2370 3607 2409 vos
3659 2356 3841 2425 prmi-

2258 2440 2454 2495 dentize
2477 2440 2663 2496 tandiu
2708 2441 3137 2521 prietermissum
3193 2443 3434 2498 studium
3468 2453 3523 2499 et
3567 2446 3729 2521 nobis
3782 2448 3837 2501 in

2259 2531 2597 2602 negligentia:
2618 2532 2833 2601 culpam
2858 2540 3159 2603 reputetur,
3182 2543 3236 2588 et
3260 2542 3456 2590 vestrae
3478 2520 3641 2590 saluti
3665 2536 3836 2608 (quod

2257 2620 2453 2691 absit!)
2491 2623 2877 2691 'perniciosum
2930 2632 3025 2678 aut
3064 2625 3399 2679 contrarium
3460 2624 3647 2693 fuerit,
3705 2628 3835 2684 data

2257 2709 2495 2780 primum
2551 2712 2975 2781 opportunitate,
3038 2714 3290 2769 misimus
3321 2716 3389 2770 ad
3419 2732 3515 2771 vos
3564 2718 3711 2772 hunc
3733 2717 3837 2773 ira-

2257 2808 2395 2854 trem
2426 2810 2673 2857 nostrum
2722 2801 3102 2877 Landulphum
3172 2805 3382 2861 Pisanze
3428 2800 3685 2863 Ecclesia:
3726 2810 3833 2863 elc-

2258 2898 2403 2945 ctum
2433 2893 2768 2963 episcopum,
2818 2894 2907 2947 cui
2956 2903 3011 2948 et
3066 2896 3241 2950 vicem
3291 2906 3531 2953 nostram
3574 2898 3627 2951 in
3682 2898 3835 2952 vobis

2258 2982 2653 3050 commisimus,
2684 2991 2745 3038 ut
2772 2998 2834 3038 ca
2862 2998 2985 3055 qua:
3012 2984 3079 3039 ad
3107 2984 3351 3041 ordinem
3403 3004 3573 3043 sacra:
3615 2988 3821 3061 religio

2257 3072 2343 3127 nis
2365 3073 2635 3142 pertinent
2669 3074 2768 3128 rite
2792 3076 3118 3145 exsequens,
3141 3075 3295 3150 juxta
3312 3077 3596 3146 propheta:
3608 3077 3833 3146 dictum,

2256 3168 2453 3222 evellat
2480 3177 2535 3223 et
2584 3169 2851 3237 destruat,
2890 3170 3118 3227 aediﬁcet
3170 3180 3225 3227 et
3270 3173 3541 3245 plantet:
3601 3174 3690 3228 cui
3724 3191 3834 3246 _vos

2259 3255 2477 3329 obedire
2494 3265 2549 3309 et
2570 3256 2903 3312 unanimiter
2929 3260 3188 3315 assistere
3232 3262 3505 3329 volumus,
3536 3263 3827 3319 admonen-

2260 3352 2341 3398 tes
2367 3353 2421 3399 et
2457 3346 2749 3414 apostolica
2786 3349 3107 3405 auctoritate
3157 3352 3531 3423 praecipientes
3576 3363 3658 3421 ut,
3708 3368 3831 3410 eum

2260 3450 2382 3489 cum
2408 3437 2555 3491 omni
2591 3438 2851 3494 cliaritate
2892 3449 2947 3495 ct
3002 3442 3207 3497 honore
3252 3445 3643 3516 suscipientes,
3672 3447 3830 3501 talem

2260 3524 2363 3578 sibi
2392 3526 2652 3582 honorem
2690 3538 2743 3583 ct
2776 3530 3136 3585 reverentiam
3163 3534 3489 3600 exhibeatis,
3514 3536 3732 3605 qualem
3767 3553 3831 3592 ex

2260 3616 2642 3671 constitutione
2673 3628 2983 3675 sanctorum
3008 3620 3231 3679 Patrum
3258 3624 3326 3679 iis
3345 3626 3603 3681 exhibere
3626 3636 3833 3697 oportet

2259 3719 2396 3775 quos
2424 3714 2609 3761 sancta
2631 3716 2685 3762 et
2714 3709 3007 3778 apostolica
3041 3712 3197 3767 sedes
3219 3714 3276 3767 in
3308 3725 3518 3785 partem
3535 3731 3661 3789 suae
3684 3716 3830 3769 solli-

2260 3792 2512 3850 citudinis
2571 3798 2949 3865 assumendos,
3000 3800 3309 3871 quibusque
3374 3804 3550 3883 vicem
3608 3805 3831 3861 Romani

594 3897 737 3949 inter
756 3910 855 3949 vos
896 3903 1087 3951 contra
1134 3892 1433 3965 apostolica
1477 3895 1755 3965 privilegia
1796 3896 1935 3951 beati
1967 3896 2163 3954 Leonis
2190 3916 2231 3971 ο
2262 3884 2532 3971 Wlfﬁn“?
2552 3886 2991 3971 εοῐιιῐιῇιιεηάθω

2262 3884 2532 3951 pontiﬁcis
2552 3886 2991 3941 committendam
3023 3902 3146 3942 esse
3173 3890 3462 3957 praevidet;

591 4001 744 4057 papze
756 3985 1047 4039 canonicas
1076 3984 1306 4055 pecunia
1335 3986 1524 4055 adepti
1550 3994 1698 4051 sunt,
1734 3986 2014 4043 introitum
2049 4005 2164 4044 ma-

587 4078 726 4148 joris
758 4075 1019 4141 ccclesize,
1062 4076 1311 4146 videlicet
1350 4065 1534 4148 sancti
1576 4067 1813 4142 Martini,
1866 4086 1920 4132 et
1948 4068 2165 4134 easdem

592 4168 885 4223 canonicas
905 4168 988 4221 vel
1013 4144 1329 4237 praebendas
1353 4139 1580 4221 ulterius
1612 4168 1873 4222 retinendi
1896 4169 2163 4225 licentiam

592 4266 982 4326 etpotcstatem
1013 4273 1080 4313 ex
1101 4265 1252 4327 parte
1279 4258 1667 4327 omnipotentis
1690 4257 1782 4313 Dei
1808 4268 1863 4335 et
1892 4260 2034 4316 beati
2061 4261 2164 4316 Pe-

594 4349 1045 4417 triapostolorum
1067 4350 1326 4419 principis
1354 4366 1526 4421 usque
1553 4351 1620 4405 ad
1653 4334 1975 4425 condignam
2004 4357 2166 4411 satis-

599 4437 890 4491 factionem
912 4438 1306 4494 interdicimus.

672 4525 807 4580 Data
855 4525 1159 4592 Florentia,
1190 4528 1350 4582 tertio
1398 4528 1803 4603 ldus'Augusti,
1872 4538 2205 4592 indictione

600 4616 812 4675 decima
833 4617 1045 4687 quinta.
1418 4679 1429 4689 l

1177 4706 1507 4765 EPISTOLA
1536 4708 1600 4765 ll.

876 4814 943 4853 an
969 4812 1242 4854 EPISCOPOS
1269 4816 1336 4854 ετ
1364 4799 1613 4857 CLEBICOS
1636 4819 1887 4860 consum.

1189 4887 1370 4958 (Anno
1401 4890 1582 4962 1077.)

615 4976 751 5059 Pr?“
772 4992 866 5028 suo
894 4978 1149 5059 pastorali
1176 4981 1339 5059 o/ﬁrio
1388 4983 1553 5059 mittit
1602 4981 1845 5059 legatum
1875 4986 2171 5059 episcopum

2281 4022 2285 4027 .
2334 3969 2469 4024 Data
2494 3969 2669 4037 Sensi,
2701 3968 2957 4027 Kalendis
2986 3972 3340 4043 Septembris,
3386 3968 3677 4050 indictione
3701 3982 3831 4039 inci-

2264 4058 2443 4129 piente
2468 4060 2663 4130 prima.
2878 4120 2885 4127 ν

2822 4151 3156 4209 EPISTOLA
3189 4154 3275 4211 Ill.

2486 4258 2551 4313 Δρ
2580 4256 2895 4299 ιουσωιιιωε
2920 4260 2990 4299 ΕΤ
3016 4261 3282 4302 ιλικεκυιι
3308 4264 3605 4307 εριεςοροε.

2853 4334 3033 4403 (Anno
3062 4335 3243 4406 1077.)

2266 4422 2441 4478 Monet
2466 4422 2603 4497 utin
2632 4422 2883 4497 Ecclesia
2919 4423 3283 4497 Volaterrana,
3304 4431 3554 4497 quoniam
3602 4431 3667 4484 de
3723 4434 3833 4485 idm

2333 4509 2430 4571 nea
2455 4494 2684 4571 episcopi
2712 4508 2931 4571 perso‘ru
2948 4494 3224 4571 Iconvcnit,
3258 4494 3329 4547 ab
3356 4499 3598 4551 omnibus
3634 4510 3828 4569 geriem

2286 4606 2293 4610 .
2334 4560 2785 4629 lem_ctecticnem
2816 4628 2821 4629 ί
2843 4561 2961 4629 ﬁeri
3003 4572 3299 4629 procurent,
3327 4574 3377 4618 et
3430 4582 3551 4619 eum
3596 4560 3694 4622 sita
3732 4572 3832 4623 circ

2334 4626 2661 4706 conﬁrment,
2694 4626 2951 4706 quidquid
2994 4626 3171 4706 actum
3206 4626 3365 4706 fuerit
3425 4636 3743 4706 signiﬁcent,
3783 4649 3831 4693 et

2334 4696 2557 4777 electum
2580 4713 2676 4779 pro
2707 4696 3040 4779 suscipienda
3065 4696 3452 4758 consecratione
3474 4696 3544 4759 ἷιά
3568 4696 3624 4762 se
3654 4696 3831 4779 qnam-

2337 4767 2567 4835 primum
2585 4767 2815 4823 mittant.
3096 4792 3099 4793 ν
3486 4795 3495 4799 -

2338 4856 2640 4912 Gaecosws
2670 4858 2976 4928 episcopus,
3015 4866 3227 4917 servus'
3257 4878 3542 4921 servorum
3578 4865 3696 4934 Dei,
3726 4866 3829 4921 RA-

2269 4961 2472 5017 ncsrno
2518 4947 2747 5005 Senensi
2791 4950 3065 5022 episcopo,
3116 4961 3171 5007 et
3225 4953 3487 5011 missam
3512 4948 3832 5035 florentino

681 5036 937 5124 Pisanum
956 5036 1314 5119 eiectant,"qui
1352 5052 1456 5105 vice
1480 5069 1581 5124 sua
1622 5036 1739 5124 ᾲῖιτε
1777 5054 1845 5105 ad
1874 5036 2171 5124 religionem
2269 5036 2591 5111 [episcopo],
2668 5041 2895 5096 831!!le
2974 5052 3017 5097 ει

2269 5036 2591 5111 [episcopo],
2668 5041 2895 5096 salutem
2974 5051 3030 5097 et
3097 5036 3469 5114 apostolicam,
3505 5042 3830 5122 benedictio-

685 5120 939 5184 pertinent
965 5125 1309 5183 exsequatur;
1338 5124 1421 5174 cui
1449 5132 1509 5175 ut
1547 5120 1779 5176 debitam
1824 5120 2173 5178 obedientiam
2271 5144 2416 5184 nem.
2722 5138 2723 5143 “
2900 5128 2911 5143 ’

681 5180 958 5255 exhibeant
988 5180 1243 5251 prwcipit.

687 5271 990 5346 Caesonius
1012 5271 1317 5342 episcopus,
1370 5289 1865 5349 servasset-von
1907 5285 2021 5350 Dei,
2052 5301 2171 5340 om-
2203 5260 2247 5315 Β

619 5360 778 5413 nibus
800 5360 1085 5429 episcopis,
1119 5363 1347 5430 clericis,
1401 5370 1737 5435 consulibus,
1784 5376 2081 5443 majoribus
2118 5386 2173 5431 et

618 5451 921 5506 minoribus
948 5449 1002 5503 in
1023 5451 1198 5507 insula
1218 5453 1438 5511 Corsica
1468 5460 1891 5517 consistentibus
1911 5464 2170 5534 [existen-

623 5539 810 5612 tibus],
834 5542 1059 5596 salutem
1085 5552 1137 5597 et
1158 5547 1508 5613 apostolicam
1533 5549 1978 5629 benedictionem.

694 5628 958 5693 Quoniam
1002 5643 1221 5704 pr0pter
1259 5638 1455 5692 multas
1510 5634 1891 5709 oecupationes
1944 5644 2009 5697 ad
2054 5660 2174 5714 pcr-

2338 5217 2456 5273 Non
2487 5220 2733 5290 ignorare
2754 5239 2851 5279 vos
2872 5223 3149 5279 credimus
3162 5230 3427 5294 quantum
3457 5220 3828 5283 sollicitudinis

2273 5317 2645 5380 quantumque
2664 5310 2994 5383 fatigationis
3019 5310 3391 5379 habuerimus,
3430 5313 3483 5368 id
3525 5326 3740 5386 agentes
3774 5327 3829 5373 ut

2275 5398 2330 5451 in
2387 5396 2737 5454 Volaterrana
2781 5400 3021 5477 Ecclesia
3090 5398 3387 5477 Secundum
3438 5401 3725 5461 Dominum
3777 5412 3826 5461 et
3868 5402 3871 5407 ⁴

2174 5542 2178 5549 ,
2274 5490 2647 5544 auctoritatem
2697 5505 2970 5546 canonum
2998 5476 3171 5543 rutilis
3198 5500 3250 5544 et
3274 5473 3520 5549 idoneus
3551 5496 3825 5568 eligeretur

2274 5575 2578 5645 episcopus.
2631 5576 2715 5641 Et,
2765 5576 2894 5645 quia
2938 5579 3233 5632 secundum
3268 5580 3596 5639 voluntatem
3640 5582 3730 5638 Dei
3771 5584 3819 5636 in

2277 5678 2561 5730 personam
2584 5666 2803 5722 Bonoisi
2846 5665 3120 5723 Mantuani
3164 5672 3606 5743 ar‘ebipreshitcri
3641 5681 3694 5730 et
3735 5686 3821 5727 no-

702 5817 1074 5896 (593)'Pnetcr
1113 5834 1248 5908 duas
1301 5837 1519 5909 reliquae
1566 5856 1752 5898 omnes
1797 5846 2065 5915 pertinent
2114 5849 2179 5905 ad
2286 5857 2629 5915 indictionem
2664 5860 2913 5929 primam.

3734 5976 4038 6320 Α
