4218 6378
685 402 783 456 491

1318 397 1375 457 s.
1413 395 1737 454 cnseonn
1775 388 1865 451 vn
1900 379 2102 450 nam
2139 383 2288 448 opm

2382 390 2420 444 ii
2459 387 2642 443 rans
2678 384 2720 442 ι.
2761 418 2826 427 -
2866 350 3282 444 usels'rnun.

3809 380 3900 443 ωε

684 523 740 569 et
763 512 1080 583 regulariter
1101 511 1435 583 assignatum
1468 525 1589 566 esse
1611 509 2002 580 perspexerint,
2026 505 2248 560 electio-
2276 507 2321 561 Α
2347 501 2646 557 nitentibus
2663 499 2868 555 electus
2904 499 3090 566 fuerit,
3119 512 3246 554 cum
3282 495 3510 554 consilio
3551 495 3700 554 illius
3749 508 3804 553 et
3821 514 3902 554 eo-

688 618 812 657 nem
833 611 1062 657 vestram
1097 601 1258 672 (sicut
1301 600 1509 670 justum
1549 600 1652 669 est)
1687 608 1874 654 nostra
1899 599 2018 654 vice
2047 598 2247 654 confir-

689 701 874 746 ment:
899 692 982 746 sin
1014 701 1194 761 autem
1245 692 1301 746 in
1318 695 1411 748 ‘~"eo
1445 681 1672 761 aliquid'
1696 689 2033 745 contrarium
2065 697 2121 745 et
2164 689 2249 744 di-

687 796 854 850 gnum
934 780 1369 850 reprehensione,
1446 779 1742 850 quominus
1801 778 1871 834 ad
1941 777 2250 848 episcopale

689 869 930 938 regimen
985 867 1268 938 pervenire
1310 866 1518 934 debeat,
1551 866 1889 933 invenerint;
1924 875 2108 922 amoto
2134 866 2247 931 illo,

687 957 852 1012 talem
883 958 1143 1012 studeatis
1186 958 1382 1028 eligere
1409 951 1697 1028 personam
1718 944 1842 1027 qua
1861 965 2014 1012 tanto
2053 956 2251 1012 honori

639 1098 646 1103 .
688 1053 743 1101 et
766 1045 940 1101 cilicio
965 1053 1245 1116 congruat,
1289 1039 1343 1101 et
1366 1062 1532 1118 quam
1563 1055 1751 1101 nostra
1792 1061 1889 1116 per
1913 1045 2133 1101 eosdem
2168 1046 2250 1101 le-

689 1144 843 1205 gatos
866 1145 1241 1206 reprasentata
1284 1137 1580 1192 auctoritas
1628 1137 1927 1207 approbare
1953 1146 2009 1192 et
2054 1137 2254 1193 conﬁr-

695 1243 844 1282 mare
865 1228 1072 1282 debeat.
1097 1227 1231 1282 illud
1256 1228 1400 1282 enim
1447 1227 1657 1293 scitote,
1701 1228 1846 1297 quod
1874 1227 1921 1282 si
1951 1227 2178 1298 legalem
2200 1237 2256 1283 et

693 1317 1008 1372 canonicam
1055 1318 1369 1376 electionem
1419 1333 1516 1372 vos
1573 1316 1767 1372 fecisse
1817 1318 2265 1388 cognoverimus,

661 1405 874 1462 "omnia
901 1407 1054 1462 vobis
1074 1414 1126 1460 et
1152 1405 1404 1461 Ecclesia
1441 1415 1651 1472 vestra,
1684 1422 1807 1475 qua
1832 1406 2128 1475 apostolica
2161 1408 2255 1462 de-

694 1497 784 1552 bet
816 1506 870 1551 et
889 1497 1028 1551 valet
1049 1497 1361 1563 auctoritas,
1398 1513 1522 1551 cum
1543 1497 1690 1551 omni
1716 1497 1975 1573 charitatc
2008 1499 2255 1567 praesidia

694 1592 1108 1649 exhibebimus:
1143 1601 1198 1647 et
1227 1593 1273 1646 si
1308 1592 1606 1661 quisaliter
1641 1591 1708 1645 ad
1735 1591 1916 1646 sedem
1942 1591 2088 1646 illam
2103 1592 2260 1662 aspi-

696 1697 818 1738 rare
837 1682 1259 1752 prasumpserit,
1300 1682 1493 1751 procul
1534 1681 1698 1736 dubio
1733 1697 1842 1735 non
1867 1681 2042 1736 solum
2069 1690 2258 1736 contra

695 1785 840 1838 eum,
868 1772 960 1826 sed
995 1773 1154 1825 etiam
1185 1779 1372 1826 contra
1395 1786 1586 1825 omnes
1611 1769 1850 1827 fautores
1876 1787 2007 1826 suos
2018 1769 2256 1842 gladium

2348 605 2472 646 rum
2497 591 2728 646 fratrum
2759 590 2853 660 qui
2874 589 2931 644 in
2957 589 3082 649 sinu
3103 597 3307 646 sancta
3329 589 3520 644 matris
3541 587 3802 645 Ecclesia
3822 587 3902 641 fir-

2348 680 2507 734 miter
2553 679 2929 749 perstiterunt,
2990 680 3250 748 quantam
3297 678 3402 732 sub
3445 678 3666 752 obtentu
3693 667 3695 669 ’
3719 677 3905 732 divina

2347 769 2534 840 gratia
2575 768 2912 839 potuerimus
2959 767 3393 822 misericordiam
3441 767 3598 822 vobis
3638 765 3904 830 exhibere,

2348 871 2403 918 et
2421 871 2635 917 erratus
2657 860 2823 916 vestri
2864 855 3112 929 pondus,
3129 865 3417 928 quantum,
3446 855 3560 912 Deo
3609 856 3904 921 solatiante,

2349 954 2549 1008 audere
2573 961 2628 1007 et
2652 966 2814 1024 posse
2839 951 3086 1018 dabitur,
3134 959 3352 1021 portare
3375 950 3552 1022 parati
3579 965 3795 1006 sumus.
3822 947 3907 1004 Sin

2349 1051 2529 1097 autem
2556 1057 2654 1097 vos
2683 1049 2875 1096 contra
2901 1041 3008 1096 hoc
3033 1040 3154 1104 niti,
3183 1049 3239 1096 et
3265 1039 3635 1111 impedimenti
3660 1038 3909 1109 objectio-

2351 1146 2449 1188 nes
2474 1146 2718 1202 quarere
2761 1138 2818 1187 et
2855 1129 3100 1184 invenire
3126 1131 3563 1201 cognoverimus,
3591 1129 3648 1184 in
3674 1144 3801 1184 eam
3824 1143 3912 1186 au-

2350 1229 2459 1276 tem
2486 1228 2695 1291 partem
2741 1219 3049 1274 consentire
3094 1225 3157 1273 ut
3192 1226 3384 1274 contra
3410 1218 3648 1296 divinam
3677 1225 3735 1273 et
3761 1232 3912 1274 cano-

2352 1308 2531 1364 nicam
2559 1307 2936 1363 auctoritatem
2963 1305 3238 1375 quispiam
3267 1305 3371 1360 sibi
3415 1305 3562 1360 sedis
3589 1304 3736 1360 illius
3765 1319 3914 1361 occu-

2353 1398 2625 1469 pationem
2676 1405 2991 1466 praesumat,
3044 1396 3238 1466 procul
3289 1395 3456 1450 dubio
3509 1405 3566 1450 et
3590 1395 3681 1450 ille
3703 1395 3912 1465 dignam

2354 1504 2469 1544 sua
2495 1487 2796 1556 iniquitatis
2824 1486 3128 1541 mercedem
3159 1485 3418 1551 inveniet,
3444 1493 3501 1540 et
3523 1484 3591 1540 de
3615 1483 3776 1539 vobis
3800 1498 3917 1538 ssn-

2356 1587 2441 1633 cta
2465 1588 2519 1633 et
2556 1576 2863 1647 apostolica
2907 1575 3083 1641 sedes,
3133 1583 3339 1646 quanto
3366 1583 3658 1645 provocata
3683 1572 3915 1646 gravius,

2352 1675 2508 1723 tanto
2535 1669 2818 1737 culparum
2849 1665 3088 1721 rationes
3111 1665 3288 1737 exiget
3313 1665 3641 1734 districtius,
3665 1665 3918 1737 iudicabit

2358 1755 2627 1812 acerbius.

695 1862 869 1917 sancti
903 1860 1066 1927 Petri,
1093 1871 1147 1916 et
1167 1861 1475 1931 apostolica
1509 1861 1996 1916 animadversionis
2015 1861 2258 1943 iaculum

2427 1845 2562 1900 Data
2611 1843 2798 1899 Roma
2835 1843 3050 1900 decimo
3091 1843 3284 1914 quinto
3321 1843 3593 1902 Kalendas
3649 1844 3914 1913 Octobris,

617 1939 619 1941 ’
661 1938 940 2024 έὰἰεῑτίςιο
966 1953 1236 2007 vibratum
1258 1962 1312 2006 et
1334 1951 1594 2008 emissum
1630 1952 1842 2008 sentiet.

765 2039 898 2095 Data
925 2040 1110 2096 Roma
1128 2042 1340 2098 decimo
1367 2043 1559 2113 quinto
1582 2041 1849 2098 Kalendas
1876 2041 2150 2109 Octobris,
2182 2044 2266 2099 in-

700 2132 933 2188 dictione
957 2133 1150 2203 prima.

1255 2219 1590 2277 EPISTOLA
1617 2221 1706 2277 Vl.

875 2325 940 2365 AD
976 2325 1375 2366 SUFFRAGANEOS
1412 2325 1680 2374 ’ECCLESlﬁ
1711 2327 2089 2376 AQUILEIENSIB.

1297 2400 1476 2468 (Anno
1505 2400 1686 2470 1077.)
1837 2391 1841 2395 ’

596 2529 605 2536 .
707 2489 876 2562 Monet
913 2506 998 2544 eos
1023 2490 1301 2562 diligenter
1329 2500 1510 2546 curent
1545 2500 1604 2544 ut
1631 2491 1813 2546 electio
1840 2492 2066 2562 episcopi
2111 2490 2274 2562 Aqui-

768 2509 875 2543 onet
913 2509 998 2544 eos
1023 2509 1301 2562 autgenter
1329 2509 1510 2546 curent
1545 2509 1604 2544 ut
1631 2509 1813 2546 electio
1840 2509 2066 2562 episcopi
2111 2509 2151 2544 Α
2191 2509 2272 2546 ui—

768 2560 998 2631 leiensis,
1025 2570 1234 2630 propter
1245 2577 1402 2630 quam
1429 2562 1628 2630 legatos
1651 2563 1835 2631 mittit,
1868 2564 2116 2615 canonice
2145 2509 2272 2631 gat;

769 2630 1118 2700 scliismaticis
1153 2640 1337 2700 autent
1364 2631 1631 2700 canonica
1655 2630 1894 2684 electioni
1920 2630 2280 2700 annitentibus

727 2720 730 2724 ~
777 2697 1618 2766 misericordiampollicetur;si
1643 2708 1968 2766 vero‘contra
2015 2702 2274 2763 nitantur,

769 2775 862 2818 aut
901 2766 946 2818 si
989 2766 1105 2835 quis
1151 2763 1304 2819 illam
1347 2763 1792 2836 sedem‘occupet,
1819 2784 1998 2837 graves
2043 2769 2277 2821 minatur

772 2849 973 2904 poenas.

770 2923 1075 2980 Caesonius
1102 2925 1412 2995 episcopus,
1439 2941 1630 2981 servus
1684 2941 1965 2981 servorum
2005 2902 2128 2995 'Dei,
2158 2943 2276 2982 om-

704 3016 863 3072 nibus
891 3019 1163 3088 episeOpis
1206 3008 1570 3088 Aquileiensis
1595 3019 1852 3075 Ecclesia
1896 3021 2284 3091 sufl'raganeis,

706 3107 791 3161 his
820 3107 916 3179 qui
946 3121 1006 3161 se
1033 3123 1162 3161 vere
1193 3107 1391 3162 fratres
1425 3109 1790 3162 exhibuerunt
1831 3106 2156 3181 [exhibent],
2187 3119 2293 3163 sa-‘

2364 1936 2658 1992 indictione
2683 1936 2879 2006 prima.

2909 2052 3245 2110 EPISTULA
3273 2053 3385 2112 VII.

2511 2161 2578 2200 AD
2603 2161 2814 2200 UDONEI
2843 2158 3211 2201 TRBVIRENSEI
3237 2162 3307 2201 ετ
3337 2161 3757 2215 ευεωωιςεοε.

2957 2233 3137 2304 (Anno
3166 2234 3346 2305 1077).
3385 2300 3387 2302 η

2373 2322 2649 2396 Signiﬁcat
2676 2323 3080 2396 sollicitudinem
3098 2341 3253 2378 suam
3279 2325 3345 2396 de
3367 2327 3510 2396 regni
3538 2325 3926 2381 Teutoniemnt

2439 2393 2828 2466 perturbatione
2860 2394 3130 2466 sedanda:
3158 2411 3263 2466 qua
3289 2395 3354 2448 de
3384 2393 3440 2449 re
3472 2396 3542 2466 ad
3576 2412 3752 2450 omnes
3784 2397 3926 2466 prin-

2443 2464 2583 2532 cipes
2607 2462 2812 2518 litteras
2843 2464 3068 2535 misisse,
3100 2462 3180 2520 αι’
3206 2473 3355 2518 tanto
3385 2465 3523 2519 malo
3551 2481 3700 2534 opem
3724 2462 3889 2535 [erant
3907 2480 3928 2518 ε

2442 2549 2561 2602 qua
2589 2549 2812 2604 cuman
2863 2533 2934 2585 ad
2962 2551 3048 2590 eos
3101 2535 3427 2604 pervenerint
3473 2533 3694 2602 neseiat,
3725 2533 3927 2589 iterum

2443 2601 2768 2670 exentplaria
2802 2604 2967 2656 mittit
3025 2601 3132 2657 una
3165 2619 3286 2657 cum
3333 2616 3685 2658 sacramenta.
3719 2605 3926 2659 Heuriri

2446 2671 2579 2751 regis
2604 2673 2780 2751 ῑ(μή...
2791 2688 2862 2751 eo
2903 2681 3213 2751 contempto,
3244 2689 3366 2751 suos
3407 2673 3604 2751 legatos
3653 2677 3926 2751 capi__per—

2443 2739 2674 2792 miserit.
2726 2739 2991 2811 Hortatur
3043 2739 3130 2795 eos
3191 2743 3262 2795 ad
3316 2739 3728 2811 eccleiiastieam
3778 2739 3927 2798 liber-

2405 2843 2410 2852 .
2447 2815 2627 2874 tatem,
2656 2817 2705 2861 et
2734 2809 2806 2861 ad
2833 2825 3156 2872 communem
3181 2811 3402 2865 salutent
3423 2810 3829 2881 defendendam.

2407 2940 2412 2945 τ
2445 2917 2760 2989 Caesonius
2777 2919 3086 2989 episcopus,
3113 2918 3304 2977 servus
3325 2937 3608 2987 servorum
3627 2923 3754 2990 Dei,
3769 2923 3930 2979 Unam

2377 3005 2681 3064 Trevirensi
2702 3011 3140 3085 archiepiscopo,
3163 3020 3217 3066 et
3237 3011 3357 3081 ejus
3381 3012 3654 3082 episcopis
3677 3013 3931 3084 ‘suﬂ'raga-

2376 3098 2516 3164 neis,
2547 3101 2776 3155 salutem
2802 3111 2856 3155 et
2879 3102 3234 3178 apostolicam
3274 3103 3727 3158 benedictionem.

707 3177 895 3247 lutem'
919 3202 974 3248 et
1014 3194 1367 3264 apostolicam
1405 3177 1878 3260 benedictionem,
1898 3197 2004 3249 illis
2026 3177 2156 3250 vero
2178 3196 2277 3265 qui
2303 3194 2344 3250 C
2441 3187 2519 3243 De
2559 3200 2708 3244 motu
2733 3224 2735 3226 -
2761 3177 2816 3245 et
2874 3192 3279 3260 perturbatione
3320 3194 3472 3265 regni
3519 3192 3931 3249 TeutonicOrum

711 3297 818 3355 non
843 3270 1019 3337 solum
1056 3284 1374 3357 acharitate
1417 3272 1794 3350 fraternitatis,
1828 3285 1921 3339 sed
1968 3286 2037 3338 ab
2067 3286 2275 3341 unitate

706 3369 869 3424 etiam
910 3370 1162 3427 Ecclesiae
1199 3374 1546 3429 sebismatiea
1577 3375 1842 3444 pravitate
1884 3375 2271 3444 discesserunt,

709 3458 900 3516 debita
921 3462 1302 3517 sollicitudinis
1327 3465 1782 3518 exhortationem.

776 3545 966 3600 Clerus
985 3557 1039 3600 et
1062 3550 1295 3617 populus
1314 3551 1676 3619 Aquileiensis
1697 3551 1972 3617 Ecclesia,
1997 3554 2183 3622 legatis
2207 3557 2275 3610 ad

712 3625 812 3689 nos
836 3635 1139 3706 litterisque
1172 3639 1416 3704 directis;
1452 3639 1839 3695 nuntiaverunt
1884 3643 2061 3707 nobis,
2086 3643 2278 3698 defun-

713 3732 801 3778 cto
834 3741 1006 3794 nuper
1033 3725 1296 3781 Sichardo
1317 3729 1574 3798 episcopo
1603 3746 1725 3797 suo,
1757 3747 1816 3785 se
1837 3733 2277 3788 archidiaconum

585 3860 609 3890 ,κ
712 3818 955 3887 ejusdem
979 3817 1235 3874 Ecclesia
1259 3820 1314 3872 in
1340 3820 1518 3874 locum
1553 3820 1698 3876 illius
1725 3823 2005 3892 regiminis
2030 3825 2278 3895 elegisse,

569 3897 576 3908 ’
661 3967 663 3969 ,
711 3909 1049 3984 postulantes
1071 3916 1132 3960 nt
1163 3917 1217 3962 et
1251 3924 1350 3963 nos
1383 3910 1630 3982 elcctioni
1653 3924 1842 3966 eorum
1870 3923 2070 3969 nostra
2094 3925 2281 3970 aucto-

711 4000 888 4057 ritatis
937 4014 1221 4054 assensum
1272 4000 1846 4072 confirmationemque
1879 4005 2277 4062 adhiberemus.

714 4084 956 4166 Verum,
974 4089 1101 4158 quia
1148 4105 1262 4144 rem
1309 4099 1589 4161 tantopere
1639 4094 2069 4164 perspiciendam
2104 4099 2281 4154 adhuc

697 4175 1044 4261 incognitam
1094 4179 1150 4232 in
1202 4183 1374 4250 prima
1420 4185 1696 4240 auditione
1734 4195 1845 4241 tam
1881 4189 2060 4244 subito
2085 4207 2282 4261 appro-

717 4258 845 4318 bare
877 4274 1047 4319 tutum
1077 4281 1182 4321 non
1212 4269 1333 4336 fuit,
1380 4275 1630 4330 misimus
1657 4278 1784 4331 illuc
1809 4278 2012 4348 legatos
2039 4258 2278 4350 nostros,

603 4427 614 4436 θ
719 4363 778 4407 ut
811 4367 1032 4408 causam
1055 4360 1110 4408 et
1132 4355 1376 4416 ordinem
1399 4360 1677 4424 electionis
1697 4365 1881 4419 subtili
1911 4369 2281 4436 exploratione

718 4444 1052 4515 perquirant,
1089 4454 1142 4497 et
1167 4446 1426 4514 quidquid
1467 4448 1590 4502 inde
1620 4460 1714 4504 aut
1735 4455 2170 4513 conﬁrmandum
2187 4470 2281 4515 aut

719 4534 1119 4604 reprobandum
1152 4545 1255 4618 est,
1280 4537 1520 4606 diligenti
1554 4539 2037 4611 circumspectione
2057 4545 2283 4619 [adden-
2315 4527 2358 4580 Ῑ)

701 4626 843 4705 [dum
889 4625 1026 4694 forte
1046 4626 1202 4678 nobis
1231 4625 1441 4697 notum]
1468 4627 1685 4683 faciant.
1731 4629 2015 4689 Monemus
2050 4637 2212 4707 igitur
2230 4639 2312 4695 eti

719 4727 837 4777 vos,
873 4728 1104 4782 quorum
1129 4715 1346 4784 quidem
1384 4717 1611 4790 multum
1644 4720 1886 4789 interest,
1920 4733 1981 4779 ut
2016 4726 2071 4780 in
2102 4729 2284 4786 liacre

721 4811 913 4855 vestra
941 4803 1318 4870 sollicitudinis
1347 4806 1585 4861 studium
1624 4809 1957 4879 adhibeatis;
1995 4825 2315 4883 quatenus,‘

724 4887 1165 4976 auxilianteglieo,
1191 4894 1311 4949 talis
1338 4896 1407 4950 sit
1440 4897 1532 4966 qui
1564 4899 1615 4952 in
1660 4901 1898 4956 culmine
1922 4911 2086 4959 tanta
2108 4906 2284 4976 digni-

724 4974 852 5029 tatis
877 4975 1158 5043 prasidere
1192 4981 1400 5048 debeat,
1427 4995 1485 5039 ut
1509 4987 1682 5053 vobis,
1719 4989 1811 5058 qui
1845 4991 1893 5044 ei
1942 5007 2137 5047 manus
2172 4974 2285 5047 im-

723 5074 926 5156 ponere
946 5061 1169 5156 debetis,
1192 5079 1309 5156 non
1326 5071 1556 5130 tristitia
1574 5085 1669 5131 aut
1697 5081 1954 5148 periculo,
1979 5084 2072 5138 sed
2087 5086 2284 5156 gaudio

724 5159 780 5204 et
805 5149 1020 5215 honori,
1043 5158 1097 5203 et
1120 5154 1419 5212 commissa
1444 5161 1564 5214 sibi
1592 5166 1732 5231 plebi
1758 5171 1920 5224 saluti
1945 5184 2067 5227 esse
2085 5149 2278 5229 valeat.

727 5237 894 5294 Vobis
922 5248 1122 5304 autem,
1153 5242 1267 5310 qui,
1305 5247 1487 5300 nescio
1520 5264 1588 5304 an
1610 5253 1809 5309 timore
1855 5267 1954 5311 aut
1989 5269 2098 5328 qua
2123 5276 2283 5316 ocea-

725 5331 881 5387 sione
929 5331 1155 5398 seducti,
1210 5347 1405 5390 manus
1447 5346 1504 5392 ct
1548 5337 2012 5412 linguas'ves'tras
2055 5355 2285 5406 'u‘ovoet

729 5419 970 5501 inaudito
991 5421 1282 5477 schismate
1306 5425 1593 5494 polluistis,
1620 5439 1674 5484 et
1711 5432 1782 5485 ob
1812 5434 1917 5488 hoc
1945 5435 1999 5488 in
2023 5435 2280 5505 laqueum

731 5509 1087 5582 anatliematis
1126 5511 1409 5582 incidistis,
1453 5532 1698 5574 seorsum
1725 5523 1974 5581 dicimus
2002 5529 2281 5596 quoniam,

687 5648 692 5652 .
735 5599 784 5689 si
815 5601 872 5654 in
893 5603 1452 5677 prafataAquileiensi
1480 5612 1716 5669 Ecclesia
1749 5617 1946 5686 aliquis
1995 5620 2191 5689 dignus
2231 5630 2285 5675 et

737 5686 959 5746 idoneus
987 5695 1041 5747 in
1067 5697 1378 5768 episcopum
1430 5703 1582 5757 vobis
1614 5704 1824 5761 sincera
1844 5685 1855 5686 ί
1875 5685 2158 5763 voluntate
2185 5723 2281 5762 an-

2374 3286 2633 3346 quantam
2657 3281 3075 3347 sollicitudinem
3121 3291 3493 3355 quantamque
3529 3285 3646 3356 jam
3689 3301 3788 3354 per
3822 3285 3934 3339 lon-

2373 3387 2502 3440 gum
2550 3379 2763 3442 tempus
2810 3373 3136 3429 anxietatem
3187 3376 3637 3444 sustinuerimus,
3687 3375 3777 3432 ille
3831 3393 3935 3448 pra

2374 3462 2629 3521 omnibus
2653 3463 2806 3516 novit
2830 3462 2924 3531 qui
2950 3465 3196 3519 omnium
3222 3475 3558 3526 secretorum
3592 3467 3840 3538 cognitor
3859 3476 3937 3523 est

2374 3558 2430 3602 et
2453 3550 2726 3617 inspector
2764 3567 2944 3606 verus.
2973 3552 3097 3618 Cui,
3127 3554 3292 3608 etiam
3332 3554 3380 3611 si
3409 3553 3545 3610 tales
3571 3557 3830 3611 exaudire
3854 3558 3934 3611 di-

2378 3647 2594 3708 gnatur,
2620 3641 2818 3695 multas
2847 3631 3269 3711 supplicationes
3294 3641 3546 3710 fecimus,
3578 3653 3634 3700 et
3658 3643 3935 3710 faciemus,

2377 3728 2724 3783 commonitis
2752 3737 2808 3783 et
2834 3723 3088 3787 exoratis
3106 3732 3292 3788 multis
3313 3717 3574 3788 fratribus
3595 3729 3656 3788 et
3677 3733 3936 3804 religidsis

2379 3817 2889 3888 congregationibus
2942 3821 3010 3876 ad
3040 3822 3282 3877 studium
3332 3823 3647 3879 earumdem
3675 3826 3936 3896 supplies.

2380 3909 2610 3976 tionum‘,
2645 3919 2707 3965 ut
2756 3913 3106 3968 misereretur
3155 3914 3332 3985 gentis
3376 3915 3544 3982 illius,
3600 3931 3697 3971 nec
3745 3916 3940 3988 sineret
4044 3923 4045 3958 ἒ

2379 4016 2497 4053 eam
2528 4001 2582 4054 in
2622 4003 2837 4072 pmpria
2863 4005 3062 4059 armari
3091 4007 3318 4073 viscera,
3345 4015 3400 4062 et
3433 4007 3500 4063 ad
3523 4007 3737 4062 ruinam
3757 4008 3937 4064 dome-

2380 4090 2528 4147 stica
2552 4091 2884 4150 fortitudinis
2914 4095 2970 4149 in
2999 4097 3142 4152 bello
3167 4083 3479 4170 conﬂigere,
3512 4099 3609 4154 sed
3628 4098 3797 4154 totius
3827 4100 3938 4154 dis-
4044 4151 4045 4170 ἴ

2379 4172 2577 4240 cordia
2637 4201 2832 4242 causas
2889 4204 2989 4242 sua
3045 4191 3251 4258 potenti
3309 4191 3506 4245 virtute
3559 4198 3939 4258 compesceret.

2379 4283 2435 4328 et
2463 4290 2561 4330 sua
2585 4265 2980 4331 moderatione
3028 4278 3148 4333 sine
3189 4277 3406 4334 funesto
3438 4286 3496 4334 et
3545 4279 3795 4334 luctuoso
3841 4280 3941 4333 ﬁne

2381 4373 2750 4435 componeret.
2781 4359 3013 4421 Litteras
3038 4383 3255 4437 quoque
3275 4367 3389 4438 jam
3436 4375 3564 4423 ante
3595 4359 3702 4422 tres
3728 4381 3941 4424 menses

2381 4461 2435 4508 et
2481 4469 2548 4509 eo
2573 4455 2805 4524 amplius
2829 4455 2958 4511 illuc
2985 4457 3316 4524 direximus,
3346 4449 3599 4512 videlicet
3631 4457 3822 4526 legatis
3841 4474 3939 4513 no-

2384 4544 2513 4600 stris
2534 4543 2810 4601 Bernardo
2837 4547 3067 4602 diacono
3084 4558 3293 4615 nostro,
3324 4557 3378 4603 et
3401 4548 3530 4603 item
3557 4547 3832 4604 Bernardo
3855 4565 3938 4604 re-

2385 4634 2580 4703 ligioso
2604 4635 2928 4692 Massiliensi
2954 4638 3155 4705 abbati,
3184 4654 3352 4709 quem
3373 4647 3592 4709 captum
3641 4654 3766 4694 esse
3794 4641 3940 4696 audi-

2385 4724 2584 4790 vimus,
2631 4741 2889 4780 necnon
2916 4735 2970 4781 et
2993 4729 3261 4783 universis
3282 4729 3622 4802 principibus
3655 4717 3814 4784 terra
3836 4737 3938 4786 tam

2384 4808 2764 4867 ecclesiasticis
2793 4825 2956 4881 quam
2985 4805 3338 4886 saecularibus
3367 4814 3642 4898 personis,
3665 4805 3941 4886 inquibus

2386 4899 2531 4967 quod
2555 4891 2711 4954 nobis
2739 4897 3135 4955 ad‘evitandam
3159 4902 3381 4969 eadem,
3426 4891 3672 4958 incendia
3699 4944 3717 4970 ,
3761 4912 3819 4960 et
3842 4906 3937 4960 alia

2389 4990 2652 5044 bellorum
2679 4992 2942 5060 pericula,
2976 4994 3240 5063 optimum
3271 5001 3326 5048 et
3348 4993 3404 5047 in
3428 4995 3567 5048 tanti
3591 4981 3794 5064 negotii
3819 4996 3941 5052 ditii-

2387 5081 2594 5135 nitione
2641 5081 3008 5150 justissimum
3053 5085 3357 5150 videbatur,
3389 5085 3862 5142 eos-consulendo
3889 5097 3938 5142 et

2387 5171 2656 5226 hortando
2705 5189 2830 5228 cum
2861 5175 3032 5228 omni
3057 5174 3236 5229 studio
3267 5172 3492 5252 exsequi
3522 5174 3935 5244 admonuimus;

2385 5268 2439 5317 et
2467 5271 2528 5317 ut
2576 5262 2773 5319 fortius
2805 5265 3120 5318 insisterent
3165 5254 3465 5332 apostolica
3501 5266 3825 5324 auctoritate
3854 5269 3936 5323 in-

2382 5353 2682 5420 iunximus.
2719 5345 2941 5419 verum,
2968 5351 3096 5428 quia
3117 5352 3274 5407 nobis
3307 5350 3418 5408 non
3445 5356 3577 5427 satis
3605 5356 3934 5432 compertum

2385 5453 2468 5521 est
2488 5439 2672 5497 utrum
2698 5443 2765 5497 ad
2782 5446 2887 5496 νος
2899 5433 3250 5511 pervenerint
3267 5439 3372 5499 illa
3394 5441 3592 5524 littera
3602 5431 3716 5516 aut,
3741 5431 3792 5504 si

2385 5530 2505 5586 lata
2537 5532 2768 5599 sinu-ne
2793 5529 2933 5586 forte
2959 5530 3042 5586 de
3066 5535 3263 5588 earum
3292 5529 3516 5594 veritate
3547 5534 3934 5608 aliquidg’dubi-

2383 5622 2507 5675 tetis
2535 5663 2551 5688 ,
2591 5621 2814 5676 easdem
2855 5621 3009 5677 vobis
3028 5623 3094 5678 de
3146 5627 3348 5683 nostris
3381 5617 3796 5700 exemplaribus
3849 5643 3932 5702 17¢-

2385 5709 2612 5779 scripta's
2644 5709 2858 5769 mittere
2885 5714 3216 5786 curavimus,
3250 5718 3601 5776 admonentes
3630 5733 3735 5774 vos
3762 5727 3819 5776 et
3844 5729 3934 5790 per

3649 6253 3654 6256 _
3731 5974 4046 6266 ac}
