4218 6382
343 409 449 464 ιῦἷῑ
501 455 513 466 ,λ

1451 407 1650 486 LIBER
1685 375 2002 474 QUINTUS.
2043 436 2112 445 -
2143 404 2336 461 EPIST
2394 407 2480 461 ix.

3417 465 3423 468 ,
3453 411 3559 464 49o

341 537 524 577 veram
577 521 942 577 obedientiam
987 531 1374 594 praecipientes,
1430 522 1604 578 modis
1655 521 1908 574 omnibus
1936 522 1976 577 A
2007 520 2438 587 procuravimus.
2471 521 2678 576 Dicitur
2701 521 2963 591 siquidem
3010 522 3300 594 legitimam
3345 532 3555 578 tetatem

342 627 562 681 operam
594 614 733 667 dctis
764 625 825 667 ut
858 629 1019 668 causa
1051 613 1344 668 secundum
1373 612 1690 686 sententiam
1717 625 1903 664 earum

338 701 645 757 litterarum
681 713 1001 780 pertractata
1027 704 1186 758 tinem
1221 705 1417 758 habeat
1444 712 1497 758 et
1530 704 1776 772 accipiat.
1809 700 1909 753 Mi-

341 795 518 848 simus
543 795 707 848 ctiam
737 794 892 849 vobis
921 803 1321 849 sacramentum
1343 795 1487 863 quod
1524 810 1617 848 rex
1640 791 1906 846 Henricus

340 887 504 941 nobis
539 903 634 956 per
670 885 852 940 ﬁdeles
877 902 1006 940 suos
1040 887 1304 954 quosdam
1353 886 1498 952 fecit,
1529 887 1651 941 data
1686 885 1902 955 quidem

339 976 564 1044 propria
591 991 755 1029 manu
795 991 891 1029 sua
921 977 972 1028 in
1019 992 1238 1030 manum
1273 978 1480 1033 abbatis
1509 975 1902 1042 Cluniacensis,

339 1075 420 1128 ut,
455 1066 692 1134 perlecto
718 1080 805 1128 eo,
856 1067 1192 1136 cognoscatis
1223 1084 1388 1137 quam
1440 1078 1582 1123 recte
1631 1082 1905 1137 quamque

340 1154 572 1208 honeste
630 1168 728 1223 pro
774 1169 874 1209 suo
922 1157 1140 1210 nomine
1173 1173 1232 1212 se
1281 1172 1419 1228 erga
1456 1174 1553 1212 nos
1609 1158 1899 1212 habuerit:

339 1245 545 1313 quippe
596 1261 625 1298 a
661 1245 818 1314 cujus
853 1245 1099 1303 ﬁdelibus
1151 1248 1306 1319 legati
1341 1250 1510 1303 nostri
1543 1258 1726 1319 postea
1760 1247 1902 1316 capti

339 1345 516 1400 sunt,
580 1335 828 1391 videlicet
887 1337 1159 1393 Gerardus
1222 1339 1574 1412 [Bernardus]
1638 1337 1902 1394 Ostiensis

339 1425 635 1494 episcopus
666 1427 719 1480 in
755 1426 1153 1497 Longobardia,
1185 1431 1488 1487 Bernardus
1519 1433 1686 1487 abbas
1717 1431 1903 1486 Massi-

340 1515 534 1570 liensis
565 1518 618 1570 in
651 1525 793 1571 terra
833 1518 1166 1586 Teutonica;
1198 1523 1339 1575 unde
1383 1538 1506 1575 eum
1551 1523 1684 1578 nihil
1728 1522 1904 1577 adhuc

339 1606 568 1675 dignum
617 1603 811 1662 fecisse
857 1613 1224 1680 cognovimus.
1258 1612 1579 1682 Quanquam
1614 1630 1711 1668 nos
1759 1630 1900 1667 nun-

338 1713 508 1765 quam
557 1713 684 1752 eum
730 1699 783 1753 in
831 1702 1010 1771 aliqua
1043 1719 1226 1768 causa,
1261 1703 1370 1759 Deo
1417 1705 1750 1773 providente,
1801 1704 1905 1759 hac

338 1789 632 1843 occasione
667 1800 1056 1858 contravemre,
1085 1795 1350 1863 justitiam
1391 1796 1780 1851 circumvenire
1810 1805 1904 1850 aut

339 1893 570 1947 gravare
598 1880 846 1947 velimus,
875 1883 1016 1938 sicut
1036 1886 1196 1939 etiam
1223 1895 1344 1955 post
1367 1899 1601 1956 emptum
1628 1887 1900 1958 negotium

339 1983 623 2041 nunquam
649 1973 790 2040 apud
817 1990 913 2028 nos
939 1985 1031 2029 aut
1053 1977 1302 2044 precibus
1323 1987 1416 2039 aut
1450 1966 1631 2046 aliqua
1665 1987 1901 2032 ostenta-

338 2061 487 2114 tione
532 2062 896 2117 amicitiarum
951 2066 1036 2118 vel
1067 2066 1473 2122 inimicitiarum
1518 2068 1758 2123 obtinere
1800 2085 1898 2139 po-

336 2151 461 2215 tuit,
523 2159 582 2220 ut
632 2151 928 2222 quidquam
988 2171 1087 2224 pro
1136 2173 1201 2212 eo
1251 2167 1444 2228 praater
1493 2160 1636 2229 quod
1691 2161 1899 2230 justum

329 2240 614 2295 videretur
638 2242 816 2298 dicere
846 2246 928 2300 vel
961 2262 1182 2302 censere
1217 2250 1495 2304 vellemus.
1524 2251 1699 2319 Atque
1733 2251 1788 2304 in
1836 2267 1900 2307 ea

336 2344 416 2395 re,
457 2334 640 2401 quoad
669 2335 987 2403 vixerimus,
1026 2338 1416 2406 incunctanter,
1456 2341 1564 2397 Deo
1593 2343 1897 2412 adjuvantc,

335 2424 635 2491 persistere
671 2427 819 2481 nullo
844 2429 1085 2504 periculo
1118 2432 1240 2485 vita:
1267 2433 1347 2486 vel
1391 2435 1582 2486 mortis
1610 2435 1902 2489 deterrebi-

335 2527 480 2567 mur.
516 2515 675 2584 Agite
719 2533 868 2587 ergo,
903 2519 1240 2575 dilectissimi
1286 2521 1503 2586 fratres,
1543 2534 1600 2577 ut
1644 2533 1900 2592 appareat

332 2613 603 2672 quantum
629 2607 926 2663 libertatem
954 2610 1207 2666 Ecclesiae
1227 2623 1281 2667 et
1309 2630 1647 2668 communem
1672 2617 1895 2680 salutem

332 2696 586 2752 omnium
620 2700 892 2771 diligatis:
927 2704 1160 2759 scientes
1184 2707 1442 2775 quoniam
1475 2749 1489 2772 ,
1529 2707 1573 2762 si
1602 2723 1763 2763 causa
1800 2727 1896 2764 nc-

332 2788 508 2854 glccta
540 2789 724 2856 fuerit,
747 2802 797 2846 et
819 2795 885 2848 ad
912 2796 1213 2865 graviorem
1253 2800 1418 2871 (quod
1453 2802 1652 2873 absit!)
1679 2820 1899 2860 exacer-

331 2879 612 2936 bationem
642 2887 866 2952 venerit,
900 2903 1007 2942 non
1036 2891 1210 2945 solum
1240 2894 1382 2962 genti
1428 2905 1619 2949 vestrae
1643 2905 1696 2948 et
1729 2912 1896 2966 regno

333 2971 783 3053 Teutonicorum,
814 2981 905 3034 sed
937 2982 1112 3050 quoad
1141 2984 1276 3038 lines
1301 2984 1720 3041 Christianitatis
1746 2997 1892 3054 sunt,

330 3065 555 3132 damna,
581 3070 838 3136 pericula,
867 3058 1262 3142 confusionem,
1289 3085 1342 3131 et
1363 3078 1766 3136 intestimabilcs
1800 3083 1898 3137 mi—

332 3161 604 3215 seriarum
637 3177 832 3217 causas
862 3166 1049 3233 pariet.
1467 3167 1472 3174 ’

403 3248 538 3304 Data
589 3250 775 3307 Roma:
822 3257 1061 3312 secundo
1109 3258 1375 3316 Kalendas
1433 3261 1703 3329 Octobris,
1757 3266 1898 3320 indi-

327 3341 510 3396 ctione
539 3343 737 3411 prima.

864 3455 1197 3516 EPISTOLA
1237 3463 1368 3521 Vill.

329 3556 400 3598 AD
429 3560 746 3614 RICHERIUM,
797 3565 1119 3618 BICHARDUSI,
1157 3572 1225 3609 ΕΤ
1270 3574 1444 3614 EORUII
1477 3575 1891 3622 SUFFRAGANEOS.

925 3643 1103 3709 (Anno
1133 3644 1312 3714 1077.)
1696 3639 1698 3642 ’

329 3723 729 3812 Aurelioueusis
784 3730 1011 3812 episcopi
1064 3732 1474 3812 multadseelera
1514 3744 1892 3812 perstringens,

399 3794 646 3868 precipit
676 3797 753 3850 eis
778 3794 833 3850 ut
883 3794 1194 3855 ad'examen
1242 3798 1387 3858 illius
1417 3794 1894 3868 acti'onumco’uee-v-

402 3864 626 3939 trientes,
661 3881 778 3939 eum
823 3869 893 3939 ad
927 3873 1333 3938 respondendum
1363 3877 1553 3933 litteris
1584 3864 1893 3937 convocerit:

399 3933 492 4001 qui
533 3935 581 3985 si
614 3936 692 4014 re!
721 3935 891 4015 venire
920 3933 1172 4015 poluerit,
1205 3945 1282 4015 uel
1328 3953 1391 3998 de
1439 3949 1653 4015 objectis

398 4004 721 4087 purgaverit,
753 4004 1047 4087 depositum
1070 4018 1120 4060 et
1141 4004 1402 4087 privatum
1431 4004 1582 4087 illum
1610 4004 1893 4087 declarent,

397 4085 562 4190 71mm
610 4073 920 4126 sententiam
962 4075 1109 4142 jubet
1141 4073 1515 4151 promulgari,
1570 4095 1620 4140 et
1674 4073 1893 4158 inde-jus,

421 4155 576 4190 acum
609 4139 868 4190 Snxonem
898 4143 1215 4190 [Sanznnpm
1244 4150 1312 4190 (in
1344 4167 1454 4190 mm
1486 4169 1552 4190 an
1598 4155 1686 4190 Ml
1719 4174 1864 4190 mm...

421 4155 576 4229 pcum
609 4139 868 4229 Simonem
898 4139 1216 4214 [Simzonein
1244 4150 1312 4204 de
1344 4139 1454 4221 quo
1486 4139 1894 4229 έρςΜῘῂιιῖἡξξ

396 4208 526 4260 dam
556 4211 849 4281 subrogari.

397 4293 708 4351 GBEGORIUS
761 4301 1069 4371 episcopus,
1098 4320 1288 4365 servus
1339 4325 1614 4384 servorum
1651 4314 1762 4379 Dei,
1800 4315 1894 4370 Rt-

323 4400 526 4440 cuemo
557 4385 858 4443 Senonensi
890 4393 1327 4466 archiepisc0po,
1355 4408 1408 4452 et
1438 4399 1711 4457 thusano
1737 4403 1889 4458 Bitu-

2012 624 2118 662 non
2146 611 2350 664 habens
2376 613 2798 667 contradecreta
2841 622 3151 668 sanctorum
3179 614 3397 668 Patrum
3441 616 3559 669 sine

2009 699 2200 754 idonea
2224 701 2350 755 cieri
2379 711 2431 755 et
2455 705 2635 771 populi
2668 706 2927 760 electione
2957 706 3241 759 ecclesiam
3269 706 3552 761 invasisse.

2007 789 2214 845 Dicitur
2229 793 2390 847 etiam
2407 794 2531 848 huic
2545 795 2812 864 iniquitati
2831 799 2959 852 illud
2983 791 3270 862 addidisse,
3285 806 3344 850 ut.
3365 797 3416 850 in
3433 815 3558 866 prc-

2007 887 2243 940 motione
2267 887 2582 940 clericorum
2605 889 3072 945 archidiaconatus
3105 900 3156 944 et
3178 891 3421 946 abbatias
3461 907 3560 961 per

2006 977 2421 1047 negotiationem
2466 979 2764 1046 vendendo,
2797 982 2998 1035 nullam
3045 983 3379 1037 honestatem
3430 985 3556 1037 nul-

2003 1067 2222 1137 lumque
2247 1068 2341 1122 Dei
2388 1069 2635 1123 timorem
2673 1073 2980 1126 servaverit.
3031 1072 3203 1146 Super
3251 1075 3352 1128 hoc
3395 1076 3557 1129 etiam

2004 1160 2083 1216 bis
2118 1169 2171 1213 et
2195 1169 2274 1214 ter
2313 1160 2550 1215 fraterna
2594 1163 2853 1217 charitate
2882 1179 2912 1217 a
2959 1164 3114 1217 nobis
3157 1176 3400 1230 vocatus,
3448 1182 3559 1222 non

2005 1252 2178 1306 solum
2223 1251 2289 1305 ad
2329 1267 2428 1305 nos
2470 1254 2653 1306 venire
2693 1256 2941 1323 neglexit,
2987 1255 3076 1308 sed
3117 1255 3276 1309 etiam
3321 1257 3558 1326 aliquem

2004 1346 2096 1414 qui
2126 1347 2283 1400 "eum
2329 1347 2394 1400 de
2447 1347 2672 1415 objectis
2725 1348 2959 1417 legitime
3015 1359 3294 1404 excusaret
3347 1350 3556 1404 mittere

2003 1437 2362 1506 contempsit,
2421 1445 2477 1490 et
2551 1451 2580 1490 a
2616 1437 2791 1517 ‘nobis
2874 1437 3232 1502 interdictus,
3306 1441 3555 1507 quinimo

2003 1539 2031 1576 a
2065 1526 2443 1578 communione
2468 1525 2710 1594 corporis
2739 1538 2791 1580 et
2828 1527 3107 1597 sanguinis
3143 1528 3355 1597 Domini
3398 1544 3558 1598 sepa-

2003 1625 2153 1668 ratus
2181 1656 2195 1680 ,
2242 1615 2474 1670 cilicium
2517 1618 2820 1686 episcopale
2877 1618 3147 1673 celebrare
3199 1634 3306 1672 non
3357 1621 3581 1674 timuit-

2003 1707 2348 1762 Benedictum
2396 1709 2559 1761 etiam
2608 1708 2937 1763 deferentem
2979 1709 3186 1764 litteras
3228 1720 3440 1765 nostras
3498 1712 3557 1764 in

2006 1799 2251 1868 captione
2274 1814 2498 1854 suorum
2540 1801 2606 1854 ad
2655 1810 3020 1870 contemptum
3069 1804 3376 1872 apostolica
3415 1805 3558 1861 sedis

2003 1890 2094 1944 diu
2139 1891 2274 1944 allici
2323 1889 2583 1960 permisit.
2655 1890 2991 1960 Quapropter
3047 1894 3384 1962 iniquitatem
3438 1895 3559 1965 ejus

2001 1983 2251 2051 deinceps
2278 1998 2383 2036 non
2411 1982 2642 2037 ferentes
2668 2025 2681 2048 ,
2709 1983 3004 2052 apostolica
3049 1985 3365 2039 auctoritate
3403 1987 3558 2041 vobis

1999 2074 2342 2142 praecipimus
2363 2083 2442 2138 ut,
2467 2075 2533 2128 ad
2559 2075 3008 2130 examinationem
3051 2085 3266 2130 actuum
3309 2093 3553 2143 suorum,

1999 2164 2054 2218 in
2087 2164 2264 2218 locum
2289 2180 2451 2233 quem
2476 2165 2648 2234 magis
2674 2151 2856 2233 aptum
2878 2167 3231 2235 probaveritis
3273 2169 3558 2223 convenia-

1999 2252 2090 2317 tis,
2115 2253 2182 2306 ad
2223 2268 2383 2322 quem
2425 2238 2576 2322 prius
2619 2253 2809 2308 litteris
2851 2255 3044 2309 vestris
3064 2271 3188 2310 eum
3231 2259 3557 2322 con-vocetis,

2000 2340 2202 2409 ibique,
2238 2344 2308 2396 de
2347 2344 2668 2411 supradictis
2707 2345 2857 2400 vobis
2890 2347 3236 2416 respondeat,
3269 2357 3338 2411 et,
3376 2348 3421 2402 si
3459 2362 3560 2417 po-

1999 2440 2122 2496 test,
2192 2448 2248 2486 se
2287 2432 2630 2487 innocentem
2692 2436 2895 2488 reddat.
2959 2437 3112 2502 Quod
3173 2439 3216 2492 si
3280 2438 3456 2505 forte,
3502 2439 3559 2493 in

1997 2525 2251 2594 superbia
2279 2543 2375 2581 sua
2411 2543 2754 2597 permanens,
2781 2527 2919 2584 inﬂa
2941 2531 3292 2601 quadraginta
3321 2531 3438 2585 dies
3462 2531 3559 2586 ad-

1997 2618 2312 2673 monitionis
2341 2620 2525 2674 venire
2550 2621 2949 2689 contempserit,
2978 2631 3071 2676 aut
3105 2622 3325 2676 veniens
3349 2623 3414 2676 de
3435 2638 3557 2676 om-

1999 2708 2160 2762 nibus
2183 2708 2506 2776 supradictis
2533 2711 2792 2765 canonice
2818 2725 2875 2764 se
2905 2727 3014 2764 non
3039 2715 3435 2784 expurgaverit,
3464 2715 3521 2784 ju
3543 2744 3557 2753 -

1997 2799 2139 2853 dicio
2160 2801 2330 2853 sancti
2358 2798 2590 2869 Spiritus
2613 2811 2665 2857 et
2687 2804 3002 2859 auctoritate
3027 2807 3318 2876 apostolica
3343 2816 3560 2862 senten-

1998 2888 2125 2940 tiam
2189 2889 2552 2944 damnationis
2599 2901 2653 2945 et
2697 2893 3051 2961 depositionis
3098 2897 3216 2950 sine
3252 2897 3410 2959 omni
3463 2911 3559 2965 spe

1991 2974 2353 3036 restitutionis
2383 2977 2437 3030 in
2463 2995 2586 3032 eum
2624 2983 3047 3051 promulgamus.
3075 2983 3248 3048 Quam
3288 3000 3385 3039 vos
3408 2985 3552 3039 sicut

1995 3067 2188 3133 decet,
2238 3079 2546 3138 sequentes,
2575 3087 2671 3139 per
2720 3086 2879 3126 aures
2922 3074 3326 3130 circumstantis
3371 3077 3557 3146 populi

1924 3175 1964 3230 ο
1997 3160 2296 3227 ditl‘undite,
2350 3172 2405 3218 ct
2450 3161 2718 3216 Saxonem
2780 3161 2980 3231 ipsum,
3001 3155 3074 3218 ide
3123 3179 3232 3233 quo
3281 3170 3379 3221 vos
3420 3166 3556 3220 mihi

1998 3251 2292 3319 scripsistis
2317 3292 2331 3315 ,
2378 3253 2469 3320 qui
2517 3253 2659 3306 beati
2694 3253 2838 3306 Petri
2883 3256 3168 3309 consilium
3211 3266 3266 3310 et
3309 3268 3558 3312 nostrum

1995 3338 2236 3406 expetiit,
2263 3339 2316 3392 in
2340 3339 2460 3393 loco
2483 3340 2878 3409 illiusdepositi
2901 3343 3197 3396 secundum
3223 3342 3390 3397 Deum
3427 3345 3559 3398 sub-

1997 3437 2196 3496 rogate.

2067 3518 2199 3572 Data
2243 3518 2428 3574 Roma:
2458 3520 2695 3576 secundo
2740 3520 2924 3578 Nonas
2951 3519 3221 3591 Octobris,
3265 3523 3561 3582 indictione

1994 3608 2187 3681 prima.

2553 3694 2887 3758 EPISTOIA
2920 3704 3009 3760 IX.

2169 3803 2234 3840 AD
2269 3804 2556 3844 RMNEBIUN
2598 3807 2881 3846 EPISCOPUM
2925 3812 3377 3855 AURELIANENSEI.

2593 3881 2768 3953 (Anno
2798 3884 2978 3956 1077.)

1995 3965 2246 4049 Praecipit
2284 3980 2338 4022 ut
2359 3971 2520 4049 .intro
2549 3988 2579 4026 ι.
2617 3974 2726 4049 dies
2761 3976 2829 4049 ad
2847 3976 3031 4049 locum
3059 3996 3206 4049 quem
3238 3980 3564 4041 Senonenses

2063 4048 2113 4092 et
2146 4040 2541 4118 alii_epis_copi,_
2564 4046 2768 4118 quibus
2799 4047 2853 4118 id
2897 4040 3174 4118 commisit,
3203 4040 3559 4118 probaverim,

2063 4111 2330 4188 ςρηυςηίιξε
2373 4111 2702 4180 άε“οὺ]εειὶε
2761 4116 3066 4188 criminibus
3115 4111 3169 4169 se
3203 4111 3556 4188 'purgaturus.

2067 4175 2217 4260 Quod
2253 4179 2307 4257 si
2331 4195 2511 4258 parere
2535 4175 2816 4260 uegiexerit
2849 4222 2864 4248 ,
2909 4184 2985 4237 vel
3010 4200 3062 4236 se
3079 4202 3186 4260 non
3211 4175 3559 4260 purgaverit;

2062 4245 2414 4368 danmaltionis
2435 4245 2739 4304 sentetitiam
2759 4245 2870 4307 sine
2889 4272 2977 4324 spe
2999 4245 3416 4316 restitutionis'in

2064 4330 2245 4368 oromu
2273 4327 2380 4368 aut.

2064 4327 2380 4385 promulgat.

2063 4407 2368 4464 GBEGORIL‘S
2390 4411 2696 4484 episcOpus,
2727 4433 2916 4472 servus
2959 4435 3237 4476 servorum
3263 4422 3376 4489 Dei,
3427 4425 3553 4488 BA!-

325 4474 534 4545 rigensi
561 4475 905 4546 [Bituricensi
928 4489 976 4532 et
1005 4483 1082 4533 sic
1107 4484 1349 4556 semper],
1373 4503 1670 4560 eorumque
1695 4493 1892 4550 suﬂ‘ra-
1925 4508 1969 4562 ι)
1993 4512 2149 4553 Νειιιο
2172 4499 2316 4555 dicto
2338 4502 2710 4559 Aurelianensi
2733 4508 3003 4574 episcopo.

324 4564 540 4634 ganeis,
569 4565 796 4621 salutem
823 4576 876 4623 et
907 4571 1259 4638 apostolicam
1296 4575 1742 4636 benedictionem.

400 4653 558 4708 Sicut
609 4659 970 4724 quorumdam
1034 4671 1274 4717 vestrum
1329 4669 1477 4722 novit
1535 4670 1888 4744 fraternitas,

324 4745 519 4799 multis
543 4745 656 4814 jam
689 4749 1016 4808 clamoribus
1042 4755 1333 4826 multisque
1361 4758 1552 4816 litteris
1587 4765 1891 4832 elaboravi-

324 4850 456 4890 mus
494 4844 554 4889 ut
602 4838 1006 4942 Aurelianensis
1046 4847 1282 4906 Ecclesia
1326 4853 1390 4908 ad
1433 4856 1725 4923 pristinum
1777 4875 1890 4914 sua:

325 4929 632 4986 nobilitatis
679 4941 877 4988 statum
929 4929 1274 5018 rqvocaretur
1311 4964 1323 4998 :
1375 4947 1467 5001 sed
1516 4952 1789 5018 peccatis,
1832 4959 1891 5005 ut

252 5060 257 5070 .
325 5020 628 5101 credimus,
653 5025 836 5093 populi
869 5036 1321 5102 promerentibus,
1369 5038 1439 5092 ita
1466 5044 1888 5113 pseudoepisco-

324 5124 527 5203 porum
556 5099 558 5101 ’
583 5113 778 5203 ibidem
825 5121 1106 5189 occupatio
1153 5099 1432 5193 praevaluit
1457 5099 1482 5196 ,’
1526 5137 1670 5203 quod
1708 5099 1891 5192 .adhuc

325 5199 558 5281 omnino
576 5201 1113 5270 spinasconfusionis
1135 5229 1247 5269 sua:
1264 5199 1560 5289 exstirpare
1583 5240 1690 5280 non
1712 5227 1889 5296 potui-

325 5305 475 5345 mus.
524 5289 740 5357 Quanta
780 5297 923 5352 enim
978 5301 1315 5361 inobedienta
1373 5309 1660 5371 Rainerius
1709 5289 1886 5372 dictus

327 5576 558 5639 tumque
599 5572 974 5629 detrimentum
1019 5577 1314 5636 Ecclesian
1356 5583 1502 5639 illam
1554 5589 1883 5656 perduxerit,

326 5658 457 5712 licet
481 5674 582 5714 vos
619 5662 758 5716 scire
785 5679 890 5719 non
915 5665 1248 5736 dubitamus,
1297 5676 1560 5744 quosdam
1584 5687 1761 5733 tamen
1787 5698 1884 5736 ex-

329 5762 589 5805 cessuum
627 5766 848 5809 suorum
870 5757 1110 5828 religioni
1136 5771 1324 5818 vestrae
1363 5768 1680 5824 nominatim
1708 5771 1888 5827 dicere

2062 4588 2208 4644 Licet
2249 4608 2355 4646 non
2379 4594 2512 4648 alias
2555 4595 2658 4647 nisi
2685 4596 3049 4653 damnationis
3093 4601 3297 4658 litteras
3321 4606 3388 4659 ab
3423 4607 3557 4675 apo-

1994 4679 2181 4734 stolica
2209 4682 2333 4735 sede
2352 4682 2463 4750 jam
2508 4696 2572 4735 ex
2601 4683 2760 4754 longo
2800 4695 3037 4756 tempore
3063 4690 3419 4746 inobedientia
3459 4703 3552 4748 tua

1991 4772 2365 4838 promeruerit,
2391 4788 2488 4826 nos
2511 4784 2710 4843 tamen,
2734 4793 2798 4832 ex
2837 4781 3011 4834 radice
3034 4782 3377 4838 infructuosze
3398 4802 3553 4842 men-

1993 4860 2061 4914 tis
2105 4869 2207 4914 tuae
2251 4861 2453 4930 aliquid
2488 4864 2614 4920 boni
2640 4867 2693 4920 in
2719 4885 2915 4938 vanum
2960 4879 3211 4925 excutere
3255 4882 3549 4946 tentantes,

1994 4953 2134 5009 hanc
2154 4965 2395 5031 nostram
2424 4958 2516 5012 tibi
2539 4960 2846 5014 curavimus
2867 4961 3080 5016 mittere
3101 4963 3440 5036 legationem,
3464 4973 3548 5025 vi-

1989 5045 2180 5100 delicet
2200 5057 2259 5101 ut
2284 5048 2336 5102 in
2350 5050 2631 5116 praesentia
2657 5049 2988 5107 confratrum
3013 5067 3321 5113 nostrorum
3350 5060 3546 5116 Ricbe-

1989 5134 2054 5188 rii
2081 5134 2407 5190 Senonensis
2432 5139 2843 5212 archiepiscopi,
2867 5154 2920 5198 et
2943 5143 3196 5203 Richardi
3240 5150 3546 5220 Biturigen-

1988 5225 2090 5288 sis,
2135 5241 2234 5280 nec
2275 5242 2381 5280 non
2425 5230 2888 5302 suifraganeorum
2935 5255 3179 5306 suorum,
3223 5252 3274 5295 et
3314 5243 3547 5300 aliorum

1985 5314 2360 5385 religiosorum
2402 5323 2495 5390 qui
2541 5322 2710 5378 Deum
2767 5326 3027 5404 timeant,
3075 5345 3437 5398 responsurus
3479 5336 3549 5390 de

1985 5405 2209 5474 objectis
2235 5411 2437 5465 venias.
2467 5413 2675 5478 Quibus
2701 5417 2908 5476 litteras
2933 5431 3144 5476 nostras
3189 5424 3459 5491 misimus,
3485 5435 3549 5482 ut

1988 5496 2091 5566 ipsi
2117 5499 2169 5553 in
2191 5516 2256 5554 eo
2291 5501 2407 5555 loco
2438 5517 2599 5570 quem
2625 5509 2797 5579 magis
2818 5510 3045 5563 habilem
3070 5521 3123 5564 et
3144 5522 3326 5582 aptum
3350 5517 3545 5585 proha-

1990 5588 2184 5652 verint,
2223 5591 2562 5657 conveniant,
2600 5601 2653 5650 et
2678 5613 2897 5651 causam
2929 5607 3077 5653 tuam
3106 5601 3388 5674 diligenter
3416 5620 3541 5671 per-

1992 5678 2228 5746 qnirant.
2263 5678 2574 5738 Terminum
2607 5698 2783 5741 autem
2806 5690 3145 5746 examinandi
3187 5694 3357 5761 hujus.
3380 5706 3543 5762 nege-

1994 5770 2049 5821 tii
2076 5768 2211 5822 infra
2233 5773 2585 5843 quadraginta
2597 5777 2710 5831 dies
2732 5789 2853 5846 post
2875 5782 3541 5848 receptionemlitteramm
