4218 6424
1738 54 1811 67 ιιι-ν
1836 52 2227 73 Ilum——

635 446 661 496 i
671 444 740 497 95

1210 474 1213 477 η
1291 435 1347 492 S.
1385 433 1712 492 GREGORII
1752 432 1840 486 νη
1881 431 2084 486 ΡᾹΡᾹΞ
2114 430 2396 486 OPBRL'M
2439 427 2619 483 PARS
2656 427 2696 483 I.
2735 457 2806 468 —
2846 425 3270 481 REGISTRI’M.

3656 59 4014 265 ""“l

3734 426 3871 484 196

636 569 943 611 nostrarum
978 556 1323 625 praeligemus.
1366 549 1450 617 Et,
1473 550 1602 619 quia
1654 548 1723 603 de
1743 546 2063 617 objiciendis
2109 545 2205 601 tibi
2234 547 2279 603 A
2304 546 2773 616 eleemosynarum
2796 542 3057 605 subsidiis
3079 550 3136 596 et
3156 539 3522 595 Ecclesiarum
3543 541 3880 600 orationibus

637 657 853 701 ramum
878 655 929 699 te
950 653 1113 713 atque
1144 639 1426 711 providum
1463 638 1686 693 reddere
1716 637 1992 701 volumus,
2022 650 2089 692 ea
2112 635 2208 690 tibi

636 748 759 792 ante
783 734 1255 806 pertractationem
1280 727 1480 800 negotii
1505 729 1867 783 iusinuamus.
1897 726 2102 782 Diceris
2134 724 2211 781 si-

633 828 852 898 quidem
875 825 1168 894 legitimam
1179 830 1390 878 aetatem
1414 836 1521 874 non
1535 818 1762 883 habens,
1784 825 1974 872 contra
1993 816 2209 870 decreta

634 928 950 974 sanctorum
981 914 1224 977 Patrum,
1260 912 1379 967 sine
1420 910 1608 964 idonea
1640 907 1772 962 cieri
1810 915 1865 961 et
1890 904 2074 975 populi
2098 903 2209 958 cleo

635 1010 812 1063 ctione
847 1019 899 1061 te
941 1005 1022 1058 eis
1053 1003 1322 1073 injecisse.
1352 1000 1566 1056 Diceris
1598 998 1742 1053 enim
1768 996 1895 1053 huic
1937 994 2208 1064 iniquitati
2239 1074 2247 1083 .

637 1100 767 1154 illud
789 1097 1083 1162 addidisse,
1108 1104 1168 1149 ut
1187 1093 1240 1148 iu
1264 1093 1636 1164 promotioues
1657 1089 2004 1153 clericorum,
2028 1086 2211 1141 archi-

636 1192 955 1246 diarouatus
987 1197 1039 1243 et
1067 1185 1311 1241 alihatias
1334 1180 1869 1255 perncgotiationem
1905 1177 2209 1243 vendendo,

639 1285 839 1336 nullam
887 1283 1224 1334 honestatem
1256 1276 1575 1343 nullumque
1610 1270 1701 1326 Dei
1732 1270 1982 1326 timorem
2024 1283 2210 1324 serra-

638 1376 795 1427 veris.
834 1372 1008 1441 Super
1034 1372 1136 1425 hoc
1159 1368 1348 1430 etiam,
1384 1378 1439 1420 ut
1465 1364 1877 1427 nobisa'idctttr,
1907 1362 1995 1416 bis
2033 1370 2089 1416 et
2130 1370 2211 1416 ter

639 1470 788 1518 t‘ratei
804 1480 869 1518 na
894 1450 1156 1517 charitate
1179 1476 1207 1513 ξι
1235 1460 1394 1513 nobis
1418 1467 1660 1521 ret-atus,
1688 1471 1793 1509 non
1817 1454 1993 1509 Solum
2018 1452 2085 1507 ad
2108 1465 2209 1507 nos

639 1572 742 1608 l'nll
767 1556 980 1619 venisti,
1016 1553 1109 1608 sed
1166 1552 1331 1606 etiam
1377 1550 1609 1619 aliquem
1666 1547 1758 1617 qui
1790 1557 1841 1601 te
1868 1546 1935 1599 de
1984 1544 2210 1616 objectis

640 1652 776 1711 iuste
829 1652 1117 1700 excusaret
1186 1642 1397 1695 mittere
1445 1637 1839 1707 contempsisti.
1899 1634 2212 1706 Suspensus

635 1752 797 1791 mam
828 1736 898 1791 ab
925 1733 1216 1805 episcopali
1248 1730 1444 1796 oﬂicio,
1472 1740 1525 1783 et
1552 1746 1581 1781 a
1611 1728 1993 1782 communione
2021 1739 2214 1795 corpo-

640 1846 711 1883 ris
740 1836 795 1882 et
821 1825 1103 1896 sanguinis
1135 1822 1370 1887 Domini,
1419 1820 1662 1890 publicas
1695 1819 1893 1873 missas
1934 1816 2209 1871 celebrare

640 1935 744 1972 non
796 1891 1045 1972 timuisti.
1089 1913 1359 1969 Clerieum
1408 1912 1571 1967 etiam
1625 1907 1955 1963 deferentem
2007 1907 2214 1961 litteras
2246 1891 2289 1945 Β

638 2017 854 2064 uestras
898 2007 990 2063 diu
1042 2007 1098 2061 in
1144 2004 1395 2075 captione
1450 2012 1669 2057 tuorum
1720 2000 1789 2055 ad
1843 2007 2216 2069 contemptum

637 2101 945 2169 apostolica:
974 2097 1119 2152 sedis
1148 2095 1240 2151 diu
1270 2093 1407 2149 allici
1434 2093 1749 2164 permisisti.
1780 2091 2140 2162 Quapropter,
2169 2089 2216 2145 si

637 2186 925 2258 cognoscis
955 2195 1007 2241 te
1056 2200 1223 2257 super
1252 2184 1340 2239 bis
1397 2184 1652 2239 omnibus
1698 2181 2099 2253 inculpabilem,
2149 2180 2217 2235 ad

638 2290 963 2333 conventum
977 2276 1314 2332 confratrum
1328 2283 1641 2330 nostrorum
1653 2274 1801 2330 adire
1820 2283 1983 2344 atque
1998 2288 2221 2345 respon-

637 2370 765 2422 dere
788 2368 935 2422 nulla
959 2367 1169 2421 ratione
1195 2367 1596 2437 prietermittas.
1628 2364 1781 2433 Quod
1812 2367 1858 2421 si
1887 2368 1941 2421 in
1965 2366 2218 2436 superbia

640 2471 729 2515 tua
784 2476 1114 2531 permanens
1141 2468 1237 2514 aut
1283 2459 1412 2515 illuc
1438 2460 1624 2513 venire
1663 2457 2081 2529 contempseris,
2125 2466 2220 2511 aut

640 2554 863 2607 \cnieus
892 2553 956 2605 de
973 2549 1066 2606 his
1092 2550 1349 2606 omnibus
1370 2548 1632 2605 canonice
1676 2557 1726 2604 te
1747 2564 1854 2603 non
1882 2562 2223 2619 expurgare-

641 2644 738 2705 l'ls,
764 2642 971 2711 judicio
1001 2639 1173 2695 sancti
1205 2637 1537 2711 Spiritiis,,ct
1560 2637 1883 2693 auctoritate
1909 2636 2221 2707 apostolica:

640 2734 807 2795 sedis,
839 2732 1165 2786 sententiam
1196 2728 1565 2784 damnationis
1590 2729 1712 2784 sine
1739 2727 1889 2786 omni
1918 2728 2033 2798 ipse
2057 2727 2219 2782 resti-

643 2821 868 2876 tutionis
895 2822 951 2874 in
976 2829 1027 2874 te
1048 2818 1480 2890 pnomulgamus.

713 2913 848 2969 Data
884 2912 1071 2969 Roma:
1095 2910 1335 2968 secundo
1352 2908 1535 2966 Nonas
1563 2909 1838 2977 Octobris,
1868 2908 2163 2966 indictione
2181 2925 2219 2963 i.

1203 3019 1540 3077 EPISTOLA
1591 3019 1665 3079 Χ.
1684 3066 1696 3075 .

1163 3131 1230 3170 AD
1285 3130 1460 3169 REGE!
1515 3129 1709 3167 DAMAE.

1234 3204 1417 3276 (Auno
1449 3204 1630 3273 lilii}.
2076 3228 2097 3254 κ

644 3296 1027 3350 Commendans
1060 3311 1178 3364 eius
1217 3298 1389 3364 pati-is
1411 3295 1646 3363 defuncti
1672 3295 2056 3347 observantium
2098 3311 2220 3361 erga

719 3367 1006 3419 Rouiauam
1062 3355 1376 3428 Ecclesium,
1418 3355 1661 3416 hortatur
1705 3374 1757 3415 ut
1800 3367 2124 3414 metientile
2158 3355 2223 3415 ἰη

709 3436 1047 3504 (ιρειηοειμηδ
1076 3434 1159 3488 illi
1187 3435 1526 3502 suffragetur,
1548 3443 1704 3502 atque
1722 3434 1835 3500 ejus
1857 3434 1910 3484 in
1934 3432 2221 3485 Romanam

718 3508 1009 3559 la'rrlcstuui
1050 3507 1353 3574 obsequium
1396 3506 1652 3566 incitetur,
1688 3504 1827 3574 31in
1871 3504 2009 3571 regni
2053 3504 2222 3554 ςκςέιξςέη

714 3578 1047 3637 "iuratione,
1078 3572 1338 3641 prmi-rpite
1358 3575 1415 3626 in
1457 3574 1649 3625 tuenda
1675 3572 1937 3637 Ecrlcsia,
1984 3575 2125 3625 canit
2170 3582 2223 3623 ut

714 3646 914 3715 legatos
936 3650 1005 3698 od
1032 3664 1086 3697 se
1113 3646 1309 3697 mittat.

715 3739 1026 3792 σὶιιιῑοοιιιυε
1052 3735 1363 3805 episcOpus,
1404 3746 1596 3787 servus
1645 3747 1928 3786 servorum
1963 3731 2074 3793 Dei,
2116 3733 2225 3801 regi

649 3831 922 3885 Danorum
977 3830 1208 3884 salutem
1264 3834 1322 3881 et
1365 3825 1720 3896 apostolicam
1778 3824 2224 3879 benedictionem.

720 3919 920 3972 Sancta
949 3928 1004 3971 et
1033 3916 1358 3971 universalis
1386 3924 1559 3969 mater
1606 3926 1815 3980 nostra,
1844 3914 2090 3969 Romana
2122 3915 2225 3969 Ec-

647 4010 808 4064 elesia
838 4010 1064 4073 scilicet,
1095 4015 1299 4078 quanta
1328 4006 1633 4060 dilectionis
1658 4014 1715 4060 et
1738 4005 1941 4060 amoris
1969 4006 2229 4061 instantia

648 4117 774 4169 erga
803 4101 973 4170 patris
1003 4099 1084 4152 tui
1112 4114 1304 4154 curam
1330 4107 1387 4152 et
1414 4098 1639 4153 honoris
1684 4098 1765 4153 tui
1804 4098 2228 4154 sollicitudinem

651 4190 1031 4262 invigilaverit,
1059 4200 1112 4244 te
1138 4189 1298 4258 plene
1324 4201 1507 4252 nosse,
1540 4202 1639 4240 nec
1674 4189 1757 4241 tui
1785 4190 2045 4242 memoria
2077 4190 2230 4243 exci—

594 4310 599 4315 ~
649 4283 799 4337 disse
818 4282 1153 4345 dubitamus,
1173 4277 1418 4334 videlicet
1443 4293 1569 4332 cum
1594 4278 1709 4348 ipse
1732 4278 2005 4333 reminisci
2029 4280 2232 4346 poteris

652 4388 818 4444 quam
849 4388 1040 4443 puram
1089 4386 1327 4440 seraper,
1369 4369 1508 4422 etin
1549 4370 1805 4447 omnibus
1852 4369 2131 4424 servitutis
2179 4379 2235 4423 et

654 4467 848 4521 debila!
895 4462 1216 4519 obcdientia:
1263 4460 1619 4515 reverentiam
1669 4461 1812 4516 circa
1863 4463 2035 4517 beatri
2088 4461 2234 4517 Petri

2249 3230 2290 3285 Ε

2311 635 2616 690 hortamur.
2666 634 2828 689 Decet
2852 632 3000 688 enim
3050 639 3111 686 ut
3135 630 3228 702 qui
3277 639 3331 686 te
3356 631 3444 685 sui
3490 631 3791 703 corporalis
3827 641 3881 687 et

2310 726 2588 783 siccularis
2616 726 2768 797 regni
2798 740 2896 781 seu
2917 724 3143 781 honoris
3164 722 3432 778 heredem
3454 731 3514 777 ιιι
3535 722 3713 777 bonus
3732 733 3883 792 pater

2262 890 2269 894 .
2310 819 2547 894 reliquit,
2565 818 2940 888 spiritualibus
2959 815 3204 880 auxiliis,
3216 821 3379 884 prout
3399 815 3751 884 essepoterit,
3773 830 3879 869 non

2312 890 2556 965 rideatur
2597 907 2872 973 fraudari,
2915 916 3191 978 quatenus
3238 920 3347 972 res,
3397 921 3523 975 qua:
3560 904 3662 961 tibi
3714 905 3882 962 decus

2309 999 2521 1069 paterni
2549 998 2855 1054 ministrant
2881 998 3055 1069 regni,
3080 995 3333 1051 manibus
3352 1012 3649 1066 pauperum
3669 997 3885 1061 delatae,

2312 1090 2366 1146 iu
2394 1092 2534 1147 caelo
2559 1089 2697 1162 patri
2726 1089 3005 1145 conferant
3020 1088 3285 1144 auxilium
3308 1089 3535 1160 requiei.
3559 1089 3715 1147 Nunc
3733 1106 3882 1157 vero.

2311 1182 2387 1237 ﬁli
2436 1183 2802 1260 charissime,-
2828 1181 3125 1252 apostolica
3155 1189 3207 1237 te
3253 1181 3571 1236 invitatione
3596 1197 3887 1238 monemus

2312 1286 2371 1329 ut
2423 1274 2595 1344 patris
2620 1278 2700 1329 tui
2721 1272 2887 1344 ﬁdem.
2912 1281 2967 1326 et
2993 1270 3365 1337 dilectionem,
3389 1284 3556 1341 quam
3602 1284 3733 1343 erga
3753 1286 3885 1342 apo-

2311 1366 2556 1422 stolicam
2596 1366 2762 1439 gessit
2793 1362 3115 1429 Ecclesiam,
3141 1362 3302 1418 corde
3323 1362 3645 1432 prospicias,
3674 1362 3779 1418 ﬁde
3800 1364 3881 1417 in—

2313 1457 2524 1523 lendas,
2570 1446 3059 1522 menteudrertas,
3086 1464 3143 1511 et
3169 1455 3251 1510 sic
3269 1462 3324 1510 te
3361 1453 3532 1508 ﬁlium
3561 1454 3703 1508 beati
3736 1453 3882 1511 Petri

2310 1551 2541 1620 apostoli
2575 1550 2861 1616 exhibeas,
2884 1557 3158 1619 quatenus
3174 1561 3373 1602 sereno
3399 1554 3453 1601 te
3475 1545 3626 1601 vultu
3666 1547 3884 1617 conspi-

2311 1641 2461 1697 ciens
2488 1635 2543 1696 in
2589 1641 2958 1697 haereditatem
2989 1639 3212 1709 superni
3242 1636 3416 1708 regni,
3466 1637 3522 1692 iu
3563 1637 3745 1693 locum
3782 1637 3886 1709 pie

2311 1731 2706 1795 retributionis,
2723 1738 2782 1784 ut
2807 1730 3026 1801 dignam
3056 1728 3298 1783 sobolem
3322 1728 3649 1799 introducat.
3677 1726 3737 1783 Si
3758 1745 3897 1785 vero

2313 1829 2366 1878 te
2390 1823 2645 1877 devotum
2671 1820 3032 1892 prospexerit,
3066 1817 3310 1889 profecto
3334 1833 3522 1873 vocem
3551 1819 3625 1888 pii
3655 1818 3741 1873 sui
3768 1834 3887 1875 Ina-

2314 1914 2469 1985 gistri
2491 1928 2801 1980 assumens,
2826 1911 3001 1968 dicet:
3034 1909 3163 1965 Volo
3184 1918 3241 1964 ut
3262 1909 3353 1963 ubi
3373 1925 3467 1980 ego
3485 1925 3603 1963 sum
3622 1918 3672 1964 et
3693 1909 3779 1963 hic
3816 1910 3890 1963 sit

2316 2022 2520 2060 meum
2545 2004 2731 2077 (Ionii.
2759 2004 2996 2073 xxxvu).
3025 2002 3117 2059 Sic
3139 2003 3286 2058 enim
3317 2018 3349 2057 a
3389 2001 3622 2057 Domino
3646 2011 3887 2073 potest

2314 2106 2424 2153 tem
2471 2098 2748 2167 accepisse
2794 2095 3086 2161 credimus,
3118 2104 3181 2149 ut
3219 2110 3384 2164 quem
3422 2094 3635 2166 ligaret,
3672 2094 3899 2166 ligatus,

2314 2198 2370 2243 et
2387 2204 2552 2259 quem
2574 2189 2828 2254 solveret,
2854 2186 2909 2241 in
2937 2186 3093 2241 cmlis
3112 2194 3260 2240 esset
3299 2186 3529 2240 solutus.
3572 2183 3639 2240 Et
3689 2186 3896 2241 idcirco

2316 2277 2517 2333 iterum
2558 2279 2872 2353 iterumque
2907 2290 3195 2346 monemus
3224 2284 3286 2331 ut
3332 2285 3383 2332 te
3416 2275 3493 2331 ita
3528 2274 3760 2347 dignum
3800 2292 3891 2331 ac-

2316 2368 2766 2440 ceptabilemque,
2799 2378 2964 2439 prout
3004 2357 3271 2439 fragilitas
3295 2367 3533 2422 humana
3563 2367 3894 2437 permiserit,

2319 2459 2551 2515 Domino
2577 2462 2930 2523 concedente,
2954 2459 3104 2514 omni
3142 2458 3339 2514 annisu
3373 2458 3633 2529 perﬁcere
3653 2468 3894 2531 satagas,

2319 2558 2381 2604 ut
2401 2557 2513 2604 tam
2544 2549 2828 2620 praesentis
2855 2566 3019 2619 quam
3043 2549 3208 2604 etiam
3256 2549 3421 2604 futuri
3442 2550 3595 2620 regni
3642 2551 3890 2606 sublimi-

2318 2646 2484 2693 tatem
2513 2639 2758 2695 obtinere
2802 2639 3007 2693 raleas.
3050 2637 3207 2706 Quod
3254 2640 3303 2695 si
3350 2637 3492 2693 forte
3531 2649 3686 2709 pater
3725 2642 3886 2696 etiam

2322 2736 2468 2792 tuus,
2496 2729 2714 2784 diabolo
2737 2731 3021 2805 suadepte,
3051 2730 3235 2805 aliqua
3256 2730 3488 2785 incurrit
3519 2730 3713 2786 anima:
3733 2731 3893 2786 detri-

2322 2829 2523 2885 menta,
2546 2821 2743 2875 caelum
2774 2804 2975 2890 potius,
3004 2804 3115 2875 imo
3141 2822 3266 2877 celi
3288 2821 3581 2875 Dominum
3612 2821 3891 2878 hortamur

2323 2913 2569 2967 attendas
2614 2929 2779 2983 quam
2838 2923 3059 2978 terram,
3105 2922 3161 2969 et
3193 2921 3381 2969 contra
3423 2929 3488 2968 ea
3510 2913 3591 2968 tui
3635 2915 3899 2971 creatoris

2328 3004 2848 3059 nn'incihilia'arma
2904 3005 3068 3060 corde
3113 3004 3358 3075 quotidie
3408 3019 3549 3073 puro
3590 3019 3887 3074 exposcas;

2325 3103 2594 3165 quatenus
2620 3106 2673 3150 ct
2694 3095 2938 3164 profectu
2974 3096 3259 3165 apostolici
3287 3096 3381 3149 lilii
3404 3094 3670 3159 laetemur,
3692 3077 3749 3150 et
3786 3097 3897 3152 tuis

2326 3187 2672 3257 comparibus
2698 3187 2916 3254 regibus
2945 3186 3501 3242 incitamenta'valeas
3530 3188 3767 3256 pnehere
3786 3187 3890 3242 vir~

2326 3288 2524 3334 tutum.
2562 3277 2848 3333 Monemus
2882 3279 3124 3349 insuper,
3155 3278 3499 3339 eharissime.
3532 3286 3594 3334 ut
3623 3280 3719 3333 tibi
3746 3294 3896 3333 com-

2325 3367 2475 3417 mis-si
2502 3383 2529 3420 a
2554 3364 2667 3421 Deo
2694 3368 2847 3438 regni
2884 3368 3148 3423 honorem
3174 3368 3324 3422 omni
3357 3367 3646 3433 industria,
3677 3368 3889 3425 solertia

2323 3460 2627 3528 peritiaque
2655 3461 2958 3515 custodias.
3013 3458 3095 3513 Sit
3121 3460 3231 3512 vita
3266 3467 3360 3513 tua
3405 3458 3594 3529 digna,
3636 3460 3889 3527 sapientia

2327 3551 2544 3611 referta,
2572 3550 2798 3618 iustitiae
2823 3560 2879 3603 et
2899 3548 3286 3605 misericdrdiae
3313 3549 3661 3604 condimento
3683 3549 3889 3618 salcque

2325 3640 2562 3705 condita,
2598 3648 2657 3695 ut
2678 3641 2744 3694 de
2795 3652 2847 3696 te
2882 3657 3006 3695 vera
3037 3642 3324 3711 sapientia,
3352 3656 3477 3710 quae
3516 3640 3661 3696 Deus
3689 3653 3786 3705 est,
3814 3640 3894 3694 di-

2325 3748 2447 3785 cere
2472 3741 2675 3800 queat:
2710 3731 2816 3785 Per
2851 3750 2929 3783 me
2968 3749 3059 3786 rex
3093 3734 3195 3787 iste
3228 3742 3409 3802 regnat
3445 3733 3722 3804 (Pi-acerb.
3755 3733 3885 3800 vni).

2328 3822 2631 3891 l’auperum
2662 3832 2714 3876 et
2740 3824 3065 3892 pupillorum
3102 3837 3165 3877 ac
3197 3824 3483 3877 viduarum
3512 3824 3729 3893 adjutor
3750 3822 3890 3876 iude—

2328 3913 2514 3968 ticiens
2535 3924 2652 3969 esto
2681 3933 2693 3968 :
2730 3915 2908 3969 sciens
2939 3931 3035 3983 pro
3061 3923 3210 3969 certo
3232 3916 3491 3984 quoniam
3521 3930 3585 3969 ex
3616 3914 3703 3970 his
3721 3914 3893 3984 operi-

2329 4007 2435 4059 bus
2454 4015 2508 4059 et
2531 4007 2893 4062 condimentis
2922 4021 3077 4060 amor
3102 4007 3201 4059 tibi
3232 4006 3613 4060 reconciliatur
3644 4005 3756 4058 Dei.
3779 4003 3889 4059 Au-

2327 4098 2563 4152 dirimus
2590 4098 2832 4166 insuper,
2861 4112 2963 4151 nec
2983 4096 3319 4159 dubitamus,
3347 4098 3495 4164 quod
3520 4094 3611 4149 Dei
3642 4095 3898 4158 Ecclesia,

2330 4204 2451 4257 qua:
2488 4198 2661 4242 mater
2697 4197 2751 4241 et
2779 4188 3000 4243 domina
3052 4197 3240 4242 nostra
3275 4196 3378 4251 est,
3431 4187 3580 4243 sicut
3619 4188 3672 4242 in
3715 4185 3895 4241 multis

2330 4281 2452 4335 aliis
2475 4288 2741 4334 terrarum
2769 4280 3038 4349 partibus,
3068 4279 3140 4332 ita
3168 4280 3224 4333 in
3247 4279 3441 4341 restria
3466 4280 3537 4333 ab
3564 4279 3763 4349 iniquis
3794 4279 3893 4333 ho-

2331 4373 2572 4426 minibus
2593 4380 2647 4425 et
2666 4371 2867 4426 diaboli
2891 4369 3149 4423 membris
3178 4364 3597 4438 comprimatur,
3622 4378 3676 4424 et
3700 4384 3803 4425 non
3834 4377 3896 4423 ut

2331 4463 2484 4516 decet
2514 4471 2732 4517 tueatur
2772 4470 2826 4516 et
2873 4470 3182 4515 veneretur.
3213 4462 3294 4515 Ad
3336 4464 3497 4529 cujus
3538 4459 3797 4515 auxilium
3841 4467 3894 4514 et

657 4555 886 4625 apostoli
910 4555 1174 4608 honorem
1195 4552 1523 4608 exhibuerit.
1557 4549 1684 4605 Suis
1717 4566 1951 4620 namque
1973 4555 2232 4621 tempori-
2264 4570 2308 4624 ι)
2334 4556 2617 4608 tuitionem
2656 4555 2711 4608 in
2739 4553 2995 4608 omnibus
3034 4560 3089 4607 et
3117 4568 3282 4621 super
3327 4553 3514 4607 omnia
3535 4562 3589 4607 te
3627 4552 3895 4626 invigilare

658 4648 779 4711 bus,
822 4655 880 4698 ut
903 4643 1197 4713 apostolica
1229 4652 1457 4696 testatur
1502 4641 1765 4708 Ecclesia,
1797 4649 1905 4696 tam
1954 4644 2235 4709 devotum,

659 4746 766 4790 tam
820 4737 1011 4801 ﬁdum,
1055 4743 1275 4803 tamque
1304 4732 1524 4787 unicum
1568 4732 1623 4785 in
1666 4734 1870 4788 amoris
1918 4734 2005 4788 sui
2050 4733 2235 4789 studio

660 4826 831 4883 fuisse
859 4828 1029 4882 ﬁlium
1057 4826 1331 4889 novimus,
1360 4832 1421 4878 ut
1441 4838 1578 4893 pene
1606 4822 1657 4876 iu
1688 4824 1907 4895 regibus
1937 4826 2121 4880 nullus
2149 4825 2237 4879 in-

659 4903 1261 4983 veniretur'sccundus,
1283 4927 1337 4972 et
1367 4918 1419 4971 ui
1448 4916 1719 4971 diabolico
1747 4917 2008 4971 instinctu
2039 4918 2234 4973 incel-

661 5010 801 5065 tiras
826 5011 1084 5065 vitiorum
1115 5007 1399 5063 illecebras
1422 5008 1643 5063 imitans
1685 5008 1934 5077 corporis
1959 5007 2045 5063 sui
2083 5006 2240 5062 frena

660 5100 921 5165 laxasset,
971 5100 1112 5154 inter
1157 5096 1360 5169 optimc
1406 5095 1517 5151 Deo
1560 5098 1835 5167 placentes
1880 5111 2034 5170 rcges
2083 5097 2236 5153 illum

663 5192 894 5249 cielicas
920 5192 1078 5247 sedes
1121 5191 1427 5246 inhabitare
1452 5204 1795 5260 nequaquam
1840 5193 2237 5248 dubitaremus.

665 5285 771 5339 Sed
811 5283 1072 5353 quoniam
1120 5283 1392 5340 credimus
1416 5325 1432 5351 ,
1487 5283 1749 5353 apostolis
1809 5286 2011 5354 quibus
2067 5285 2245 5342 ﬁdelis

661 5375 872 5429 exstitit
899 5373 1315 5445 opitulautibus,
1342 5372 1558 5435 Domini
1588 5374 1740 5430 illum
1771 5375 2146 5430 misericordia
2186 5386 2242 5431 et

664 5463 904 5537 gratuita
930 5465 1127 5534 pietate
1177 5464 1410 5520 lamenta
1442 5467 1786 5536 pmnitentim
1823 5474 1950 5521 ante
1977 5465 2101 5521 vita:
2128 5481 2242 5521 sua:

667 5558 840 5610 tinem
860 5555 1098 5609 contrito
1133 5556 1296 5611 corde
1322 5555 1653 5626 arripuisse,
1673 5558 2085 5626 veniam.posse
2112 5571 2245 5611 cou—

668 5662 825 5717 scqm
856 5660 964 5701 non
993 5646 1325 5711 dubitamus,
1355 5646 1468 5701 imo
1491 5646 1579 5725 sui
1604 5658 1873 5702 memores
1895 5647 1950 5726 in
1969 5646 2244 5702 orationi-

673 5735 782 5789 b‘us
805 5735 1007 5791 nostris
1031 5736 1134 5790 sibi
1157 5737 1379 5791 concedi
1426 5736 1712 5793 charitatis
1739 5736 1935 5792 allecto
1963 5730 2253 5809 rogamus,

671 5830 729 5878 et
748 5832 822 5887 te,
853 5834 912 5878 ut
937 5826 1204 5896 optimum
1229 5825 1381 5881 decet
1412 5827 1613 5894 lilium,
1634 5827 1685 5883 ci
1716 5842 2035 5883 succurrere
2078 5826 2247 5897 largis

2335 4646 2621 4709 volumus,
2656 4653 2711 4700 et
2757 4652 2979 4713 paterae
3021 4657 3340 4705 monemus;
3386 4657 3515 4697 nam
3565 4643 3764 4700 talibus
3793 4661 3891 4700 non

2339 4738 2623 4802 resistere,
2680 4736 2813 4805 quid
2877 4736 3025 4791 aliud
3089 4742 3175 4791 est
3229 4750 3395 4805 quam
3456 4737 3619 4794 ﬁdem
3680 4740 3901 4807 negare?

2339 4826 2678 4897 Quapropter
2726 4842 3014 4885 monemus
3061 4834 3116 4880 et
3154 4827 3508 4885 obsecramus
3549 4839 3643 4897 ut,
3689 4830 3897 4902 postha—

2338 4918 2454 4974 bito
2482 4918 2638 4972 omni
2666 4918 2917 4974 humano
2953 4917 3105 4981 odio,
3143 4917 3343 4974 invidia
3372 4921 3695 4990 postposita,
3714 4920 3897 4975 etiam-

2342 5027 2389 5065 si
2426 5009 2730 5065 incubuerit
2766 5019 2949 5065 morte
2973 5051 2989 5075 ,
3030 5025 3149 5065 eam
3191 5026 3385 5066 eruere
3407 5052 3427 5077 ,
3474 5022 3758 5083 protegere
3779 5053 3793 5078 ,
3822 5009 3905 5067 l'o—

2339 5117 2485 5166 vere,
2535 5102 2714 5167 tueri,‘
2739 5110 2795 5156 et
2836 5102 2905 5156 ab
2949 5101 3323 5157 insidiantium
3360 5102 3615 5158 faucibus
3656 5103 3894 5174 luporum

2340 5193 2549 5261 eripere
2588 5206 2687 5260 pro
2729 5206 2889 5262 posse
2916 5191 3166 5258 labores;
3210 5192 3389 5249 sciens
3432 5206 3535 5262 pro
3574 5202 3723 5250 certo
3764 5190 3896 5265 quod

2343 5284 2547 5338 nullam
2578 5283 2901 5348 orationem,
2930 5284 3249 5353 nullumque
3272 5285 3482 5352 gratius
3501 5284 3820 5341 sacriﬁcium
3843 5281 3895 5336 in

2344 5373 2585 5444 supremi
2604 5373 2808 5429 Arbitri
2833 5374 3010 5429 oculis
3042 5372 3247 5442 poteris
3280 5372 3494 5429 oﬁ‘erre.
3524 5373 3719 5429 Votum
3758 5372 3898 5427 iusa-

2343 5483 2443 5536 per
2466 5474 2713 5538 nostrum
2739 5468 2865 5532 tale,
2891 5466 3002 5520 Deo
3026 5474 3181 5531 teste,
3215 5475 3320 5532 est,
3341 5467 3491 5537 quod
3513 5480 3659 5536 sepe
3680 5466 3894 5523 velimus

2345 5550 2566 5613 nuntios
2593 5566 2718 5613 tuos
2737 5543 2943 5621 videre,
2965 5571 3063 5625 per
3081 5570 3222 5625 quos
3242 5572 3531 5626 possemus
3554 5555 3635 5610 tui
3655 5556 3890 5619 salutem

2345 5649 2542 5703 anima:
2570 5648 2819 5703 videlicet
2838 5654 2893 5701 et
2918 5647 3187 5715 corporis,
3212 5648 3428 5717 plenius
3447 5660 3760 5717 agnoscere,
3778 5653 3829 5701 et
3844 5653 3898 5700 te

2346 5745 2532 5789 mutua
2579 5737 2695 5790 vice
2723 5776 2739 5800 ,
2780 5742 2943 5804 prout
2992 5733 3138 5791 Deus
3191 5735 3567 5802 concederet,‘
3602 5718 3895 5807 apostolicis

2346 5825 2779 5880 institutionibus
2828 5826 3089 5882 excitare.
3123 5824 3489 5895 Omnipotens.
3529 5826 3698 5894 Deus,
3730 5843 3757 5880 a
3793 5836 3899 5896 quo

3680 6202 4023 6321 inhi
