4218 6382
301 445 384 500 497
1375 435 1578 489 unum
1615 433 1681 500 ot
1715 431 1849 485 itm

1965 461 2033 469 Η
2061 430 2274 485 ειιιδτ.
2311 431 2443 485 XIII.

3391 444 3398 450 ‘
3431 431 3534 484 498

300 559 417 614 bona
476 549 681 611 cuneta
749 554 1051 625 procedunt
1076 596 1090 615 ,
1161 552 1372 605 meritis
1424 549 1860 604 boatissimorum
1893 547 1932 602 A
1964 547 2297 613 pensationis
2328 560 2636 600 nccessaria
2664 555 2808 613 sunt,
2841 543 2951 600 Deo
2980 541 3454 614 auctore,cxscqul
3483 550 3534 596 et

296 645 653 718 apostolorum
677 645 827 699 Petri
849 653 901 698 ct
923 643 1077 697 Pauli
1109 654 1180 708 te,
1205 639 1527 696 charissime
1555 638 1647 702 lili,
1671 646 1854 693 custo-

275 742 406 803 .diat,
429 747 491 792 et.
535 755 634 792 sua
681 737 884 790 virtute
904 745 958 790 et
983 736 1179 805 pietate
1210 731 1525 788 corroboret
1553 749 1564 782 :
1589 741 1857 798 quatenus

295 833 360 885 sic
386 831 435 883 in
461 829 588 901 ipso
630 829 950 898 temporalia
993 825 1376 880 administrare
1403 822 1607 884 valeas,
1654 830 1713 874 ut
1737 830 1858 890 post

290 922 442 992 hujus
485 921 611 976 vitae
653 929 857 975 metam
921 917 1110 973 aeterni
1153 914 1305 986 regni
1347 913 1571 985 gloriam
1615 912 1857 966 obtinere

289 1015 562 1069 hiemaris.

355 1103 479 1158 Data
522 1103 711 1158 Roma:
759 1109 954 1156 octavo
1000 1097 1126 1154 ldus
1169 1095 1519 1162 Novembris,
1565 1094 1858 1150 indictione

291 1196 362 1266 pri
373 1212 472 1251 nia.

837 1303 1175 1362 EPISTOLA
1214 1302 1306 1357 XI.

591 1417 662 1456 AD
696 1415 945 1455 ηιῖςοκεδι
983 1411 1208 1452 υιῖδεεὶι
1245 1409 1534 1450 ειηεεοιιωι

641 1502 646 1505 ·
853 1487 1046 1559 (Anno
1082 1484 1237 1538 1077.
1254 1483 1275 1556 )

299 1579 576 1648 Conﬁrmat
610 1573 1220 1648 excommunicationem
1259 1589 1326 1648 ag
1371 1571 1748 1648 depositioneut
1795 1575 1860 1648 ab

357 1639 409 1704 eo
439 1649 638 1716 factam
662 1647 942 1718 cujusdam
963 1643 1171 1718 jurenis
1201 1644 1257 1697 in
1285 1639 1596 1718 Carnotensi
1622 1639 1862 1718 Ecclesia

357 1710 565 1774 tntrnsi.
615 1718 698 1771 Ad
722 1710 944 1788 'quam_
959 1710 1236 1784 regendam
1267 1728 1386 1766 cum
1421 1712 1601 1788 _abbas
1650 1710 1863 1788 Sancta,-

360 1791 662 1860 Eapltemiie
684 1805 722 1860 Va
755 1781 871 1856 rege
898 1781 1239 1860 Francorum
1250 1781 1637 1860 postularetur,
1667 1785 1859 1860 praeci-

352 1854 552 1932 pit'nt,
598 1854 876 1932 rotuntate
928 1857 1161 1932 omnium
1205 1854 1483 1932 diligenter
1535 1854 1857 1932 pergnisita,

355 1924 606 2003 quidquid
660 1945 754 2003 pro
807 1924 1634 2003 ejus‘cunonicmelectione,re!
1677 1934 1859 1979 contra

352 1997 460 2056 eam
489 1997 768 2064 iurauerit,
791 2015 884 2069 per
903 1998 1111 2051 litteras
1139 1997 1240 2050 sibi
1274 1997 1558 2066 significet.

357 2116 660 2172 Caesonius
687 2112 996 2182 episcopus,
1015 2125 1207 2164 servus
1222 2125 1504 2164 servorum
1522 2109 1638 2174 Dei,
1655 2107 1862 2164 llrcoxt

301 2206 467 2261 Diensi
533 2205 795 2276 episcopo
856 2201 1088 2256 salutem
1138 2209 1192 2254 et
1237 2199 1592 2269 apostolicam
1643 2197 1865 2253 benedi-

295 2297 532 2351 ctionem.

361 2389 494 2458 Quid
522 2391 588 2444 de
623 2391 836 2461 negotio
871 2389 888 2434 ἕ
900 2388 1226 2441 ζ..;·ητε1ίιιιςὶε
1249 2382 1504 2438 Ecclesia:
1547 2392 1726 2436 aetum
1760 2381 1827 2434 sit
1849 2424 1864 2442 ,

299 2491 381 2536 tua
412 2482 694 2546 relatione,
718 2494 924 2541 remora
950 2480 1094 2532 Olllltl
1125 2475 1497 2546 ambiguitate,
1533 2473 1672 2527 sicut
1701 2487 1862 2540 opor-

300 2585 486 2642 tuerat,
505 2574 828 2646 cognovisse
853 2573 1135 2627 vellemus.
1161 2569 1412 2623 Pervenit
1436 2566 1583 2621 enim
1605 2565 1676 2619 ad
1705 2580 1865 2620 aures

301 2678 501 2722 nostras
527 2677 580 2722 te
614 2664 1125 2721 exeommuuicasse
1155 2672 1209 2716 et
1245 2657 1740 2730 irrecuperabilitcr
1770 2657 1866 2712 dc-

306 2759 541 2830 posuisse
561 2758 854 2830 quemdam
877 2757 1127 2826 juvenem
1154 2741 1282 2808 illuc
1314 2751 1531 2823 indigne
1560 2750 1865 2821 appositum

300 2867 393 2921 pro
419 2851 672 2922 episcopo
706 2868 720 2904 :
751 2848 897 2919 quod
927 2847 1180 2918 quidem,
1227 2846 1275 2900 si
1299 2845 1374 2900 ita
1401 2851 1506 2910 est,
1541 2842 1699 2897 nobis
1721 2842 1865 2896 mul—

301 2955 408 2997 tum
442 2943 646 3013 placet,
683 2951 738 2998 et
784 2941 1038 3012 praesenti
1084 2939 1406 2995 auctoritate
1453 2939 1860 2993 confirmamus.

301 3033 556 3091 Caeterum
592 3034 920 3090 fraternitati
949 3042 1058 3088 tua:
1087 3041 1276 3087 notum
1313 3045 1435 3085 esse
1457 3030 1710 3084 volumus
1730 3025 1863 3080 Phi-

299 3125 495 3196 lippum
549 3142 732 3197 regem
788 3124 1127 3179 Francorum
1176 3122 1366 3177 iterata
1437 3119 1861 3192 postulationum

245 3252 250 3256 -
301 3218 545 3291 missione
579 3216 646 3271 ad
697 3231 798 3272 nos
823 3214 1090 3271 direxisse
1128 3229 1229 3284 pro
1262 3211 1498 3268 Roberto
1521 3212 1715 3268 abbate
1746 3226 1864 3266 mo—

228 3336 232 3338 -
301 3309 508 3365 nasterii
556 3311 762 3365 Sanctia
806 3307 1122 3379 Euphemizc
1149 3306 1217 3361 dc
1247 3305 1518 3367 Calabria,
1566 3304 1659 3372 qui
1685 3305 1858 3358 ethoc

301 3402 350 3455 in
406 3417 574 3470 anno,
632 3416 758 3458 cum
811 3401 868 3454 in
934 3395 1307 3469 Longobardia
1340 3409 1581 3460 eramus,
1633 3409 1730 3463 per
1759 3409 1861 3448 nos

302 3493 536 3547 transivit
578 3492 634 3546 in
664 3491 952 3546 Franciam
973 3531 990 3556 ,
1043 3498 1103 3544 ut
1123 3503 1250 3544 eum
1283 3487 1349 3541 ad
1392 3486 1633 3557 regimen
1654 3483 1862 3538 Carno-

303 3585 460 3642 tensis
489 3583 717 3641 Eclesire
747 3585 1067 3661 episcopum
1099 3580 1456 3652 probaremus
1481 3587 1536 3633 et
1581 3577 1862 3633 ordinare-

303 3694 438 3734 mus.
472 3677 750 3735 Reversus
778 3686 865 3733 est
892 3677 1058 3732 etiam
1090 3676 1180 3730 ille
1210 3674 1351 3730 idem
1385 3672 1658 3728 Robertns
1695 3670 1864 3726 abbas

302 3769 368 3824 ad
395 3786 507 3836 nos,
537 3769 729 3824 dicens
769 3785 829 3824 se
853 3769 1057 3823 donum
1084 3767 1432 3838 episcopatus
1457 3764 1712 3818 otl‘erentc
1738 3779 1866 3834 rege

301 3861 587 3930 refutasse,
622 3878 726 3918 nec
775 3861 1077 3934 quidquam
1120 3859 1247 3916 inde
1272 3859 1391 3916 sine
1416 3865 1606 3912 nostro
1637 3855 1865 3911 consilio

306 3955 471 4010 facere
516 3953 758 4010 voluisse
804 3953 891 4008 vel
943 3952 1214 4008 facturum
1263 3965 1386 4004 esse
1428 3968 1440 4003 :
1494 3953 1866 4016 veneruntque

303 4036 424 4100 cum
470 4061 537 4102 eo
586 4045 699 4101 duo
748 4044 934 4099 clerici
977 4041 1215 4113 praefato
1262 4038 1520 4095 Ecclesia:
1572 4035 1868 4092 referentes

305 4135 472 4202 nobis,
507 4144 561 4191 et
585 4135 819 4189 multum
849 4132 1208 4198 afﬁrmantes,
1240 4145 1380 4201 pene
1399 4128 1645 4185 omnium
1676 4127 1774 4198 qui
1801 4126 1869 4182 de

304 4225 479 4280 eadem
514 4224 758 4281 Ecclesia
785 4232 914 4280 sunt
957 4222 1229 4293 majorum
1267 4228 1322 4275 et
1357 4218 1642 4274 meliorum
1676 4218 1871 4270 volun-

306 4327 437 4374 tates
461 4319 515 4372 in
543 4315 1075 4383 buuceonvenissc;
1101 4330 1210 4369 non
1240 4323 1423 4368 tamen
1459 4312 1698 4382 aliquam
1718 4309 1784 4364 de
1805 4324 1871 4364 eo

306 4412 608 4467 electionem
655 4409 859 4466 factam
906 4423 1047 4464 esse.
1097 4406 1301 4462 Verum
1345 4405 1508 4476 quia,
1558 4412 1872 4459 sanctorum

309 4502 518 4561 tParum
549 4509 755 4562 Statuta
786 4501 942 4576 sequi
990 4511 1059 4581 et.
1086 4502 1380 4571 observare
1413 4499 1714 4569 cupientes,
1738 4495 1886 4551 nihil

309 4595 374 4650 de
399 4611 462 4652 eo
503 4611 598 4652 aut
624 4607 694 4652 de
726 4593 1068 4667 promotione
1101 4592 1222 4661 ejus
1243 4590 1362 4646 sine
1385 4590 1647 4644 electione
1689 4586 1874 4644 Eccle-

311 4685 403 4762 siae
421 4687 570 4743 nobis
593 4685 934 4757 probandum
954 4678 1084 4739 esse
1107 4680 1494 4752 jndicavimus,
1516 4694 1616 4734 nec
1639 4679 1877 4750 idipsum

311 4777 449 4848 quod
488 4778 577 4834 isti
608 4777 784 4845 nobis
806 4775 874 4833 de
907 4774 1184 4832 voluntate
1218 4770 1525 4829 absentium
1573 4771 1879 4827 referebant

315 4869 442 4925 satis
479 4869 792 4935 constabat,
841 4866 1186 4944 prudentiam
1232 4875 1381 4922 tuam
1409 4863 1766 4920 admonemus
1819 4873 1879 4920 ut

313 4962 586 5018 ecclesiam
618 4963 769 5017 illam
796 4968 892 5016 aut
1049 4969 1122 5024 te,
1156 4967 1251 5013 aut
1284 4971 1380 5028 per
1406 4953 1618 5010 ﬁdelem
1661 4965 1715 5011 et
1745 4971 1875 5027 pro-

314 5046 488 5110 batam
532 5055 626 5110 tibi
659 5068 972 5126 personam,
994 5051 1226 5105 tvisitare
1268 5047 1507 5114 studeas,
1540 5056 1596 5102 et
1627 5047 1878 5101 volunta-

315 5155 419 5201 tem
449 5149 687 5203 omninm
735 5156 849 5200 tam
899 5143 1167 5212 majorum
1205 5157 1368 5213 quam
1406 5140 1678 5195 minorum
1714 5153 1878 5209 super

316 5235 415 5291 hac
471 5253 528 5292 re
567 5234 811 5306 diligenti
857 5232 1214 5308 inquisitione
1245 5246 1562 5302 cognoscas.
1611 5229 1764 5297 Quod
1829 5228 1876 5284 si

317 5341 527 5383 causam
559 5343 627 5384 ex
677 5325 827 5383 omni
859 5335 1014 5398 parte
1046 5325 1228 5379 divina
1285 5322 1632 5378 miseratione
1673 5332 1727 5375 et
1759 5321 1874 5376 dis-

308 5418 619 5490 pensatione
641 5418 716 5474 ita
743 5426 998 5487 coaptare
1021 5430 1180 5486 posse
1209 5413 1443 5477 videris,
1472 5421 1532 5466 ut
1566 5413 1780 5467 illorum
1821 5411 1875 5466 in

310 5513 474 5577 hunc,
493 5527 651 5584 quem
679 5515 845 5582 supra
865 5509 1124 5575 diximus,
1152 5509 1400 5564 abbatem
1416 5506 1665 5561 voluntas
1686 5505 1876 5570 libera,

311 5604 670 5662 consideratio
689 5602 948 5676 prudens,
973 5603 1166 5660 electio
1182 5600 1465 5664 canonica,
1483 5609 1538 5655 et
1561 5607 1876 5655 sanctorum

312 5695 526 5752 Patrum
557 5697 762 5770 regulis
794 5710 1099 5751 consonans
1131 5695 1499 5766 dignosratnr,
1536 5706 1698 5762 quam
1731 5688 1879 5742 citis-

315 5787 444 5842 sime
491 5789 651 5843 nobis
678 5795 825 5842 certa
871 5785 1173 5841 litterarum
1220 5795 1437 5839 tuarum
1486 5777 1880 5852 significatione

317 5876 549 5935 indicare
593 5892 852 5947 procures
881 5894 892 5929 :
932 5885 990 5932 ut
1024 5892 1145 5948 quae
1178 5875 1244 5930 ad
1285 5872 1537 5930 effectum
1583 5869 1747 5940 hujus
1769 5867 1880 5924 dis-

1965 639 2183 704 implcrc
2202 639 2496 708 possimus.
2530 636 2622 691 Sin
2642 648 2820 692 autem
2838 638 2992 692 aliter
3021 635 3223 704 aliquid
3241 634 3534 697 inveneris,

1959 739 2101 800 quod
2142 742 2193 783 et
2236 745 2399 784 causa
2444 730 2620 798 potior
2656 739 2709 782 et
2765 728 2903 782 ratio
2936 727 3269 798 probabilior
3303 726 3534 780 admini—

1959 823 2314 882 stie,t,it‘.-.I.;m
2343 821 2498 875 nobis
2536 821 2812 892 .mtit‘scarc
2845 836 2949 874 non
2979 819 3195 873 dinei-as
3222 835 3234 870 :
3268 825 3536 887 quatenus

1959 914 2013 966 in
2041 929 2150 983 quo
2180 921 2424 984 oporteat
2459 912 2615 965 nobis
2648 921 2700 967 et
2726 911 2968 966 ecclesiae
3009 908 3312 980 providere,
3347 923 3410 962 ac
3446 924 3536 961 sa-

1883 1054 1887 1058 .
1960 1007 2211 1072 lnbriter,
2243 1006 2353 1061 Deo
2388 1005 2693 1075 adjuvante,
2718 1004 2861 1073 quod
2890 1003 3057 1058 ofﬁcii
3105 1002 3275 1057 nostri
3298 1009 3381 1056 est
3428 1000 3530 1054 im-

1961 1101 2194 1169 pendere
2223 1100 2502 1151 valeamus
2531 1095 2758 1167 [Datum
2793 1094 2978 1148 Roma:
3016 1095 3201 1149 indict.
3241 1091 3313 1168 t].

2491 1183 2828 1240 EPISTOLA
2873 1182 2986 1237 XII.

2247 1297 2310 1334 AD
2352 1294 2656 1334 )lICﬂAELESI
2694 1292 2868 1332 ιιεϐεδι
2906 1289 3234 1331 εςιλγοιιωι.

2528 1369 2718 1438 (Anno
2761 1366 2917 1420 1077.
2947 1365 2964 1434 )

1966 1463 2032 1518 ιί
2060 1463 2196 1517 alios
2222 1460 2433 1514 nuntios
2466 1459 2665 1523 mittat,
2689 1473 2780 1526 per
2799 1472 2950 1526 quos,
2984 1471 3144 1526 causa
3180 1455 3317 1508 inter
3340 1451 3536 1524 Spata-

2030 1544 2212 1585 tanum
2241 1541 2290 1585 et
2323 1529 2661 1600 Rogusannm
2691 1525 2958 1600 episcopos
2994 1525 3276 1595 diligenter
3299 1526 3536 1596 cognita,

2026 1604 2139 1673 ejus
2171 1602 2366 1673 petioni
2389 1597 2693 1668 satisfacere
2717 1597 2899 1668 possit.

2051 1697 2361 1754 GREGORICS
2423 1694 2744 1765 episcopus,
2806 1708 2998 1747 servus
3050 1704 3332 1745 servorum
3404 1684 3534 1751 Dei,

1962 1789 2223 1845 Itlrcussu
2287 1786 2602 1842 Sclavornm
2654 1784 2767 1855 regi
2820 1785 3049 1840 salutem
3091 1791 3146 1836 et
3187 1778 3536 1852 apostolicam

1895 1904 1935 1958 Β
1959 1880 2407 1937 benedictionem.

2034 1972 2340 2042 Cognoscat
2392 1967 2586 2022 debitae
2637 1975 2744 2019 tua:
2804 1963 3109 2042 devotionis
3154 1963 3301 2018 circa
3358 1963 3539 2018 sedem

1964 2040 2317 2131 apostolicam
2363 2056 2699 2121 reverentia,
2753 2052 2971 2107 Petrum
3024 2040 3164 2122 apud
3198 2068 3292 2106 vos
3336 2052 3538 2106 dictqu

1967 2163 2212 2211 nostrum
2244 2154 2481 2223 legatum
2526 2150 2706 2205 adhuc
2739 2148 2806 2204 ad
2835 2158 3076 2203 nostram
3117 2162 3225 2201 non
3255 2147 3541 2200 advenisse

1966 2246 2344 2319 praesentiam,
2377 2259 2506 2300 suas
2559 2251 2740 2296 tamen
2779 2241 2996 2296 misisse
3037 2241 3276 2302 litteras,
3310 2254 3431 2306 qum
3469 2241 3537 2291 in

1963 2338 2158 2391 vestris
2183 2336 2527 2390 dissonantes
2561 2331 2820 2396 existunt,
2849 2329 2994 2399 quod
3024 2339 3261 2384 vestram
3294 2343 3538 2392 causam,

1965 2443 2061 2482 Sen
2095 2426 2396 2493 Itagnsana:
2424 2421 2699 2485 Ecclesia},
2747 2420 2962 2489 penitus
2993 2419 3149 2473 linire
3173 2418 3539 2488 nequivimus.

1964 2518 2301 2586 Quapropter
2330 2512 2548 2567 Petrum
2595 2510 3009 2564 Antibarcnsem
3035 2510 3350 2579 episcopum
3381 2520 3544 2579 atque

1965 2605 2348 2676 Ilagnsanum,
2409 2601 2523 2657 sive
2577 2601 2712 2656 alios
2760 2599 2984 2654 idoneos
3038 2599 3291 2666 nuntios,
3323 2599 3390 2653 ad
3441 2616 3544 2654 nos

1965 2697 2176 2753 mittere
2201 2703 2466 2766 opportet,
2511 2709 2608 2764 per
2633 2707 2774 2764 quos
2809 2691 2875 2747 de
2905 2691 2998 2746 Iitc
3027 2691 3317 2760 quae-inter
3351 2689 3543 2760 Spala-

1963 2801 2152 2846 tanum
2183 2786 2654 2857 archiepiscopum
2688 2800 2752 2840 ac
2774 2782 3126 2854 Ragusanum
3163 2782 3539 2856 [Ragusinum

1963 2895 2011 2937 et
2047 2885 2127 2937 sic
2154 2879 2423 2951 semper],
2460 2879 2671 2947 justitia
2699 2876 2871 2947 possit
2911 2875 3151 2944 inquiri,
3183 2889 3247 2928 ac
3280 2873 3544 2928 canonice

1961 2974 2185 3031 difﬁniri
2202 3016 2217 3038 ,
2256 2972 2442 3041 tuique
2468 2971 2619 3041 regni
2645 2971 2821 3023 honor
2843 2983 2876 3022 a
2907 2968 3063 3022 nobis
3086 2966 3361 3037 cognosci.
3388 2964 3544 3019 Tdnc

1961 3080 2111 3130 vero,
2160 3061 2490 3133 recognita,
2540 3069 2646 3113 tuae
2678 3055 2926 3128 petitioni
2981 3055 3130 3126 justo
3189 3053 3542 3118 satisfacere,

1963 3156 2261 3214 secundum
2309 3151 2452 3225 quod
2483 3151 2767 3222 cupimus,
2815 3148 3139 3214 valebimus,
3187 3161 3252 3202 ac
3287 3146 3341 3200 in
3397 3144 3544 3198 dono

1889 3259 1930 3316 ε
1963 3239 2173 3311 vexilli,
2209 3254 2264 3300 et
2294 3245 2350 3299 in
2379 3241 2734 3301 concessione
2759 3239 2944 3311 pallii,
2973 3237 3131 3309 quasi
3153 3235 3540 3293 cbarissimum

1966 3335 2106 3390 beati
2137 3333 2282 3388 Petri
2314 3333 2506 3396 tilium,
2543 3331 2780 3384 dictante
2809 3328 3135 3383 rectitudine
3165 3326 3470 3380 audiemus.

2040 3424 2170 3479 Data
2190 3423 2376 3478 Romae
2390 3422 2583 3492 quinto
2607 3418 3009 3487 IdnsJanuarii,
3034 3418 3328 3474 indictione
3343 3418 3538 3488 prima.

2491 3530 2846 3603 mamma
2869 3520 3008 3587 xm.

2001 3649 2068 3690 AD
2109 3645 2413 3688 GCIBERTCN
2452 3642 2806 3684 ΒΔὙΕΝΝΛΊἙΗ
2843 3638 3326 3691 ARCHIEPISCOPUI,
3366 3637 3491 3679 ETC.

2537 3720 2737 3795 (Anno
2774 3718 2930 3774 1077.
2952 3724 2972 3790 )

1971 3819 2341 3872 Temeritatem
2387 3831 2568 3870 eorum
2607 3815 2662 3867 in
2709 3811 3027 3881 offendendo
3075 3819 3260 3865 sancta
3293 3808 3550 3881 Romam;

2040 3887 2280 3941 Ecclesia
2315 3887 2586 3948 incusans,
2631 3878 2797 3936 saluti
2833 3883 3068 3951 ipsorum
3117 3878 3393 3935 consulens
3417 3921 3433 3945 ,
3476 3879 3546 3933 ad

2038 3957 2296 4030 synodum
2333 3971 2418 4030 eos
2451 3962 2631 4030 rocat,
2674 3954 2983 4023 promittens
3013 3966 3100 4005 eos
3145 3968 3354 4006 securos
3395 3951 3507 4023 fore
3531 3989 3548 4016 ,

2039 4025 2194 4100 seque
2216 4027 2452 4097 justitia:
2486 4025 2714 4095 rigorem
2741 4031 3173 4094 temperaturum.

2043 4119 2353 4175 GREGORIL’S
2419 4116 2741 4187 episcopus,
2807 4129 3000 4169 servus
3074 4123 3357 4167 servorum
3411 4106 3544 4168 Dei,

1970 4209 2250 4265 Gurnsn'ro
2313 4205 2615 4261 Ravennati
2681 4202 3121 4272 archiepiscopo,
3183 4197 3567 4267 omnibusque.

1971 4297 2336 4369 suffraganeis
2360 4297 2480 4366 ejus
2503 4303 2557 4350 et
2582 4293 2854 4349 universis
2883 4290 3156 4362 episcopis
3184 4299 3239 4345 et
3259 4289 3552 4344 abbatibus

1972 4394 2028 4448 in
2055 4391 2302 4447 marchia
2320 4389 2578 4444 Firmana
2592 4395 2647 4442 ct
2679 4384 2991 4451 Camerina,
3017 4392 3072 4439 et
3098 4383 3154 4438 in
3187 4381 3470 4453 Pentapoli
3497 4393 3556 4437 et

1975 4483 2210 4542 [Emiliaa
2232 4490 2287 4537 ct
2304 4478 2699 4551 Lougobardize
2722 4475 2968 4548 partibus
3002 4473 3332 4530 constitutis.
3435 4479 3440 4485 ‘

1907 4613 1950 4670 υ
1975 4523 1993 4542 ⁸
2047 4577 2288 4633 Salutem
2309 4523 2466 4631 vobis
2498 4523 2950 4670 cum’aplostolica
2977 4566 3353 4622 benedictione
3380 4523 3557 4620 liben-

1977 4680 2061 4726 ter
2090 4668 2432 4724 mitteremus
2451 4706 2467 4730 ,
2534 4663 2582 4718 si
2613 4652 2829 4745 ’vestrae
2894 4657 3184 4714 temeritati
3238 4665 3552 4712 sanctorum

1980 4762 2204 4819 Patrum
2245 4757 2544 4815 auctoritas
2593 4768 2702 4810 non
2733 4751 3051 4808 obstitisset.
3093 4750 3268 4818 Quam
3318 4746 3558 4818 graviter

1980 4855 2126 4911 enim
2163 4852 2307 4906 ultra
2332 4862 2498 4919 quam
2533 4845 2878 4902 Christianos
2908 4849 3182 4915 oporteret
3205 4841 3420 4895 beatum
3452 4837 3559 4895 Pc-

1981 4955 2126 5000 trum
2156 4940 2463 5013 apostolum
2493 4938 2723 5008 ejusque
2766 4943 3007 4991 sanctam
3041 4930 3340 4985 Romanam
3365 4927 3557 5007 Eccle-

1981 5037 2189 5104 siam,,
2221 5042 2460 5090 vestram
2496 5030 2686 5098 utique
2730 5023 2977 5080 omnium
3028 5020 3268 5075 ﬁdelium
3302 5027 3553 5084 matrem,

1982 5129 2252 5201 ol‘l'ensam
2303 5135 2465 5194 atque
2523 5127 2853 5176 commotam
2882 5113 3228 5182 reddidistis,
3277 5112 3420 5168 Deus
3471 5119 3558 5166 est

1982 5223 2157 5288 testis,
2219 5227 2640 5284 sanctorumque
2695 5209 2922 5265 Patrum
2970 5208 3189 5280 regula,
3268 5211 3556 5271 vestraque

1981 5311 2334 5371 conscientia.
2379 5308 2506 5375 Sed,
2541 5307 2800 5379 quoniam
2849 5306 3146 5360 humanum
3195 5306 3280 5354 est
3304 5311 3554 5366 peccare,
3628 5362 3632 5367 η

1982 5406 2188 5477 Deique
2207 5399 2558 5476 peccantibus
2591 5398 2870 5455 conversis
2895 5391 3109 5465 veniam
3138 5389 3410 5456 tribucre;
3439 5387 3555 5458 ipsa

1978 5517 2101 5572 qua:
2125 5499 2368 5570 ejusdem
2414 5493 2510 5550 Dei
2557 5501 2613 5548 et
2668 5488 2885 5544 Domini
2918 5487 3184 5557 sanguine
3214 5482 3437 5539 fundata
3472 5489 3558 5534 est
3595 5525 3598 5527 .

1977 5593 2220 5650 Ecclesia
2268 5589 2335 5644 ad
2381 5584 2647 5657 gremium
2705 5595 2865 5636 suum
2930 5575 3107 5634 redire
3148 5591 3248 5632 vos
3289 5574 3464 5628 adhuc
3496 5578 3556 5624 ut

1981 5695 2154 5742 mater
2204 5688 2522 5750 evspectat:
2576 5689 2920 5745 nequaquam
2948 5727 2954 5732 _
2981 5673 3037 5751 in
3089 5680 3266 5726 vestra
3315 5663 3554 5735 grassari

1980 5776 2251 5833 desiderat
2293 5787 2443 5837 nere,
2495 5770 2607 5824 imo
2638 5775 2836 5842 vestrm
2880 5765 3032 5836 cupit
3054 5761 3211 5818 saluti
3244 5768 3549 5811 occurrere.

1985 5870 2324 5938 Quapropter
2379 5863 2510 5919 moti
2560 5873 2668 5918 tam
2703 5870 2886 5915 vestra
2939 5869 3102 5927 quam
3150 5851 3327 5908 omnis
3375 5846 3554 5918 gregis
