4218 6448
324 4372 341 4479 ἓ

783 564 887 616 Mli)
1420 547 1476 599 5.
1516 537 1844 598 οιιιεοοιὶιι
1887 534 1974 588 γη
2010 529 2213 586 PAR-’15
2252 522 2535 582 ορειιωι
2566 517 2747 575 PARS
2781 514 2823 570 Ι.
2866 545 2934 556 -—
2974 505 3390 567 llEGISTllUM,
3932 489 4033 544 500

780 670 982 726 (.lhristi
1021 680 1177 722 IlODtS
1203 660 1482 720 commissi
1517 657 1714 717 salute,
1739 668 1807 709 ex
1848 641 2236 717 omnipotentis
2260 639 2355 695 Dei
2386 643 2432 697 Α
2457 651 2570 691 non
2596 634 2949 702 denegamus.
3009 624 3218 680 Interea
3270 616 3571 690 apostolica
3616 604 4036 669 mansuetudine

779 770 933 833 parte
954 768 1008 813 et
1032 756 1291 811 Romana:
1317 748 1570 804 Ecclesiae
1586 786 1598 810 ,
1625 740 1948 797 universalis
1969 735 2219 791 videlicet
2241 747 2356 785 ma-

783 855 903 917 tris,
934 849 1230 920 apostolica
1267 841 1589 899 auctoritate
1639 849 1923 891 monemus
1965 840 2018 885 et
2066 828 2362 882 invitamus

781 961 880 999 vos
912 952 971 997 ut
995 941 1061 995 ad
1088 938 1375 1009 synodum,
1403 947 1588 1003 quant,
1620 929 1727 982 Deo
1758 934 2000 987 auctore,
2026 922 2079 974 in
2117 918 2362 988 prox-ima

783 1046 1026 1089 ventura:
1061 1025 1499 1096 Quadragcsima:
1530 1020 1703 1091 prima
1736 1011 2075 1071 hebdomada
2118 1009 2361 1063 Celebra-

786 1123 894 1180 turi
932 1135 1142 1181 smnus,
1178 1112 1511 1171 conveniatis
1540 1130 1552 1163 ε
1602 1109 1835 1164 scientes
1861 1120 1957 1159 vos
1984 1099 2207 1158 securos
2249 1097 2365 1152 fore

790 1215 860 1269 ab
903 1211 1052 1264 omni
1089 1206 1308 1262 laesione
1354 1204 1478 1256 vita:
1508 1210 1562 1254 et
1611 1196 2023 1257 membrorum,
2074 1201 2367 1256 rerumque

789 1313 1129 1364 vrstrarum,
1191 1306 1244 1357 et
1288 1296 1356 1349 ab
1416 1291 1562 1346 omni
1595 1284 1842 1343 sa-culari
1894 1279 2122 1351 injuria,
2177 1289 2369 1331 eorum

791 1393 999 1448 scilicet
1034 1403 1172 1458 quos
1199 1385 1570 1452 constringere
1616 1377 1939 1447 poterimus;
1972 1370 2169 1425 Sciatis
2205 1366 2371 1421 etiam

792 1482 938 1552 «ιυικι
983 1478 1125 1549 apud
1171 1493 1275 1532 nos
1318 1474 1522 1529 nullius
1568 1484 1806 1540 unquam
1834 1467 2026 1522 odium
2052 1470 2145 1518 aut
2186 1446 2385 1530 preces.

796 1589 894 1627 seu
949 1570 1122 1638 turpis
1172 1564 1433 1637 jactantia
1474 1563 1654 1617 locum
1718 1559 1963 1613 obtinere
2015 1551 2233 1624 poterit,
2266 1563 2377 1620 quo

795 1671 983 1717 contra
1039 1673 1131 1712 vos
1185 1658 1239 1710 in
1290 1656 1474 1723 aliquo
1517 1650 1840 1721 injustitiam
1881 1658 2133 1701 exercere
2173 1640 2374 1713 possit;

798 1752 911 1806 imo
940 1750 1170 1819 rigorem
1193 1745 1421 1816 justiti-.c
1453 1743 1636 1814 (prout
1659 1737 1957 1811 possimus)
1991 1743 2378 1805 temperantes,

798 1842 1086 1909 indulgere
1109 1836 1264 1892 vobis
1289 1845 1552 1905 quantum
1581 1833 1698 1888 sine
1723 1830 2049 1885 detrimento
2074 1826 2381 1881 animarmn

799 1938 1108 1983 vestrarum
1131 1935 1185 1979 et
1207 1934 1391 1978 nostro
1407 1921 1647 1993 periculo
1662 1920 1961 1989 poterimus
1984 1913 2159 1988 parati
2170 1927 2380 1969 sumus.

2463 736 2577 782 tam
2629 738 2729 778 vos
2769 734 2936 790 quam
2988 724 3222 772 caeteros
3275 711 3587 778 ubicunque
3633 698 4039 776 possessionem

2463 817 2626 875 habet
2655 824 2964 877 monemus,
2995 815 3051 862 et
3078 803 3405 861 auctoritate
3433 797 3778 870 praecipiunts
3818 801 3879 845 ut
3916 802 4036 844 om-

2465 922 2588 961 nem
2626 905 2892 960 honorem
2923 910 3253 967 omncmque
3280 888 3640 948 reverentiam
3667 882 3769 941 sibi
3786 880 4040 937 exhibere

2467 1014 2574 1052 non
2605 993 2903 1064 denegetis,
2942 1006 3007 1046 ac
3033 1003 3158 1043 cum
3191 1002 3315 1041 cum
3351 980 3611 1039 omnibus
3639 991 3761 1047 qua:
3788 988 3888 1029 sua
3916 979 4041 1026 sunt

2469 1098 2581 1145 tute
2607 1096 2662 1142 et
2688 1085 2809 1142 sine
2839 1082 2989 1139 omni
3016 1079 3266 1136 molestia
3296 1092 3392 1132 seu
3422 1069 3796 1144 inquietudine
3825 1078 4043 1121 manere

2467 1177 2795 1250 permittatis
2827 1194 2839 1229 :
2870 1174 3106 1229 scientes
3143 1169 3295 1241 quod
3323 1168 3371 1222 si
3402 1166 3558 1220 aliter
3601 1154 4042 1235 feceritis-(quod

2472 1287 2581 1327 non
2609 1268 2919 1337 credimus)
2966 1280 3030 1320 ac
3056 1264 3107 1318 ei
3136 1264 3400 1317 honorem
3421 1255 3897 1327 reverentiamque
3921 1247 4046 1304 sub-

2474 1360 2774 1425 traxeritis,
2799 1368 2854 1414 et
2895 1371 3023 1412 eum
3049 1364 3104 1409 ct
3127 1368 3251 1424 quae
3285 1364 3385 1407 sua
3409 1355 3538 1404 sunt
3567 1347 3749 1417 quiete
3769 1353 3823 1398 et
3860 1357 4049 1398 secure
4096 1402 4099 1405 _

2476 1470 2697 1510 manere
2750 1450 2975 1506 minime
3029 1438 3423 1516 permiseritis,
3472 1441 3545 1494 ita
3607 1439 3663 1492 in
3702 1451 3803 1491 vos
3830 1436 3972 1489 sicut
3998 1434 4049 1488 in

2475 1548 2667 1604 hostes
2699 1540 2924 1598 nostros
2947 1547 3002 1594 et
3030 1534 3343 1608 apostolicae
3369 1530 3514 1587 sedis
3555 1526 3898 1583 adversarios
3935 1527 4053 1579 vin-

2478 1639 2679 1694 dictam
2703 1642 2758 1689 et
2775 1630 3090 1703 apostolicae
3108 1624 3335 1681 ultionis
3365 1621 3603 1694 gladium
3624 1633 3929 1673 exoremus.
3945 1614 4055 1672 Nos

2480 1744 2609 1785 vero
2631 1742 2756 1781 cum
2784 1722 3041 1795 praedicto
3067 1720 3187 1773 viro
3211 1715 3505 1789 ,Sanzone,
3545 1710 3658 1765 Deo
3680 1709 3926 1779 iuvante,
3953 1708 4058 1763 tale

2484 1820 2778 1877 consilium
2806 1812 3239 1875 adinveniemus,
3276 1807 3423 1877 quod
3452 1805 3631 1859 honor
3655 1808 3855 1855 vestrae
3878 1799 4059 1854 Eccle-

2487 1913 2581 1969 sia:
2600 1919 2655 1966 et
2675 1909 2888 1964 utilitas
2911 1905 2966 1960 in
2983 1901 3241 1958 omnibus
3259 1897 3454 1953 melius
3481 1908 3646 1963 quam
3667 1890 3829 1947 solito
3845 1889 4057 1960 vigebit.

804 2018 1189 2075 Desideramus
1224 2014 1371 2076 enim
1419 2013 1621 2083 potius,
1660 2008 1772 2062 Deo
1798 2016 1955 2070 teste,
1984 1976 2180 2060 vestrae.
2225 1999 2386 2055 saluti
2421 1983 2462 2038 Β
2560 2002 2694 2056 Data
2728 1999 2916 2054 Roma)
2967 1994 3163 2066 quinto
3200 1987 3304 2063 [tv]
3333 1984 3603 2045 Kalendas
3649 1981 3949 2047 Februarii,
3982 1976 4036 2035 in

805 2121 860 2164 et
895 2109 1077 2180 populi
1124 2108 1278 2160 vobis
1301 2104 1493 2160 crediti
1525 2101 1828 2164 consulere,
1875 2111 2041 2169 quam
2065 2101 2254 2149 nostro
2285 2105 2395 2162 εωτ

807 2201 981 2257 culari
1017 2197 1304 2254 commodo
1331 2195 1384 2248 in
1420 2194 1605 2263 aliquo
1639 2190 1942 2262 providere.

882 2289 1014 2343 Data
1046 2272 1446 2356 Romterqninto
1473 2282 1743 2349 Kalendas
1767 2277 2072 2342 Februarii,
2096 2272 2394 2328 indictione

816 2395 1011 2451 prima.

1349 2484 1689 2543 EPISTOLA
1724 2481 1864 2537 XIV.

1338 2598 1405 2638 ΔΙ)
1444 2592 1885 2635 Αυιιειιλκιξκεεδ.

1392 2673 1587 2742 (Anno
1628 2669 1783 2723 l077.
1807 2667 1824 2737 )

822 2770 890 2828 Ct
938 2768 1195 2833 Sanzoni,
1224 2765 1335 2836 qui,
1368 2762 1658 2833 confutatis
1690 2750 2162 2836 ontnibusﬁilfinab
2191 2750 2400 2836 (catulis

890 2821 1106 2909 olijcctis
1155 2821 1673 2909 crintinibus'coratn
1720 2824 2280 2909 episcopisldelegatis,
2320 2821 2404 2873 di-

891 2892 1051 2981 gn'nm
1089 2903 1538 2981 seAureIianensi
1567 2892 1906 2981 episcopatu,
1925 2895 1997 2947 ad
2019 2892 2171 2964 quein
2212 2892 2406 2945 electus

892 2968 1087 3051 fuerat,
1122 2975 1521 3051 demonstravit,
1550 2968 2038 3051 ontnent’honorem
2065 2978 2126 3015 ac
2172 2975 2408 3042 reveren-

893 3031 1025 3102 iinm
1075 3031 1376 3110 inhibeant,
1435 3031 1600 3097 donec
1654 3035 2001 3108 dif/initivam
2070 3031 2406 3095 sententiam,

895 3120 1070 3173 adimo
1097 3131 1424 3186 suspensam,
1449 3112 1699 3166 declaret.

898 3230 1209 3286 CilEGOlllUS
1238 3227 1548 3296 episcopus,
1582 3237 1773 3278 servus
1804 3230 2088 3275 servorum
2122 3212 2240 3277 Dei,
2266 3210 2415 3265 clero
2505 3210 2522 3273 j

831 3330 884 3374 et
922 3318 1122 3388 populo
1172 3313 1582 3385 Aurelianensis
1617 3308 1871 3370 Ecclesia:
1907 3305 2140 3361 salutem
2183 3308 2238 3356 et
2284 3314 2417 3371 apo—

831 3411 1079 3467 stolicam
1104 3405 1555 3463 benedictionem.
1941 3465 1948 3472 _
2264 3456 2271 3461 _

890 3501 1136 3555 Litteras
1177 3514 1207 3551 a
1249 3496 1403 3549 vobis
1449 3493 1657 3548 delatas
1696 3482 2056 3559 apostolicam
2098 3481 2287 3538 sedem
2327 3493 2420 3534 ac-

835 3590 1047 3660 cepisse
1080 3603 1189 3643 non
1243 3586 1495 3655 ignorare
1539 3598 1637 3637 vos
1661 3572 2200 3645 credimus,quibus
2226 3569 2420 3625 electio

836 3680 1163 3752 episcopalis
1189 3677 1329 3732 facta
1355 3678 1409 3730 in
1448 3675 1696 3730 Sanzone
1723 3668 1980 3725 Ecclesiae
2005 3672 2197 3721 vestra:
2219 3661 2421 3718 clerico

839 3750 1192 3827 intimabatnr
1219 3786 1230 3819 :
1260 3765 1458 3835 quibus
1492 3760 1753 3832 quoniam
1780 3758 2125 3811 honestatem
2144 3752 2265 3821 ejus
2281 3750 2424 3820 jam-

837 3864 1046 3936 pridem
1075 3859 1418 3931 agnovimus,
1456 3856 1613 3915 tidetn
1654 3848 2067 3907 accommodare
2109 3858 2424 3900 assensum-

839 3934 947 4026 que
998 3952 1238 4023 praebere
1282 3947 1456 4019 parati
1502 3960 1715 4002 sumus.
1893 3952 2131 4011 quonam
2163 3934 2424 3990 instinctu

842 4022 1026 4117 quove,
1043 4051 1166 4097 actu
1190 4039 1467 4095 nescimus
1493 4034 1786 4103 inopinata:
1808 4031 2001 4084 litterze
2024 4022 2159 4081 nihil
2181 4024 2425 4095 priorum

852 4136 1049 4191 sensus
1074 4130 1359 4193 habentes,
1391 4128 1502 4183 imo
1559 4122 1835 4199 contraria
1870 4118 2187 4181 sentientes,
2235 4114 2302 4170 ad
2328 4128 2427 4167 no-

843 4237 1015 4282 stram
1038 4220 1386 4293 prmsentiam
1411 4216 1601 4273 delata:
1647 4222 1793 4279 sunt,
1810 4221 2054 4267 nostram
2089 4204 2430 4263 dillinitivam

846 4312 1210 4377 sententiam,
1256 4324 1326 4364 ne
1376 4307 1554 4363 facere
1605 4303 1810 4373 aliquid
1862 4316 2026 4371 super
2057 4300 2162 4354 hoc
2211 4294 2429 4366 negotio

849 4404 1246 4479 praecipitanter
1277 4408 1331 4454 et
1368 4397 1677 4451 inordinate
1706 4394 2042 4456 videremur,
2070 4382 2431 4458 quoadusque

850 4476 1011 4555 nobis
1036 4505 1130 4560 aut
1159 4493 1412 4550 nuntium
1441 4505 1537 4545 seu
1574 4487 1783 4541 litteras
1815 4492 2025 4538 vestras
2060 4476 2311 4542 mittatis,
2334 4489 2432 4545 per

849 4602 988 4657 quas
1013 4584 1197 4641 omnia
1238 4580 1483 4651 ejusdem
1512 4576 1715 4647 negotii
1739 4582 1859 4629 acta
1903 4572 2116 4643 plenius
2138 4581 2434 4638 cognosca-

2489 2095 2727 2157 dictione
2762 2090 2959 2164 prima.
3024 2110 3035 2129 ι

3030 2193 3371 2253 EPISTOLA
3406 2190 3524 2249 XV.

3078 2305 3147 2344 AD
3184 2298 3477 2342 GERIA‘NOS.

3075 2378 3267 2448 (Anno
3306 2374 3461 2428 ωτι.
3484 2372 3504 2441 )

2499 2480 2721 2551 Legatos
2738 2473 3063 2551 apostolicos
3081 2472 3138 2551 in
3157 2467 3357 2551 synod‘o
3372 2464 3610 2551 liomana
3626 2477 3721 2538 pro
3743 2457 4072 2542 concilianda
4140 2497 4153 2517 ,

2568 2530 2713 2621 βλέὲῖ
2729 2530 2796 2621 in.
2814 2562 2968 2621 regno
3001 2530 3284 2621 Teutonico
3308 2537 3470 2621 fuisse
3488 2530 3799 2621 designatos
3824 2530 3931 2595 ait,

2572 2607 2900 2691 impertireei
2948 2614 3065 2683 quis
3112 2614 3424 2691 prwsnntat,
3470 2620 3589 2691 enim
3639 2607 4068 2691 “comminuunt.

2574 2670 2930 2744 pereuntium
2961 2670 3294 2752 'portitorent
3360 2673 3577 2752 hac_de
3603 2688 3786 2752 cause
3821 2670 4075 2752 .directtun

2576 2738 2758 2829 fuisse,
2790 2763 2847 2809 ut
2891 2738 3011 2806 cunt
3036 2746 3428 2818 archiepiswpo
3463 2740 3758 2829 Trevir-ensi
3799 2739 3862 2801 de
3896 2738 4004 2829 foco
4028 2744 4075 2791 et

2577 2806 3109 2910 iempo'teﬁconventas
3138 2806 3374 2887 statuat,
3391 2829 3492 2886 quo
3519 2811 3679 2886 legati
3708 2806 3981 2880 apostolici
4000 2822 4075 2861 se-

2578 2891 2757 2952 curius
2781 2896 2858 2948 ire
2888 2891 3111 2962 possint.

2579 2995 2890 3051 Gacconws
2925 2990 3238 3062 cpiscopus,
3275 3001 3468 3045 servus
3519 2995 3805 3038 servorum
3852 2977 3964 3043 Dei,
3989 2990 4077 3042 ar;

2511 3085 2898 3158 chiepiscopis,
2927 3081 3222 3154 episcopis,
3267 3076 3483 3133 clericis
3503 3116 3518 3141 ,
3547 3071 3803 3137 ducibus,
3836 3067 4078 3139 principe

2514 3182 2652 3246 bus,
2718 3173 3171 3237 marchionihus,
3246 3168 3616 3237 omnibusque
3676 3161 3974 3232 majoribus
4030 3167 4081 3212 et

2519 3264 2825 3328 minoribus
2852 3268 2908 3323 in
2937 3262 3239 3322 Teutonico
3277 3273 3446 3331 regno
3471 3255 3817 3321 constitutis,
3858 3249 4080 3323 exceptis

2519 3365 2606 3421 his
2630 3362 2726 3434 qui
2755 3356 3022 3417 canonica
3046 3348 3615 3411 excommunicatione
3655 3352 3923 3409 tenentur,
3946 3342 4081 3396 salu-

2519 3432 2721 3533 tem—et
2771 3447 3131 3521 apostolicam
3176 3442 3613 3507 benedictionem
3650 3435 3735 3511 [Si
3770 3434 3994 3492 decretis
4018 3432 4077 3493 it.

2521 3546 2584 3601 Ε.
2613 3538 2969 3613 οὓθίἲίρτίιιι].,
3028 3574 3029 3577 η

2588 3634 2789 3691 Notum
2818 3632 2976 3686 vobis
3011 3629 3142 3714 tigri
3184 3627 3440 3682 volumus
3461 3664 3476 3688 ,
3513 3621 3712 3676 ltatres
3732 3654 3736 3658 Α
3760 3615 4083 3679 charissimi,

2522 3729 2671 3803 quod
2698 3728 2765 3801 iq
2777 3741 2841 3781 ea
2871 3702 3080 3796 synodo
3100 3734 3263 3799 quam
3287 3730 3461 3788 nuper
3479 3714 3666 3769 Romae
3686 3702 4086 3771 celebravimus,

2524 3796 2666 3877 inter
2722 3796 2893 3875 multa
2938 3814 3042 3873 alia
3067 3796 3191 3886 qua:
3218 3811 3285 3866 de
3326 3814 3473 3865 statu
3519 3811 3724 3860 sanctas
3773 3796 4088 3875 [Romanae]

2524 3913 2787 3976 ecclesia,
2817 3909 2927 3963 Deo
2982 3911 3333 3975 cooperante,
3378 3897 3711 3973 peregimus,
3764 3893 3831 3947 de
3862 3891 4013 3954 ruina
4039 3895 4091 3945 et

2526 4003 2852 4062 confusione
2912 3968 3243 4054 nobilissimi
3273 3968 3427 4064 regni
3460 3987 3632 4043 vestri
3678 3984 3957 4055 diligenter
3981 3968 4090 4034 tra-

2527 4085 2760 4161 ctantes,
2784 4093 2889 4149 hoc
2924 4086 3274 4147 salutiferam“
3293 4094 3348 4141 et
3372 4088 3742 4153 opportunum
3767 4091 3864 4148 pro
3884 4086 4089 4144 repara-

2529 4189 2678 4242 tione
2704 4184 2857 4255 paeis
2877 4178 3070 4237 vestrae
3098 4178 3215 4237 [ore
3235 4166 3575 4247 putavimus,
3598 4179 3659 4237 ut
3689 4165 3923 4239 religiosi
3940 4162 4090 4233 legati

2531 4252 2845 4350 apostolicae
2891 4270 3037 4328 sedis
3072 4269 3140 4324 ad
3172 4275 3357 4338 partes
3402 4271 3616 4318 vestras
3644 4259 3972 4329 dirigantur,
3999 4252 4089 4324 qui

2533 4367 2994 4445 archiepiscopos,
3017 4361 3326 4435 episcopos,
3349 4365 3404 4413 et
3429 4354 3717 4426 religiosos
3731 4349 3972 4413 clericos,
3995 4359 4091 4400 nec

2534 4477 2645 4524 non
2675 4432 2844 4513 laicos
2870 4432 2939 4509 ad
2984 4432 3316 4515 id'idoneos,
3354 4448 3410 4502 in
3434 4447 3562 4502 loco
3601 4442 3697 4516 qui
3723 4442 3934 4512 utrique
3963 4432 4088 4507 parti

2536 4549 2733 4608 habilis
2766 4555 2819 4603 et
2842 4557 3118 4617 congruus
3148 4540 3248 4606 sit,
3283 4537 3575 4594 convenire
3600 4536 4001 4591 commoneant,
4036 4530 4087 4615 ut

853 4604 988 4657 quas
1013 4604 1197 4641 omnla
1238 4604 1483 4651 CJUSUCIII
1512 4604 1715 4647 ιιυδυιιι
1739 4604 1859 4629 aeta
1904 4604 2116 4643 γιυιιιιιθ
2138 4604 2406 4638 υυδιιυσνυι
2536 4604 2653 4608 '"‘"'
2950 4604 2980 4617 ν
3236 4604 3242 4606 ⁷
4058 4604 4072 4615 ο

853 4691 997 4740 "ms,
1045 4672 1375 4742 suspendere
1425 4668 1649 4739 dignum
1702 4663 1976 4718 (πυκίηηιε,
2028 4658 2233 4712 Tamen
2265 4669 2433 4708 unum
2468 4663 2512 4718 υ
2538 4652 2633 4699 aut
2660 4656 2868 4712 pacem,
2896 4637 3004 4691 Deo
3019 4634 3336 4697 auxiliante,
3364 4630 3504 4684 inter
3521 4641 3622 4681 vos
3641 4630 3984 4694 componant,
4005 4625 4089 4672 aut

2612 4737 2622 4742 -
2782 4733 2793 4742 .
2823 4731 2835 4742 .
3062 4726 3084 4742 ρ
3162 4732 3232 4742 μ.
3265 4721 3532 4742 η---Αειλ-
3563 4717 3847 4742 Αλκιιημη...
3892 4710 4012 4742 κη...
4038 4709 4086 4742 ἶ..

853 4784 953 4823 vos
984 4766 1125 4821 scire
1155 4763 1437 4824 volumus,
1460 4759 1607 4829 quod
1642 4757 1873 4812 clericos
1905 4754 2048 4816 illos,
2076 4749 2172 4826 qui
2207 4763 2239 4801 a
2281 4746 2438 4800 vobis

857 4861 1070 4913 litteras
1101 4852 1262 4918 nobis
1288 4851 1614 4913 detulerant,
1647 4848 1850 4917 quique
1884 4840 2123 4898 Santoni
2158 4835 2436 4894 contraria

858 4947 1185 5011 sentiebant,
1219 4960 1329 5000 una
1385 4956 1511 4997 cum
1543 4927 1936 5013 prmuouiinato
1972 4934 2223 4989 Sanzone
2252 4943 2439 4985 coram

863 5040 1248 5108 episc0porum
1289 5016 1603 5089 nostrorum
1658 5025 1946 5099 praesentia
1980 5022 2266 5092 diligenter
2317 5032 2441 5087 pcr-

863 5126 1095 5184 scrutari
1111 5124 1340 5196 fecimus
1364 5140 1379 5177 :
1411 5132 1703 5193 quatenus,
1723 5116 2007 5184 utriusque
2028 5110 2198 5183 partis
2218 5108 2444 5162 veritate

865 5218 1215 5291 prmeognita,
1248 5214 1376 5286 quid
1413 5210 1828 5281 improbandum
1862 5206 2224 5276 abigeremus,
2247 5197 2445 5278 quidve

866 5308 1275 5382 approbandum
1338 5305 1735 5361 laudassemus.
1788 5275 2027 5352 Tandem
2079 5307 2215 5365 pene
2258 5275 2442 5344 oninia

867 5418 989 5471 qua:
1041 5400 1127 5458 sui
1156 5396 1336 5453 aemuli
1372 5395 1475 5450 sibi
1526 5392 1838 5462 objecerant
1884 5384 2063 5440 Sanzo
2086 5384 2201 5453 ipse
2249 5378 2443 5437 confu—

870 5508 1012 5558 tans,
1042 5492 1145 5547 sibi
1171 5488 1346 5560 magis
1372 5486 1552 5541 favere
1581 5482 1853 5553 justitiam
1878 5476 2036 5533 nobis
2062 5473 2241 5545 dignis
2265 5487 2446 5525 asser-

871 5584 1113 5642 tionibus
1130 5559 1541 5635 demonstravit.
1582 5559 1811 5637 Verum,‘
1829 5569 1958 5640 quia
1987 5564 2123 5621 nihil
2156 5576 2321 5632 super
2342 5560 2448 5613 hoc

873 5677 1088 5749 negotio
1119 5673 1347 5743 aliisque
1371 5671 1487 5727 suis
1507 5666 1689 5725 causis
1710 5663 1916 5732 absque
1940 5668 2129 5717 nostro
2151 5649 2449 5725 apostolico

873 5783 1146 5831 consensu
1200 5761 1500 5821 consiliove
1534 5760 1701 5829 agere
1766 5752 1951 5823 cupit,
2007 5750 2116 5803 imo
2151 5762 2211 5803 se
2240 5757 2449 5813 suaque

876 5863 1060 5921 omnia
1101 5856 1205 5916 sub
1227 5854 1391 5911 tutela
1417 5850 1561 5909 sedis
1602 5846 1913 5918 apostolica:
1933 5839 2242 5905 constituit,
2275 5850 2448 5907 quan—

879 5964 994 6013 tum
1022 5950 1126 6009 sibi
1138 5950 1284 6023 juste
1303 5943 1613 6011 subvenire,
1637 5937 1747 5995 Deo
1762 5933 2113 5999 concedente,
2130 5942 2446 6003 possumus,

2539 4737 2627 4794 cui
2656 4709 2799 4806 parti
2818 4729 3031 4801 iustitia
3059 4726 3238 4782 faveat
3264 4721 3533 4794 veraciter
3561 4717 3867 4773 addiscant.
3891 4710 4013 4769 Nam
4038 4709 4087 4764 in

2538 4800 2727 4886 eadem
2769 4823 2978 4896 synodo
3019 4817 3316 4887 diflinitum
3353 4822 3438 4874 est
3460 4810 3609 4886 quod
3647 4824 3752 4873 nos
3778 4816 3964 4874 contra
3981 4800 4087 4858 eam

2538 4929 2747 4992 partem
2776 4930 2899 4986 qua:
2938 4925 3124 4984 pacem
3176 4906 3321 4965 fastu
3345 4895 3624 4976 superbia:
3659 4895 4000 4961 refutaverit,
4042 4899 4090 4944 et

2539 5014 2628 5069 cui
2648 5008 2860 5083 iustitia
2888 5021 2997 5061 non
3028 5001 3240 5061 faverit,
3266 4994 3418 5052 omni
3438 4990 3728 5061 conamine
3752 4986 4088 5052 omnibusque

2541 5068 2719 5165 modis
2764 5092 3029 5169 potestate
3072 5088 3218 5148 beati
3263 5084 3409 5141 Petri
3461 5083 3832 5153 insurgamus.
3873 5074 3937 5129 Et
3978 5068 4088 5141 quia

2543 5164 2837 5251 nonnullos
2866 5188 2932 5243 de
2978 5199 3147 5255 regno
3190 5189 3373 5238 vestro
3410 5173 3780 5233 intelleximus
3801 5167 3969 5238 magis
3987 5164 4086 5235 jur-

2543 5285 2691 5357 gium
2735 5288 2791 5334 et
2816 5273 3147 5337 discordiam
3181 5284 3348 5342 quam
3386 5279 3575 5337 pacem
3597 5262 3845 5330 diligere,
3874 5273 3938 5357 ei
3956 5261 4085 5350 parte

2545 5339 2933 5440 omnipotentis
2974 5362 3068 5418 Dei
3098 5368 3156 5417 et
3179 5339 3465 5415 beatorum
3489 5349 3865 5422 apostolorum
3890 5339 4023 5399 Petri
4041 5345 4087 5439 et

2544 5427 2715 5519 Pauli?
2730 5455 3105 5514 interdicimus
3129 5459 3191 5506 ut
3223 5448 3409 5505 nullus
3437 5442 3511 5499 sit
3536 5441 3658 5513 qui,
3682 5438 3870 5510 aliquo
3898 5427 4083 5519 ingenio

2545 5561 2641 5609 aut
2666 5548 2845 5608 studio
2870 5562 2967 5602 seu
2987 5540 3263 5606 violentia,
3282 5535 3539 5608 impediat
3569 5532 3859 5606 pratdietos
3882 5525 4013 5581 vites
4028 5515 4084 5573 ad

2547 5639 2959 5702 restaurandam
3008 5633 3159 5709 regni
3204 5629 3371 5687 vestri
3407 5624 3757 5693 concordiam
3803 5610 4081 5675 convenire.

2547 5748 2643 5794 aut
2693 5702 3096 5793 convenientes
3106 5726 3315 5797 justum
3344 5728 3399 5776 et
3420 5720 3646 5802 legalem
3671 5714 3803 5771 huic
3831 5702 4083 5775 discordia!

2550 5831 2710 5885 tinem
2744 5828 3041 5896 imponere.
3076 5796 3158 5873 Ad
3196 5796 3536 5886 reprimenda
3584 5806 3750 5863 etiam
3794 5801 3932 5859 mala
3958 5796 4082 5866 iap-

2552 5922 2641 5981 nia
2686 5928 2738 5975 et
2781 5889 3000 5976 illicitos
3038 5918 3285 5975 conatus,
3315 5904 3522 5979 judicio
3564 5896 3738 5958 sancti
3778 5892 4017 5968 Spiritus.
4040 5889 4082 5937 cl
