4218 6432
817 441 922 498 ωδ

816 571 924 626 que
945 554 1302 616 restituimus,
1331 566 1394 608 ea
1416 549 1636 620 quidem
1666 544 1875 599 ratione
1900 552 1960 596 ut
1991 556 2156 610 supra
2185 553 2385 608 corpus
2413 547 2459 605 Α
2514 542 2515 545 ‘

818 646 993 705 sancti
1014 644 1156 701 Petri
1177 644 1389 714 jurarct
1412 640 1518 695 hoc
1541 636 1702 693 modo
1726 654 1738 690 :

895 756 915 790 ι
947 736 1058 809 Ego
1084 735 1363 790 Manasscs
1390 729 1670 785 Rcmensis
1698 725 2136 796 archiepiscopus
2157 741 2259 796 pro
2284 741 2378 781 su-

816 827 1002 899 perbia
1051 842 1160 882 non
1194 824 1376 882 dimisi
1418 821 1561 891 quod
1600 835 1705 874 non
1736 818 1976 874 venerim
2011 817 2077 872 ad
2114 817 2380 889 synodum

816 919 1385 991 Augustodunensem,
1410 914 1480 968 ad
1518 926 1681 982 quam
1731 925 1817 964 me
1855 908 2068 964 Diensis
2094 908 2384 981 episcopus

816 1010 1048 1065 vocavit.
1073 1008 1132 1063 Si
1152 1015 1378 1063 vocatus
1399 1003 1588 1058 nuntio
1618 1003 1697 1056 vel
1728 1001 1920 1057 litteris
1956 1001 2265 1071 apostolicae
2293 1016 2382 1058 se.

716 1149 724 1157 .
816 1101 902 1156 dis
943 1100 1116 1166 fuero,
1154 1098 1305 1154 nullo
1345 1097 1488 1151 malo
1531 1093 1749 1163 ingenio
1783 1101 1837 1147 ct
1881 1092 2027 1147 nulla
2068 1090 2260 1148 fraude
2296 1107 2385 1147 me

819 1191 1156 1256 sul-traham,
1183 1191 1279 1246 sed
1310 1190 1537 1245 veniens
1558 1186 1862 1242 dillinitioni
1897 1193 1953 1242 et
1983 1184 2195 1256 judicio
2218 1184 2385 1255 hujus

817 1280 1074 1337 Ecclesia:
1115 1280 1344 1348 fideliter
1380 1278 1648 1336 obediam.
1691 1276 1846 1344 Quod
1888 1277 1936 1332 si
1978 1276 2203 1332 domino
2234 1290 2387 1346 papa:

817 1370 1075 1442 Gregorio
1098 1372 1183 1426 vel
1207 1370 1527 1449 successori
1544 1385 1644 1424 suo
1676 1367 1941 1439 placuerit
1961 1383 2050 1423 mc
2076 1367 2144 1422 de
2160 1367 2387 1437 objectis

816 1472 943 1516 ante
968 1461 1202 1530 legatum
1232 1476 1393 1517 suum
1425 1459 1772 1531 respondere,
1800 1458 1943 1514 idem
1968 1472 2069 1528 per
2094 1457 2275 1513 omnia
2298 1456 2387 1539 lfa-

818 1554 978 1607 riam.
1006 1552 1311 1610 Tbesauros
1337 1561 1540 1618 autem,
1577 1560 1920 1616 ornamenta,
1949 1559 2004 1604 et
2036 1549 2235 1621 praedia
2273 1548 2383 1604 Rc-

815 1642 1022 1697 tuensis
1053 1641 1307 1698 Ecclesia:
1332 1643 1468 1697 mihi
1497 1642 1803 1697 commissa:
1828 1640 1898 1696 ad
1926 1640 2184 1696 honorem
2214 1640 2387 1710 ipsius

813 1730 1071 1786 Ecclesiae
1093 1731 1320 1785 ﬁdeliter
1337 1732 1600 1798 tractabo,
1628 1740 1680 1786 et
1696 1730 1764 1786 ad
1782 1730 2142 1786 resistendum
2161 1730 2389 1801 justitia:

814 1833 877 1873 ea
904 1834 1012 1871 non
1044 1819 1379 1876 abalienabo.
1422 1839 1441 1871 ι

1449 434 1506 507 S.
1539 427 1863 490 GRECONI
1901 425 1992 481 γιι
2026 423 2227 480 ΡΑΡᾸΞ
2264 421 2427 478 OPEF

2482 420 2548 475 1M
2585 419 2766 487 PARS
2803 419 2842 473 l.
2874 432 2955 459 ‘—
2993 419 3417 477 RECISTRUM.

3926 427 4066 487 Ἕω

2983 532 3319 589 EPISTOLA
3354 533 3540 590 XVIII.

2889 640 2955 683 λι)
2992 640 3280 680 EPISCOPUII
3318 642 3623 683 εριιιεκεεκ.

3064 715 3247 785 (Anno
3284 717 3467 789 1078.)

2482 804 2797 877 Epistopale
2821 806 3056 874 ofﬁcium
3077 808 3350 862 exercendi
3372 809 3679 877 facultatem
3698 810 3785 865 illi
3799 813 4069 877 concedit,

2546 876 2674 929 dum
2702 885 2992 936 opportuna
3029 885 3257 936 tempore
3283 878 3348 932 de
3374 879 3590 936 obiectis
3612 882 3717 935 sibi
3746 883 4073 936 criminibus

2547 892 2674 929 cum
2702 892 2992 945 opportuna
3029 892 3257 947 tempore
3283 892 3348 932 ae
3374 892 3590 947 oajecm
3612 892 3717 935 ubi
3746 892 4073 936 criminibus

2547 946 2873 1016 satisfaciat,
2899 955 3055 1016 atque
3095 964 3301 1002 omnem
3329 947 3665 1003 venalium»:
3709 951 3778 1005 ab
3817 950 4074 1009 Ecclesia

2552 1014 2651 1069 Dei
2693 1015 2899 1085 ejiciat,
2924 1014 2975 1069 et
3019 1017 3075 1069 in
3104 1017 3284 1087 ofﬁcio
3321 1033 3418 1074 suo
3450 1018 3677 1090 uigilans
3710 1030 3767 1075 et
3789 1022 4076 1075 studiose:

2550 1094 2823 1155 appareat.

2553 1173 2862 1253 Caesonius
2886 1176 3197 1247 episcopus,
3233 1192 3427 1235 servus
3454 1193 3736 1236 servorum
3770 1180 3886 1247 Dei,
3915 1180 4079 1237 llas-

2484 1281 2607 1321 tuco
2642 1264 2887 1336 Spirensi
2925 1262 3184 1340 episcopo
3217 1269 3450 1325 salutem
3488 1278 3544 1326 et
3577 1273 3933 1342 apostolicam
3983 1274 4084 1329 le

2485 1356 2869 1413 nedictionem.
2956 1378 2959 1383 π

2554 1445 2694 1513 Quia
2715 1448 2777 1500 in
2822 1449 3168 1519 susceptione
3211 1446 3489 1519 Spirensis
3523 1450 3779 1510 Ecclesia:
3807 1470 4088 1511 veremur

2485 1544 2539 1591 te
2559 1544 2749 1592 contra
2770 1538 3048 1594 decretum
3076 1539 3389 1609 apostolica:
3409 1540 3554 1596 sedis
3573 1543 3780 1614 virgam
3800 1545 3868 1599 de
3894 1561 4085 1601 manu

2485 1627 2631 1698 regis
2668 1628 2905 1685 scienter
2945 1645 3010 1686 ac
3050 1630 3337 1686 temerarie
3388 1633 3717 1705 suscepisse,
3754 1635 4089 1709 episcopale

2486 1717 2721 1773 ollicium
2760 1719 3026 1776 hactenus
3054 1728 3108 1775 te
3147 1736 3308 1792 agere
3343 1737 3453 1777 non
3476 1726 3866 1783 concessimus.
3905 1726 4088 1794 Quod

2390 1842 2393 1843 ν
2488 1808 2534 1863 si
2554 1810 2855 1880 secundum
2883 1811 3045 1882 legati
3072 1812 3155 1868 tui
3177 1811 3340 1867 verba
3363 1811 3641 1869 decretum
3663 1824 3914 1874 nostrum
3940 1825 4092 1887 ante

885 1909 1096 1979 Πυξῃωί
1126 1926 1341 1981 quoque
1375 1910 1661 1966 Bisuntino
1684 1909 2115 1981 archiepiscopo,
2135 1910 2265 1981 quia
2297 1910 2386 1965 lit—
2416 1904 2459 1960 Β
2485 1898 2861 1956 investimram
2891 1916 2992 1972 pro
3021 1910 3172 1957 certo
3196 1915 3305 1958 non
3334 1905 3661 1975 cognovisti,
3690 1905 3925 1962 cilicium
3960 1910 4066 1980 cpi

814 2006 943 2052 tene
974 2000 1172 2068 quibus
1202 2000 1534 2055 invitabatur
1570 1999 1639 2054 ad
1673 2000 1939 2071 synodum
1974 2016 2007 2055 a
2034 1998 2246 2055 clericis
2274 1999 2390 2055 suis

815 2095 1038 2142 retenta:
1056 2096 1111 2143 et
1137 2104 1243 2143 non
1272 2088 1377 2147 sibi
1404 2097 1639 2145 ostensa:
1662 2086 1897 2156 fuerant,
1923 2104 2192 2159 suspenso
2213 2089 2268 2143 in
2294 2105 2390 2161 ea-

814 2176 1170 2250 dem.synodo
1186 2180 1488 2251 episcopale
1508 2179 1743 2236 ofﬁcium
1766 2181 2122 2247 reddidimus,
2143 2182 2249 2238 bac
2259 2197 2391 2239 con-

815 2263 1020 2319 ditione
1041 2266 1186 2335 quod
1211 2266 1404 2323 debeat
1432 2282 1491 2323 se
1518 2268 1587 2323 de
1611 2268 1840 2338 objectis
1872 2284 2056 2324 coram
2080 2269 2259 2341 legato
2291 2286 2391 2325 no-

816 2364 952 2423 rit-'0,
983 2357 1029 2412 si
1049 2358 1099 2412 ei
1119 2359 1296 2414 visum
1321 2358 1505 2427 fuerit,
1537 2375 1663 2417 cum
1691 2359 2051 2432 suﬂ‘raganeis
2079 2369 2175 2418 aut
2202 2362 2390 2418 convi—

817 2445 955 2500 cinis
976 2448 1245 2519 episcopis
1270 2463 1590 2521 expurgare.
1637 2449 1895 2507 Richerio
1922 2467 2053 2507 vero
2083 2450 2387 2512 Senoneusi

818 2539 1223 2610 archiepiscopo
1248 2540 1596 2598 interdictum
1632 2542 1915 2605 reddimus
1937 2542 2194 2601 officium.
2245 2545 2386 2603 Pro-

819 2627 969 2683 misit
993 2629 1139 2685 enim
1167 2632 1222 2686 in
1244 2647 1410 2689 manu
1428 2640 1615 2689 nostra
1634 2634 1802 2706 quod,
1825 2634 1940 2690 sive
1960 2651 2059 2706 per
2074 2652 2135 2693 se
2155 2638 2271 2694 sive
2289 2653 2389 2710 per

754 2719 1071 2799 Nntintium
1099 2734 1282 2789 suum,
1310 2738 1557 2793 causam,
1585 2734 1694 2794 pro’
1714 2740 1823 2795 qua
1852 2727 1921 2781 ad
1947 2727 2216 2799 synodum
2243 2746 2388 2801 prae--

942 2810 1102 2881 legati
1131 2813 1302 2867 nostri
1332 2829 1442 2869 non
1471 2816 1639 2881 venit,
1664 2831 1849 2871 coram
1879 2797 2068 2874 eodem
2094 2797 2273 2892 legato
2297 2821 2395 2882 dea

817 2899 1255 2984 beatexponcrc,
1271 2913 1327 2960 et
1352 2906 1405 2961 in
1436 2907 1666 2978 negotiis
1692 2909 2085 2967 ecclesiasticis
2099 2927 2199 2981 pro
2224 2928 2387 2984 posse

818 3006 920 3045 suo
950 2981 1237 3049 consilium
1265 3007 1321 3050 et
1346 2998 1610 3053 auxilium
1638 3000 1869 3055 fideliter
1893 3008 1948 3055 et
1974 2981 2254 3059 humiliter
2279 3004 2384 3061 sibi

818 3079 1148 3149 impendere,
1197 3084 1425 3153 ejusque
1480 3087 1723 3146 animum
1777 3090 2013 3158 placare.
2062 3088 2386 3149 Gotcfredus

819 3175 999 3229 autem
1026 3169 1379 3227 Caruotensis
1405 3175 1711 3243 episcopus,
1746 3177 1874 3246 quia
1901 3192 2008 3231 non
2049 3178 2309 3235 invitatus
2332 3187 2387 3235 et

820 3259 1021 3315 absens
1066 3261 1343 3331 judicatus
1376 3263 1577 3338 fuerat,
1611 3267 1904 3338 episcopali
1948 3268 2124 3325 cilicio
2170 3285 2201 3324 a
2230 3270 2390 3327 nobis

821 3349 1106 3405 restitutus
1134 3361 1246 3417 est;
1284 3352 1387 3413 hoc
1431 3335 1659 3424 quidem
1680 3335 1869 3412 tenore
1908 3360 2055 3428 quod
2082 3376 2248 3415 causa
2291 3376 2391 3415 sua

820 3445 944 3496 ante
975 3438 1209 3521 legatum
1228 3450 1486 3517 nostrum
1526 3443 1727 3523 debeat
1744 3448 2029 3502 retractari
2059 3456 2227 3518 atque
2246 3447 2388 3527 dim-

821 3527 948 3583 uiri.
998 3520 1302 3587 Ricbardus
1361 3520 1727 3603 Biturigeusis
1770 3520 2391 3609 archiepiscopus,‘quia

822 3617 963 3676 irato
989 3621 1193 3686 animo,
1221 3630 1277 3675 et
1306 3638 1417 3676 non
1443 3624 1687 3693 synodali
1709 3623 1938 3693 judicio,
1967 3627 2175 3681 dimisit
2200 3626 2388 3683 Eccle-

823 3707 961 3762 siam
987 3723 1166 3774 suam,
1195 3710 1403 3780 virgam
1428 3719 1484 3765 et
1507 3713 1769 3785 annulum
1800 3714 2001 3784 recepit
2018 3720 2043 3781 ,'
2071 3717 2393 3785 promittens

823 3814 881 3855 se
908 3800 977 3855 de
1002 3796 1232 3870 objectis
1256 3796 1444 3860 Coram
1485 3784 1662 3875 legato
1696 3793 1881 3859 nostro
1912 3805 2243 3863 satisfacere.
2285 3808 2393 3863 Ro-

821 3891 1060 3961 dulpbus
1087 3891 1422 3948 Turonensis
1442 3893 1908 3965 archiepiscopus,
1934 3894 2284 3968 quia-legales
2308 3915 2394 3955 ac.

724 4034 734 4043 ,
822 3993 1104 4055 cusatores
1123 3999 1230 4038 non
1257 3980 1467 4063 habuit,
1484 3984 1805 4052 sacerdotali
1823 3993 1887 4041 .et
1905 3987 2194 4063 episcopali
2218 3989 2394 4047 cilicio

820 4072 1106 4130 restitutus
1130 4082 1234 4139 est,
1257 4074 1421 4131 etiam
1437 4074 1704 4145 episcopis
1720 4076 1815 4146 qui
1836 4088 1961 4131 eum
1978 4090 2389 4150 accusaverant,

822 4164 893 4221 ab
916 4166 1266 4222 accusatibne
1304 4166 1704 4236 deficientibus,
1748 4176 1803 4224 et
1829 4169 1957 4239 quia
1998 4160 2165 4229 causa
2194 4187 2291 4230 sua
2322 4175 2393 4231 ab

825 4261 1167 4324 antecessore
1180 4276 1187 4281 π
1205 4263 1395 4314 nostro
1436 4260 1608 4315 beatae
1646 4262 1925 4320 memoriae
1958 4262 2265 4322 Alexandro
2304 4283 2389 4323 re...

825 4350 1055 4399 tractata
1091 4336 1146 4401 et
1175 4348 1531 4408 determinata
1563 4350 1760 4419 fuerat,
1788 4352 2074 4412 videbatur
2106 4358 2253 4427 quod
2280 4375 2391 4414 non

826 4434 946 4490 sine
970 4444 1118 4490 certa
1155 4440 1500 4496 accusatione
1525 4441 1743 4498 deberet
1775 4446 2081 4501 retractari.
2109 4446 2277 4505 Nobis
2310 4457 2392 4505 ta-
2456 4438 2463 4445 ’

2491 1991 2706 2061 scapale
2735 1990 2967 2048 faciendi
3010 1991 3323 2049 facultatem
3362 2003 3417 2050 et
3448 1996 3721 2052 licentiam
3752 1998 3848 2053 tibi
3868 2015 4093 2055 conce-

2487 2080 2702 2149 dimus;
2726 2098 2793 2138 eo
2809 2090 2989 2139 tamen
3011 2092 3200 2141 tenore
3226 2093 3289 2143 ut
3312 2094 3620 2157 opportuno
3644 2097 3887 2160 tempore
3907 2091 4093 2148 nobis

2487 2170 2573 2226 vel
2600 2169 2794 2242 legatis
2840 2174 3047 2229 nostris
3071 2174 3140 2230 de
3186 2174 3414 2247 objectis
3452 2184 3506 2233 te
3542 2178 3954 2257 satisfacturum
3988 2198 4093 2237 rc—

2487 2268 2804 2329 prmsentes.
2833 2261 2902 2320 Et
2929 2263 3060 2334 quia
3089 2264 3143 2319 in
3173 2263 3440 2323 Romanis
3474 2270 3743 2337 conciliis,
3773 2279 3883 2326 tam
3910 2288 3945 2326 a
3974 2288 4092 2327 uo-

2487 2349 2574 2407 bis
2617 2362 2785 2422 qu‘am
2828 2353 2900 2410 ab
2946 2356 3390 2413 antecessoribus
3429 2360 3655 2427 nostris,
3695 2363 4092 2433 promulgatas

2486 2442 2905 2500 constitutiones
2939 2460 3070 2513 non,
3100 2445 3245 2502 sicut
3270 2447 3472 2515 decuit,
3504 2457 3556 2504 te
3582 2464 3830 2508 servasse
3854 2467 4092 2524 compee

2485 2532 2751 2601 perimus,
2776 2534 3026 2592 videlicet
3053 2545 3114 2593 ut
3140 2553 3358 2595 omnem
3381 2540 3723 2596 venalitatcm
3747 2543 3816 2599 de
3835 2544 4087 2601 ecclesia

2485 2629 2576 2679 tua
2606 2624 2851 2694 ejiceres,
2899 2627 3239 2700 negligentiae
3286 2645 3395 2685 non
3442 2646 3624 2703 parvae
3672 2631 4085 2692 fraternitatem

2484 2719 2637 2771 tuam
2665 2730 2896 2787 arguere
2913 2718 3229 2788 possumus.
3251 2716 3408 2777 Unde
3426 2721 4087 2795 apostolicaauetoritate

2483 2800 2882 2873 interdicimus,
2912 2808 3101 2880 ejectis
3122 2810 3236 2866 illis
3256 2812 3351 2881 qui
3370 2811 3428 2868 in
3451 2811 3688 2869 Ecclesia
3719 2825 3811 2871 tua
3838 2832 3937 2887 per
3964 2833 4075 2889 pe-

2483 2894 2703 2950 cuniam
2750 2899 2986 2967 promoti
3027 2909 3178 2975 sunt,
3212 2910 3276 2955 ut
3320 2917 3499 2976 neque
3540 2901 4029 2968 archidiaconatus

2482 2999 2661 3056 neque
2713 2974 3295 3063 archipresbyteratus,
3342 2971 3524 3066 metu:
3559 2994 3766 3063 aliquid
3811 3000 3960 3065 quod
4000 2971 4078 3055 ad

2484 3077 2822 3146 spiritualem
2866 3096 3058 3157 curam
3103 3082 3356 3143 videatur
3400 3084 3692 3154 pertinere,
3730 3088 3907 3156 pretio
3947 3090 4074 3146 dari

2485 3168 2803 3240 permittas;
2828 3171 2923 3247 sed
2952 3173 3255 3228 secundum
3287 3171 3503 3228 Domini
3533 3184 3863 3251 praeceptum
3892 3180 4076 3235 dicen-

2415 3238 2458 3295 (ἶ
2492 3238 2598 3311 tis:
2631 3257 2816 3313 Gratis
2839 3244 3133 3332 accepistis,
3159 3264 3328 3335 gratis
3349 3265 3474 3319 date
3496 3238 3821 3338 (imula-3),
3853 3278 3906 3325 te
3933 3270 4077 3327 irre-

2491 3348 2927 3415 prehensibiliter
2948 3351 3176 3420 hahus,
3200 3361 3256 3408 et
3275 3354 3502 3410 clericos
3521 3370 3629 3412 non
3649 3365 3799 3414 caste
3827 3358 4079 3421 viventes

2492 3430 2688 3507 rigore'
2705 3434 2967 3510 pastorali
3002 3444 3303 3516 corrigens,
3338 3434 3490 3503 sicut
3515 3447 3643 3503 olim
3691 3450 3975 3522 negligens
4017 3463 4080 3527 et

2490 3530 2798 3590 desidiosus
2837 3532 3011 3602 fuisti,
3064 3536 3141 3592 ita
3187 3537 3444 3611 deinceps
3493 3540 3550 3594 in
3596 3541 4079 3602 administratione

2492 3622 2733 3691 suscepti
2765 3622 2927 3679 cilicii
2956 3625 3187 3696 vigilans
3205 3637 3261 3683 et
3283 3630 3567 3706 studiosus
3592 3648 3861 3702 apparcas
3887 3654 3902 3688 :
3933 3652 4080 3706 qua-

2495 3706 2654 3764 tenus
2679 3709 2733 3764 in
2769 3710 2878 3768 line
2898 3713 3024 3770 vita:
3051 3722 3159 3777 tuae
3182 3719 3608 3787 omnipotentem
3636 3720 3932 3778 Dominum
3955 3727 4076 3781 cle-

2493 3806 2730 3854 mentem
2748 3810 2809 3856 et
2828 3796 3447 3878 misericordem'operis
3473 3800 3558 3871 tui
3576 3811 3848 3873 rectitude
3876 3814 3975 3869 tibi
4000 3816 4084 3871 fa.

2464 3906 2465 3909 η
2494 3887 2623 3958 ciat.

2564 3977 2698 4057 Data
2730 3944 2915 4040 Romae
2932 3985 3152 4043 decimo
3190 3997 3389 4060 quarto
3427 3988 3697 4050 Kalendas
3733 3990 3961 4066 Aprilis,
3990 3997 4051 4055 in

2492 4068 2729 4133 dictione
2757 4089 2795 4129 ι.
2968 4096 2971 4097 ν

2578 4168 2581 4169 7
2818 4261 2822 4265 .
3016 4209 3352 4270 EPISTOLA
3389 4168 3534 4273 xui.

2708 4349 2713 4353 .
2774 4312 2852 4365 an
2888 4294 3215 4365 curamue!
3258 4320 3434 4373 nescit
3470 4322 3774 4379 actenus.

3076 4392 3257 4465 (Anno
3283 4380 3478 4470 uiis.)

2492 4476 2749 4559 Legatum
2773 4495 2828 4533 se
2861 4480 3085 4559 mittere,
3122 4492 3180 4538 ut
3207 4483 3488 4559 diligenter
3516 4495 3568 4542 et
3602 4490 3688 4559 pie
3709 4494 3982 4550 examinet
4007 4516 4083 4554 an

828 4526 954 4581 men
990 4525 1169 4581 visum
1218 4524 1322 4581 fuit
1366 4529 1513 4597 quod
1562 4531 1772 4600 legatus
1820 4544 2008 4593 noster
2044 4552 2170 4595 cum
2215 4540 2392 4613 legato
2423 4567 2469 4623 ι)
2492 4524 2832 4644 ’ῃῖἦεῖςᾶγῆ
2856 4524 4085 4644 iiéiiiéiiqgéuiii'ﬂﬁii

830 4616 1040 4644 n:......:..
1065 4616 1299 4644 nn:nnnn=
1329 4617 1561 4644 νΙ·.........ε-
1587 4620 1776 4644 ΔΑι.--ι.
1798 4624 2010 4644 __-n-s_
2033 4628 2069 4644 ,ο
2131 4638 2163 4644 ν-
2566 4634 2626 4644 ..ι-
2652 4633 2670 4644 .
2700 4633 2804 4644 μ.-.
2830 4635 3044 4644 -..-...-,--
3068 4639 3283 4644 ____._-_-
3314 4641 3337 4644 ,Α
3356 4625 3420 4644 ηικ
3468 4635 3483 4644 .
3726 4641 3737 4644 -
3864 4636 3876 4644 .
3936 4638 3955 4644 ,

826 4616 1044 4675 Diensis
1062 4616 1302 4687 episcopi
1329 4617 1565 4675 Turonis
1584 4620 1776 4675 debeat
1798 4624 2093 4695 proﬁcisci,
2114 4638 2170 4683 et
2196 4646 2396 4692 convo-

826 4722 953 4762 care
979 4722 1170 4763 omnes
1199 4707 1570 4781 suﬁraganeos
1593 4711 1901 4783 episcopos,
1924 4730 2025 4770 nec
2045 4731 2154 4772 non
2184 4720 2390 4783 clerum
2450 4734 2453 4737 '

827 4806 885 4850 et
909 4799 1189 4869 populum,
1217 4808 1272 4857 et
1290 4816 1357 4856 ex
1385 4809 1539 4871 parte
1565 4800 1708 4862 beati
1732 4799 1880 4858 Petri
1907 4805 2031 4860 illos
2050 4821 2398 4867 commonere

831 4895 895 4944 ut
912 4891 1144 4956 qualiter
1167 4894 1372 4950 electus
1399 4892 1565 4955 fuerit
1581 4895 1668 4950 vel
1691 4894 1975 4953 ordinatus
1992 4898 2258 4958 veraciter
2274 4915 2401 4971 pro,—

832 4975 1051 5037 ﬁtcatur
1079 4995 1093 5031 :
1126 4982 1206 5045 ut,
1236 4984 1283 5037 si
1319 4986 1576 5098 cliu'uerit
1619 4998 1746 5042 eum
1787 4987 1855 5043 de
1881 4988 2110 5059 objectis
2140 4989 2402 5047 innocen-

833 5076 941 5098 θοιν-
973 5083 1093 5098 Μικ-
1137 5072 1361 5098 nnc-“ub.
1385 5078 1739 5098 --._-_.2-_g_
1767 5095 1821 5098 ___
1839 5095 1867 5098 -_
1904 5095 1974 5098 ,κη
2029 5080 2042 5093 ο
2066 5096 2073 5098 ξ
2098 5096 2109 5098 _
2160 5081 2178 5098 ι
2216 5082 2229 5094 ο

833 5076 943 5132 tem
971 5083 1114 5134 esse,
1136 5072 1745 5138 quiestio'aocusationis
1762 5095 1875 5141 sua:
1895 5080 2120 5139 omnino
2145 5081 2401 5155 deinceps

833 5161 1099 5230 capiatur.
1130 5157 1225 5214 Sin
1247 5169 1427 5221 autem
1448 5167 1770 5235 certissime,
1793 5180 1848 5226 et
1867 5173 2011 5229 unde
2027 5173 2265 5230 dubitari
2287 5191 2396 5232 non

834 5252 1010 5330 possit
1035 5259 1225 5307 contra
1251 5267 1378 5307 eum
1408 5254 1778 5320 testimonium
1806 5262 1992 5318 datum
2021 5263 2207 5336 fuerit,
2236 5282 2402 5345 cauo-~

835 5342 956 5415 uica
986 5344 1253 5400 sententia
1283 5341 1529 5399 feriatur.
1656 5383 1663 5389 -
2220 5349 2231 5357 ’

906 5433 1101 5491 Actum
1122 5434 1310 5493 Romae
1346 5435 1578 5515 septimo
1598 5434 1697 5515 [vi]
1723 5436 1848 5501 ldus
1873 5438 2067 5507 Martii,
2101 5442 2395 5523 indictione

839 5536 1032 5615 Primi“

2566 4617 2671 4708 rati
2700 4617 3047 4708 mpderamini
3063 4617 3286 4692 pr'teesse
3309 4617 3483 4708 caleat
3508 4644 3529 4683 :
3565 4617 3821 4708 siautem
3857 4617 4082 4708 siina}

2834 4690 2914 4744 ita
2947 4687 3079 4775 eum
3104 4697 3451 4775 oppresserit,
3478 4708 3536 4753 ut
3573 4703 3751 4757 minus
3774 4687 4082 4775 apta—{tali

2567 4738 2772 4812 muneri
2794 4761 3108 4832 reperiatur,
3374 4738 4077 4848 alia-gigas:

2569 4843 2875 4932 Cosconius
2907 4851 3229 4924 episcopus,
3253 4869 3445 4914 servus
3482 4874 3768 4919 servorum
3796 4843 3920 4933 Dei,
3951 4867 4085 4926 Gm—

2501 4928 2699 5004 tu-ztno
2740 4938 2851 5011 regi
2888 4939 3188 5012 Anglorum
3219 4946 3452 5021 salutem
3492 4957 3550 5005 et
3583 4928 3944 5022 apostolicam
3978 4959 4083 5015 bc-

2501 5024 2885 5081 nedietionem.

2570 5092 2743 5151 Cilicii
2779 5097 2953 5152 nostri
2994 5115 3128 5156 cura
3156 5103 3323 5176 exigit
3369 5114 3431 5169 ut
3474 5106 3723 5168 ecclesiis
3754 5114 4078 5185 pastoribus

2497 5185 2735 5243 viduatis
2773 5189 3004 5245 sollicite
3037 5192 3327 5250 subvenire
3359 5206 3732 5268 properemus.
3765 5203 3908 5272 Quia
3943 5226 4079 5270 vero

2497 5277 2641 5333 inter
2668 5294 2843 5352 rcges,
2874 5289 2989 5338 tum
3017 5299 3168 5359 more
3189 5285 3493 5356 honestatis
3527 5306 3633 5363 qua
3651 5294 3823 5364 nites,
3853 5309 3975 5358 tum
4006 5306 4076 5362 li-

2497 5370 2667 5424 berali
2715 5371 3002 5441 prudentia
3032 5391 3143 5448 qua
3170 5378 3425 5453 muniris,
3453 5388 3502 5436 te
3529 5386 3753 5455 spe'ciali
3780 5390 4079 5452 dilectione

2500 5463 2898 5556 amplectimur,
2925 5466 3150 5539 dignum
3197 5477 3283 5527 est
3323 5479 3386 5527 ut
3422 5469 3681 5533 Ecclesiis
3705 5494 3831 5552 quae
3857 5494 3993 5542 sunt
4016 5489 4079 5556 in

2499 5563 2667 5621 regno
2690 5552 2872 5611 divina
2908 5556 3262 5628 dispositione
3299 5562 3398 5619 tibi
3436 5567 3728 5626 commisso
3761 5552 4079 5647 specialiter

2498 5652 2715 5735 cavereA
2734 5647 3067 5704 studeamus.
3105 5649 3260 5709 Unde
3317 5652 3739 5731 Rotbomagensi
3785 5662 4074 5735 Ecclesiae,

2497 5743 2658 5826 quam
2684 5732 2886 5788 dudum
2922 5748 3135 5805 pastore
3162 5744 3498 5810 destitutam,
3529 5750 3855 5823 aegritudine
3904 5732 4077 5826 iunpo;

2497 5815 2695 5887 cliente,
2745 5823 3072 5903 audivimus,
3110 5848 3431 5896 succurrere
3455 5840 3559 5897 hoc
3580 5815 3757 5898 'modo
3781 5815 4039 5913 dispusui
4054 5874 4069 5889 -
