4218 6428
862 467 965 521 507

860 671 1044 725 ducat.
1532 742 1533 745 η

931 759 1062 817 Data
1095 761 1278 819 Roma:
1307 762 1475 820 Nonis
1503 766 1648 833 Maii,
1677 769 1968 825 indictione
1998 772 2191 841 prima.

1376 943 1709 1001 EPISTOLA
1748 948 1910 1004 XXII.

1217 1094 1282 1132 ΑΙ)
1322 1096 1605 1135 ιιυιιιῑητωι
1646 1100 1716 1136 ΕΤ
1755 1101 2055 1139 ΤΕΕΖΟΝΕΜ.

1449 1212 1629 1277 (Anno
1662 1198 1843 1283 1073.”)

861 1329 1040 1413 "aitet
1099 1345 1156 1413 ut
1209 1355 1327 1413 cum
1372 1343 1743 1413 suﬂ‘raganeis,
1794 1344 2068 1400 abbatibus
2122 1355 2172 1401 et
2222 1349 2429 1403 clericis

931 1402 1643 1488 Dolensisieccltesitcmdsint
1674 1402 1780 1488 una
1823 1430 1941 1467 cum
1971 1414 2156 1470 Diensi
2187 1419 2430 1488 episcopo

1031 1476 1219 1557 abbate
1264 1477 1621 1557 Cluniacensi,
1669 1484 1856 1557 quibus
1892 1476 2245 1557 controuersia
2294 1476 2433 1542 inter

930 1541 1173 1626 Evetium
1222 1556 1270 1601 et
1318 1549 1487 1602 alium
1539 1541 1815 1623 quemdam
1868 1553 1933 1607 de
1979 1541 2431 1627 archiepiscopum

931 1624 1211 1695 commissa
1269 1628 1387 1680 est,
1464 1637 1526 1673 ac
1582 1630 1771 1695 curent
1801 1664 1816 1688 ,
1882 1632 1941 1695 ut
1998 1624 2311 1695 Anglorum
2341 1644 2434 1681 rex

864 1711 873 1715 ς
928 1697 1011 1804 ἷοῬ
1027 1680 1256 1806 legatlum
1316 1703 1469 1741 suum
1523 1691 1722 1757 mittat,
1772 1680 1874 1762 quo
1917 1680 2218 1764 hujusiuodi
2269 1680 2433 1751 causa

954 1768 980 1804 e
1014 1768 1149 1806 mme
1176 1771 1258 1806 ur.

954 1768 1258 1809 ermmetur.

930 1882 1238 1941 Gneooaws
1266 1887 1570 1960 episcopus,
1602 1908 1793 1950 servus
1832 1912 2112 1953 servorum
2166 1898 2282 1967 Dei,
2324 1900 2435 1958 Ilv-

860 1988 1037 2030 Ienro
1071 1977 1405 2034 subdiacono
1446 1990 1502 2036 et
1549 1980 1784 2041 TEL‘ZONI
1813 1989 2083 2044 monacho
2116 1990 2344 2046 salutem
2380 2000 2436 2059 et

863 2069 1217 2139 apostolicam
1250 2070 1698 2131 benedictionem.
1753 2117 1757 2120 ρ

937 2155 1193 2214 Pervenit
1234 2161 1301 2215 ad
1342 2176 1445 2217 nos
1480 2161 1649 2219 frater
1672 2175 1860 2221 noster
1898 2167 2121 2226 Evetius
2162 2169 2437 2244 [Everius]

867 2243 1600 2327 DolensisarchiepiscOpus,
1622 2251 1885 2313 exhibens
1907 2275 1965 2314 se
1981 2275 2081 2330 pro
2099 2243 2438 2317 discutienda

865 2342 1234 2405 controversia
1262 2358 1401 2412 qum.
1426 2343 1495 2399 de
1527 2344 1751 2401 introitu
1798 2349 1916 2419 ejus
1964 2350 2017 2404 in
2069 2351 2439 2422 episcopatum

864 2441 987 2487 orta
1020 2441 1122 2498 est,
1151 2434 1519 2503 proclamante
1560 2437 1654 2493 illo
1701 2440 1767 2493 de
1799 2441 2118 2510 expulsione
2149 2458 2247 2498 sua
2282 2444 2438 2514 quasi

865 2522 1091 2592 injusta,
1117 2526 1211 2595 qui
1235 2537 1360 2585 ante
1383 2531 1776 2590 ordinationem
1799 2536 1961 2607 hujus
1982 2538 2225 2594 eamdem
2255 2540 2437 2595 sedem

867 2613 1165 2680 quamlibet
1186 2631 1461 2685 perverso,
1498 2630 1558 2675 ut
1593 2623 1811 2691 dicitur,
1859 2641 2083 2683 accessu
2118 2637 2353 2698 ceperat,
2387 2637 2443 2683 et

870 2699 1081 2757 nefaria
1119 2709 1532 2765 conversatione
1577 2720 1841 2768 tenuerat.
1895 2715 1979 2770 Ad
2015 2732 2180 2786 quam
2225 2716 2439 2771 exhibi-

871 2793 1069 2850 tionem
1119 2813 1177 2853 se
1208 2808 1461 2855 vocatum
1498 2800 1686 2858 aiebat
1729 2820 1759 2858 a
1798 2804 2072 2861 confratre
2101 2815 2290 2861 nostro
2324 2804 2440 2859 llu-

874 2898 1013 2952 gone
1035 2885 1219 2941 Diensi
1240 2890 1496 2962 episcopo
1521 2912 1534 2946 :
1562 2894 1707 2965 quod
1736 2903 1789 2949 et
1810 2893 2029 2965 ipsequi
2049 2884 2177 2950 tunc
2202 2910 2443 2965 prtesens

871 2973 1057 3028 aderat
1087 2972 1354 3033 latebatur
1389 2999 1402 3034 :
1452 2997 1516 3036 ac
1544 2993 1827 3054 propterea
1870 3000 1929 3038 se
1952 3000 2234 3041 recusasse
2267 2985 2444 3039 redire

872 3063 1175 3131 vobiscum,
1206 3075 1302 3122 aut
1330 3067 1385 3122 in
1414 3062 1650 3140 aliquam
1677 3081 1889 3143 partem
1918 3083 2150 3142 vertere,
2175 3074 2350 3130 donec
2372 3074 2444 3130 ab

872 3168 969 3209 ore
991 3164 1178 3210 nostro
1206 3157 1336 3227 quid
1360 3158 1464 3214 sibi
1498 3163 1765 3231 agendum
1791 3163 1950 3231 foret,
1995 3179 2173 3235 quove
2196 3181 2256 3220 se
2282 3165 2441 3219 exhi-

1495 471 1551 527 S.
1594 464 1920 530 GREGORII
1960 476 2050 530 γιι
2086 476 2288 533 ΡΛΡίΕ
2329 479 2476 534 ΟΡΕΙ

2519 480 2611 537 υδι
2647 481 2826 538 PARS
2860 484 2899 538 I.
2940 514 3009 524 ο-
3046 484 3464 558 REGISTRUM.
4012 488 4108 544 508

861 581 929 636 ad
980 581 1162 637 sinum
1208 584 1437 640 Ahraha:
1493 586 1816 656 patriarcha:
1875 591 2045 644 nostri
2101 590 2254 647 laetos
2310 609 2433 664 per-
2460 598 2507 652 Α

3022 596 3355 654 EPISTOLA
3391 597 3576 652 XXIII.

2527 723 2593 760 AD
2633 722 2975 764 GAL'SFRL’DUI
3026 727 3095 765 ΕΤ
3152 727 3401 767 Αιτειιωι
3452 727 3798 767 ωυειίιευωι

3109 801 3290 873 (Anno
3329 802 3514 871 1078.)

2531 885 2597 940 ιῖι
2626 903 2800 958 attines
2833 887 3098 958 episcopos
3125 900 3174 958 et
3212 890 3424 956 abbates
3456 888 3773 953 Britannice,
3808 898 3859 942 et
3887 888 4104 944 clericos

2594 967 2643 1005 et
2672 956 2837 1010 laicos
2862 956 3101 1011 Dolcims
3126 957 3376 1013 Ecclesia:
3401 959 3619 1012 scientia
3643 967 3955 1027 praestantes
3986 974 4105 1011 cou-

2597 1027 2767 1079 ceuire
2816 1027 3018 1097 faciant
3065 1029 3291 1082 concilio
3342 1028 3781 1097 celebrandoain
3826 1044 3930 1097 quo
3971 1028 4105 1080 inter

2599 1105 2787 1149 cretera
2838 1096 3153 1165 difﬁnienda
3180 1109 3258 1152 est
3293 1113 3457 1150 causa
3504 1098 3641 1155 inter
3689 1096 3933 1150 Eoetium
3956 1097 4103 1149 ordi—

2597 1174 2781 1237 natum
2806 1166 3252 1237 archiepiscopum
3276 1175 3325 1220 et
3346 1167 3623 1237 quemdam
3647 1166 3815 1219 alium
3842 1166 3934 1237 qui
3959 1182 4019 1221 se
4048 1166 4106 1220 de

2595 1251 2654 1288 eo
2685 1234 2878 1305 injuste
2899 1234 3172 1305 expulsum
3195 1234 3525 1307 querebatur.

2596 1326 2902 1382 Gueoomus
2929 1326 3238 1397 episcopus,
3290 1343 3482 1382 servus
3519 1342 3802 1383 servorum
3840 1325 3963 1393 Dei,
3993 1322 4104 1380 Oeli

2528 1419 2843 1475 Cacsraeoo
2884 1416 3203 1492 [Gaufredo]
3230 1418 3600 1484 Rhedonensi,
3632 1418 3761 1472 item
3788 1418 4105 1472 Gacsrneoo

2530 1510 2641 1565 tilio
2671 1509 2931 1577 Eudonis,
2962 1510 3234 1565 nobilibus
3280 1509 3573 1565 comitibus
3619 1507 3935 1573 Britanniae,
3961 1506 4106 1562 salu—

2532 1613 2637 1657 tem
2666 1611 2720 1656 et
2747 1602 3101 1672 apostolicam
3138 1601 3593 1657 benedictionem.

2602 1692 2720 1748 Non
2772 1693 3023 1765 ignorare
3048 1709 3148 1748 vos
3186 1693 3461 1748 credimus
3497 1700 3755 1761 quantam
3803 1689 4106 1745 molestiam

2532 1794 2903 1856 quantamque
2977 1784 3444 1855 perturbationem
3522 1783 3789 1838 sustineat
3858 1776 4110 1836 Dolensis

2536 1875 2803 1943 Ecclesia,
2868 1885 2924 1931 et
2981 1875 3255 1932 confrater
3314 1883 3501 1929 noster
3562 1872 3784 1929 Evetius
3834 1871 4108 1945 [Everiusl

2539 1969 2999 2039 archiepiscOpus,
3029 1983 3191 2038 quem
3246 1966 3320 2021 ibi
3369 1964 3760 2031 ordinavimus,
3801 1964 3870 2019 ab
3897 1963 3991 2017 illo
4016 1962 4131 2032 qui'

2538 2062 2689 2131 prius
2725 2061 2907 2117 sedem
2947 2076 3251 2130 occupans,
3300 2073 3365 2112 ac
3413 2056 3757 2111 remordente
3805 2069 3932 2109 eum
3986 2051 4114 2108 eon-

2537 2154 2765 2210 scientia
2794 2170 2916 2224 sua,
2938 2162 3000 2207 ut
3029 2153 3249 2218 dicitur,
3273 2149 3629 2219 exspoliatam
3658 2146 3940 2212 deserens,
3967 2159 4115 2200 nunc

2538 2245 2738 2315 injuste
2789 2258 2850 2299 se
2894 2243 3183 2314 expulsum
3236 2240 3605 2310 conqueritur.
3653 2238 3771 2304 Qua
3808 2237 3877 2293 de
3902 2253 3961 2292 re
3986 2251 4111 2292 cum

2539 2334 2796 2406 przefatus
2823 2332 3265 2403 archiepiscopus
3300 2346 3457 2387 suam
3486 2329 3645 2383 nobis
3673 2328 3951 2383 exhiberet
3976 2342 4112 2397 pra:-

3852 728 3983 768 COII
3992 728 4103 768 τες.

2539 2427 2771 2482 sentiam
2796 2443 2810 2492 ;
2841 2425 3101 2501 quoniam
3142 2424 3365 2479 absente
3394 2420 3487 2475 illo
3516 2420 3610 2490 qui
3639 2434 3807 2489 super
3832 2434 3957 2474 eum
3983 2433 4112 2473 con-

2535 2518 2781 2588 queritur
2803 2525 3029 2570 “causam
3057 2510 3511 2570 diseutcre'nulla
3550 2511 3765 2566 ratione
3815 2509 4108 2579 potuimus,

2541 2618 2711 2664 totum
2744 2609 2847 2663 hoc
2874 2607 3153 2677 negotium
3180 2602 3444 2661 confratri
3472 2609 3662 2656 nostro
3690 2598 3906 2671 Hugoni
3933 2598 4108 2654 Diensi

2537 2699 2816 2769 episcopo,
2844 2697 2933 2751 cui
2957 2696 3134 2753 vicem
3170 2703 3414 2749 nostram
3462 2692 3734 2757 dedimus,
3783 2689 4110 2746 committere

2541 2790 2908 2845 necessarium
2971 2787 3249 2851 duximus,
3310 2793 3372 2839 ut
3441 2798 3507 2839 eo
3572 2794 3818 2852 tempore
3880 2790 3936 2836 et
3997 2780 4109 2835 loco

2541 2877 2673 2935 illud
2739 2878 2983 2949 diligenti
3047 2876 3399 2947 inquisitione
3441 2882 3805 2945 pertractare
3881 2889 3946 2929 ac
3979 2872 4108 2929 ditii—

2542 2971 2663 3027 nire
2726 2970 2961 3035 studeat,
3032 2968 3123 3024 ubi
3206 2966 3300 3036 qui
3349 2965 3406 3019 in
3470 2966 3573 3020 hac
3635 2979 3805 3021 causa
3869 2964 4110 3033 utrinque

2542 3061 2839 3119 necessarii
2870 3060 2980 3117 sint
3015 3058 3306 3115 convenire
3331 3064 3386 3111 et
3412 3056 3676 3120 interesse
3703 3055 3943 3109 valeant.
3999 3052 4109 3108 Sta-

2543 3154 2749 3210 tuimus
2792 3153 2939 3209 enim
3002 3148 3288 3221 praefatum
3341 3145 3672 3202 confratrem
3738 3153 3795 3199 et
3856 3143 4106 3199 vicariqu

872 3243 1111 3300 bendum
1143 3242 1479 3321 intelligeret.
1511 3250 1713 3308 Verum
1738 3254 1866 3324 quia
1894 3234 2109 3310 Diensis
2136 3255 2445 3325 episcopus,
2472 3284 2476 3311 ‹

2547 3252 2797 3307 nostrum
2817 3240 3102 3297 celebrare
3115 3239 3408 3296 concilium
3430 3244 3651 3307 propter
3671 3234 3843 3288 multa
3856 3243 3911 3288 et
3930 3247 4106 3303 magna

873 3345 936 3390 ut
961 3336 1222 3405 diximus,
1255 3342 1492 3415 praesens
1516 3344 1721 3412 aderat,
1750 3344 2129 3401 commisimus
2148 3346 2256 3401 sibi
2280 3361 2444 3416 nego—

875 3430 1011 3485 tium
1057 3431 1222 3501 istud,
1269 3441 1330 3491 ut
1375 3436 1430 3490 in
1461 3428 1696 3493 concilio
1742 3454 1853 3509 quo
1894 3454 2115 3494 causam
2163 3437 2447 3496 Remensis

874 3518 1268 3598 archiepiscopi
1322 3531 1378 3578 et
1432 3524 1666 3580 aliorum
1736 3526 2116 3596 episcoporum
2184 3525 2445 3597 Franciae,

877 3607 1133 3676 adjuncto
1178 3609 1284 3665 sibi
1340 3613 1534 3669 abbate
1586 3613 1954 3681 Cluniacensi,
1982 3614 2313 3670 tractaturus
2340 3625 2445 3683 est,

880 3694 1044 3770 etiam
1070 3696 1175 3752 hoc
1200 3702 1523 3769 regulariter
1554 3702 1787 3758 dillinire
1814 3713 2085 3772 procaret.
2114 3705 2451 3774 Quapropter

878 3780 1236 3839 admonemus
1273 3795 1328 3841 et
1362 3802 1462 3843 vos
1485 3797 1547 3843 ut
1570 3789 1769 3844 ibidem
1795 3798 1891 3843 aut
1914 3790 2050 3845 alter
2070 3799 2331 3856 vestrum,
2359 3800 2453 3845 aut

876 3870 1057 3937 ambo,
1089 3872 1206 3926 ﬁeri
1242 3868 1434 3955 possit,
1454 3876 1672 3943 adsitis,
1696 3886 1752 3932 et
1773 3878 2057 3948 episc0pos
2082 3894 2147 3933 ac
2168 3879 2451 3950 religiosos

876 3960 1098 4017 abbates
1122 3962 1271 4019 illius
1294 3966 1586 4034 parochiae,
1614 3982 1728 4023 nec
1772 3982 1882 4021 non
1931 3966 2159 4022 clericos
2186 3975 2242 4022 et
2282 3967 2453 4023 laicos

864 4052 1118 4121 ejusdem
1135 4053 1407 4123 Ecclesiae,
1430 4057 1524 4128 qui
1540 4058 1849 4113 utramlibet
1864 4067 2069 4128 partem
2092 4067 2186 4113 aut
2198 4048 2455 4117 accusare

876 4151 972 4198 aut
987 4144 1271 4203 defendere
1300 4148 1480 4204 idonei
1504 4140 1806 4215 videantur,
1828 4150 2017 4205 adesse
2039 4150 2448 4207 commoneatis.

879 4230 1238 4295 Procurantes
1261 4240 1425 4295 etiam
1440 4247 1502 4296 ut
1517 4239 1813 4311 Anglorum
1830 4256 1924 4295 rex
1941 4256 2007 4295 ex
2022 4255 2123 4295 sua
2143 4247 2295 4310 parte
2306 4239 2453 4312 lega-

878 4330 996 4378 tum
1013 4325 1139 4382 illuc
1153 4329 1349 4400 dirigat
1362 4339 1473 4387 tam
1489 4331 1808 4402 prudentem
1828 4346 1991 4401 quam
2009 4331 2317 4402 religiosam
2331 4341 2455 4402 per-

883 4429 1075 4469 sonam
1099 4433 1114 4483 ;
1143 4413 1408 4487 quatenus
1426 4438 1589 4479 causa
1611 4422 1737 4490 ista,
1767 4423 1980 4478 sublato
2008 4421 2194 4479 favore
2218 4422 2453 4492 partium

806 4541 814 4549 μ
883 4506 1142 4577 omnique
1191 4512 1461 4585 personali
1516 4515 1844 4583 acceptione,
1889 4515 1958 4570 ad
2001 4514 2253 4570 eﬂ‘ectum
2293 4513 2489 4585 justas

2549 3335 2763 3407 negotia
2787 3348 2908 3404 quae
2929 3333 2986 3387 in
3013 3347 3181 3407 regno
3206 3329 3544 3385 Francorum
3568 3340 3788 3382 emersa
3814 3323 4109 3395 apostolica:

2547 3425 2887 3481 auctoritatis
2938 3421 3339 3479 examinatione
3384 3427 3549 3488 atque
3592 3415 3803 3487 judicio
3833 3414 4102 3485 indigent:

2548 3517 2642 3573 ubi
2668 3526 2723 3572 et
2756 3517 2862 3571 hoc
2889 3514 3186 3587 negotium,
3216 3510 3329 3566 Deo
3362 3508 3681 3573 auxiliante,
3712 3505 3934 3561 diﬂlniri
3959 3503 4103 3560 volu-

2547 3612 2673 3664 mus
2701 3616 2863 3679 atque
2891 3619 3197 3661 censemus.
3228 3601 3572 3671 Quapropter
3597 3598 3833 3653 multum
3862 3608 4102 3667 rogamus

2549 3707 2604 3754 et
2631 3699 2988 3754 admouemus
3013 3693 3388 3752 excellentiam
3418 3699 3675 3756 vestram,
3703 3698 3767 3743 ut
3795 3688 3922 3743 huic
3942 3701 4105 3741 causa:

2549 3792 2814 3858 quantum
2843 3787 3071 3857 potestis
3107 3799 3329 3855 operam
3355 3781 3519 3848 detis,
3573 3788 3629 3835 et
3681 3779 3966 3850 episcopos
4013 3789 4104 3830 nec

2550 3868 2660 3934 non
2691 3878 2975 3948 religiosos
2998 3875 3224 3929 abbates
3253 3883 3411 3927 terrae
3438 3871 3606 3937 illius,
3651 3868 3883 3924 clericos
3906 3874 4105 3939 Quoque

2551 3976 2607 4024 et
2630 3968 2802 4023 laicos
2820 3965 3067 4037 ejusdem
3093 3962 3371 4028 Ecclesiae,
3420 3960 3516 4033 qui
3552 3959 3731 4014 idonei
3762 3967 3872 4013 tam
3899 3956 4101 4013 scientia

2551 4072 2719 4128 quam
2741 4056 3000 4128 religione
3022 4053 3328 4128 videantur,
3380 4050 3451 4106 ad
3500 4047 3784 4121 praefatum
3814 4047 4097 4110 concilium,

2548 4124 2704 4220 juxta
2755 4124 2903 4219 quod
2935 4146 3091 4201 vehis
3118 4124 3482 4216 signiﬁcatum
3527 4140 3712 4207 fuerit,
3752 4137 4124 4202 conveniatis;'

2551 4222 2841 4311 quatenus,
2868 4236 3169 4309 opitulante
3193 4235 3375 4290 divina
3401 4233 3707 4300 clementia,
3733 4246 3831 4302 per
3857 4231 4095 4286 sinceram

2552 4330 2977 4405 explorationem
3032 4327 3089 4382 in
3142 4322 3280 4388 hac}
3299 4333 3467 4379 causa
3502 4323 3599 4378 Dei
3623 4323 3889 4394 quidquid
3910 4316 4096 4390 justiti:

2553 4431 2609 4479 et
2658 4422 2849 4492 populi
2882 4406 3139 4490 requirat
3189 4416 3340 4471 salus
3390 4415 3667 4469 evidenter
3720 4418 4008 4483 appareat,
4053 4416 4099 4462 et

2555 4512 2736 4568 decisa
2775 4510 2993 4581 penitus
3033 4509 3138 4563 hac
3162 4507 3273 4561 lite
3298 4512 3353 4560 et
3386 4503 3750 4574 querimonia,
3796 4502 3889 4556 diu
3931 4508 3984 4554 et
4028 4498 4096 4552 ni-

886 4595 1243 4663 ditlinitionis,
1272 4595 1383 4653 Deo
1411 4598 1751 4687 disponente,
1776 4604 2059 4670 perveniat
2082 4622 2097 4659 :
2118 4608 2184 4687 et
2212 4604 2358 4673 quod
2386 4602 2461 4658 ibi
2491 4600 2538 4656 D
2561 4603 2731 4659 mium
2761 4602 2977 4687 indigne
3002 4600 3258 4663 lacerata,
3312 4610 3488 4687 quam!
3523 4591 3734 4687 praefati
3782 4605 3966 4647 sumus

888 4687 1013 4743 inde
1041 4696 1306 4743 statutum
1350 4705 1416 4745 ac
1455 4687 1739 4747 diliinitum
1775 4690 1958 4757 fuerit,
1993 4694 2067 4746 ita
2095 4694 2166 4748 ab
2199 4693 2453 4749 omnibus

867 4793 1130 4834 consona
1158 4794 1291 4835 voce
1326 4779 1700 4850 sententiaque
1725 4780 1990 4846 ﬁrmetur,
2019 4787 2082 4835 ut
2107 4780 2456 4836 ealumniosa:

2553 4693 2725 4749 lensis
2750 4681 2991 4749 Ecclesia
3036 4705 3133 4761 per
3152 4685 3583 4755 misericordiam
3620 4682 3717 4738 Dei
3740 4691 3916 4738 vestro
3941 4677 4095 4770 studio

2556 4794 2844 4855 vestraque
2876 4784 3101 4854 juvante
3145 4789 3200 4836 et
3224 4784 3552 4851 procurante
3597 4775 3859 4846 potentia,
3896 4768 4095 4840 receptis

890 4872 1332 4939 proclamationis
1349 4871 1689 4943 improbitas,
1720 4879 1776 4926 et
1799 4870 2118 4927 reiterandte
2143 4871 2463 4939 quaestionis
2558 4876 2719 4932 bonis
2747 4876 2890 4942 suis,
2927 4889 3114 4945 pacem
3141 4872 3305 4927 etiam
3323 4879 3378 4925 et
3404 4867 3848 4938 tranquillitatem
3865 4862 4093 4932 recipere.

894 4961 1075 5016 omnis
1125 4965 1361 5036 undique
1389 4965 1607 5029 occasio
1658 4964 1945 5034 omnisque
1983 4961 2198 5035 penitus
2244 4960 2459 5015 licentia

897 5051 1199 5107 decidatur.

972 5141 1105 5197 Data
1149 5141 1429 5200 Lateranis
1484 5147 1778 5203 undecimo
1814 5145 2080 5201 Kalendas
2114 5142 2290 5211 Junii,
2322 5142 2464 5198 indi-

901 5234 1081 5291 ctione
1106 5234 1301 5306 prima.
1344 5252 1347 5255 λ

2499 4955 2503 4958 λ
2562 4974 2617 5019 et
2648 4966 2706 5019 in
2749 4972 2893 5020 statu
2919 4978 3038 5021 sua;
3074 4959 3464 5019 incolumitatis
3507 4957 3695 5013 venire
3730 4964 3789 5010 et
3812 4959 4097 5025 pet-mum

2564 5055 2766 5200 vaIit:
2788 5141 3081 5197 Lateranis
3109 5139 3393 5212 [Laurenti
3422 5154 3479 5212 at
3518 5135 3638 5190 Kal.
3668 5131 3819 5204 Maii]
3841 5124 4096 5222 undecimo

2563 5232 2831 5289 Kalendas
2856 5229 3029 5298 Junii,
3053 5227 3346 5284 indictione
3370 5227 3568 5296 prima.

1737 5364 2091 5453 LIBER
2156 5365 2607 5455 SEXTUS
2685 5356 3279 5452 REGISTRI.

1088 5492 1268 5554 Anno
1297 5492 1636 5553 Dominicw
1666 5491 2134 5570 Incarnatiouis
2164 5490 2483 5552 millesimo
2510 5491 2961 5572 septuagesimo
3023 5494 3263 5557 octavo,
3295 5478 3643 5542 indictione
3666 5473 3948 5538 secunda.

1383 5611 1721 5669 EPISTOLA
1754 5610 1987 5665 PRIMA.

1487 5702 1556 5740 ιι)
1594 5697 1888 5740 θειωλκοε.

1494 5756 1676 5824 (Anno
1700 5751 1885 5820 1078.)
1908 5821 1919 5831 _

922 5821 1096 5878 Hom
1134 5841 1196 5881 ne
1244 5826 1450 5895 {aream
1505 5820 1623 5879 nere
1658 5821 2037 5877 communicent
2094 5821 2160 5874 iis
2206 5820 2294 5891 qui
2343 5833 2466 5872 cou-

2561 5662 2567 5667 .
2651 5622 2736 5666 tra
2789 5610 3130 5665 interdictum
3150 5602 3457 5674 apostolica:
3499 5598 3639 5674 sedis
3666 5595 4095 5674 impaireconff

2654 5660 2739 5734 tu;
2766 5660 3070 5735 concentum
3084 5660 3456 5746 episcoporum
3475 5660 4095 5746 et_laicorum-@abqélt§

2658 5732 3087 5818 thesiege.
3115 5732 3448 5818 iupos'toticis
3509 5740 3574 5794 de
3620 5740 3747 5810 jure

2663 5805 3045 5887 Bodulphi'iu
3115 5805 3511 5865 Te'utonicorum
3562 5805 3741 5879 regno.
3793 5805 4093 5862 Iniurium

3894 5975 4218 6354 ,Δ
