4218 6406
251 432 341 487 500

311 627 513 674 turum.

310 707 618 763 GREGOBIUS
663 709 972 779 episcopus,
1020 727 1208 766 servus
1236 728 1514 768 servorum
1538 713 1652 777 Dei,
1684 729 1805 767 om-

249 799 398 853 nibus
426 799 643 853 clericis
667 808 722 853 et
746 799 899 855 laicis
924 802 976 854 in
1009 816 1173 871 regno
1212 801 1510 857 Teutonico
1541 803 1808 858 constitu-

252 889 329 954 tis,
379 889 476 958 qui
521 890 1092 946 excommunicationis
1144 893 1362 947 vinculo
1401 909 1509 948 non
1536 902 1806 959 tenentur,

250 977 472 1032 salutem
509 989 559 1033 et
590 981 940 1048 apostolicam
971 982 1418 1036 benedictionem.

312 1067 442 1133 Quae
489 1079 544 1123 et
592 1078 795 1139 quanta
835 1087 964 1126 cura
1009 1073 1164 1126 nobis
1196 1071 1358 1149 fuerit
1385 1084 1437 1128 et
1465 1085 1565 1140 est,
1591 1084 1649 1129 ut
1682 1091 1807 1144 pes-

252 1159 446 1214 tilentia
474 1169 529 1214 et
557 1161 737 1217 clades
766 1172 820 1217 et
845 1163 1107 1218 desolatio
1156 1181 1186 1218 a
1230 1164 1411 1220 vestro
1463 1183 1630 1244 regno
1659 1167 1810 1222 aufe-

254 1257 414 1315 ratur,
445 1259 499 1304 et
529 1266 656 1320 pax,
684 1253 940 1309 honestas
966 1263 1018 1308 et
1054 1255 1273 1310 solitum
1317 1258 1482 1312 decus
1512 1259 1663 1314 vobis
1688 1261 1810 1314 red-

252 1340 422 1406 datur,
453 1343 507 1396 in
531 1346 738 1414 synodo
768 1362 889 1417 quae
938 1348 1040 1402 hoc
1090 1365 1233 1403 anno
1279 1350 1333 1404 in
1388 1349 1810 1424 Quadragesima

253 1430 428 1487 Roma:
471 1435 740 1492 celebrata
793 1437 897 1492 fuit
941 1439 1354 1496 decla'ravimus.
1417 1441 1630 1497 Judicio
1665 1445 1810 1499 enim

255 1524 415 1577 sancti
455 1524 692 1595 Spiritus
735 1530 1074 1585 decrevimus
1121 1540 1175 1585 et
1225 1534 1590 1601 praecipimus,
1650 1545 1710 1590 ut
1758 1537 1810 1592 in

255 1631 411 1686 regno
446 1628 628 1674 vestro
656 1629 953 1681 conventus
1006 1623 1249 1678 omnium
1301 1623 1700 1698 epiSCOporum,
1759 1639 1814 1684 et

254 1722 429 1766 eorum
452 1709 715 1764 laicorum
741 1712 829 1781 qui
853 1712 1021 1767 Deum
1050 1714 1240 1768 timent
1265 1721 1319 1769 et
1339 1714 1478 1769 inter
1505 1732 1602 1770 vos
1623 1733 1810 1786 pacem

255 1797 566 1868 desiderant,
604 1802 785 1870 fieret;
832 1812 886 1858 et
926 1820 1109 1859 coram
1167 1806 1369 1860 nostris
1405 1807 1596 1877 legatis
1624 1809 1810 1863 decer-

257 1903 460 1947 neretur
511 1895 558 1948 si
605 1888 838 1951 Henrico
884 1898 965 1950 vel
1023 1897 1342 1968 Rodulpho,
1386 1901 1479 1970 qui
1535 1902 1602 1956 de
1655 1896 1805 1974 regni
1839 1891 1881 1946 Β

257 1981 605 2052 gubernaculo
653 1985 793 2039 inter
844 2002 903 2040 se
951 1987 1228 2043 decertant
1257 2030 1270 2053 ,
1323 1991 1553 2060 amplius
1595 1994 1806 2063 justitia

258 2069 465 2128 faveret.
521 2073 778 2144 lnjustior
830 2078 976 2132 enim
1033 2094 1157 2148 pars
1214 2082 1423 2137 ratione
1471 2084 1701 2152 devicta,
1756 2097 1810 2143 et

258 2161 387 2217 beati
415 2162 555 2218 Petri
593 2168 914 2223 auctoritate
946 2172 1257 2240 constricta,
1286 2172 1527 2230 "facilius
1575 2179 1806 2246 cederet,

223 2244 303 2307 ἐι
327 2254 393 2313 ab
441 2256 660 2316 interitu
712 2259 1019 2320 animarum
1072 2273 1127 2319 et
1175 2281 1484 2336 corporum,
1543 2270 1653 2326 Deo
1686 2289 1812 2343 pro—

259 2345 486 2414 pitiante,
512 2359 769 2406 cessaret.
802 2350 1008 2408 Iustior
1039 2372 1168 2411 vero
1190 2373 1319 2429 pars
1344 2362 1577 2428 amplius
1604 2364 1670 2417 de
1701 2364 1811 2420 Deo

258 2445 549 2513 confideret,
573 2458 627 2502 et
645 2448 825 2517 adjuta
847 2451 987 2503 beati
1009 2450 1152 2505 Petri
1195 2461 1476 2521 potestate,
1494 2463 1547 2508 et
1567 2457 1809 2512 omnium

255 2525 504 2602 justitiam
531 2538 870 2609 diligentiam
906 2555 1195 2607 consensu,
1227 2543 1293 2596 de
1334 2543 1559 2600 victoria
1589 2548 1812 2603 omnino

259 2638 504 2693 speraret,
567 2647 743 2701 neque
793 2641 1076 2702 utramque
1126 2643 1354 2690 mortem
1403 2637 1632 2693 timeret.
1706 2639 1812 2696 Sed

259 2719 378 2787 quia
400 2723 638 2789 pervenit
664 2724 731 2779 ad
759 2740 858 2780 nos
879 2726 1024 2795 quod
1047 2725 1251 2782 inimici
1285 2727 1378 2782 Dei
1409 2739 1462 2783 et
1489 2731 1582 2784 tilii
1613 2731 1812 2787 diaboli

260 2813 466 2881 quidam
525 2818 667 2888 apud
719 2834 817 2875 vos
872 2829 1058 2876 contra
1105 2821 1452 2877 interdictum
1506 2826 1816 2894 apostolica:

261 2905 395 2962 sedis
423 2911 732 2978 praedictum
762 2922 1085 2968 conventum
1115 2925 1466 2983 procurarent
1514 2917 1566 2970 in
1598 2918 1812 2972 irritum

261 2997 464 3065 ducere,
493 3009 545 3054 et
572 3017 680 3056 non
703 3003 937 3071 justitia,
976 3005 1069 3058 sed
1097 3006 1350 3072 superbia
1383 3022 1447 3060 ac
1475 3008 1641 3063 totius
1664 3010 1814 3080 regni

262 3089 574 3147 desilatione
621 3109 750 3149 suas
797 3095 1118 3165 cupiditates
1167 3098 1420 3153 anhelent
1475 3099 1716 3170 implere,
1764 3113 1818 3158 et

263 3179 610 3239 Christianam
644 3188 956 3258 religionem
979 3188 1276 3256 destruere,
1303 3207 1588 3249 monemus
1617 3212 1733 3260 vos,
1765 3207 1818 3251 et

264 3289 320 3327 ex
355 3287 499 3344 parte
519 3279 662 3333 beati
698 3280 840 3335 Petri
871 3281 1212 3349 praecipimus
1253 3291 1314 3337 ut
1336 3285 1552 3345 .talibus
1608 3290 1815 3343 nullum

266 3364 574 3433 adjutorium
610 3370 914 3438 prazbeatis,
949 3387 1120 3440 neque
1157 3372 1264 3428 illis
1294 3378 1728 3433 communicetis.
1757 3379 1815 3434 In

266 3455 501 3524 praedicta
526 3458 670 3512 enim
694 3461 898 3531 synodo
918 3461 1027 3530 jam
1066 3477 1255 3518 omnes
1285 3474 1412 3519 sunt
1441 3471 1816 3524 excommuni-

268 3546 480 3604 cationis
508 3558 560 3604 et
589 3553 951 3608 anathematis
981 3552 1196 3610 vinculo
1217 3557 1477 3624 innodati,
1514 3569 1568 3614 et
1602 3570 1662 3614 ut
1697 3564 1820 3616 nul-

268 3633 367 3693 lam
425 3642 700 3697 victoriam
755 3645 967 3712 possint
1015 3647 1288 3713 obtinere,
1326 3641 1621 3719 potestate
1676 3640 1820 3709 beati

269 3726 400 3786 Petri
429 3741 550 3799 sunt
583 3733 805 3805 alligati,
851 3745 912 3790 ut
953 3737 1143 3813 saltem
1171 3741 1345 3794 coacti
1373 3742 1816 3814 confundantur,

269 3828 318 3875 et
340 3837 369 3878 a
397 3834 559 3880 morte
582 3826 887 3881 animarum
920 3845 1142 3885 suarum
1170 3840 1225 3886 et
1247 3832 1581 3891 desolatione
1633 3839 1822 3908 patriae

270 3923 447 3970 vestra:
465 3927 802 3974 revocentur.
829 3917 938 3974 Vos
959 3931 1161 3989 autem,
1187 3923 1379 3980 fratres
1403 3927 1730 3993 cbarissimi,
1755 3931 1822 3984 de

272 4020 350 4061 me
375 4009 513 4064 nullo
539 4011 702 4064 moJo
727 4011 1002 4078 dubitetis,
1043 4015 1186 4082 quod
1232 4015 1448 4084 injustas
1474 4020 1612 4087 parti
1645 4022 1823 4076 scien-

272 4103 346 4151 ter
391 4097 566 4167 aliquo
616 4099 778 4155 modo
809 4099 1038 4156 faveam.
1089 4102 1257 4175 Magis
1297 4108 1440 4162 enim
1492 4125 1590 4179 pro
1641 4124 1820 4169 vestra

272 4187 429 4242 salute
456 4190 703 4267 desidero
733 4201 962 4246 mortem
1005 4194 1207 4263 subire,
1235 4214 1400 4268 quam
1437 4203 1604 4259 totius
1634 4206 1819 4261 mundi
1867 4210 1869 4213 ’

272 4277 478 4347 gloriam
529 4282 596 4336 ad
649 4291 892 4338 vestrum
939 4285 1217 4342 interitum
1273 4293 1531 4360 arripere.
1578 4294 1732 4359 Quod
1773 4298 1819 4350 si

271 4369 424 4440 aliqui
473 4373 540 4429 de
589 4373 824 4439 falsitate
867 4378 1055 4433 conﬁsi
1102 4381 1293 4435 litteris
1340 4384 1420 4436 vel
1457 4385 1634 4440 verbis
1666 4388 1854 4441 aliter.

270 4462 413 4517 vobis
436 4465 808 4535 indicaverint,
855 4471 1003 4524 nullo
1059 4473 1220 4526 modo
1262 4475 1369 4528 illis
1412 4477 1814 4545 acquiescatis:

1361 437 1563 492 LIBER
1599 437 1889 493 SEXTUS.
1926 469 1995 479 --
2029 438 2246 495 EPIST.
2288 440 2350 494 ll.

310 549 556 600 certiores
602 553 734 617 [acrt
770 564 824 601 se
871 549 1017 601 nullo
1070 551 1220 603 modo
1257 552 1468 622 injusta:
1502 554 1644 621 parti
1687 554 1806 623 fau-
1836 554 1882 609 Α

3373 440 3476 496 510

2474 552 2808 608 EPISTOLA
2845 554 2907 607 ιι.

2098 659 2162 696 ΑΙ)
2202 659 2466 697 ΜΑΝΑδδεΜ
2507 660 2781 698 REMFNSEM
2836 661 3298 699 Αιιωιιιῖιδιδίῑοινιῖδι.

2495 734 2674 804 (Anno
2714 736 2896 803 1078.)

1914 848 2154 903 Ostendit
2175 849 2372 919 legatos
2395 849 2654 908 Romanos
2682 867 2790 901 esse
2832 867 2932 902 non
2965 859 3166 902 tantum
3193 851 3280 918 qui
3307 849 3485 904 Roan

1979 920 2092 970 nati
2115 919 2192 972 vel
2219 920 2450 983 educati,
2479 929 2569 971 aut
2597 919 2662 970 ad
2689 919 2920 987 aliquam
2945 921 3337 988 ibidiguitatem
3363 937 3485 988 pro-

1982 989 2110 1041 moti
2139 997 2278 1052 sunt,
2314 990 2403 1041 sed
2424 1005 2597 1041 omnes
2623 989 2808 1057 quitus
2830 989 3095 1041 Romanus
3140 991 3374 1058 pontifex
3408 992 3486 1043 ri-

1981 1074 2062 1128 c_es
2088 1075 2211 1110 suas
2254 1060 2553 1128 committit.
2601 1058 2930 1126 Quapropter
2971 1075 3086 1110 cum
3131 1061 3304 1128 arguit
3349 1059 3486 1128 quod

1983 1126 2165 1199 Dimisi
2184 1129 2422 1196 episcopo
2445 1127 2615 1196 legato
2640 1145 2734 1180 suo
2765 1144 2863 1180 non
2907 1126 3489 1199 obtemperaverit,pri-

1981 1197 2170 1266 vilegia
2192 1214 2409 1266 quoque,
2434 1207 2589 1267 prout
2612 1199 2891 1250 necessitas
2916 1197 2991 1250 vel
3015 1198 3219 1250 utilitas
3240 1197 3488 1267 exegerit,

1977 1281 2126 1334 posse
2149 1268 2483 1320 commutari.
2513 1266 2688 1336 Monet
2710 1277 2765 1319 ut
2789 1285 2966 1320 coram
2981 1268 3163 1336 legatis
3189 1284 3240 1320 se
3261 1268 3322 1320 de
3338 1266 3489 1335 'obje-

1978 1337 2075 1407 etis
2102 1338 2350 1389 canonice
2369 1346 2571 1407 purget.
2598 1335 2797 1407 Scribit
2817 1353 2908 1406 per
2927 1335 3132 1390 litteras
3173 1353 3296 1389 suas
3338 1353 3489 1389 utan-

1977 1404 2130 1476 dasse
2154 1416 2208 1458 ut
2232 1423 2347 1475 qua:
2369 1404 2486 1475 ipse
2497 1407 2559 1459 de
2581 1404 2847 1459 nonnullis
2862 1407 3122 1476 episcopis
3147 1408 3490 1476 conquereba-

1984 1484 2070 1526 tur
2090 1475 2486 1546 indagarentur,
2513 1485 2561 1530 et
2585 1478 2829 1529 canonice
2841 1475 3229 1544 judicarentur.

1982 1566 2287 1622 GBEGORIUS
2323 1568 2631 1638 episcopus,
2671 1584 2861 1622 servus
2889 1584 3170 1621 servorum
3221 1567 3336 1631 Dei,
3372 1566 3486 1620 Ms-

1914 1671 2085 1709 mssa:
2139 1655 2393 1710 Remensi
2427 1657 2837 1726 archiepiscOpo
2869 1657 3098 1711 salutem
3137 1665 3188 1709 ct
3226 1655 3485 1726 apostoli-
3525 1693 3531 1699 .

1913 1762 2032 1800 eam
2058 1747 2506 1801 benedictionem.

1981 1837 2117 1894 Cum
2138 1853 2237 1892 vos
2267 1854 2328 1892 ea
2350 1855 2379 1891 a
2406 1839 2531 1892 sede
2558 1837 2848 1906 apostolica
2878 1836 3136 1906 flagitatis
3162 1852 3282 1906 quae
3311 1846 3365 1890 et
3391 1839 3491 1892 ho-

1911 1944 2098 1983 norem
2128 1930 2452 1998 praesulatus
2479 1929 2641 1981 vestri
2673 1928 3018 1991 condeceant,
3043 1935 3095 1980 et
3131 1943 3158 1979 a
3184 1929 3492 1994 praeceden-

1909 2017 2043 2071 tium
2073 2017 2295 2072 Patrum
2325 2018 2740 2072 auctoritatibus
2770 2032 3110 2086 nequaquam
3141 2016 3483 2080 dissentiant,

1911 2107 2135 2163 fidentes
2154 2109 2338 2178 petite,
2366 2122 2460 2176 spe
2489 2107 2778 2162 certissimi
2799 2108 3066 2176 postulate
3088 2107 3318 2162 scientes
3339 2107 3489 2161 omni

1911 2199 2263 2270 ambiguitate
2288 2201 2624 2253 remota'nos
2656 2199 3007 2268 petitionibus
3032 2198 3345 2268 huiusmodi
3391 2215 3491 2269 pa-

1913 2298 2059 2344 ratos
2090 2303 2348 2351 aunuere,
2381 2303 2503 2342 cum
2531 2287 2658 2357 quia
2688 2305 2784 2342 vos
2818 2286 3058 2342 fraterna
3103 2288 3391 2342 dilectione
3436 2287 3491 2341 in

1910 2379 2130 2433 Christo
2158 2366 2700 2446 amplectimurptum
2753 2379 2916 2431 etiam
2971 2377 3324 2430 nihilominus
3363 2377 3493 2445 quia

1876 2525 1882 2529 Α
1912 2467 1978 2522 ad
2006 2468 2119 2522 hzec
2139 2466 2497 2536 quorumdam
2535 2466 2772 2519 fidelium
2808 2475 3119 2520 nostrorum
3152 2466 3244 2535 qui
3282 2482 3377 2520 vos
3410 2467 3492 2519 di-

1913 2557 2086 2626 ligunt
2107 2556 2360 2625 precibus
2383 2563 2437 2610 et
2463 2555 2950 2610 interventionibus
2974 2556 3177 2610 sedulis
3209 2573 3492 2625 promove—

1914 2664 2055 2702 mur.
2088 2647 2352 2715 Quocirca
2386 2646 2775 2701 fraternitatem
2807 2656 3039 2702 vestram
3067 2656 3306 2716 rogatam
3329 2658 3494 2718 atque

1914 2738 2298 2794 communitam
2321 2737 2572 2792 volumus
2610 2751 2678 2790 ne
2733 2735 2926 2790 debeat
2977 2736 3210 2806 graviter
3256 2736 3395 2790 ferre
3446 2738 3493 2791 si

1913 2829 2229 2884 Studeamus
2255 2828 2323 2882 ad
2351 2835 2563 2896 tempus
2584 2841 2682 2895 pro
2709 2825 2989 2879 communi
3019 2827 3301 2892 honestate
3332 2836 3496 2896 atque

1915 2918 2155 2987 proficuo
2190 2917 2354 2985 petita
2378 2923 2567 2969 contra
2595 2914 2881 2967 utilitatem
2910 2913 3166 2969 Ecclesia:
3201 2915 3489 2986 denegare.

1918 3007 2041 3063 llzcc
2064 3015 2244 3062 autem
2274 3006 2456 3060 omnia
2501 3006 2568 3058 ad
2597 3004 2650 3059 id
2704 3006 2983 3075 praemissa
3025 3006 3305 3070 noveritis,
3367 3009 3494 3076 quia

1919 3101 2101 3170 petitis
2145 3100 2200 3153 in
2229 3097 2426 3155 litteris
2471 3097 2669 3152 vestris
2712 3113 2802 3163 ne,
2852 3097 3113 3152 adversus
3158 3099 3498 3169 privilegium

1920 3191 2064 3258 quod
2090 3190 2158 3242 ab
2180 3189 2283 3242 hac
2308 3187 2600 3256 apostolica
2654 3187 2781 3241 sede
2832 3203 2929 3242 vos
2976 3187 3173 3242 habere
3233 3187 3495 3254 fatemini,

1919 3279 2186 3348 cogamini
2218 3279 2320 3330 nisi
2353 3277 2454 3330 soli
2490 3277 2624 3329 mihi
2657 3285 2751 3329 aut
2791 3275 3052 3330 Romanis
3100 3277 3290 3346 legatis
3337 3294 3500 3347 super

1917 3369 2144 3440 objectis
2173 3368 2508 3438 quibuslibet
2535 3366 2883 3436 respondere.
2921 3365 3074 3431 Quod
3105 3367 3149 3420 si
3178 3383 3274 3421 vos
3302 3367 3499 3422 Roma-

1918 3479 2018 3517 nos
2046 3462 2252 3532 legatos
2282 3460 2582 3530 intelligere
2611 3458 2929 3513 videremini
2959 3459 3229 3528 quoslibet
3275 3461 3500 3530 cujusli-

1916 3556 2008 3611 bet
2038 3553 2231 3625 gentis,
2257 3553 2460 3624 quibus
2489 3551 2771 3606 Romanus
2790 3549 3031 3620 pontifex
3079 3553 3316 3622 aliquam
3353 3555 3499 3627 lega-

1919 3646 2121 3699 tionem
2159 3643 2423 3712 injungat,
2454 3643 2539 3696 vel
2571 3631 2736 3712 (quod
2766 3642 2944 3710 majus
2969 3642 3073 3713 est)
3126 3643 3297 3697 vicem
3345 3661 3500 3701 suam

1920 3737 2211 3807 indulgeat,
2225 3743 2279 3789 et
2303 3735 2651 3788 laudat-emus
2672 3749 2803 3788 sane
2823 3734 3008 3802 petita,
3039 3741 3093 3788 et
3122 3735 3300 3803 petitis
3327 3736 3500 3790 libcn-
3566 3774 3570 3778 »

1921 3834 2001 3880 ter
2028 3841 2415 3880 annueremus.
2470 3823 2573 3878 Sed
2608 3825 2736 3895 quia
2786 3825 3160 3894 praemittendo
3217 3825 3497 3891 Romanis,

1920 3918 2176 3972 continuo
2205 3917 2536 3986 subjungitis
2563 3936 2575 3969 :
2615 3914 2731 3970 Non
2755 3915 3205 3980 Ultramontanis,
3260 3917 3499 3971 ostendi-

1920 4009 1989 4063 tis
2016 4024 2113 4062 vos
2149 4015 2355 4060 tantum
2380 4023 2475 4060 eos
2498 4007 2633 4060 velle
2665 4006 2938 4061 Romanos
2963 4007 3162 4060 habere
3185 4009 3390 4077 legatos
3403 4010 3497 4079 qui

1919 4103 2002 4157 vel
2030 4101 2212 4154 Roma:
2237 4099 2368 4163 nati,
2413 4099 2497 4152 vel
2521 4099 2574 4152 in
2621 4099 2862 4153 Romana
2905 4099 3146 4155 Ecclesia
3191 4117 3220 4155 a
3271 4105 3500 4172 parvulo

1919 4192 2152 4257 educati,
2175 4190 2257 4245 vel
2288 4190 2341 4243 in
2370 4189 2556 4243 eadem
2584 4190 2692 4244 sint
2719 4189 2899 4258 aliqua
2928 4191 3193 4259 dignitate
3241 4196 3497 4262 promoti,

1920 4279 2437 4336 miramur‘nimium
2468 4279 2810 4348 prudentiam
2844 4289 3082 4336 vestram
3116 4298 3357 4353 eousque
3379 4301 3500 4354 per-

1917 4375 2134 4428 ductam
2160 4381 2219 4425 ut
2248 4370 2607 4440 precaremini
2653 4364 3084 4428 benevolentiam
3109 4383 3351 4429 nostram
3372 4377 3499 4446 jura

1919 4466 2064 4520 sedis
2090 4464 2402 4534 apostolicae
2433 4464 2629 4519 debere
2661 4466 3003 4530 imminuere,
3042 4466 3203 4536 idque
3246 4469 3402 4525 nobis
3442 4471 3496 4525 in

272 4549 427 4608 Deum
450 4557 592 4611 enim
625 4558 898 4623 timemus,
947 4568 1001 4613 et
1045 4576 1143 4629 pro
1173 4562 1293 4631 ejus
1346 4579 1532 4621 amore
1578 4571 1817 4638 quotidie
1855 4568 1894 4622 ο
1919 4555 2089 4611 solius
2122 4555 2288 4610 vestri
2316 4555 2548 4625 negotiis
2577 4571 2686 4608 non
2709 4555 2906 4608 debere
2936 4555 3102 4610 licere
3127 4558 3272 4628 quod
3321 4559 3374 4612 in
3403 4576 3498 4613 ne-

270 4643 566 4714 allligitnur;
598 4658 654 4702 et
675 4650 797 4704 ideo
818 4653 1126 4720 superbiam
1147 4663 1201 4709 et
1220 4656 1610 4713 oblectamenta
1634 4665 1818 4717 saeculi

271 4735 712 4806 parvipendimus,
741 4743 869 4812 quia
899 4745 1007 4823 cito
1029 4748 1168 4816 apud
1196 4764 1321 4804 eum
1354 4752 1622 4806 consolari
1655 4753 1817 4808 indu-

271 4823 489 4928 bitanter
514 4832 804 4910 credimus.
839 4834 1191 4928 Ompipotens
1216 4848 1271 4894 et
1293 4840 1604 4898 misericors
1652 4843 1815 4914 Deus,

274 4918 359 4985 qui
385 4919 516 4976 ultra
536 4939 709 4992 spem,
755 4928 894 4982 ultra
922 4918 1175 5004 nieritum
1206 4933 1512 5000 miseretur,
1544 4946 1596 4992 et
1631 4955 1816 4992 censo-

277 5007 407 5062 latur
446 5027 530 5066 nos
576 5014 634 5067 in
680 5018 821 5070 outni
847 5017 1184 5076 tribulatione
1232 5033 1413 5078 nostra
1466 5025 1555 5098 (II
1599 5029 1720 5084 Cor.
1757 5030 1815 5101 ι),

279 5099 470 5166 aperiat
500 5120 593 5159 cor
614 5118 856 5163 vestrum
899 5109 955 5165 in
1007 5113 1124 5184 lege
1171 5131 1292 5182 sua,
1333 5125 1388 5170 et
1410 5119 1636 5175 confirm
1673 5099 1819 5184 tvos

280 5185 329 5241 in
344 5197 610 5278 praeceptis
637 5201 844 5266 suis,ut
867 5205 1185 5261 auctoritate
1213 5208 1354 5262 beati
1378 5207 1520 5262 Petri
1545 5226 1576 5265 a
1607 5215 1819 5270 cunctis

280 5285 493 5352 peccatis
517 5289 792 5348 absolutos
827 5310 924 5351 vos
952 5297 1020 5351 ad
1049 5301 1266 5356 caeleste
1308 5317 1530 5372 regnum
1560 5306 1817 5372 perducat

283 5384 598 5444 regnaturos.
1163 5385 1169 5390 ’

342 5462 466 5530 οδω
495 5471 708 5545 Capuae,
738 5474 988 5536 Kalendis
1013 5479 1180 5553 Junii,
1210 5484 1500 5554 indictione
1527 5487 1719 5558 prima.

1920 4647 2079 4717 gotiis
2105 4645 2347 4701 omnium
2378 4644 2804 4712 prtedecessores
2835 4647 3009 4701 nostri
3040 4648 3159 4702 sine
3187 4647 3334 4700 omni
3363 4663 3496 4702 con-

1918 4736 2238 4791 tradictione
2263 4742 2316 4788 et
2340 4734 2548 4787 licitum
2587 4742 2641 4788 et
2667 4735 2969 4806 legitimum
3025 4746 3262 4791 tenuere.
3314 4736 3496 4795 Nostis

1917 4826 2063 4879 enim
2093 4833 2146 4878 et
2181 4821 2372 4877 Osium
2397 4824 2714 4894 episcopum
2743 4825 2797 4878 in
2821 4825 3038 4878 Niczeno
3063 4834 3116 4878 et
3140 4824 3404 4896 Cyrillum
3441 4830 3494 4884 in

1919 4905 2193 4983 Ephesino
2224 4913 2476 4979 concilio,
2516 4913 2885 4968 Romanorum
2914 4913 3030 4967 vice
3075 4914 3304 4982 (eisdem
3367 4935 3496 4973 con-

1919 5006 2257 5076 cedentibus)
2287 5003 2503 5058 iunctos
2520 5003 2689 5057 fuisse
2716 5003 3054 5072 pontificum.
3090 5004 3317 5076 Syagrio
3361 5025 3496 5078 quo.

1917 5112 2024 5167 que
2044 5091 2524 5165 Augustodunensi
2557 5093 2842 5162 episcopo,
2864 5092 3244 5164 Lugdunensis
3275 5098 3494 5153 antisti-

1915 5186 1988 5240 tis
2022 5183 2384 5252 suﬁ‘raganeo,
2415 5197 2608 5251 papam
2632 5181 2954 5254 Gregorium
2986 5183 3043 5253 (Ι.
3081 5199 3140 5248 ιι,
3167 5185 3324 5253 epist.
3356 5188 3495 5240 indi-

1917 5275 2096 5331 ctione
2132 5291 2204 5341 u;
2237 5275 2392 5344 epist.
2420 5275 2542 5344 112)
2587 5275 2891 5330 celebrandi
2931 5275 3199 5342 generalis
3236 5277 3291 5330 in
3324 5277 3492 5330 Gallia

1917 5365 2135 5420 concilii
2181 5365 2354 5420 vicem
2404 5381 2557 5420 suam
2608 5364 2812 5432 legistis
2855 5362 3166 5421 indulsisse.
3219 5366 3323 5420 Sed
3362 5367 3492 5434 quid

1919 5457 2034 5511 haec
2055 5456 2122 5510 de
2155 5456 2425 5525 episcopis
2453 5455 2745 5522 loquimur,
2770 5468 2893 5507 cum
2921 5455 3062 5509 idem
3103 5464 3322 5510 sanctus
3355 5471 3490 5524 papa

1921 5544 2596 5612 monachumquemdam,
2621 5542 2884 5600 Hilarium
2911 5545 3147 5608 nomine,
3198 5545 3253 5596 in
3293 5545 3492 5603 Africa:

1919 5636 2164 5706 partibus
2191 5635 2494 5689 litterarum
2522 5651 2748 5690 suarum
2791 5635 3111 5689 auctoritate
3147 5635 3363 5699 fultum,
3398 5653 3494 5692 us-

1835 5764 1837 5767 ι
1921 5743 2028 5799 que
2055 5726 2188 5780 adeo
2219 5741 2378 5780 suum
2435 5725 2621 5780 fecerit
2674 5741 2794 5780 esse
2825 5723 3081 5777 vicarium
3133 5735 3191 5778 ut
3233 5740 3328 5794 per
3364 5743 3486 5782 eum

1927 5818 2124 5875 ibidem
2151 5818 2440 5876 concilium
2478 5818 2723 5888 generale
2748 5816 3128 5879 celebraretur,
3152 5825 3200 5869 et
3228 5816 3484 5886 quidquid
