4218 6386
175 178 516 300 ,ί

233 437 310 490 7.15

1329 425 1531 483 LIBER
1574 424 1871 482 SEXTUS.
1911 457 1978 464 —
2017 425 2233 479 El‘IST.
2280 424 2338 477 Υ.

3357 417 3464 474 5η

233 546 462 617 perducat
485 555 541 602 et
561 547 629 602 ad
658 544 977 602 societatem
1001 551 1316 599 sanctorum
1342 539 1566 594 Patrum
1594 555 1780 607 perve-
1811 544 1856 597 Α
1881 539 2141 594 canonici
2170 538 2494 592 auctoritate
2531 545 2743 591 servata
2792 536 2844 589 in
2898 534 3171 589 omnibus.
3203 532 3462 589 Contem-

233 640 324 692 nire
350 639 532 694 faciat.

293 733 410 787 Data
439 731 510 784 ad
531 728 796 785 Sanctum
831 724 1192 788 Germanum,
1240 739 1294 777 XI
1326 721 1594 777 Kalendas
1651 721 1783 791 Sep-
1833 753 1838 759 ~

239 823 454 888 temliris,
483 821 597 876 ind.
636 837 672 874 ι.
893 868 902 872 -

754 906 1092 962 EPISTOLA
1126 905 1218 959 IV.

457 1021 526 1059 ιο
564 1017 830 1057 ιιεκιιιεωι
873 1014 1199 1053 ιεουιεκεκιι
1237 1011 1542 1052 EPISCONJM.

799 1090 981 1158 (Anno
1006 1087 1188 1157 1078.)

243 1186 546 1242 Τιιηένὶιαιὶε
567 1199 684 1236 eum
708 1181 889 1252 arguit
904 1180 1044 1252 quod
1086 1181 1269 1232 contra
1313 1177 1564 1232 Romanae
1604 1175 1788 1252 Eccle-

295 1260 377 1310 sia.-
393 1247 938 1308 auctoritatem}:ch
952 1251 1258 1320 jactavcrit,
1291 1257 1559 1317 monetque
1584 1257 1640 1298 ut
1669 1247 1789 1299 ll'e-

296 1325 536 1378 mnboldi
562 1323 838 1390 cujusdam
867 1336 1105 1385 causam,
1135 1322 1224 1389 qui
1254 1335 1308 1371 se
1342 1335 1448 1371 una
1479 1333 1789 1390 cum_uxore

298 1398 476 1464 injus!e
503 1388 662 1464 abue'o
702 1388 1210 1464 excommunicotuin
1247 1388 1786 1464 conquestusfuerat,

297 1457 536 1518 adhibitis
566 1462 860 1516 Trevirensi
887 1461 1190 1522 etJleteusi
1235 1459 1512 1528 episcopis,
1540 1457 1787 1525 definiat;

299 1553 436 1606 quem
461 1537 647 1606 timore
677 1533 858 1606 mortis
878 1548 933 1584 se
957 1530 1243 1606 absolrisse
1271 1531 1344 1606 ait
1360 1545 1377 1593 ;
1411 1537 1793 1606 acceptaspou-

303 1597 428 1659 iionc
477 1605 542 1656 ab
587 1620 647 1656 eo
683 1602 922 1654 omnibus
964 1599 1349 1668 satisfaciendi.
1403 1597 1792 1668 Gorgona-toros

303 1676 476 1744 synodi
513 1673 635 1725 illos
656 1681 855 1744 “vocat,
885 1666 1225 1744 quisynodus
1252 1685 1290 1744 ᾳ
1320 1684 1375 1744 se
1403 1669 1455 1720 in
1495 1666 1793 1719 Teutonicis

301 1738 527 1813 partibus
572 1741 776 1795 indicta
826 1738 1196 1809 impedimento
1239 1738 1435 1808 fuerint
1478 1754 1540 1791 ne
1589 1754 1795 1809 cogere-

302 1828 394 1868 (If.

303 1907 599 1961 Gsscontus
627 1902 939 1972 cpiscopus,
971 1916 1163 1956 servus
1191 1915 1474 1955 servontm
1507 1899 1623 1965 Dei,
1655 1898 1797 1973 Hes-
1831 1881 1871 1932 Β

250 2013 349 2052 ιιςο
393 1994 679 2050 Leodiensi
717 1989 1010 2062 episcopo,
1061 1992 1288 2044 salutem
1337 1999 1391 2043 et
1423 1990 1796 2058 apostolicam

253 2088 679 2148 lntncdictioncm,
733 2084 781 2138 si
811 2081 1277 2150 contemptoribus
1320 2080 1580 2134 Romana:
1607 2081 1796 2150 synodi

253 2179 420 2232 habita:
465 2177 521 2230 iu
564 2174 837 2246 praeterita
867 2173 1294 2242 Quadragesima
1338 2188 1446 2225 non
1495 2170 1801 2226 communi-

252 2280 336 2323 rat.

309 2362 473 2417 Lectis
494 2357 848 2414 fraternitatis
883 2365 989 2410 tuae
1011 2356 1225 2420 litteris,
1260 2370 1367 2408 non
1398 2371 1588 2424 parum
1621 2354 1801 2408 mirati

254 2469 419 2507 sumus
448 2468 558 2505 non
592 2466 656 2503 ea
703 2458 776 2510 te,
824 2463 931 2524 qua
971 2447 1173 2510 decuit,
1225 2448 1582 2516 apostolicam
1619 2447 1801 2499 sedem

253 2560 335 2611 pro
378 2542 676 2597 reverentia
724 2541 827 2595 sibi
876 2539 1186 2608 scripsisse,
1219 2540 1313 2592 sed
1353 2553 1451 2591 nos
1487 2539 1551 2598 de
1591 2537 1806 2590 absolu-

184 2619 190 2634 ’
255 2637 378 2688 tione
402 2634 547 2688 illius
577 2630 897 2702 parocliiani
945 2631 1045 2694 tui,
1078 2631 1171 2699 qui
1212 2630 1342 2682 olim
1386 2629 1452 2682 ad
1495 2645 1596 2683 nos
1635 2629 1801 2693 venit,

255 2725 470 2781 mordaci
497 2723 801 2778 invectione
830 2721 1265 2789 reprehendisse,
1293 2729 1550 2789 tauquam
1587 2732 1805 2788 aposto—

255 2821 352 2874 lica!
374 2817 518 2874 sedis
559 2830 667 2870 non
694 2823 839 2869 esset
870 2815 1166 2867 auctoritas
1195 2827 1576 2882 quoscunque,
1602 2820 1655 2865 et
1683 2814 1804 2866 ubi-

255 2924 447 2978 cunque
497 2908 632 2971 vult,
683 2906 851 2975 ligare
891 2914 946 2958 et
986 2905 1287 2958 absolvere.
1346 2903 1498 2957 L‘nde
1533 2905 1677 2958 scias
1708 2921 1808 2958 nos

255 2999 492 3053 adversus
505 2997 868 3051 temeritatem
883 3003 1032 3048 tuam
1047 2996 1281 3063 graviter
1296 3004 1598 3048 commotos
1618 2995 1807 3060 fuisse,

258 3091 345 3145 nisi
371 3089 686 3160 apostolica:
714 3087 859 3142 sedis
896 3086 1258 3140 mansuetudo
1298 3101 1397 3138 nos
1440 3086 1724 3151 detineret,
1755 3097 1809 3141 et

1884 639 2067 699 ptores
2091 629 2290 699 quippe
2314 628 2507 699 synodi
2539 628 2591 681 in
2621 627 2879 696 praedicta
2921 634 3109 679 nostra
3140 624 3468 679 salutatione

1887 723 2009 776 illos
2033 728 2289 774 notamus
2311 719 2414 789 qui
2435 719 2619 788 aliquo
2651 719 2869 789 ingenio
2892 718 2976 769 vel
3001 717 3256 770 violentia
3285 714 3467 770 conati

1886 822 2012 867 sunt
2049 805 2312 881 impedire
2355 826 2419 863 ne
2445 810 2738 864 concilium
2767 818 2862 862 aut
2897 815 3196 862 conventus
3225 811 3377 860 lterct
3407 806 3465 860 in

1887 903 2204 958 Teutonicis
2237 903 2502 972 partibus,
2535 902 2588 954 in
2624 917 2734 971 quo
2788 900 2971 954 solerti
3003 898 3349 966 inquisitione
3373 911 3466 951 re-

1889 1003 2308 1067 cognosceretur
2349 1003 2531 1047 utrum
2570 992 2806 1047 Henrico
2848 1009 2915 1045 an
2968 990 3249 1059 llodulplto
3295 987 3466 1057 magis

1883 1086 2093 1156 justitia
2130 1084 2330 1140 faveret
2359 1087 2424 1139 de
2452 1084 2821 1156 gubernaculo
2845 1083 3013 1152 regni.
3042 1081 3300 1136 Par-terea
3331 1095 3422 1131 ςιν-

1889 1193 1986 1233 vos
2030 1178 2284 1232 volumus
2334 1193 2433 1229 nos
2487 1176 2681 1230 horum
2728 1175 3040 1244 portitorem
3077 1173 3351 1228 absolvis-

1891 1268 2473 1330 cxcommunicatione,
2503 1267 2698 1320 timore
2727 1267 2940 1329 mortis,
2973 1263 3110 1317 facta
3141 1264 3209 1316 ab
3243 1279 3308 1315 eo
3344 1280 3386 1328 τι·

1893 1361 2152 1415 missione
2183 1360 2235 1411 in
2266 1369 2452 1412 nostra
2477 1375 2640 1410 manu
2670 1374 2728 1410 se
2761 1359 2939 1410 ornata
2981 1357 3246 1407 factm-om
3275 1371 3473 1406 sec-un»

1892 1453 2022 1505 dum
2058 1462 2292 1506 vestram
2323 1449 2644 1517 iussionem,
2673 1448 2900 1501 consilio
2931 1438 3308 1514 praedictorum
3349 1443 3468 1512 cpi-

1895 1558 2187 1610 scoporum
2217 1540 2435 1596 factam.
3442 1594 3446 1596 _

1966 1631 2100 1685 Data
2127 1633 2181 1685 iu
2211 1633 2384 1700 burgo
2429 1629 2906 1699 Aqumpendenti:.,
2947 1643 3134 1681 ψειεν-,ι
3161 1626 3286 1681 ldus
3315 1626 3472 1678 (icto-

1897 1724 2029 1790 bris,
2061 1722 2357 1778 indictione
2379 1721 2639 1775 secunda.

2469 1809 2801 1865 EPISTOLA
2845 1809 2908 1864 ἲ.

2141 1923 2207 1961 sb
2239 1920 2583 1960 nentussatm
2611 1917 2891 1957 μετεκδεδι
2919 1892 3224 1956 εωεεορὶςκ.

2505 1997 2688 2067 (Anno
2733 1993 2911 2064 l078.)

1905 2089 2079 2156 Monet
2103 2097 2160 2140 ut
2187 2087 2483 2140 Tullensem
2507 2089 2808 2156 episcopum
2832 2085 3061 2155 adjurct,
3105 2083 3188 2135 cui
3230 2082 3485 2156 concessit

1969 2170 2027 2212 ut
2055 2154 2242 2211 coram
2278 2168 2506 2226 quatuor
2526 2154 2803 2225 episcopis,
2851 2154 2904 2209 si
2937 2164 3143 2224 propter
3175 2154 3315 2222 regni
3343 2167 3490 2204 com-

1976 2230 2258 2282 motionem
2279 2244 2369 2280 sex
2395 2228 2554 2279 simul
2577 2243 2857 2281 convocare
2881 2243 2982 2277 non
3003 2227 3186 2292 possit,
3215 2241 3266 2276 se
3293 2238 3486 2292 expur-

1973 2310 2074 2369 get.
2101 2297 2440 2369 Eumrarguit
2463 2297 2601 2366 quod
2627 2298 2770 2369 bona
2791 2297 3023 2369 ecclesia:
3047 2293 3356 2363 quibusdam
3380 2292 3487 2346 uti-

1975 2367 2251 2421 litibuszad
2271 2384 2324 2419 se
2345 2368 2726 2435 defen..eudum
2753 2367 2979 2435 largitus
3003 2369 3090 2417 sit.

1973 2459 2282 2512 Gnscontus
2310 2459 2622 2525 cpiscopus,
2650 2472 2843 2511 servus
2865 2471 3145 2510 servorum
3179 2452 3290 2516 Dei,
3318 2450 3486 2504 "Etti-

1905 2564 2078 2604 msxo
2139 2547 2365 2602 Metensi
2433 2549 2688 2618 episcopo
2743 2548 2971 2601 salutem
3028 2555 3080 2600 et
3133 2545 3485 2613 apostolicam

1907 2641 2359 2695 benedictionem.
2519 2646 2541 2660 ⁴
2635 2624 2638 2626 ’

1975 2731 2135 2786 Novit
2191 2731 2409 2786 dilectio
2469 2740 2582 2797 tua,
2645 2729 2814 2785 frater
2875 2728 3217 2793 cbarissimc,
3256 2736 3489 2796 quanto

1902 2825 2016 2893 jam
2042 2833 2285 2893 tempore
2302 2821 2574 2877 Tullensis
2595 2822 2883 2892 episcopus
2900 2820 3153 2890 fatigatus
3169 2819 3492 2873 laboravit-rit

1909 2924 2070 2982 atque
2096 2913 2283 2966 multis
2330 2914 2603 2982 angustiis
2639 2913 2916 2967 sudaverit
2951 2928 3050 2981 pro
3083 2906 3390 2981 repellenda
3420 2927 3485 2964 ca

1908 3020 2071 3073 quam
2100 3002 2202 3055 sibi
2239 3001 2437 3071 injuste
2468 3001 2735 3070 obiectam
2769 3016 2891 3055 esse
2934 2999 3486 3054 contendit'inl‘amia.

1913 3093 2016 3148 Sed
2044 3095 2171 3164 quia
2199 3102 2421 3162 propter
2450 3093 2821 3146 imminentem
2869 3092 3020 3162 regni
3062 3092 3488 3146 commotionem

259 3181 345 3234 nisi
373 3197 528 3236 mens
557 3189 743 3235 nostra
773 3179 838 3232 de
869 3178 1058 3232 litteris
1107 3177 1236 3230 olim
1271 3193 1434 3246 super
1466 3179 1568 3231 hoc
1597 3181 1810 3249 negotio
1840 3216 1880 3274 Ο
1914 3201 2004 3239 sex
2038 3186 2201 3238 simul
2232 3186 2518 3253 episcopos
2561 3184 2626 3236 aa]
2668 3182 3119 3252 expurgationcm
3151 3188 3306 3236 suam
3353 3196 3491 3236 co“-

259 3272 339 3324 tibi
389 3272 730 3326 transmissis
776 3270 1180 3339 qumlammodo
1228 3269 1520 3322 dubitaret.
1585 3268 1812 3324 Solliciti

259 3366 434 3415 ctenim
483 3379 677 3416 sumus
717 3377 784 3414 nc
834 3362 1022 3414 littera:
1062 3360 1167 3413 illa:
1211 3358 1400 3412 fraude
1443 3360 1676 3427 alicujus
1723 3373 1818 3415 aut

263 3453 474 3507 falsitate
505 3453 940 3505 inunutarentur.
978 3450 1043 3503 Et
1072 3450 1192 3505 ideo
1227 3451 1503 3518 exemplar
1529 3467 1716 3506 carum
1749 3455 1814 3507 ad

261 3545 674 3614 cognoscendam
705 3544 1037 3605 voluntatem
1085 3551 1329 3596 nostram
1375 3542 1473 3596 tibi
1521 3545 1814 3598 ostenden-

263 3643 370 3690 dum
408 3652 533 3692 esse
577 3637 925 3706 putarimus,
961 3643 1041 3700 ut,
1092 3634 1138 3688 si
1177 3635 1397 3690 easdem
1438 3651 1561 3690 esse
1603 3645 1658 3688 et
1707 3652 1816 3690 non

265 3727 556 3779 immutatus
583 3726 861 3789 claruerit,
913 3726 1180 3792 intelligas
1221 3732 1272 3776 te
1317 3734 1410 3776 aut
1449 3726 1641 3792 spiritu
1683 3742 1819 3794 prte-

264 3818 567 3886 snmptionis
595 3825 691 3869 aut
720 3816 1019 3884 ignorantia
1052 3823 1248 3890 contra
1281 3815 1662 3867 auctoritatem
1693 3811 1819 3869 sau-

265 3917 348 3962 (ιε
362 3907 617 3963 Romana:
644 3905 901 3960 Ecclesiae
913 3908 1073 3960 verba
1092 3906 1350 3976 iactasse,
1372 3907 1527 3975 quasi
1558 3905 1820 3961 imitando

265 3997 546 4054 Orientales
570 4003 666 4068 qui
688 4001 881 4052 contra
904 3998 1118 4051 beatum
1143 4013 1339 4065 papam
1363 3995 1567 4051 Julium
1598 3999 1819 4068 obloqui

267 4097 729 4158 presumpserunt,
759 4104 825 4143 eo
853 4087 1022 4159 quod
1048 4087 1162 4156 ipse
1209 4087 1619 4142 sanctissimum
1649 4082 1819 4144 Atha—

269 4169 460 4234 uasium
479 4181 846 4250 patriarcham
874 4179 992 4234 sine
1020 4193 1248 4232 assensu
1273 4193 1469 4231 eorum
1492 4179 1820 4246 absolverat,

268 4273 450 4342 tibique
476 4273 733 4341 deinceps
780 4286 975 4326 caveas
1025 4284 1092 4324 ne
1131 4269 1449 4339 ltujusmodi
1489 4278 1679 4325 contra
1720 4286 1822 4325 nos

270 4365 554 4418 temeritate
580 4363 871 4427 rescribas,
903 4361 996 4416 sed
1027 4361 1211 4431 potius
1239 4362 1306 4416 ad
1334 4362 1663 4437 documenta
1696 4366 1823 4417 san-

269 4463 462 4510 ctomm
488 4454 710 4510 Patrum
735 4469 857 4526 qua:
879 4462 929 4509 te
957 4453 1106 4523 loqui
1133 4461 1189 4508 et
1216 4454 1452 4511 scribere
1476 4455 1710 4509 doceant
1729 4455 1826 4509 hu—

1918 3292 2115 3329 Vocare
2162 3292 2270 3328 non
2311 3271 2531 3343 potest,
2591 3275 2694 3327 hoc
2739 3274 2788 3326 ei
2831 3283 3054 3341 paterna
3103 3274 3494 3343 compatieutes

1918 3367 2112 3435 pietate
2151 3365 2523 3417 concessimus
2557 3373 2616 3416 ut
2648 3373 2885 3430 quatuor
2921 3363 3214 3431 episcopis,
3244 3363 3311 3415 ad
3353 3377 3493 3430 prae-

1918 3473 2044 3510 sens
2106 3467 2291 3508 secum
2340 3454 2691 3521 jurantibu's,
2752 3461 3121 3521 expurgatus,
3185 3452 3494 3520 episcopale

1918 3547 2150 3600 cilicium
2184 3561 2280 3615 per
2330 3539 2534 3606 omnia,
2562 3544 2743 3597 iaciat.
2794 3543 2868 3597 De
2921 3543 3137 3598 duobus
3181 3553 3362 3598 autem
3397 3544 3495 3612 qui

1920 3647 2127 3693 statuto
2148 3637 2357 3707 judicio
2390 3637 2654 3691 interesse
2692 3637 2911 3700 debent,
2947 3636 3195 3691 inducias
3222 3651 3396 3706 usque
3425 3635 3495 3690 ad

1921 3730 2406 3800 Quadragesimam
2452 3745 2482 3783 a
2530 3731 2689 3783 nobis
2718 3731 2943 3797 accepit.
2979 3727 3153 3795 Unde,
3182 3730 3310 3798 quia
3351 3739 3406 3782 tu
3441 3729 3497 3782 in

1919 3822 2108 3874 cadem
2133 3818 2360 3872 dimccsi
2386 3818 2598 3886 positus
2625 3831 2706 3883 es;
2737 3834 3027 3872 monemus
3051 3827 3105 3872 et
3139 3821 3500 3875 exhortamur
3527 3835 3531 3840 ‘

1919 3921 2066 3966 tuam
2092 3910 2224 3964 milii
2249 3909 2624 3963 dulcissimam
2653 3910 2972 3961 cliaritatem
3003 3918 3057 3961 et
3078 3911 3377 3978 apostolica
3400 3907 3501 3964 tibi
3525 3937 3531 3942 -

1921 4002 2259 4059 auctoritate.
2283 4001 2629 4071 praecipimus
2662 4009 2753 4065 ut,
2792 4000 2839 4054 si
2871 3998 3156 4069 praefatum
3184 4000 3495 4054 Tullensem

1921 4097 2238 4166 episcopum
2263 4091 2586 4162 culpabilem
2620 4091 2989 4145 indubitanter
3007 4103 3131 4146 esse
3152 4088 3498 4158 cognoveris,

1920 4187 2217 4241 fraternam
2245 4198 2468 4239 manum
2495 4181 2683 4236 auxilii
2716 4182 2797 4252 (ut
2815 4181 3026 4250 justum
3053 4180 3156 4249 est)
3180 4179 3230 4234 ei
3255 4177 3498 4248 praebere

1922 4292 2030 4331 non
2083 4276 2335 4341 diﬂ'eras;
2388 4273 2654 4342 scriptum
2702 4279 2787 4326 est
2841 4270 3033 4324 enim:
3073 4268 3225 4323 Alter
3273 4268 3499 4322 alterius

1921 4384 2081 4421 onera
2134 4375 2375 4435 portate,
2421 4372 2470 4416 et
2522 4365 2599 4416 sic
2655 4361 3012 4431 adimplebitis
3075 4361 3237 4432 legem
3301 4359 3504 4415 Christi

1925 4457 2070 4530 (Gal.
2098 4457 2196 4528 γι).
2235 4456 2302 4512 Et
2342 4457 2518 4510 item:
2560 4455 2618 4510 Si
2660 4457 2776 4527 quis
2829 4455 3022 4508 viderit
3067 4455 3289 4523 fratrem
3347 4471 3504 4508 suam

273 4549 452 4603 [ηῆἰιετ
480 4562 754 4611 recurras,
783 4555 838 4601 et
863 4546 1164 4602 secundum
1206 4553 1450 4599 tenorem
1494 4545 1820 4614 litterarum,
1857 4562 1900 4616 ι)
1925 4549 2288 4604 necessitatem
2312 4547 2605 4613 habentem,
2629 4557 2678 4600 et
2703 4546 2955 4598 clauserit
2982 4546 3182 4598 viscera
3208 4561 3306 4598 sua
3331 4545 3394 4598 ab
3418 4561 3507 4611 eo,

272 4655 485 4707 quarum
516 4640 792 4707 exemplar
824 4638 924 4693 tibi
963 4635 1410 4702 transmittimus,
1451 4636 1696 4705 prtedicti
1724 4639 1827 4692 ho-

274 4732 418 4785 minis
451 4732 740 4800 'negotium
795 4729 862 4782 ad
909 4729 1070 4782 tinem
1115 4727 1417 4796 perducere
1464 4728 1706 4782 studeas.
1736 4726 1830 4783 Vir

274 4820 378 4887 istc,
408 4819 825 4875 Weremboldus
854 4820 1099 4885 nomine,
1143 4830 1482 4889 conquestus
1525 4828 1610 4874 est
1648 4835 1707 4873 se
1741 4819 1827 4872 in-

274 4913 401 4977 juste
428 4929 457 4967 a
490 4916 1098 4978 tecxcommunicatum
1148 4927 1275 4966 cum
1319 4927 1488 4963 uxore
1533 4926 1632 4964 sua
1676 4926 1826 4974 esse;

279 5020 402 5059 lJt...C
451 5004 556 5061 sibi
605 5005 698 5058 vix
745 5005 1209 5058 tidemadhibcrc
1262 5019 1577 5073 possumus.
1626 5003 1828 5057 'lamcn

281 5110 547 5152 monemus
573 5094 916 5166 prudentiam
945 5101 1116 5159 tuam,
1148 5102 1209 5146 ut
1235 5095 1302 5148 ad
1329 5095 1578 5149 notitiam
1611 5095 1833 5165 religio-

283 5201 451 5240 rerum
491 5187 831 5242 oonfratrum
869 5191 1205 5250 nostrorum,
1248 5183 1589 5242 Trevircusis
1626 5187 1835 5241 scilicet

285 5277 656 5347 archiepiscopi
684 5288 741 5334 et
757 5277 1012 5332 Metensis
1038 5276 1299 5346 episcopi,
1319 5276 1482 5345 hujus
1508 5279 1588 5332 rei
1609 5295 1830 5333 causam

285 5367 477 5424 deferre
501 5367 693 5436 facias,
719 5384 1020 5440 eorumque
1046 5368 1277 5425 consilio
1297 5376 1354 5423 et
1369 5367 1580 5438 judicio
1604 5370 1833 5423 (Πειῑηὶιέ

287 5474 545 5524 procures.
560 5459 639 5516 De
663 5468 816 5514 veste
835 5475 968 5515 vero
979 5460 1317 5524 monachica.
1339 5469 1396 5515 et
1414 5461 1534 5513 velo
1557 5459 1836 5529 imposito,

290 5558 334 5601 et
358 5552 574 5619 pen-ia
601 5551 1134 5618 ablata,eorumdem
1152 5551 1464 5609 testimonio
1493 5556 1547 5605 et
1564 5551 1832 5619 justitiam

294 5639 450 5697 facere
479 5652 535 5700 et
575 5643 847 5700 rationem
898 5657 1097 5712 ponere
1136 5660 1247 5699 non
1298 5654 1538 5706 recuses,
1568 5626 1836 5711 quatenus

297 5733 383 5785 sibi
406 5736 752 5790 «unionem
780 5733 1146 5804 proclamandi
1174 5735 1392 5790 auferas
1416 5743 1471 5789 et
1507 5733 1736 5802 teipsum
1768 5734 1837 5787 ab

299 5825 428 5882 mni
469 5827 822 5884 accusatione
873 5835 1140 5896 protegas,
1188 5827 1415 5896 justitize
1450 5824 1754 5896 integritate
1783 5834 1842 5896 et

1932 4642 2191 4714 quomodo
2235 4641 2470 4695 charitas
2518 4637 2617 4692 Dei
2657 4643 2829 4689 manet
2862 4637 2926 4689 in
2952 4637 3053 4690 eo?
3104 4635 3159 4708 (1
3201 4635 3360 4691 Joan.
3396 4639 3506 4705 tu.)

1933 4735 2202 4789 Praeterea
2237 4730 2485 4802 pervenit
2512 4729 2580 4783 ad
2623 4741 2726 4780 nos
2757 4727 2906 4797 quod
2950 4735 3173 4798 propter
3211 4715 3507 4781 instantem

1932 4825 2280 4879 inimicorum
2313 4830 2532 4876 tuorum
2554 4818 2983 4875 infestationem
3018 4827 3126 4872 tua:
3168 4819 3308 4872 bona
3338 4816 3510 4871 eccle-

1931 4919 2026 4972 siae
2071 4915 2299 4987 largitus
2329 4915 2408 4969 sis
2452 4915 2783 4985 quibusdam
2821 4911 3106 4974 militibus,
3144 4918 3199 4965 et
3238 4926 3305 4966 eo
3341 4911 3515 4968 modo

1932 5008 2160 5063 honoris
2182 5008 2261 5062 tui
2309 5006 2548 5077 dignitas
2577 5003 2819 5074 quotidie
2865 5002 3034 5071 (quod
3073 5017 3181 5056 non
3233 5004 3512 5073 optamus)

1933 5105 2212 5157 minuatur
2252 5109 2418 5170 atque
2450 5100 2748 5153 decrescat.
2795 5095 3032 5150 Proinde.
3075 5106 3225 5152 tuam
3255 5098 3515 5152 volumus

1933 5193 2265 5247 almdnitam
2297 5203 2421 5243 esse
2466 5186 2835 5256 prudentiam,
2865 5203 2934 5242 ne
2975 5188 3204 5256 alicujus
3233 5189 3509 5258 magnitu-

1931 5283 2054 5335 dine
2111 5276 2479 5332 ll‘TizttitliioniS
2530 5287 2754 5333 coactus
2801 5277 3203 5332 ecclesiasticas
3250 5279 3512 5346 cuiquam

1936 5371 2276 5425 itit'l'b‘ditxiza
2309 5367 2576 5439 largi-uris,
2601 5367 2744 5423 unde
2777 5366 3009 5420 multum
3037 5375 3088 5421 te
3118 5375 3302 5438 postea
3331 5365 3510 5435 poeni-

1933 5471 2076 5527 teat,
2114 5477 2238 5515 eum
2270 5461 2414 5530 quod
2446 5460 2609 5514 modo
2645 5458 2892 5511 turbatus
2940 5460 3115 5528 egeris
3159 5456 3307 5508 nullo
3341 5456 3513 5511 modo

1934 5554 2223 5608 emendare
2259 5550 2523 5620 potueris.
2572 5546 2798 5617 Oportet
2843 5558 3024 5602 autem
3052 5557 3108 5600 ut
3142 5555 3308 5599 totam
3354 5561 3511 5616 spem

1936 5654 2084 5700 tuam
2127 5644 2180 5697 in
2206 5641 2436 5702 Domino
2459 5655 2650 5708 ponas,
2691 5636 2993 5693 certissime
3030 5637 3208 5688 sciens
3241 5636 3369 5702 quia
3400 5633 3510 5687 Do-

1937 5738 2109 5790 minus
2157 5748 2257 5784 uon
2292 5729 2605 5798 derelinquit
2645 5736 2908 5798 sperantes
2937 5726 2992 5776 in
3023 5741 3076 5776 se
3109 5724 3288 5790 (Pror.
3338 5739 3468 5778 xxix
3489 5760 3514 5788 ,

1938 5829 2052 5896 25).
2080 5821 2420 5880 Coutidimus
2443 5821 2588 5876 enim
2607 5818 3032 5885 omnipotentem
3062 5812 3352 5866 Dominum
3372 5854 3388 5878 ,
3425 5826 3515 5867 γε-
