4218 6440
868 493 969 548 {illi

1501 483 1556 537 S.
1599 482 1922 538 υῐιευοιιιι
1961 482 2045 535 \‘Il
2085 480 2286 535 ΡᾹΡᾹΞ
2324 479 2456 534 ΟΡΕ

2522 478 2605 533 [Μ
2647 478 2827 531 PARS
2863 476 2902 537 I.
2942 509 3006 517 —
3049 477 3464 536 IiEGISTRL'M.

4012 484 4135 539 516

865 608 964 659 tris
1015 596 1356 671 aliorumque
1403 598 1817 667 religiosorum,
1871 612 2012 666 quos
2071 598 2125 648 in
2191 594 2440 665 partibus
2469 595 2511 649 Λ
2539 590 2674 645 bons
2701 590 2987 645 defendere
3019 594 3325 658 tentavcrit,
3366 594 3449 648 vel
3489 592 3707 664 aliquod
3732 597 4129 665 patrocinium

865 692 1061 747 vestris
1092 692 1273 761 plures
1296 703 1416 742 esse
1440 687 1846 756 cognoscimus,
1873 683 2220 738 orationibus
2250 682 2404 752 placa
2421 709 2435 720 -

865 793 1003 847 tum,
1040 796 1230 851 ρειαί-ιιι
1268 778 1525 833 Ecclesiae
1557 792 1671 829 sua:
1702 776 1811 828 cito
1846 791 1967 829 esse
1992 775 2270 828 daturum.

936 872 1064 926 Data
1109 870 1276 924 Sutrii
1298 865 1549 940 [Sociis],
1581 865 1871 919 undecimo
1900 863 2170 919 Kalendas
2195 862 2433 917 Novem-
2497 897 2503 903 -

867 962 999 1023 leris,
1040 960 1339 1013 indictione
1370 954 1628 1009 secunda.
1856 1014 1863 1020 δ

933 1050 989 1103 In
1044 1048 1262 1102 nomine
1305 1046 1503 1108 Patris,
1541 1056 1593 1098 et
1646 1043 1803 1108 Filii,
1841 1053 1894 1097 et
1939 1041 2179 1112 Spiritus
2222 1040 2432 1105 sancti,

862 1154 1006 1193 anno
1032 1149 1186 1192 sexto
1229 1137 1576 1206 pontilicatus
1617 1133 1824 1187 domini
1850 1126 2095 1201 Gregorii
2128 1145 2279 1202 papa:
2313 1144 2434 1198 sep—

862 1231 1001 1300 timi,
1053 1227 1256 1283 mensis
1301 1224 1622 1279 Novembris
1666 1222 1753 1277 die
1799 1222 2009 1277 decima
2052 1221 2309 1290 septima,
2351 1219 2434 1272 in-

859 1320 1094 1374 dictione
1122 1318 1381 1379 secunda,
1420 1315 1623 1370 Retine.
1662 1315 1775 1383 Ego
1805 1314 1986 1369 Marro
2024 1313 2218 1368 Gisleri
2265 1313 2429 1377 lilius,

863 1409 1131 1463 habitator
1181 1407 1235 1460 in
1292 1406 1496 1459 ducatu
1552 1403 1864 1473 Spoletano,
1916 1393 2017 1472 pro
2062 1401 2432 1470 redemptione
2497 1425 2500 1429 ~

859 1498 1052 1550 animae
1111 1511 1242 1549 mea!
1287 1505 1339 1547 et
1395 1503 1680 1562 parentum
1745 1506 1992 1545 meorum
2048 1490 2216 1553 dono,
2276 1490 2431 1543 trado

859 1595 1020 1654 atque
1066 1585 1235 1637 oll'ero
1281 1584 1438 1636 beato
1471 1581 1630 1635 Petro
1676 1581 2053 1652 apostolorum
2095 1580 2349 1650 principi,
2376 1590 2430 1635 et

859 1695 1020 1748 super
1064 1678 1233 1731 altare
1280 1677 1403 1744 ejus
1450 1677 1633 1729 omnia
1682 1691 1805 1745 qua:
1860 1675 1995 1728 mihi
2040 1674 2315 1745 pertinent
2361 1675 2430 1729 de

857 1769 1069 1830 (Iastro,
1105 1768 1249 1836 qttod
1283 1777 1512 1819 vocatur
1544 1765 1814 1819 .\loricic|a
1840 1764 2170 1837 [Moricida],
2188 1767 2425 1835 positum

856 1851 998 1903 inter
1027 1848 1283 1901 Μανία-ιιι
1315 1859 1367 1900 et
1411 1848 1820 1917 (llarignanum,
1865 1848 2011 1916 quiid
2055 1848 2423 1917 conquisitum

2535 678 2620 731 vel
2658 680 2957 748 potentiam
3004 694 3231 749 sperans
3271 683 3532 751 injustam
3578 684 3854 754 negotium
3899 687 4131 757 agitare

2535 783 2704 821 ausus
2740 768 2926 833 fuerit,
2948 770 3185 839 graviter
3204 781 3259 826 et
3288 773 3633 828 severissime
3658 776 3974 845 puniemus.

2605 855 2736 910 Data
2788 855 2994 924 Romaa,
3031 868 3226 914 octavo
3277 860 3546 918 Kalendas
3591 858 3923 931 Decembris,
3966 867 4128 922 indi-

2534 948 2716 1002 ctione
2749 950 3005 1004 secunda.

3072 1037 3408 1093 EPISTOLA
3444 1039 3555 1095 VII.

2835 1141 2904 1181 AD
2945 1138 3192 1184 HCGONEI
3229 1146 3454 1185 DIENSEI
3490 1147 3799 1188 ειδιεεοιιωι.

3113 1218 3295 1290 (Anno
3336 1219 3518 1289 1078.)

2536 1310 2604 1366 Ut
2650 1306 2933 1388 liabertum
2985 1309 3369 1388 Flandrensem
3414 1317 3656 1370 comitem
3694 1317 3760 1370 ab
3794 1318 4120 1388 apostolica

2596 1382 2736 1463 sedis
2761 1380 2934 1463 legato
2967 1391 3015 1434 et
3044 1382 3365 1463 Lingonensi
3394 1388 3639 1463 episcopo
3677 1380 4121 1463 “communica:

2602 1460 2765 1532 tuoin
2786 1455 2833 1502 si
2862 1467 2964 1504 non
2990 1455 3356 1539 qaponice'id.
3381 1456 3581 1539 factunm
3618 1458 3892 1539 repererit,
3928 1457 4011 1539 cel
4060 1458 4121 1511 si

2599 1521 2906 1596 satisfacere
2940 1521 3180 1596 rolu'erit,
3200 1521 3463 1596 absoluat.
3488 1521 3740 1596 Quodsi
3770 1527 3880 1595 ipse
3926 1528 4124 1596 facere

2600 1591 2916 1660 nequirerit,
2946 1608 3038 1660 per
3059 1592 3331 1663 religiosas
3360 1595 3414 1646 id
3440 1595 3641 1663 efﬁciat
3668 1591 3936 1664 personas.

2600 1683 2910 1740 GBEGORIUS
2954 1686 3267 1756 episcopus,
3298 1703 3488 1742 servus
3521 1702 3806 1742 servorum
3838 1687 3954 1753 Dei,
3986 1687 4122 1743 HI:-

2526 1786 2647 1826 GONI
2684 1771 2866 1826 Diensi
2898 1773 3156 1844 episcopo
3189 1776 3418 1829 salutem
3448 1785 3502 1829 ct
3541 1775 3894 1845 apostolicam
3929 1777 4121 1831 bene-

2525 1862 2839 1917 dictionem.

857 1939 1029 1992 Itabeo
1077 1955 1172 2007 per
1218 1938 1742 1992 eoneatnbiationem
1771 1952 1801 1991 a
1840 1937 2052 1993 Litaldo
2093 1948 2155 1993 et
2178 1938 2422 2009 Ilugone,
2458 1937 2501 1992 Β
2594 1953 2733 2019 Quia
2775 1969 2841 2007 ex
2882 1957 3173 2023 pastoralis
3203 1955 3362 2009 οωίῆ
3389 1957 3733 2032 δυερρριίοηρ
3762 1969 3971 2028 "pom,
4000 1975 4125 2015 nos

804 2086 811 2091 ,
855 2030 1143 2098 nepotibus
1164 2024 1427 2093 Ilugonis,
1464 2029 1557 2082 lilii
1586 2029 1797 2093 Ascari,
1823 2030 1875 2081 in
1913 2029 2067 2097 plebe
2089 2030 2155 2084 de
2179 2029 2421 2097 Luzano,

828 2111 1128 2171 'rt-servato
1178 2117 1466 2171 usul‘rurtu
1512 2116 1705 2170 dielnts
1753 2117 1875 2172 vitae
1916 2133 2070 2181 mete,
2114 2128 2168 2173 et
2210 2118 2421 2175 Brutuli

853 2209 945 2261 li:ii
976 2210 1077 2260 mei
1115 2218 1162 2261 et
1222 2208 1459 2260 liliorum
1498 2206 1728 2271 Brutuli,
1763 2208 1809 2261 si
1851 2209 2078 2262 masculi
2114 2208 2315 2263 fuerint
2356 2211 2423 2265 de

851 2299 1090 2367 It-gitinm
1140 2299 1394 2369 conjugis)
1455 2299 1723 2368 procreati
1771 2299 2001 2369 (Pontif.
2053 2302 2109 2353 iu
2174 2300 2423 2373 Gregorio

851 2392 1114 2459 septimo).

1405 2477 1741 2533 EPISTULA
1780 2477 1867 2533 Vl.

1435 2591 1614 2659 (Amm
1659 2591 1837 2662 l078.)
1880 2574 1885 2579 I

846 2704 1096 2761 Declarat
1146 2719 1210 2757 ex
1257 2719 1352 2756 suo
1398 2712 1655 2771 pra-cepta
1686 2703 2023 2756 concordiam
2052 2703 2253 2773 factam
2285 2706 2422 2758 inter

915 2776 1213 2843 episcopum
1276 2772 1655 2843 'l'uuriurnsent
1695 2782 1744 2825 et
1801 2773 2042 2843 abbatem
2087 2775 2259 2827 sancti
2315 2774 2421 2828 Mi-

915 2841 1131 2901 chaelis,
1164 2854 1213 2894 et
1241 2844 1427 2912 quibus
1460 2842 1870 2895 conditionibus.
1904 2841 1971 2896 Se
1992 2844 2046 2896 in
2071 2860 2158 2896 eos
2182 2844 2419 2901 altarum

917 2915 992 2966 ait
1041 2915 1130 2982 qui
1173 2929 1273 2964 non
1306 2912 1655 2981 acquiererint
1696 2920 1745 2965 et
1777 2912 2032 2980 injustam
2076 2920 2293 2965 causam
2323 2914 2417 2966 dc-

918 2983 1201 3051 feuderint.

915 3075 1223 3127 titteoontt's
1251 3072 1561 3141 episcopus,
1594 3086 1787 3127 servus
1817 3085 2101 3125 servorum
2127 3070 2245 3125 Dei.

916 3162 1113 3217 Notum
1144 3169 1252 3216 tant
1277 3162 1636 3231 praesentibus
1660 3178 1823 3232 quam
1854 3163 2086 3231 posteris
2113 3162 2228 3217 ﬁeri
2257 3162 2413 3216 volu-

846 3270 972 3308 mus
1014 3268 1238 3306 causam
1284 3252 1374 3318 (59
1388 3252 1433 3317 ί)
1464 3249 1746 3306 Cumbcrti
1778 3250 2133 3305 Taurinensis
2174 3251 2413 3321 episcopi
2441 3267 2485 3324 ε

843 3353 895 3397 et
920 3340 1131 3395 abbatis
1154 3339 1338 3394 Sancti
1368 3337 1667 3405 Michaelis,
1697 3340 1933 3409 qualiter
1964 3340 2255 3395 ﬁniendam
2294 3357 2418 3397 esse

845 3431 1149 3504 posuimus.
1198 3428 1488 3487 Venientes
1516 3430 1673 3485 cuitu
1720 3441 1845 3486 ante
1887 3439 2129 3487 uestram
2172 3449 2415 3503 prmsen-

843 3525 1008 3590 tiam,
1050 3533 1173 3594 post
1219 3523 1373 3592 plura
1418 3506 1688 3577 annorum
1721 3524 1992 3577 curricula
2035 3524 2235 3593 quibus
2286 3539 2418 3579 con-

843 3617 1024 3685 questi
1071 3623 1196 3677 sunt
1241 3615 1377 3666 alter
1422 3613 1686 3668 adversus
1737 3614 1989 3680 alterum,
2039 3630 2105 3669 ex
2141 3616 2418 3671 voluntate

845 3704 1257 3773 acquiescentes
1302 3711 1357 3755 et
1403 3702 1717 3757 obedicntcs
1762 3713 1948 3758 nostro
1977 3705 2193 3773 jussui,
2228 3720 2415 3774 pacem

846 3779 989 3846 inter
1012 3808 1090 3856 se,
1132 3790 1288 3844 nobis
1310 3789 1768 3858 pnceipientibus,
1798 3790 2059 3846 fecerunt.
2106 3793 2316 3859 Quibus
2348 3810 2414 3848 ex

844 3883 1169 3938 auctoritate
1205 3881 1502 3950 apostolica
1547 3881 1927 3937 interdiximus
1977 3898 2045 3937 ne
2074 3882 2210 3938 alter
2261 3883 2417 3938 alteri

844 3977 1190 4030 occasionem
1219 3973 1505 4028 discordia:
1551 3974 2115 4045 ulteriusprmberet.‘
2143 3976 2249 4033 Sed
2293 3978 2413 4048 epi-

847 4081 1051 4133 scopus
1091 4062 1271 4116 abbati
1296 4071 1349 4115 et
1372 4064 1625 4131 prmdicto
1660 4067 1990 4120 monasterio
2027 4068 2276 4122 emendet
2297 4083 2418 4136 qua:

845 4155 895 4207 ei
931 4153 1187 4215 abstulit,
1234 4151 1335 4205 nisi
1382 4163 1646 4222 quantum
1694 4154 1861 4209 abbas
1908 4156 1958 4209 ei
2007 4156 2413 4212 condonaverit.

849 4243 1111 4298 Similiter
1146 4251 1199 4295 et
1228 4241 1395 4295 abbas
1424 4242 1680 4312 episeopo
1708 4242 1888 4299 faciat.
1920 4243 1984 4299 Et
2017 4246 2123 4299 hoc
2147 4245 2202 4299 in
2225 4246 2417 4301 existi-

785 4319 799 4333 ’
848 4334 1086 4390 mationc
1137 4318 1384 4385 Astensis
1433 4333 1671 4410 episcopi
1722 4344 1776 4387 ct
1824 4336 2066 4403 episcopi
2116 4336 2415 4405 Aquensis,

848 4443 948 4481 nec
986 4442 1108 4494 ‘non
1156 4434 1211 4479 et
1241 4426 1450 4480 abbatis
1495 4425 1950 4482 Fructuaricnsis.
1987 4427 2043 4481 Si
2096 4437 2276 4481 autem
2304 4430 2419 4498 epi-

849 4532 1048 4587 scopus
1069 4516 1303 4570 voluerit
1323 4524 1375 4569 et
1392 4518 1624 4584 potuerit
1636 4518 1866 4585 probare
1882 4518 2011 4572 illud
2025 4518 2416 4573 monasterium

850 4610 905 4663 itt
933 4607 1263 4678 proprietate
1286 4616 1338 4661 et
1370 4607 1571 4661 allodio
1605 4606 1689 4660 sui
1726 4606 1967 4675 episc0pi
2002 4618 2123 4661 csse
2170 4617 2420 4663 eonstru-
2452 4588 2495 4643 D

852 4711 1029 4763 etum,
1065 4698 1118 4752 in
1152 4696 1636 4769 sequenti'synodo
1657 4706 1885 4765 uterque
1910 4710 1967 4749 se
1995 4705 2341 4765 pnesentent,
2366 4709 2421 4754 et

852 4791 904 4843 in
938 4804 1002 4844 eo
1040 4788 1244 4857 justam
1272 4796 1326 4841 ct
1366 4788 1590 4856 legalem
1626 4786 2001 4841 diliinitionem
2043 4784 2329 4856 accipiant.
2361 4788 2419 4844 Si

852 4897 980 4936 vero
1025 4869 1216 4951 aliquo
1250 4880 1633 4949 impedimento
1674 4864 2024 4943 cessaverint,
2059 4878 2264 4951 legatos
2290 4897 2420 4937 suos

852 4973 1117 5042 dirigant,
1160 4981 1432 5041 quatenus
1481 4968 1563 5023 cis
1613 4967 1712 5036 ipsi
1766 4980 2043 5036 reportent
2089 4973 2323 5042 qualiter
2368 4970 2422 5029 et

853 5064 1072 5135 quando
1100 5063 1261 5116 linem
1290 5077 1481 5116 eorum
1531 5058 1749 5130 negotio
1796 5059 2160 5127 imponamus.
2190 5064 2343 5130 Quod
2374 5066 2420 5121 si

853 5156 1162 5224 episcopus,
1188 5153 1401 5223 cognita
1437 5153 1680 5215 veritate,
1709 5153 2024 5221 cognoverit
2061 5154 2200 5208 idem
2241 5171 2424 5211 mona—

855 5245 1077 5299 sterium
1098 5254 1214 5296 ‘non
1236 5258 1355 5294 esse
1387 5250 1758 5294 constructum
1788 5242 1843 5294 in
1872 5241 2070 5299 allodio
2096 5245 2180 5299 sui
2212 5246 2424 5316 episco-

857 5342 1041 5404 patus,
1068 5333 1148 5385 vel
1184 5332 1353 5384 abbas
1401 5329 1743 5397 perpenderit
1782 5333 1928 5401 quod
1960 5335 2251 5406 episc0pus
2276 5336 2421 5391 circa

858 5424 963 5477 hoc
1003 5420 1279 5489 negotium
1321 5418 1524 5487 justam
1569 5427 1625 5472 et
1674 5434 1856 5474 veram
1896 5422 2092 5477 habeat
2115 5425 2419 5492 rationem,

859 5512 977 5564 sine
1030 5510 1211 5578 aliqua
1256 5507 1645 5575 disceptatione
1692 5509 1774 5564 vel
1817 5504 2191 5567 controversia
2236 5513 2285 5567 ei
2328 5515 2422 5583 qui

860 5600 1139 5654 veritatem
1170 5608 1222 5653 et
1252 5596 1518 5668 justitiam
1567 5600 1816 5657 habuerit
1864 5603 2195 5675 acquiescat,
2232 5604 2424 5672 procul

858 5689 1026 5745 dubio
1071 5689 1302 5743 scientes
1331 5689 1456 5759 quia
1483 5703 1607 5743 eum
1637 5691 1730 5760 qui
1761 5693 2018 5762 injustam
2054 5709 2279 5749 causam
2320 5694 2420 5749 ha-

933 5844 1079 5914 (564)
1119 5843 1575 5913 Εδιεῖυιιὶροτιιιε.
1613 5844 1781 5899 limo.
1825 5888 1831 5894 .

2525 2058 2777 2113 mag-nam
2809 2043 3231 2100 sollicitudinem
3279 2046 3477 2100 habere
3517 2046 3585 2100 de
3628 2047 3803 2102 salute
3848 2049 4119 2103 omnium

2524 2134 2759 2188 ﬁliorum
2805 2132 3082 2201 Ecclesia),
3111 2136 3374 2190 debemus
3415 2136 3733 2205 quantotius
3776 2138 4117 2204 emendare,

2523 2224 2568 2278 si
2594 2224 2724 2294 quid
2748 2225 3059 2279 noverimus
3083 2225 3241 2279 aliter
3266 2234 3476 2296 gestum
3498 2240 3619 2279 esse
3639 2242 3803 2295 quam
3840 2229 4119 2282 convenit

2523 2315 2835 2370 rectitudini
2879 2316 3281 2371 ecclesiasticae.
3336 2315 3570 2371 Proinde
3618 2319 3965 2374 notilicamus
4010 2320 4117 2374 di-

2523 2409 2742 2464 lectioni
2788 2418 2915 2475 tuzc,
2965 2408 3127 2462 nobis
3178 2424 3276 2477 per
3323 2408 3570 2477 aliquos,
3617 2417 3673 2462 et
3717 2411 3954 2465 maxime
4003 2426 4118 2480 per

2523 2484 2905 2570 Iagelrannum
2971 2496 3360 2552 Flandrensem
3431 2496 3719 2562 clericum,
3790 2497 4113 2553 innotuissc

2522 2589 2817 2645 Robertum
2854 2588 3250 2644 Frandrensem
3279 2588 3532 2643 comitem
3559 2588 3628 2642 ab
3656 2586 3897 2642 lluberto
3916 2588 4114 2659 legato

2521 2689 2711 2735 nostro
2742 2688 2795 2733 et
2824 2678 3051 2748 Hugone
3090 2676 3421 2747 Lingonensi
3458 2678 3733 2747 episeopo,
3757 2694 3857 2748 per
3886 2678 4108 2733 machi-

2521 2770 2769 2823 nationes
2829 2767 3177 2821 inimicorum
3237 2781 3502 2830 suorum,
3558 2767 4102 2822 excommunieatnm

2517 2874 2656 2913 esse.
2682 2856 2837 2924 Quod
2867 2856 2994 2927 quia
3026 2871 3135 2910 non
3168 2855 3451 2921 debemus,
3477 2855 3524 2910 si
3568 2871 3757 2911 verum
3789 2867 3893 2922 est,
3925 2858 4101 2925 ferre,

2518 2949 2759 3019 rogando
2788 2949 3111 3003 mandamus
3165 2946 3485 3001 fraternitati
3516 2957 3622 3004 ture
3647 2959 3728 3013 ut,
3760 2949 3806 3004 si
3831 2946 3929 3004 tibi
3965 2965 4099 3005 mo-

2520 3037 2714 3093 lestam
2741 3053 2849 3092 non
2875 3045 2978 3100 est,
3009 3037 3077 3090 ad
3110 3036 3231 3091 illas
3265 3044 3448 3105 partes
3478 3036 3699 3091 festines
3727 3040 4006 3103 accedere,
4029 3046 4097 3092 et

2518 3130 2564 3183 si
2609 3128 2876 3183 inveneris
2916 3140 3040 3183 eum
3076 3142 3184 3181 non
3231 3127 3494 3182 canonice
3531 3130 4099 3195 excommunicatum,

2516 3219 2766 3275 absolvas
2795 3234 2920 3273 eum
2949 3234 3016 3274 ex
3051 3218 3196 3272 beati
3230 3217 3376 3272 Petri
3413 3219 3787 3288 apostolorum
3823 3221 4102 3292 principis

2517 3319 2571 3364 et
2591 3317 2777 3363 nostra
2821 3317 3005 3378 parte;
3057 3308 3142 3363 sin
3192 3316 3394 3372 autem,
3447 3308 3590 3377 quod
3647 3323 3756 3363 non
3811 3320 4101 3381 Optamus,

2516 3400 2796 3465 canonice,
2839 3406 2893 3454 et
2914 3406 3095 3454 tamen
3139 3397 3375 3452 voluerit
3403 3396 3737 3466 satisfacere,
3777 3400 3978 3456 iterum
4020 3417 4104 3457 ne

2517 3490 2736 3546 didi-ras
2765 3505 2889 3544 eum
2918 3489 3046 3543 ovili
3087 3487 3371 3543 Dominico
3407 3489 3779 3557 reconciliare,
3809 3491 3936 3562 quia
3973 3493 4103 3565 ipse

2521 3579 2781 3636 Summus
2826 3579 3021 3635 Pastor
3048 3594 3205 3633 ovem
3250 3579 3515 3648 perditam
3562 3581 3800 3651 prepriis
3842 3583 4102 3640 humeris

2518 3672 2689 3724 voluit
2725 3671 2791 3725 ad
2822 3685 3035 3740 gregem
3065 3676 3362 3737 reportare.
3397 3667 3454 3723 Si
3482 3678 3663 3724 autem
3705 3671 3803 3725 tibi
3833 3674 4105 3742 possibile

2518 3777 2627 3815 non
2670 3769 2755 3815 est
2796 3760 2848 3814 id
2889 3774 2984 3829 per
3025 3759 3372 3828 temetipsum
3411 3774 3590 3830 agere,
3630 3761 3785 3817 mitte
3824 3778 4103 3834 personas

2519 3850 2802 3920 religiosas
2841 3863 2941 3919 pro
2981 3858 3054 3915 te,
3082 3863 3205 3918 qua:
3243 3850 3601 3919 pratordinata
3637 3852 3898 3921 praalicto
3923 3854 4101 3910 modo

2517 3942 2732 3995 valeant
2749 3941 2923 3994 linire.
2984 4014 2991 4019 ι
3219 3962 3227 3967 -
3406 3959 3425 3973 ~
3794 3958 3801 3985 ι
4061 3933 4069 3939 ’

2589 4033 2722 4087 Data
2771 4031 2977 4097 Romae,
3007 4030 3240 4102 septimo
3285 4029 3407 4086 Kal.
3455 4030 3739 4100 Decemb.,
3792 4034 4102 4094 indictione

2519 4122 2777 4179 secunda.

3045 4210 3380 4267 EPISTOLA
3417 4212 3551 4268 VIII.

2750 4320 2816 4359 AD
2855 4297 3178 4369 ausurus,
3203 4319 3451 4357 wwosca
3482 4319 3549 4358 ετ
3590 4320 3859 4361 aucoxsn.

3100 4393 3282 4464 (Anno
3318 4391 3500 4463 1078.)

2522 4486 2819 4550 Quamdam
2838 4484 3029 4555 Aciliam
3055 4500 3173 4555 c_u_m
3198 4485 3436 4555 omnibus
3463 4484 3532 4537 ad
3555 4502 3669 4539 eam
3702 4485 4095 4555 pertinentibus

2592 4555 2797 4607 clericis
2826 4552 3036 4608 Sancta:
3067 4552 3257 4606 Maria!
3285 4562 3335 4607 et
3358 4552 3543 4607 Sancti
3580 4552 3881 4610 Audomari
3928 4564 4093 4614 resti-

2592 4624 2839 4677 tuendam
2866 4623 3123 4693 prarcipit.
3156 4621 3307 4688 Quod
3331 4625 3377 4677 si
3405 4623 3799 4693 justaﬂratione
3832 4627 3906 4681 ad
3933 4644 4092 4683 suam

2589 4691 2874 4748 ecclesiam
2889 4691 3145 4764 pertinere
3175 4694 3511 4759 crediderint,
3536 4691 3810 4764 Huganem
3841 4695 4093 4753 Diem»;

2587 4762 2895 4835 episcopum
2932 4762 3161 4835 legatum
3226 4764 3417 4835 adeant
3445 4762 3820 4835 quadraginta
3877 4768 4091 4822 dierum

2590 4831 2795 4904 spatio;
2844 4847 2944 4902 quo
2994 4831 3191 4904 elapso,
3238 4831 3532 4904 siolredire
3583 4831 3755 4888 minus
3800 4836 4089 4903 coluerint,

2585 4898 2874 4973 ingressuri:
2899 4898 3211 4973 ecclesiae!
3249 4898 3609 4973 Christianam
3640 4898 4085 4973 communionem,

2589 4971 2750 5026 donec
2782 4972 3110 5042 resipiscam,
3133 4971 3419 5025 interdicit.

2590 5062 2895 5118 Gnccomcs
2914 5061 3222 5130 episcopus,
3255 5074 3446 5114 servas
3486 5074 3770 5121 servorum
3811 5062 3931 5130 Dei,
3976 5063 4090 5119 ile-

2518 5169 2692 5209 nemo
2737 5163 2791 5206 et
2834 5150 3048 5206 clericis
3074 5159 3130 5203 et
3168 5150 3422 5205 omnibus
3450 5151 3742 5207 comitibus
3784 5152 3855 5208 de
3900 5164 4089 5210 castro

2522 5243 2706 5299 Sancti
2732 5242 2905 5305 Pauli,
2930 5238 3142 5296 thom
3175 5250 3230 5297 et
3255 5240 3479 5309 liueout,
3502 5243 3731 5297 salutem
3761 5250 3818 5297 et
3860 5257 4089 5315 aposto—

2521 5332 2676 5386 licam
2718 5330 3165 5385 benedictionem.
3516 5320 3521 5325 ’

2591 5408 2782 5476 Clerici
2822 5420 3033 5475 Sancta:
3071 5420 3255 5475 Maria:
3292 5427 3347 5474 et
3384 5418 3567 5475 Sancti
3614 5419 3938 5492 Audomari,
3984 5426 4085 5481 ad—

2519 5520 2711 5567 euntes
2732 5511 3085 5581 apostolicam
3112 5510 3316 5576 sedcm,
3354 5506 3636 5581 conquesti
3676 5522 3811 5568 sunt
3835 5513 3907 5568 de
3929 5515 4089 5573 vobis

2520 5602 2665 5672 quod
2699 5601 2811 5671 jam
2852 5602 3022 5655 multo
3063 5609 3305 5670 tempore
3330 5601 3432 5656 sibi
3470 5611 3525 5657 et
3559 5619 3673 5660 sua:
3710 5603 3961 5660 ecclesia
3981 5622 4086 5662 au-

2522 5694 2672 5749 fertis
2718 5693 3008 5763 quamdam
3053 5691 3256 5759 villam,
3307 5691 3505 5749 Reseea
3538 5693 3916 5763 nominatam,
3958 5711 4087 5755 cum
