4218 6382
270 410 354 464 517
1378 393 1576 447 LlBl‘Jl
1618 392 1784 446 Sli.\'l
1802 391 1872 444 υὲ

1945 418 2015 430 -
2055 388 2237 441 EPIS'I
2258 428 2270 441 .
2313 387 2379 439 Χ.

3397 388 3499 441 MS

268 520 506 576 omnibus
533 514 599 571 ad
629 529 755 571 eam
798 509 1222 582 pertinentibus;
1250 515 1412 576 atque
1439 521 1564 560 cum
1607 504 1808 558 multo-
1846 503 1890 558 Α
1918 514 2152 554 rannum
2194 507 2248 553 et
2291 498 2427 552 alios
2457 495 2654 551 fratres
2685 498 2805 566 ejus
2839 497 2996 553 nobis
3028 507 3155 553 sunt
3190 504 3496 571 conquesti,

268 615 357 667 ties
382 612 466 665 de'
491 611 596 663 hoc
626 607 680 660 in
718 602 1142 675 provincialibus
1184 599 1406 671 synodis
1455 612 1640 651 coram
1693 596 1817 666 epi-

267 715 416 771 scopo
435 707 643 763 vestro,
675 705 729 751 et
761 696 827 750 ad
861 695 1109 748 ultimum
1151 705 1334 746 coram
1368 687 1608 758 llngone,
1641 685 1821 741 Diensi

267 791 578 861 coepiscOpo
608 796 667 862 et
697 784 972 842 confratre
1014 790 1204 837 nostro
1233 779 1541 850 apostolica:
1566 778 1823 833 Ecclesire

267 884 448 952 legato,
488 882 543 936 in
571 877 898 934 Pictaviensi
934 874 1166 930 concilio
1211 873 1488 942 querelam
1543 869 1820 934 fecissent,

266 983 415 1042 atque
469 972 558 1026 illc
601 987 666 1025 ex
713 968 1035 1024 auctoritate
1088 973 1278 1020 nostra
1335 962 1680 1033 przeccpisset
1733 968 1821 1026 ut,

267 1080 439 1120 coram
498 1064 757 1132 episcOpo
802 1069 1016 1123 vestro,
1063 1066 1158 1112 aut
1203 1056 1537 1126 proclamata
1581 1052 1825 1107 ecclesia:

267 1154 493 1226 praefata:
515 1162 572 1209 et
598 1152 812 1208 clericis
839 1149 1155 1214 redderetis,
1186 1145 1448 1216 autquod
1485 1152 1664 1199 vestra
1699 1142 1824 1212 jure

266 1262 376 1301 esse
398 1245 629 1300 debeant
646 1243 913 1299 rationem
936 1240 1211 1303 diceretis,
1226 1237 1626 1320 episcopusque
1645 1241 1824 1288 vester

267 1347 369 1392 tres
417 1336 684 1392 terminos
726 1333 882 1390 vobis
929 1342 984 1388 et
1034 1332 1102 1386 ad
1148 1330 1399 1386 ultimum
1439 1326 1821 1398 provincialem

268 1427 524 1496 synodum
579 1425 864 1480 statuisset
926 1431 986 1477 ut
1034 1419 1353 1477 utrumlibet
1405 1417 1667 1488 ageretis;
1725 1433 1824 1471 vos

269 1524 438 1571 tamen
489 1523 778 1579 neutrum,
825 1514 970 1569 sicut
989 1526 1322 1581 nunquam,
1360 1509 1434 1563 ita
1475 1524 1694 1578 quoque
1722 1523 1822 1563 nec

268 1617 387 1660 tunc
431 1604 610 1660 facere
650 1603 920 1659 voluistis.
955 1600 1110 1656 Unde
1149 1616 1216 1656 ex
1256 1593 1580 1654 auctoritate
1627 1595 1720 1652 Dei
1767 1606 1822 1652 et

269 1697 428 1752 sancti
483 1695 631 1752 Petri
690 1695 1062 1765 apostolorum
1122 1689 1414 1762 principis,
1477 1689 1820 1759 przeeipimus

268 1789 410 1843 vobis
437 1797 516 1853 ut,
538 1788 586 1844 si
610 1787 822 1852 itaest,
844 1785 1130 1856 przedictas
1154 1799 1241 1838 res
1264 1782 1532 1852 pmdictaa
1574 1781 1820 1836 ecclesiae

1901 643 1905 646 λ
1926 593 1992 647 ad
2015 593 2288 648 civitatem
2313 589 2651 645 Tarvcnnam
2674 605 2738 644 ex
2760 592 3079 644 auctoritate
3103 603 3286 647 nostra
3309 609 3500 650 omnes

1925 689 2313 747 convocatc,et
2358 681 2565 734 litteras
2614 687 2831 734 nostras
2869 680 2950 734 eis
2981 681 3140 750 legite
3177 697 3299 750 qua:
3344 685 3525 738 vobis

1924 773 2199 827 dabuntur
2227 787 2292 826 ex
2320 779 2504 824 nostra
2534 778 2703 839 parte.
2731 768 2884 836 Quod
2918 771 2964 823 si
2999 771 3271 824 noluerint
3291 771 3498 839 venire,

1923 862 2007 916 Vel
2051 863 2332 916 venientes
2378 861 2573 916 litteris
2621 861 2824 915 nostris
2865 876 2971 925 non
3007 845 3246 923 obedire,
3284 877 3499 917 onmem

1923 951 2166 1007 ecclesia:
2199 952 2539 1023 ingressum,
2575 951 2802 1021 etquod
2846 951 2898 1004 in
2951 952 3140 1004 litteris
3182 953 3384 1008 nostris
3420 955 3502 1011 eis

1924 1029 2314 1098 contradicitur
2356 1043 2740 1106 contradicitc,
2780 1050 2835 1096 et
2877 1042 3102 1112 insuper
3137 1045 3400 1114 quidquid
3429 1046 3497 1100 de

1923 1135 2152 1192 ecclesia
2175 1133 2547 1188 Tarvennensi
2573 1133 2853 1203 possident
2881 1133 3115 1188 clericali
3145 1135 3496 1191 exhibitione.

1925 1222 2103 1280 Laicis
2125 1240 2340 1295 quoque
2375 1224 2428 1278 in
2461 1225 2660 1280 litteris
2690 1223 2896 1278 nostris
2935 1224 3250 1290 nominatis,
3282 1236 3336 1279 et
3379 1227 3502 1296 qui-

1922 1331 2137 1388 cunque
2185 1318 2275 1370 alii
2321 1315 2561 1386 przefatis
2609 1316 2824 1370 clericis
2865 1323 2987 1384 post
3035 1317 3242 1370 litteras
3283 1328 3501 1372 nostras

1921 1405 2071 1460 visas
2111 1406 2196 1459 vel
2242 1406 2547 1461 notilicatas
2593 1420 2702 1459 non
2758 1405 3136 1460 obedientibus
3171 1423 3500 1462 consensum

1922 1495 2318 1567 auxiliumque,
2342 1497 2475 1555 utin
2507 1496 2697 1565 rapina
2721 1504 2774 1549 et
2810 1495 3098 1566 sacrilegio
3133 1509 3501 1567 perseverent,

1920 1586 2271 1656 praabuerint,
2304 1587 2579 1641 notiﬁcate
2601 1586 2744 1656 quod
2777 1586 2831 1638 in
2855 1587 3169 1654 praescripta
3202 1588 3358 1656 positi
3390 1589 3503 1643 sint

1920 1676 2502 1731 exeommunicatione.
2561 1674 2874 1731 lllathildcm
2942 1676 3161 1729 viduam
3230 1675 3498 1746 Arnulphi

1922 1767 2190 1832 advocati,
2220 1783 2341 1836 quae
2380 1775 2581 1820 terram
2619 1781 2784 1833 quam
2822 1766 3053 1820 maritus
3085 1781 3220 1821 suus
3262 1768 3503 1823 moriens

269 1888 316 1934 οι
339 1842 558 1935 aprici,
578 1878 701 1948 eius
747 1842 866 1932 είέκξ
903 1875 1162 1930 dilatione
1188 1842 1446 1928 03.3mm
1486 1870 1817 1936 resumatis;
1855 1842 1898 1896 Β
1923 1857 2069 1948 dedit
2095 1845 2575 1948 ccclesiazSanctEe
2599 1853 2802 1948 δεδήει»,
2823 1863 2879 1909 et
2910 1870 3074 1948 quam
3107 1856 3221 1925 ipse
3253 1858 3503 1925 promisit

269 1977 371 2034 aut,
392 1968 436 2024 si
465 1970 540 2022 ita
565 1983 673 2022 non
700 1975 804 2031 est,
852 1973 909 2020 et
939 1965 1090 2034 justa
1117 1959 1328 2017 ratione
1358 1970 1456 2030 pro
1483 1968 1633 2015 certo
1668 1961 1821 2015 scitis

269 2058 329 2112 ad
368 2068 603 2113 vestram
639 2054 926 2112 ecclesiam
966 2069 1062 2109 eas
1107 2053 1377 2122 pertinere
1411 2050 1634 2116 debere,
1677 2050 1852 2105 infra-

269 2149 612 2220 quadraginta
658 2147 797 2212 dies,
831 2155 1120 2216 postquam
1165 2143 1373 2200 litteras
1411 2149 1625 2196 nostras
1675 2142 1823 2196 vide-

278 2241 404 2307 ritis,
439 2242 525 2296 vel
577 2241 624 2295 si
663 2255 759 2295 eas
804 2238 987 2293 videre
1025 2235 1353 2300 vitaveritis,
1394 2242 1682 2303 postquam
1727 2249 1823 2288 eas

276 2333 460 2387 missas
500 2332 654 2387 vobis
692 2328 1084 2404 cognoveritis,
1108 2326 1387 2398 l‘lngonem
1420 2323 1702 2393 praefatum
1731 2339 1823 2377 eo-

278 2420 579 2490 cpiseopum
611 2429 667 2475 et
694 2418 914 2474 fratrem
947 2425 1216 2480 nostrum,
1247 2414 1315 2469 ad
1341 2414 1482 2468 diem
1505 2411 1825 2482 lngelranno

271 2518 318 2561 et
357 2508 613 2572 fratribus
653 2509 776 2579 ejus
817 2523 848 2561 a
876 2506 1031 2561 vobis
1066 2507 1193 2560 ante
1229 2503 1638 2558 denominatum
1662 2510 1823 2570 atque

271 2600 676 2667 paenuntiatum
699 2597 926 2661 adeatis,
964 2604 1044 2659 ut,
1076 2594 1322 2668 utrisque
1360 2591 1608 2660 partibus
1635 2605 1819 2645 coram

273 2687 468 2755 positis,
495 2690 611 2758 ipse
637 2689 935 2760 legitimum
986 2685 1147 2740 finem
1192 2682 1354 2738 faciat
1398 2682 1824 2753 hujuscouten-

272 2779 437 2834 tionis.
497 2779 652 2847 Quod
710 2787 765 2833 et
818 2778 862 2833 si
916 2776 1060 2832 istud
1120 2790 1278 2846 agere
1351 2771 1633 2828 nolueritis
1682 2773 1821 2828 infra

270 2871 600 2942 pnescriptos
626 2871 773 2936 dies,
799 2869 966 2924 finitis
1000 2868 1102 2932 eis,
1131 2865 1558 2921 contradicimus
1598 2866 1749 2921 vobis
1771 2876 1824 2921 et

274 2958 498 3026 Widoni,
523 2959 842 3034 llugoniquc
869 2968 925 3014 et
947 2957 1240 3014 Eustochio
1266 2956 1578 3021 comitibus,
1604 2954 1824 3012 Oilardo

272 3067 474 3124 quoque
514 3038 891 3108 subdefensori
931 3049 1167 3121 pnefatre
1217 3046 1598 3118 possessionis,
1638 3048 1820 3100 omni--

272 3141 469 3214 basque
496 3145 678 3209 vobis,
713 3142 930 3198 amodo'
962 3141 1223 3195 auxilium
1270 3148 1326 3193 ct
1376 3153 1704 3192 consensum
1751 3137 1817 3191 ad
1849 3177 1892 3235 ὓ

277 3231 365 3286 hoc
394 3233 736 3306 sacrilegium
780 3230 1290 3303 praebituris,'velut
1332 3228 1610 3299 sacrilegis
1651 3238 1705 3282 et
1735 3244 1824 3282 ra-

274 3321 539 3388 ptoribus,
579 3317 796 3378 omnem
831 3320 1047 3390 penitus
1097 3319 1340 3390 ecclesia:
1383 3317 1718 3386 ingressum,
1772 3325 1827 3370 et

276 3409 624 3467 Christianam
671 3409 1140 3487 communionem],
1194 3416 1357 3476 atque
1399 3405 1628 3477 gratiam
1683 3406 1824 3461 beati

276 3496 404 3556 Petri
444 3491 1120 3573 apostolorumprincipis,
1148 3506 1203 3551 et
1223 3497 1276 3550 in
1308 3497 1416 3550 vita
1451 3504 1506 3550 et
1539 3496 1593 3549 in
1628 3505 1823 3561 morte,

278 3591 368 3645 nisi
422 3591 559 3648 forte
611 3578 985 3663 paenitentiam
1041 3586 1263 3678 egeritis
1302 3593 1358 3640 et
1412 3585 1612 3654 injuste
1670 3593 1821 3654 rapta

275 3685 500 3742 ecclesia:
534 3673 772 3756 pr:efat:e
813 3671 1074 3737 canonice
1101 3677 1463 3733 restituet-itis.
1509 3675 1564 3730 Si
1605 3685 1821 3742 autem,

276 3777 405 3844 quod
430 3777 603 3833 absit!
637 3776 714 3832 ah
735 3774 990 3829 omnibus
1015 3769 1343 3825 Christianis
1383 3776 1504 3837 post
1555 3768 1671 3822 huic
1713 3783 1827 3821 om-

279 3867 376 3931 nia,
407 3867 673 3922 diabolica
695 3864 876 3921 infecti
912 3863 1150 3928 malitia,
1174 3862 1228 3916 in
1261 3859 1823 3916 excommunicationc

279 3955 574 4026 prtescripla
619 3942 1060 4025 incorrigibiliter
1107 3962 1451 4022 perseverare
1492 3950 1822 4016 malueritis,

280 4043 606 4113 prmcipimus
641 4041 1021 4096 defensoribus
1047 4048 1102 4094 et
1141 4040 1386 4108 patronis
1425 4039 1692 4107 praedicta:
1733 4055 1824 4095 ec-

279 4131 441 4186 elesi:e
478 4141 539 4187 ut
574 4131 749 4187 cidem
787 4139 841 4184 et
865 4123 1228 4198 clericis'ej'us
1257 4115 1511 4197 prazfatas
1539 4142 1625 4182 res
1657 4129 1822 4182 resti-

279 4229 412 4277 tuere
437 4223 691 4278 onmibus
721 4221 895 4276 modis
928 4227 1191 4291 satagant.

338 4317 505 4372 Datad
530 4315 741 4382 Roma},
770 4331 844 4368 vn
870 4313 1054 4368 Kalcn.
1089 4310 1419 4378 Decembris,
1444 4309 1735 4366 indictione
1758 4326 1816 4364 ιι.

809 4426 1144 4483 EPISTOLA
1181 4425 1272 4481 IX.

475 4537 544 4575 AD
579 4530 866 4577 (ιλιιοιειεης
897 4534 1159 4574 εεειεειιε
1197 4532 1609 4594 τλιιῖςδιςειεειε.

833 4609 1023 4682 (Διιιιο
1059 4607 1244 4678 1078.)

283 4719 344 4775 Ut
384 4723 649 4778 canonicis
705 4724 770 4776 de
807 4728 984 4777 castra
1034 4721 1217 4778 Sancti
1260 4721 1451 4784 Pauli,
1501 4720 1625 4783 nisi,
1664 4730 1724 4774 ut
1769 4739 1823 4775 in

340 4794 589 4863 superiori
648 4790 871 4863 epistola
923 4791 1222 4863 mandavit,
1271 4790 1466 4863 litteris
1521 4791 1824 4863 apostolicis

341 4857 650 4926 obedierint,
677 4857 849 4915 enini:
878 4857 1110 4914 ecclesia
1143 4859 1407 4927 ingressus
1447 4857 1822 4923 interdicatnr;

341 4931 461 4988 ι.τὶσὶ
482 4934 643 4987 etiam
681 4947 783 4985 non
811 4929 1100 4983 obedientea
1135 4927 1676 4992 euommunicentur;
1705 4928 1824 4982 Ila-

339 5003 546 5058 thildem
591 5013 844 5073 pra'terea
890 4999 997 5073 uult
1038 4996 1246 5073 moneri
1299 5004 1377 5073 nt,
1409 5013 1586 5073 ﬂuam
1630 5002 1824 5051 terram

341 5075 558 5138 maritus
591 5065 705 5141 ejus
738 5069 968 5141 ecclesia:
1001 5067 1256 5141 dederat,
1301 5065 1610 5141 tradendam
1650 5077 1822 5141 curet,

324 5135 410 5200 et;
460 5143 513 5195 ui
549 5133 783 5196 del-imas
829 5138 1060 5193 ecclesire
1110 5133 1454 5198 subtrahunt,
1498 5136 1699 5188 moneri
1767 5145 1823 5189 nt

324 5158 583 5261 'redgant:
623 5212 708 5261 sin
749 5211 921 5261 minus
976 5203 1305 5261 damnationi
1352 5201 1678 5261 subiaceant.

459 5219 583 5273 aut;
623 5212 708 5264 sia
749 5211 921 5264 ntinus
976 5203 1305 5261 damnationi
1352 5201 1678 5272 aubjaceant.

341 5313 640 5378 Caesonius
663 5324 975 5394 episcopus,
1015 5335 1206 5377 servus
1247 5331 1527 5372 servorum
1569 5315 1685 5381 Dei,
1730 5331 1822 5370 ar-

287 5401 672 5466 cltidiaeonibus
717 5410 1115 5467 Tarvennensis
1164 5407 1417 5464 Ecclesiae
1462 5399 1727 5461 lanotrno
1772 5417 1826 5462 et

287 5491 542 5565 Ιισιειιτο,
563 5508 620 5554 et
641 5502 940 5578 canonicis,
963 5503 1010 5558 si
1040 5500 1298 5558 canonice
1319 5497 1572 5564 vixerint,
1596 5497 1825 5552 salutem

289 5595 332 5640 et
349 5589 688 5658 apostolicam
721 5585 1167 5648 benedictionem.

271 5730 274 5734 ί
345 5677 572 5736 Clericos
591 5679 660 5735 de
687 5687 871 5734 castro
907 5679 1092 5738 Sancti
1118 5679 1295 5748 Pauli,
1320 5679 1387 5736 de
1416 5678 1620 5750 quibus
1656 5693 1825 5734 cano-

293 5769 382 5828 uici
413 5771 622 5829 Sanctae
649 5770 835 5826 Μυῖα
873 5779 928 5826 et
966 5761 1150 5829 Sancti
1187 5772 1479 5830 Audomari
1516 5786 1612 5842 per
1650 5769 1824 5842 lngel-

1923 1946 2175 2001 morienti
2217 1962 2275 2001 sc
2317 1947 2544 2006 liberam
2598 1945 2806 2010 facere,
2880 1946 3166 2000 admonete
3214 1948 3392 2002 adhuc
3442 1957 3502 2002 ut

1921 2035 2068 2104 quod
2092 2019 2342 2104 promisit
2370 2034 2641 2104 perficiat;
2671 2035 2757 2089 sin
2779 2043 2983 2100 autem,
3007 2036 3061 2088 in
3089 2035 3311 2105 praefata
3340 2037 3498 2090 dam-

1923 2125 2164 2190 natione,
2198 2125 2437 2194 quandiu
2469 2139 2575 2177 non
2596 2122 2814 2186 fecerit,
2859 2134 3093 2179 maneat.
3136 2124 3496 2197 llengerium,

1923 2213 2116 2278 Adam,
2143 2213 2521 2275 ,Bereweldum
2559 2222 2613 2267 et
2652 2225 2878 2268 cmteros
2910 2215 3003 2284 qui
3035 2216 3366 2270 subtrahunt
3401 2217 3497 2270 de-

1923 2301 2096 2356 cimas
2125 2318 2390 2356 novarum
2423 2310 2694 2357 terrarum
2741 2303 2977 2373 prmfatze
3020 2305 3264 2360 ecclesia:
3305 2306 3497 2360 admo-

1924 2400 2046 2445 nete
2082 2401 2142 2445 ut
2185 2393 2412 2448 reddant
2454 2400 2508 2446 et
2539 2391 2907 2457 satisfaciant;
2941 2395 3085 2462 quod
3117 2395 3161 2449 si
3203 2396 3496 2462 noluerint,

1922 2496 2208 2550 quousque
2258 2480 2612 2551 resipiscant,
2663 2483 2933 2551 pnedicla:
2974 2485 3312 2538 damnationi
3361 2488 3496 2540 suh-

1917 2571 2152 2640 jaceant'.
2183 2568 2248 2624 Et
2289 2571 2393 2625 hoc
2433 2572 2596 2624 etiam
2631 2573 2884 2626 addimus
2932 2583 2990 2626 ut
3046 2576 3226 2629 nullus
3269 2576 3500 2646 accipiat

1922 2661 1988 2714 de
2016 2677 2178 2714 manu
2193 2661 2435 2714 omnium
2461 2662 2865 2729 pnelibatorum
2896 2665 3225 2718 oblationem
3251 2667 3490 2736 aliquam

1923 2751 2036 2806 sive
2061 2752 2115 2805 in
2139 2753 2266 2815 vita,
2306 2752 2418 2812 sive
2451 2752 2502 2804 iu
2533 2761 3031 2824 morte,quousque
3058 2757 3322 2811 canonice
3343 2759 3492 2827 quod

1925 2851 2282 2911 peccaverunt
2320 2842 2628 2895 emendent.

1997 2930 2128 2986 Data
2176 2931 2396 2995 Romae,
2435 2933 2665 3001 septimo
2695 2933 2964 2989 Kalendas
3019 2935 3365 3003 Decembris,
3413 2937 3498 2990 ia—

1922 3020 2159 3076 dictione
2180 3022 2439 3076 secunda.

2483 3111 2817 3167 EPISTOLA
2856 3113 2922 3168 Χ.

2469 3221 2537 3258 Al)
2575 3221 2944 3262 RAVENNATES.

2510 3297 2691 3365 (Anno
2729 3299 2911 3367 1078.)
2991 3351 2995 3354 .

1927 3381 2104 3462 Halm
2139 3393 2198 3436 at
2224 3386 2463 3462 episeopo
2492 3385 2804 3462 Ravennati,
2839 3389 2902 3441 ab
2926 3389 3177 3462 plurima
3200 3391 3408 3462 ﬂagitia
3443 3395 3499 3448 in

1993 3451 2478 3531 [fontanaeynoao
2526 3451 2798 3531 deposito,
2842 3451 3046 3531 nulla»;
3095 3451 3336 3531 deinceps
3377 3464 3500 3516 obe-

1995 3521 2249 3599 dientiam
2272 3534 2550 3590 prmstent;
2575 3526 2663 3594 qni
2689 3521 2805 3599 vero
2829 3545 2989 3581 ausus
3013 3529 3172 3597 fuerit
3196 3521 3501 3599 apostolicis

1991 3592 2262 3659 prmeeptis
2293 3592 2608 3662 repugnare,
2645 3597 2978 3650 anathemate
3013 3592 3316 3654 'danmet'ur.
3399 3637 3414 3660 χ

1995 3679 2302 3736 Caesonius
2328 3683 2640 3754 episcopus,
2681 3702 2872 3742 servus
2918 3703 3200 3744 servorum
3233 3690 3347 3753 Dei,
3376 3707 3500 3746 om-

1926 3771 2088 3827 nibus
2139 3773 2544 3829 llavennatilms
2587 3778 2887 3847 majoribus
2927 3788 2983 3834 et
3026 3781 3360 3848 minoribus,
3403 3786 3501 3853 qui

1926 3860 2146 3919 beatum
2195 3863 2434 3928 Petrum,
2465 3867 2691 3936 ejusque
2720 3868 2923 3934 tilium,
2960 3871 3208 3925 sanetum
3255 3872 3503 3930 videlicet

1925 3953 2292 4024 Apellinarem
2334 3957 2567 4026 diligunt
2633 3959 2864 4012 salutem
2908 3967 2961 4014 et
3005 3963 3361 4030 apostolicam
3403 3964 3500 4017 bc-

1926 4047 2309 4102 nedictioncm.

1994 4133 2167 4199 Quam
2212 4136 2459 4201 fideliter,
2488 4151 2763 4205 quamque
2803 4137 3080 4192 humiliter
3107 4139 3267 4194 beato
3303 4139 3496 4209 Petro,

1925 4237 2119 4292 nempe
2174 4225 2544 4293 apostolorum
2598 4226 2862 4295 principi,
2914 4226 3199 4284 Ravennas
3255 4229 3496 4287 Ecclesia
3568 4281 3570 4284 ,

1926 4329 2141 4383 semper
2185 4316 2491 4378 adhzeserit,
2519 4327 2889 4388 quantamque
2933 4321 3093 4374 matri
3125 4337 3257 4386 sua},
3296 4335 3500 4379 sant-ue

1925 4405 2171 4472 videlicet
2199 4405 2456 4460 Romana:
2479 4407 2750 4473 Ecclesize,
2775 4411 3136 4465 obedientiam
3167 4413 3218 4466 in
3242 4415 3499 4470 omnibus

1853 4497 2266 4563 Dexhibuerit,
2312 4507 2492 4553 vestra
2545 4500 2859 4556 fraternitas
2916 4503 3134 4571 optimc,
3176 4504 3342 4557 novit.
3406 4503 3498 4557 Ille

1925 4598 2107 4643 autem
2165 4589 2258 4659 qui
2322 4605 2465 4644 mmc
2517 4589 2771 4652 Ecclesia
2823 4591 3149 4648 Ravennatis
3209 4595 3499 4662 episeOpus

1924 4696 2046 4735 esse
2091 4680 2308 4744 dicitur,
2353 4681 2628 4750 quomodo
2674 4697 2792 4734 eam
2833 4684 2960 4735 olim
3011 4692 3119 4736 tam
3168 4681 3492 4735 ditissimum

1925 4787 2088 4841 quam
2138 4771 2300 4825 etiam
2351 4772 2849 4840 religiosissimam,
2895 4772 3170 4842 tyrannica
3214 4758 3496 4838 deprzeda-

1924 4863 2073 4916 tione
2107 4862 2487 4927 dcvastaverit,
2511 4871 2565 4915 et
2603 4861 2916 4929 irreligiosae
2951 4859 3072 4912 vita:
3092 4861 3340 4928 exemplo
3374 4877 3497 4915 cor-

1927 4953 2149 5022 ruperit,
2182 4960 2236 5007 et
2277 4967 2376 5006 vos
2420 4951 2672 5019 patiendo
2720 4947 3058 5017 videndoque
3109 4951 3387 5016 sensistis,
3441 4966 3498 5009 et

1924 5051 2027 5097 nes
2072 5050 2220 5096 certo
2277 5041 2644 5108 experimento
2705 5037 3013 5092 didicimus.
3066 5039 3169 5095 Sed
3229 5044 3356 5112 quia
3411 5045 3497 5100 bis

1925 5131 2082 5185 malis
2102 5130 2329 5197 aliisque
2362 5127 2778 5198 quampluribus
2809 5128 3026 5200 ﬂagitiis
3055 5131 3298 5186 irretitus
3329 5143 3510 5201 atque

1922 5221 2184 5290 pollutus,
2208 5233 2274 5272 ne
2311 5219 2463 5288 argui
2498 5220 2672 5288 possit
2700 5229 2864 5289 atque
2903 5223 3184 5287 convinci,
3227 5223 3494 5290 superbia:

1926 5309 2068 5366 fastu
2114 5309 2289 5364 elatus
2327 5319 2518 5364 contra
2560 5312 2934 5380 apostolorum
2973 5311 3271 5380 principem
3313 5312 3493 5367 ealea-

1926 5418 2085 5456 ncum
2118 5401 2310 5467 erexit,
2341 5410 2395 5456 et
2424 5402 2477 5456 in
2506 5402 2865 5456 inobcdicntia
2893 5416 3015 5470 qua:
3044 5400 3233 5454 sceleri
3267 5416 3458 5472 compa
3477 5435 3493 5446 ο

1924 5502 2078 5547 ratur
2102 5491 2418 5547 idololatria:
2440 5498 2764 5560 perseveret,
2794 5483 2918 5543 eum
2948 5489 3066 5542 sine
3080 5504 3175 5557 spe
3205 5505 3495 5560 recupera.

1923 5584 2124 5650 tionis,
2173 5581 2412 5651 Spiritus
2456 5581 2629 5636 sancti
2677 5579 2914 5648 judicio,
2977 5580 3288 5647 apostolicae
3343 5583 3492 5640 sedis

1924 5674 2264 5736 auctoritate,
2287 5671 2352 5724 in
2395 5679 2581 5724 sancta
2611 5667 2853 5723 Romana
2875 5669 3082 5739 synodo
3110 5685 3232 5725 esse
3273 5670 3461 5740 deposi
3479 5700 3494 5716 ο

1930 5775 2045 5821 tum
2093 5760 2436 5832 przesentium
2496 5759 2709 5814 indiciis
2760 5759 3127 5814 indubitanter
3172 5762 3490 5830 cognoscite
