4218 6406
279 481 349 536 εει
1335 471 1536 525 LIBER
1566 469 1856 525 SEXTUS.
1888 501 1955 508 —
1987 469 2203 523 l'lI’lST.
2251 466 2384 522 .\'Ill.

3364 465 3464 500 ’ῥῆἰδ

3361 492 3466 519 -Ιὲὶἷι

277 601 353 652 est,
385 597 432 642 et
467 587 556 658 qui
603 600 757 655 prius
797 581 852 638 in
897 582 1238 638 restitutione
1291 585 1558 652 praedictae
1605 583 1796 636 insulae
1825 588 1869 642 Α
1897 581 2108 633 Domini
2158 589 2234 633 est
2285 597 2528 651 regnum,
2574 589 2622 634 ct
2673 581 2779 648 ipse
2825 579 3190 632 dominabitur
3239 589 3471 645 gentium

277 681 605 732 elaboraturus
636 692 716 737 es,
752 673 1094 728 medietatem
1118 673 1362 726 omnium
1392 667 1719 750 retldilt'iium,
1745 681 1802 726 et

277 749 406 823 totius
427 767 572 837 pretii
600 765 942 819 medietatem
977 779 1100 832 quxc
1129 763 1194 816 de
1217 762 1427 831 placitis
1460 735 1798 840 aeiiiiiretur;

277 860 449 912 duobus
468 871 594 910 vero
616 855 1027 910 successoribus
1049 854 1157 907 tuis
1175 863 1423 922 quartam
1446 842 1652 922 partem
1681 851 1802 906 red-

275 953 444 1004 «lituum
465 957 512 1002 et
545 949 714 1001 totius
744 946 898 1016 pretii
934 962 1055 1015 qua:
1098 946 1163 999 de
1216 947 1424 1014 placitis
1469 947 1799 1014 acquirctur,

277 1043 330 1094 ita
360 1051 520 1094 tamen
561 1048 621 1092 ut
659 1054 811 1092 arces
855 1046 909 1091 et
942 1052 1170 1107 qumque
1207 1037 1414 1090 inunita
1467 1037 1584 1088 loca
1622 1052 1718 1104 per
1753 1045 1805 1090 tc

275 1129 560 1199 acquirenda
624 1127 679 1180 in
743 1135 1008 1196 potestate
1065 1136 1249 1180 nostra
1305 1135 1360 1181 et
1421 1141 1801 1180 successorum

276 1230 541 1272 nostrorum
576 1225 948 1287 permaneant,
984 1233 1050 1270 eo
1094 1225 1281 1270 tenore
1325 1227 1402 1281 ut,
1433 1217 1478 1270 si
1507 1217 1804 1272 necessitas

274 1308 490 1376 exegerit,
526 1308 778 1361 custodes
803 1308 1117 1361 eormndcm
1170 1309 1414 1360 locorum
1461 1308 1556 1360 tibi
1589 1324 1806 1361 succes-

275 1398 558 1465 soribusqae
592 1399 721 1459 tuis,
763 1398 912 1450 salvo
933 1398 1054 1465 jure
1085 1407 1140 1451 et
1165 1399 1373 1452 honore
1408 1397 1668 1452 Romana:
1702 1397 1805 1449 lie.—

275 1485 436 1550 clesiar,
459 1486 728 1540 obediant.
771 1486 1000 1556 Dignum
1050 1489 1246 1556 quippe
1285 1498 1369 1542 est
1404 1498 1482 1552 ut,
1517 1489 1563 1543 si
1599 1489 1666 1541 ad
1701 1489 1806 1540 im—

276 1578 449 1643 perium
496 1589 548 1631 e'.
595 1593 929 1632 consensum
974 1588 1174 1633 sancta:
1238 1579 1497 1634 Romana:
1555 1579 1808 1634 Ecclesim

277 1671 561 1736 pastoralem
602 1671 905 1724 secundum
942 1670 1230 1725 Dominum
1265 1672 1603 1741 susceperint
1634 1672 1810 1741 digni-

277 1768 428 1824 tatem,
460 1761 691 1815 habeant
717 1778 781 1816 ex
810 1763 1098 1832 largitione
1136 1764 1450 1833 apostolica:
1494 1763 1638 1817 sedis
1667 1772 1808 1817 tem-

277 1850 503 1916 poralium
550 1868 734 1906 rerum
783 1854 1231 1909 sustentationem
1274 1861 1329 1906 et
1373 1854 1642 1906 decorem.
1697 1852 1810 1906 Iloc

1903 673 2076 740 (Psat.
2112 681 2244 740 xxi).
2297 673 2486 741 Sitque
2535 689 2747 740 semper
2794 672 2846 725 in
2892 688 3006 735 ore,
3057 672 3125 724 sit
3175 687 3387 740 semper
3419 671 3470 724 in

1901 755 2063 817 corde
2109 774 2312 826 vestro,
2343 763 2487 833 quod
2541 764 2687 839 hunc.
2735 762 3060 816 versiculum
3093 763 3279 830 paucis
3309 763 3476 814 inter-

1905 855 2095 924 positis
2145 857 2433 923 sequitur:
2465 853 2528 906 Et
2556 856 2734 907 anima
2777 872 2888 906 mea
2929 855 3010 906 illi
3055 855 3203 918 rirct,
3235 865 3280 906 et
3304 872 3475 906 semen

1904 962 2072 998 meum
2096 947 2280 998 seri-iet
2305 947 2426 1013 ipsi.
2450 944 2648 1000 Notum
2672 955 2850 998 autem
2884 946 3034 997 vobis
3071 963 3189 998 esse
3225 947 3476 1000 volumus

1903 1036 2159 1104 quoniam
2190 1037 2517 1096 desiderium
2544 1047 2788 1089 nostrum
2813 1045 2915 1099 est,
2948 1037 2992 1087 si
3023 1047 3133 1104 quo
3164 1037 3323 1088 modo
3353 1053 3478 1104 pos-

1904 1143 2087 1181 scmus
2114 1129 2181 1180 ad
2210 1144 2305 1182 vos
2329 1129 2540 1196 aliquos
2564 1129 2628 1180 de
2655 1129 2913 1182 fratribus
2937 1126 3148 1181 mittere
3177 1129 3267 1196 qui
3296 1127 3477 1180 Iideles

1905 1229 1958 1273 et
1989 1220 2131 1274 docti
2154 1230 2338 1273 essent
2364 1221 2429 1273 ad
2462 1221 2816 1272 erudiendum
2848 1235 2944 1271 vos
2981 1219 3032 1270 in
3078 1221 3223 1271 omm
3254 1218 3480 1271 scicntia

1905 1320 1959 1364 et
1987 1312 2233 1373 doctrina
2282 1310 2335 1363 in
2366 1310 2588 1364 Christo
2617 1309 2742 1362 Jesu
2795 1319 2872 1372 ut,
2903 1309 3200 1361 secundum
3249 1324 3481 1376 evange-

1905 1400 2065 1455 lieam
2111 1410 2162 1453 et
2211 1400 2561 1469 apostolicam
2585 1399 2888 1453 ‹ι‹·›‹·ιι·ἰιιειηι
2929 1399 3181 1451 decenter
3209 1399 3480 1461 instructi,

1908 1490 1964 1543 in
2002 1491 2150 1544 nullo
2178 1492 2492 1545 vacillantes
2516 1492 2731 1555 essetis,
2763 1491 2854 1543 sed
2901 1492 3122 1544 radicati
3169 1501 3329 1560 atque
3359 1490 3484 1542 fitn-

1907 1580 2017 1634 dati
2065 1598 2226 1650 super
2252 1582 2441 1634 stabile
2490 1581 2922 1644 fundamentum,
2950 1581 3092 1653 quod
3122 1591 3203 1634 est
3233 1581 3485 1635 (lhristus

1908 1669 2066 1726 Jesus
2094 1671 2145 1740 (I
2191 1673 2314 1726 Cor.
2350 1677 2454 1739 tu),
2496 1672 2862 1724 almmlantius
2900 1681 3059 1740 atque.
3097 1671 3388 1740 perfectius
3427 1672 3482 1725 in

1909 1761 2106 1813 virtute
2143 1760 2236 1813 Dei
2291 1763 2630 1826 cresceretis,
2661 1771 2716 1814 ct
2762 1763 3062 1816 scentulum
3112 1764 3482 1830 «mentionem

1913 1850 2148 1905 fructum
2173 1851 2294 1904 fidei
2317 1861 2517 1904 :eterna
2543 1853 2898 1906 retributione
2919 1854 3141 1922 dignum
3168 1855 3483 1908 reddere-tis.

276 1941 406 1994 etiam
433 1943 732 1996 addendum
762 1959 882 1998 esse
911 1944 1242 2008 censuimus,
1274 1952 1334 1996 ut
1361 1944 1415 1997 in
1445 1943 1668 2012 agendis
1692 1944 1806 2012 pla-
1842 1944 1884 1997 B
1911 1941 2062 2006 Quod
2093 1943 2218 2010 quia
2252 1942 2428 2006 nobis,
2455 1952 2566 1996 tum
2598 1952 2816 2011 propter
2839 1943 3286 2012 longinquitatem
3318 1954 3490 1998 terra-

276 2030 375 2083 citis
398 2033 612 2086 nuntius
639 2041 827 2085 noster
853 2020 1067 2102 semper
1094 2032 1325 2086 intersit.

332 2119 502 2172 Actum
551 2120 774 2186 Romae,
838 2122 1078 2175 secundo
1136 2121 1402 2177 Kalendas
1464 2120 1805 2188 Decembris,

278 2207 378 2260 indi.
397 2209 531 2263 tione
560 2212 816 2265 secunda.
1762 2191 1769 2199 ’

765 2322 1101 2376 EI’ISTOLA
1134 2321 1271 2376 XIII.

611 2432 672 2469 ΑΙ)
695 2431 907 2470 οιιγωι
937 2432 1210 2471 ΝΟΙΗΈΕΙΕ
1240 2431 1434 2469 REGE“.

817 2500 1004 2570 (Anno
1032 2505 1214 2575 1078.)

275 2582 660 2675 Confirmat-eum
681 2595 736 2646 in
751 2595 964 2672 ῥώμη,
987 2596 1110 2675 quia
1130 2603 1340 2663 propter
1360 2594 1810 2675 locornmdtstau-

327 2665 442 2714 tium
461 2675 505 2716 et
529 2665 721 2733 tinguit
743 2665 1097 2733 ignorantium
1121 2682 1223 2717 non
1243 2675 1407 2733 potest
1433 2667 1635 2716 mittere
1673 2665 1811 2715 riros

326 2734 404 2797 qui
423 2749 532 2804 eum
559 2734 610 2785 in
633 2733 744 2803 lege
771 2733 984 2786 Domini
1023 2735 1288 2798 erudiunt,
1331 2743 1476 2804 rogat
1502 2745 1556 2797 nl
1575 2735 1812 2802 juniorcs

327 2811 370 2852 et
390 2803 576 2855 nobiles
596 2821 622 2855 ε
647 2820 802 2873 regno
823 2821 918 2856 suo
938 2804 1006 2856 ad
1032 2804 1375 2872 apostolicum
1393 2803 1401 2804 ί
1417 2805 1586 2857 sedem
1614 2804 1810 2866 mittat,

327 2873 427 2940 qui,
449 2874 633 2926 dirinis
656 2873 856 2942 legibus
875 2875 1066 2938 edocti,
1081 2875 1383 2942 upostolicw
1401 2876 1537 2926 sedis
1561 2876 1815 2925 mundata

329 2942 391 2993 ad
408 2959 517 2994 eum
540 2944 674 3013 ferre
692 2953 742 2995 et
763 2944 1052 3010 praedicare
1072 2946 1304 3013 possint;
1322 2945 1575 3012 fratribus
1597 2953 1816 3012 printer-

326 3027 379 3062 ea
406 3013 546 3082 regis
588 3012 888 3078 Bonorum,
930 3012 1239 3066 divisionem
1283 3016 1425 3082 regni
1467 3013 1813 3081 cupientibus,

330 3081 462 3133 nullo
482 3094 631 3151 pacto
672 3099 817 3152 opem
845 3085 1008 3151 (erat,
1042 3086 1130 3136 sed
1153 3094 1294 3136 curet
1315 3081 1488 3151 potius
1513 3093 1567 3134 ut
1594 3098 1681 3134 rea:
1705 3083 1817 3149 fru—

287 3169 290 3172 λ
329 3160 423 3215 {res
444 3169 562 3223 suos
600 3168 719 3205 cum
765 3153 1027 3206 clmritute
1069 3155 1347 3223 suscipiat.
1367 3154 1448 3207 Att
1471 3154 1603 3206 bona
1625 3154 1816 3222 pioque

331 3237 474 3286 opera
495 3222 647 3274 illum
669 3223 935 3277 hortatur.

329 3309 618 3366 GIEGORIUS
636 3314 946 3381 episcopus,
970 3329 1161 3369 servus
1181 3331 1463 3370 servorum
1493 3314 1608 3378 Dei,
1639 3313 1819 3370 OLAVO

273 3393 681 3455 Norreechorum
709 3399 1136 3472 [Norvegorum,‘
1166 3405 1396 3476 Murum]
1436 3405 1550 3474 regi
1587 3407 1819 3460 salutem

273 3495 319 3540 et
341 3489 677 3559 apostolicam
707 3480 1159 3562 benedictionem.

329 3574 466 3631 Licet
482 3593 548 3632 ex
569 3580 859 3633 universali
883 3597 1014 3637 cura
1037 3567 1238 3637 sanctae
1249 3583 1631 3652 et‘apostolica:
1652 3585 1818 3650 sedis,

275 3664 349 3718 cui
373 3666 546 3722 divina
573 3669 924 3728 miseratione
946 3663 1319 3742 praésidcmus,
1349 3675 1621 3730 debitores
1649 3675 1821 3730 simus

275 3757 504 3813 omnibus
531 3759 624 3829 qui
651 3756 858 3814 Christi
906 3762 1066 3816 fidem
1097 3763 1302 3826 colunt,
1332 3763 1398 3816 de
1429 3763 1586 3818 vobis
1614 3772 1818 3828 tamen,

276 3847 354 3913 qui
397 3851 548 3918 quasi
594 3851 648 3904 in
697 3844 940 3906 extremo
977 3837 1140 3908 .orbis
1177 3864 1448 3908 terrarum
1478 3855 1638 3924 positi
1667 3855 1821 3921 estis,

275 3945 410 3994 tanto
437 3958 535 4012 nos
561 3945 786 4013 majoris
813 3934 1193 4022 sollicitudinis
1235 3949 1372 4003 ratio
1420 3949 1826 4022 necessitasque

276 4025 570 4085 circumstat
589 4043 795 4101 quanto
821 4051 919 4090 vos
946 4053 1139 4091 eorum
1168 4040 1261 4107 qui
1311 4040 1364 4093 in
1393 4039 1706 4094 Christiana
1736 4056 1824 4094 re-

275 4114 454 4184 ligione
479 4136 575 4175 vos
603 4122 878 4176 instruant
905 4125 1173 4179 minorem
1214 4128 1429 4195 copiam
1472 4137 1528 4182 et
1575 4144 1827 4184 necessa-

276 4205 344 4258 ria
370 4211 545 4266 minus
572 4211 766 4268 solatia
794 4213 997 4268 habere
1017 4213 1419 4286 cognoscimus.
1464 4217 1824 4286 Quapropter,

275 4299 438 4357 oblata
464 4307 888 4374 opportunitate,
913 4307 1233 4376 scripsimus
1255 4308 1410 4364 vobis
1430 4309 1496 4362 ad
1512 4308 1828 4364 confortan-

275 4388 386 4446 dam
413 4395 590 4467 aliquo
621 4397 784 4452 modo
812 4398 1041 4468 gloriam
1086 4409 1324 4454 vestram
1369 4399 1422 4453 in
1466 4400 1570 4454 fide
1597 4416 1719 4470 quae
1746 4408 1829 4456 est

274 4481 323 4534 in
349 4483 559 4541 Christo
586 4485 736 4552 Jesu,
773 4489 864 4558 qui
912 4489 1211 4543 secundum
1253 4491 1592 4560 propositum
1637 4492 1830 4545 volun-

1909 2050 2052 2096 rum,
2081 2042 2136 2086 et
2163 2034 2397 2087 maxime
2427 2044 2650 2104 propter
2699 2034 2912 2104 ignotas
2959 2034 3170 2102 linguas
3200 2037 3353 2088 valde
3385 2035 3492 2090 dif-

1909 2126 2048 2180 ficile
2089 2133 2193 2190 est,
2225 2141 2482 2194 rogamus
2512 2141 2607 2177 vos
2638 2125 2802 2193 (sicut
2846 2135 2900 2179 et
2947 2126 3058 2193 regi
3092 2126 3364 2179 Ilattot'utn
3396 2129 3490 2178 de-

1909 2216 2303 2280 nuntiavimus)
2339 2224 2392 2268 nl
2444 2217 2509 2269 de
2551 2217 2862 2285 junioribus
2909 2226 2963 2269 et
3008 2217 3280 2272 nobilibus
3337 2227 3493 2272 terra:

1910 2317 2104 2363 vestra:
2133 2309 2198 2361 ad
2226 2308 2581 2377 apostolicam
2606 2308 2786 2360 aulam
2813 2306 3060 2370 mittatis,
3093 2319 3363 2377 quatenus
3391 2311 3493 2366 sub

1911 2398 2013 2450 alis
2059 2391 2428 2465 apostolorum
2479 2396 2621 2450 Petri
2669 2407 2723 2450 et
2771 2395 2921 2450 Pauli
2972 2397 3140 2451 sacris
3189 2415 3252 2452 ac
3295 2399 3494 2452 divinis

1912 2487 2121 2558 legibus
2169 2487 2452 2556 diligenter
2499 2487 2695 2551 edocti,
2745 2483 3056 2556 aposltiliea:
3085 2488 3231 2542 Sedis
3280 2490 3346 2541 ad
3399 2505 3494 2543 vos

1912 2577 2165 2630 mandata
2197 2577 2420 2640 referre,
2455 2594 2560 2630 non
2597 2578 2753 2646 quasi
2801 2579 2989 2647 ignoti,
3038 2578 3129 2631 sed
3176 2580 3397 2648 cogniti,
3441 2590 3495 2633 et

1913 2685 2034 2738 qua}
2080 2668 2405 2722 Christian:e
2450 2669 2724 2739 religionis
2771 2670 2904 2723 ordo
2957 2670 3308 2738 postuiaverit
3351 2672 3494 2740 apud

1914 2776 2032 2824 vos,
2082 2775 2188 2814 non
2245 2759 2402 2828 quasi
2452 2761 2613 2814 rudes
2660 2769 2754 2814 aut
2805 2761 3000 2831 ignari,
3051 2763 3143 2814 St'li
3195 2763 3376 2833 lingua
3431 2780 3494 2817 ac

1916 2838 2140 2904 scicntia
2178 2851 2534 2918 moribusque
2561 2850 2852 2918 prudentes
2883 2851 3044 2921 digne
3069 2851 3178 2904 Deo
3201 2852 3495 2921 pl‘:(‘tii.“:ll't!

1914 2947 1970 2993 et
1996 2939 2302 3005 efficaciter,
2336 2941 2454 3009 ipso
2484 2941 2795 3008 adiuvante,
2833 2943 3079 2995 excolere
3123 2945 3354 3004 valeant.
3391 2930 3495 2997 lie—

1915 3030 2085 3084 iatum
2114 3047 2331 3101 quoque
2379 3032 2537 3086 nobis
2563 3041 2648 3087 est
2687 3031 2881 3088 fratres
2925 3035 3069 3106 regis
3111 3033 3386 3090 Danormn
3425 3039 3494 3091 ad

1917 3131 2153 3176 vestram
2189 3139 2246 3177 se
2276 3125 2574 3178 contulisse
2602 3125 2996 3188 excellentiam,
3032 3134 3091 3178 ut
3132 3128 3328 3179 vestris
3367 3129 3498 3180 viii-

1920 3216 2020 3269 bus
2046 3216 2326 3283 copiisque
2356 3216 2614 3280 nitentes,
2657 3225 2931 3286 quatenus
2973 3233 3096 3270 cum
3135 3219 3237 3272 illis
3270 3233 3495 3288 regnum

1919 3306 2143 3372 dividat,
2180 3305 2404 3362 fratrem
2453 3323 2644 3377 cogere
2673 3307 3136 3379 intenduntaQuze
3163 3311 3377 3378 quidem
3411 3329 3498 3365 res

1919 3408 2185 3467 quantum
2207 3399 2275 3452 ad
2303 3400 2454 3468 regni
2478 3399 2883 3463 detrimentum,
2910 3408 3174 3482 qualium:
3209 3401 3274 3452 ad
3304 3401 3498 3454 confu—

1920 3489 2130 3546 sionem
2160 3490 2344 3560 populi
2383 3489 2704 3551 Christiani,
2753 3499 3129 3558 quantumqne
3171 3491 3238 3544 ad
3281 3491 3498 3544 destru-

1921 3581 2155 3634 ctionem
2199 3579 2587 3643 Ecelesiarum,
2618 3579 2819 3648 quibus
2853 3570 3093 3651 quotidie
3121 3581 3295 3634 vicina
3327 3581 3501 3652 Paga-

1923 3687 2118 3727 norum
2139 3672 2434 3727 crudelitas
2455 3673 2713 3736 inhiat,et
2737 3672 2901 3724 totius
2925 3683 3081 3725 terra:
3107 3671 3500 3727 desolaton‘em

1922 3767 2169 3830 attineat,
2202 3780 2299 3834 per
2333 3763 2680 3832 semetipsam
2711 3780 2812 3818 nos
2844 3761 3074 3821 Veritas.
3104 3780 3226 3832 qua:
3252 3763 3506 3820 Christus

1923 3867 2026 3923 est,
2056 3859 2111 3912 in
2141 3855 2430 3927 Evangelii)
2465 3856 2638 3919 docet,
2675 3869 2798 3908 cum
2829 3853 2958 3908 dicit
2984 3873 2996 3906 :
3027 3853 3190 3908 Omne
3214 3871 3423 3923 regnum
3449 3856 3506 3908 in

1924 3951 2152 4018 scipsum
2190 3948 2416 4000 dirisum
2461 3944 2804 4009 desolabitur,
2827 3955 2875 3998 ct
2899 3945 3084 3997 domus
3107 3962 3265 4011 supra
3290 3947 3506 3996 domum

1925 4041 2077 4094 cadet
2108 4039 2255 4110 (Luc.
2288 4040 2385 4108 x1).
2420 4035 2575 4091 l'nde
2617 4037 2966 4090 eminentiam
2998 4045 3230 4090 vestram
3270 4037 3318 4088 id
3351 4052 3505 4089 sun:-

1926 4143 2146 4198 mopcre
2190 4143 2382 4196 cavere
2417 4142 2722 4189 monemus,
2768 4136 2821 4178 ut
2875 4124 3078 4178 nullius
3112 4141 3350 4193 unquam
3381 4133 3506 4193 per—

1927 4217 2184 4271 suasione
2214 4216 2268 4268 in
2305 4216 2409 4268 hac
2435 4225 2586 4283 parte
2613 4215 2868 4283 cuiquam
2899 4229 3186 4268 assensum
3220 4216 3508 4284 pra-beatis

1924 4307 2011 4362 vel
2037 4307 2390 4377 adjutorium,
2437 4321 2504 4360 ne
2550 4315 2832 4375 peccaturo
2877 4306 2978 4359 hoc
3028 4308 3194 4375 (quod
3241 4308 3404 4372 absit)
3451 4311 3507 4366 in

1927 4413 2025 4454 vos
2053 4407 2453 4468 retorqueatur,
2485 4413 2589 4451 neu
2615 4397 2681 4452 de
2711 4396 2937 4450 dissidio
2969 4399 3119 4468 regni
3147 4399 3290 4455 illius
3318 4412 3508 4458 contra

1915 4503 2027 4544 'vos
2049 4497 2104 4544 et
2129 4503 2356 4560 regnum
2379 4497 2618 4542 vestrum
2642 4487 2824 4540 divina
2854 4487 3155 4558 indignatio
3180 4492 3505 4546 COIICIit'illl'.

274 4572 390 4626 tatis
413 4577 597 4630 aeterni
624 4577 803 4632 Patris
847 4577 962 4643 Dei,
1014 4589 1339 4648 cooperante
1382 4578 1585 4650 Spiritu
1617 4591 1826 4650 sancto,
1863 4598 1905 4652 ι)
1931 4582 2045 4638 Iloc
2089 4593 2268 4637 autem
2317 4596 2435 4660 vos,
2461 4595 2756 4650 procurare
2804 4579 3033 4632 libenter
3061 4580 3314 4635 volumus
3344 4591 3508 4650 atque

274 4675 362 4727 pro
388 4665 556 4719 salute
602 4667 794 4721 mundi
825 4669 990 4722 homo
1019 4667 1194 4723 factus
1240 4679 1342 4736 est,
1393 4672 1459 4726 de
1505 4665 1825 4729 intemerata

277 4749 481 4822 Virgine
507 4763 689 4818 natus,
719 4757 986 4810 mundum
1014 4759 1376 4814 reconcilians
1419 4759 1528 4814 Deo
1556 4776 1651 4829 per
1679 4777 1823 4816 mor-

274 4848 371 4897 tem
398 4859 569 4910 suam,
601 4845 789 4900 delens
815 4856 1034 4914 peccata
1064 4855 1251 4901 nostra
1278 4839 1376 4916 per
1399 4849 1822 4918 redemptionem

274 4947 388 5003 quae
411 4939 494 4990 est
519 4934 574 4991 in
593 4932 872 5012 sanguine
898 4933 1092 5004 ipsius,
1122 4944 1177 4989 et
1207 4935 1417 4990 devicta
1440 4946 1615 4993 morte
1653 4940 1710 4993 in
1739 4956 1823 4994 se-

275 5027 490 5096 metipso
522 5026 920 5083 convivitieavit
946 5042 1010 5081 ac
1037 5027 1382 5082 resuscitavit
1426 5043 1528 5083 nos
1570 5029 1623 5084 in
1671 5046 1822 5100 spem

274 5112 463 5187 vivam,
511 5117 575 5171 in"
599 5115 986 5194 Ibai‘cditatem
1025 5114 1546 5185 immareessibilem,
1577 5120 1824 5176 inconta-

276 5199 543 5282 minatam,
594 5207 964 5279 incorruptam
995 5204 1049 5278 (1
1090 5204 1239 5278 Patr.
1285 5206 1350 5276 ι).
1399 5205 1461 5266 In
1504 5210 1826 5285 quo,_sicut

279 5298 588 5359 conﬁdimus
615 5305 682 5364 in
708 5303 1082 5363 misericordia
1115 5303 1255 5375 ejus,
1303 5305 1458 5368 vobis
1504 5317 1692 5376 parata
1720 5313 1824 5360 ἐει

276 5391 466 5441 uerna
493 5381 724 5473 salua-ct
745 5395 879 5461 vita,
909 5393 956 5450 si
997 5392 1178 5454 tamen
1212 5395 1277 5457 in
1308 5386 1401 5452 illo
1430 5383 1578 5464 Spem
1609 5397 1821 5452 firmam

280 5489 444 5546 usque
467 5480 535 5535 ad
553 5476 726 5538 intem
753 5486 1230 5557 tenueritiswebr.
1249 5489 1352 5558 ιιι),
1384 5488 1666 5561 credentes
1694 5489 1823 5558 (sic-

283 5572 335 5617 ut
359 5567 490 5622 dicit
501 5573 786 5650 apostolus
812 5575 1034 5649 Paulus)
1061 5582 1310 5649 quoniam
1347 5579 1402 5633 ειι
1431 5581 1541 5647 ipso
1563 5564 1824 5633 inhabitat

281 5657 440 5710 omnis
479 5657 750 5736 plenitudo
808 5657 1100 5722 dieim'tatis
1161 5655 1504 5738 corporaliter
1549 5666 1687 5737 (Col.
1735 5668 1821 5736 ιι).

285 5743 492 5816 Propter
515 5750 661 5821 quod
689 5749 886 5807 servitu
912 5757 960 5810 ci
988 5775 1111 5812 cum
1153 5761 1300 5814 omni
1321 5743 1329 5749 ’
1351 5761 1540 5814 timore
1567 5767 1621 5814 et
1648 5758 1825 5814 humi—

285 5835 440 5900 litate,
486 5854 752 5894 memores
818 5843 962 5908 quod
1008 5845 1292 5901 Psalmista
1342 5852 1483 5902 dicat
1518 5869 1528 5902 :
1563 5849 1824 5914 Quoniam

584 5956 858 6014 pATRUL
893 5954 1220 6016 CXLVIII.

1927 4675 2284 4738 consulimus,
2327 4681 2387 4726 ut
2413 4670 2670 4742 przefatus
2699 4684 2794 4722 rex
2827 4667 3100 4722 Danorum
3147 4670 3342 4723 fratres
3373 4685 3508 4725 suos

1926 4768 1980 4822 in
2013 4783 2237 4838 regnum
2262 4781 2386 4820 cum
2410 4763 2672 4817 charitate
2699 4761 2981 4830 suscipiat,
3011 4769 3065 4811 et
3109 4760 3180 4811 ita
3211 4759 3290 4811 eis
3321 4759 3386 4810 de
3419 4775 3510 4814 re-

1925 4859 2089 4928 liquis
2115 4857 2271 4911 bonis
2316 4866 2371 4910 et
2404 4853 2723 4916 honoribus,
2756 4850 2847 4903 ubi
2895 4856 3094 4915 potest,
3126 4847 3413 4902 distribuat
3447 4862 3511 4905 ut

1926 4965 2026 5003 nec
2051 4949 2172 5003 illos
2200 4947 2418 5017 indigna
2441 4950 2694 5012 angustet
2722 4937 3038 5001 necessitas,
3079 4951 3180 4992 nec
3211 4939 3357 5009 regni
3392 4949 3506 4992 sta-

1927 5048 2015 5093 tus
2062 5035 2417 5091 labefactetur
2469 5039 2564 5084 aut
2609 5027 2864 5097 dignitas.
2921 5025 2996 5081 De
3046 5036 3243 5082 uetere
3289 5044 3515 5098 semper~

1924 5127 2153 5196 cogitate
2191 5125 2258 5177 de
2305 5135 2399 5190 spe
2439 5118 2743 5173 Vocationis
2769 5127 2984 5183 vestrm,
3017 5127 3071 5173 et
3111 5119 3302 5173 attenti
3346 5119 3410 5198 ad
3435 5135 3497 5171 ea

1923 5232 2047 5286 quae
2092 5215 2354 5278 Dominus
2401 5211 2457 5264 in
2487 5209 2777 5281 Evangelio
2807 5212 2940 5266 dicit
2969 5231 2980 5265 :
3015 5211 3156 5276 Quia
3191 5210 3391 5263 venient
3435 5210 3502 5262 ab

1923 5309 2120 5360 Oriente
2138 5315 2185 5358 et
2207 5304 2552 5368 occidente,“
2579 5291 2872 5357 recumbent
2898 5311 3014 5356 cum
3038 5302 3325 5363 Abraham,
3343 5298 3500 5352 Isaac

1923 5408 1972 5454 et
1997 5397 2259 5466 Jacobjn
2297 5412 2448 5467 regno
2473 5395 2723 5448 cartorum
2767 5394 2983 5464 (Matth.
3027 5393 3166 5458 vni),
3200 5389 3362 5442 nolite
3391 5396 3504 5441 tar-

1894 5554 1896 5556 τ
1924 5494 2074 5556 dare,
2097 5491 2319 5554 currite,
2345 5487 2610 5542 festinate.
2645 5487 2720 5539 De
2747 5486 2952 5538 ultimis
2976 5481 3172 5535 ﬁnibus
3193 5479 3354 5543 estis;
3379 5480 3501 5544 sed,

1925 5583 1971 5638 si
1999 5582 2246 5639 curritis,
2283 5580 2328 5631 si
2374 5578 2661 5640 festinatis,
2695 5575 2885 5644 primis
2928 5571 3181 5624 Patribus
3228 5571 3281 5624 in
3325 5584 3501 5638 regno

1925 5671 2114 5727 sociati
2143 5670 2314 5724 eritis.
2351 5667 2434 5720 Sit
2480 5684 2675 5722 cursus
2707 5655 2882 5719 vester
2913 5665 3066 5726 fides,
3097 5677 3252 5714 amor
3279 5667 3338 5713 et
3354 5661 3502 5715 desi-

1925 5760 2156 5814 derium.
2200 5757 2283 5810 Sit
2331 5757 2431 5810 iter
2476 5765 2719 5809 vestrum
2769 5754 2955 5807 nmndi
3005 5752 3232 5821 gloriam
3280 5750 3503 5805 assidue

1929 5849 2174 5902 meditari
2222 5863 2343 5899 esse
2396 5845 2677 5910 caducam,
2715 5854 2764 5896 et
2817 5845 2937 5896 ideo
2978 5858 3101 5894 cuin
3135 5840 3501 5894 ainaritwl-ine

2051 6081 2076 6094 Ο
