3952 6440
553 492 660 547 5‘35

1315 480 1641 541 cneconn
1672 480 1762 537 vn
1792 478 1993 534 mres
2022 444 2301 533 οὺὶῑῐῐυῖιί
2333 471 2514 544 rans
2541 471 2581 526 l.
2611 502 2680 512 —
2710 431 3133 526 namsrnt'n.

3701 466 3817 522 52$

556 603 738 673 potius
776 616 940 672 quam
971 578 1324 669 delectatione
1352 598 1661 653 tenendam.
1695 593 1780 650 Sit
1819 601 2015 648 vestra:
2042 606 2137 661 po-
2169 593 2215 649 Α
2312 587 2445 641 Data
2478 585 2682 661 Retine,
2711 584 2872 640 tertio
2900 581 3182 638 Kalendas
3220 579 3488 650 Januarii,
3519 581 3827 641 indictione

561 693 742 747 tentia:
794 707 930 747 usus
993 697 1047 745 et
1098 687 1418 755 exercitatio
1480 683 1774 742 subvenire
1816 682 2137 753 ‘oppressis,

556 784 846 841 defendere
885 782 1100 847 viduas,
1139 779 1387 850 judicare
1414 775 1673 848 pupillos,
1714 774 1987 845 justitiam
2029 786 2149 852 non,

559 878 736 936 solum
756 876 1002 948 diligere,
1028 873 1123 929 sed
1144 872 1308 928 etiam
1340 877 1452 925 tota
1478 868 1687 924 virtute
1715 864 2029 922 defendere;
2045 860 2145 927 llis

561 983 799 1042 namque
829 965 1096 1037 vestigiis,
1121 964 1228 1019 hoc
1260 963 1545 1026 thesauro,
1575 959 1663 1015 his
1689 957 1906 1029 Opibus,
1939 955 2007 1010 de
2034 962 2147 1009 ter-

563 1074 696 1116 reno
723 1059 792 1116 ad
816 1058 1039 1115 cmleste
1068 1069 1318 1127 regnum,
1347 1052 1415 1108 de
1440 1052 1673 1130 ﬂuso'et
1709 1047 1890 1120 fragili
1920 1046 1988 1104 ad
2026 1060 2148 1101 cer-

564 1158 682 1206 tum
721 1157 777 1205 et
802 1161 1040 1219 perenne
1075 1144 1352 1218 gaudium,
1400 1143 1475 1216 de
1515 1142 1722 1198 caduca
1749 1148 1806 1195 ct
1831 1135 2149 1194 transitoria

566 1242 634 1298 ad
681 1250 942 1295 aeternam
984 1246 1040 1293 et
1094 1250 1323 1307 semper,
1357 1232 1784 1305 permansuram
1834 1228 2152 1300 pervenitur

567 1330 815 1403 gloriam.
843 1327 991 1383 Deus
1033 1333 1218 1382 autem
1248 1324 1619 1394 omnipotens,
1662 1321 1760 1392 qui
1785 1319 1939 1376 dives
1979 1325 2153 1377 etco-

569 1423 758 1492 piusus
800 1428 885 1476 est
931 1410 1436 1482 insmisericordia,
1482 1413 1697 1469 meritis
1731 1420 1788 1474 et
1828 1410 2154 1466 auctoritate

570 1510 939 1583 apostolorum
971 1507 1115 1563 Petri
1137 1516 1191 1563 et
1211 1505 1386 1570 Pauli,
1411 1516 1466 1562 et
1486 1512 1673 1561 nostra
1696 1519 1793 1576 per
1822 1504 1946 1560 illos
1973 1503 2154 1569 nobis,

2240 677 2503 737 secunda.

2779 785 3119 842 EPISTOLA
3161 776 3281 841 XV.

2634 896 2698 935 AD
2726 893 3004 935 IOSACHOS
3027 891 3415 934 ιιΑεειιιειιεεε.

2830 988 3012 1061 (Anno
3034 962 3230 1060 1079.)

2246 1102 2552 1159 Absentiam
2577 1102 2906 1184 saliua-bbulis
2946 1110 3005 1155 at
3037 1116 3182 1184 αηυο
3212 1100 3599 1184 [εταηιῃαηὸηξο
3639 1100 3830 1155 horta-

2320 1184 2426 1240 tur,
2471 1188 2625 1245 quem
2651 1170 2764 1226 illis
2793 1173 2919 1245 Acito
2954 1170 3312 1245 [eruissar‘am
3340 1171 3595 1245 affirmat,-
3639 1186 3829 1245 eorum

2292 1239 2720 1312 'moaasteriam,
2757 1239 3661 1312 sicgtUCIaniacense,_apos'olira:
3713 1239 3830 1312 sali

2319 1314 2471 1368 antire
2496 1312 2782 1380 desiderat.
2816 1309 3041 1380 Reliqua
3086 1309 3284 1364 haram
3324 1309 3622 1364 litterarum
3654 1310 3832 1380 porti-

2322 1384 2427 1439 tori
2452 1380 2676 1436 dicenda
2696 1379 2962 1451 relinquit.
3300 1383 3303 1391 ‘

2325 1493 2635 1549 Gnsconies
2667 1478 2976 1561 cpiscopus,
3006 1500 3201 1547 servus
3244 1498 3530 1549 servorum
3557 1488 3671 1558 Dei,
3696 1491 3836 1547 cha-

574 1581 698 1659 15;...
747 1602 1004 1674 indignis,
1049 1599 1314 1655 divinitus
1379 1611 1663 1663 concessa,
1716 1596 1965 1652 absolvat
2001 1605 2055 1652 ιε
2101 1603 2158 1650 ει
2221 1584 2492 1645 Δι’ἱειείιιιίίς
2519 1581 2779 1639 fratribus
2804 1582 2857 1637 in
2883 1582 3218 1637 monasterio
3239 1581 3565 1638 Massiliensi
3590 1597 3840 1638 commo—

573 1710 764 1751 oxnnes
791 1671 976 1748 ﬁdeles
1004 1690 1128 1746 tuos
1166 1690 1237 1744 ab
1282 1688 1540 1744 omnibus
1585 1688 1822 1759 peccatis
1854 1688 2074 1755 vestris,
2103 1695 2160 1742 ct
2256 1674 2525 1740 fantibus.
2548 1674 2779 1735 salutem
2802 1679 2856 1728 οι
2886 1672 3243 1742 προδιοιὶεεω
3267 1671 3719 1727 benedictionem.

573 1785 773 1856 dirigat
803 1798 900 1838 vos
930 1782 988 1836 in
1034 1794 1255 1837 omnem
1299 1780 1638 1834 voluntatem
1668 1772 1850 1847 suam,
1880 1787 1943 1834 ut
1968 1779 2024 1833 in
2054 1780 2159 1835 hac

2323 1764 2656 1822 Contristavi
2684 1779 2804 1830 vos,
2831 1763 2945 1819 imo
2972 1761 3034 1817 Β.
3072 1763 3270 1819 Petrus
3293 1766 3613 1832 commovit,
3646 1763 3843 1819 turba-

575 1852 812 1933 vitavvos
837 1872 1137 1944 promereri
1163 1870 1329 1927 faciat
1352 1870 1499 1941 quod
1520 1872 1577 1925 in
1596 1880 1800 1926 aeterna
1819 1871 2158 1929 beatitudine
2189 1920 2230 1944 η
2256 1857 2357 1924 ﬁt:
2382 1865 2440 1912 ει
2477 1857 2594 1926 ipse
2619 1854 2851 1912 33mm“-
2880 1852 3052 1910 qus
3075 1868 3314 1925 ηειπιίιιιθ
3357 1855 3526 1922 illius,
3553 1856 3727 1911 abbas
3747 1871 3849 1929 Vc’.

580 1920 947 2033 multipliciter
968 1960 1126 2017 vobis
1151 1920 1388 2016 adaucta!
1410 1975 1612 2015 corona
1634 1959 1921 2015 retribuat.
2189 1920 2232 1976 Β
2256 1958 2389 2016 stcr,
2409 1948 2559 2033 venit
2586 1947 2654 2003 ad
2682 1962 2806 2015 nos,
2836 1955 2891 2003 et
2915 1962 3017 2018 pro
3038 1946 3162 2018 ejus
3185 1961 3372 2002 amore
3390 1920 3569 2003 factus
3600 1956 3686 2003 est
3715 1924 3848 2003 obes

657 2053 791 2109 Data
831 2051 1048 2120 Romae,
1090 2036 1537 2108 decimooctavo
1576 2047 1722 2124 [xu]
1752 2050 2024 2113 Kalendas
2063 2050 2157 2129 ,ἰδέ

584 2145 783 2216 nuarii,
810 2143 1113 2202 indictione
1130 2140 1392 2200 secunda.

1086 2263 1445 2335 EPISTULA
1486 2270 1629 2326 XIV.

1062 2405 1130 2444 AD
1156 2402 1449 2443 WELFONEI
1483 2401 1682 2442 υυςειιι

1168 2496 1351 2570 (Anno
1381 2494 1566 2566 μηδέ)

593 2610 815 2666 Nullam
836 2617 1021 2664 contra
1059 2624 1116 2663 se
1136 2605 1574 2661 murmurationis
1602 2620 1822 2659 causam
1859 2606 1970 2675 fore
1989 2614 2165 2660 osten-

657 2679 1129 2760 dit,gsind.il_ig.ep.ter
1162 2675 1606 2760 perpendatlguw
1740 2677 1941 2760 synodo
1961 2684 2164 2750 statuta

630 2820 633 2829 η
658 2743 799 2872 saga.
825 2746 884 2802 Si
905 2743 1051 2817 ﬁdeli
1078 2743 1233 2800 corde
1255 2743 1363 2798 Deo
1403 2743 1708 2810 adlueserit,
1731 2743 2007 2797 rictoriam
2045 2743 2165 2798 eam

662 2838 694 2872 a
732 2827 995 2889 eptaram.

668 2951 975 3006 Gneoomrs
994 2948 1304 3018 episcopus,
1334 2960 1524 3002 servus
1553 2959 1834 3023 servorum
1855 2943 1973 3012 Dei,
1999 2942 2166 2999 War.-

596 3059 715 3098 roxt
762 3043 887 3098 duci
929 3040 1161 3095 salutem
1206 3046 1263 3093 et
1302 3037 1656 3116 apostolicam
1708 3036 2160 3095 benedictionem.

675 3130 734 3186 Si
781 3131 1065 3202 diligenter
1117 3127 1416 3183 secundum
1472 3126 1781 3195 aequitatem
1839 3125 2169 3195 pontiﬁcalis

2255 2040 2413 2097 diens
2443 2029 2617 2110 usque
2641 2039 2709 2095 ad
2743 2038 2990 2111 corporis
3016 2037 3322 2110 captionem
3340 2048 3439 2107 ;_et
3457 2039 3586 2109 quia
3613 2050 3847 2109 paratus

2258 2129 2380 2197 fuit,
2409 2130 2457 2186 si
2499 2138 2798 2201 oporteret,
2827 2130 2990 2196 mori,
3016 2138 3161 2192 etes
3194 2129 3302 2185 hoc
3342 2130 3563 2186 habebit
3601 2131 3848 2187 retribu-

2259 2220 2507 2274 tionem.‘
2526 2218 2632 2275 Sed
2658 2214 2801 2276 sicut
2827 2220 3003 2288 scitis,
3021 2219 3222 2277 fratres
3241 2220 3372 2288 mei,
3401 2221 3514 2276 rari
3550 2232 3683 2279 sunt
3711 2224 3846 2279 boni

2260 2308 2353 2380 qui
2382 2309 2548 2364 etiam
2579 2308 2690 2366 Deo
2731 2296 2788 2366 in
2818 2325 2956 2382 pace
3001 2310 3263 2379 serviant,
3304 2311 3399 2367 sed
3433 2312 3707 2369 rarissimi
3745 2315 3844 2386 qui

2261 2412 2362 2471 pro
2388 2400 2538 2456 illius
2578 2415 2767 2457 amore
2783 2400 3201 2471 persecutiones
3235 2416 3347 2461 non
3364 2401 3616 2471 timeant,
3644 2404 3729 2460 vel
3748 2406 3842 2477 qui

2261 2507 2321 2548 se
2388 2500 2597 2564 contra
2629 2491 2886 2549 inimicos
2962 2491 3059 2548 Dei
3119 2492 3490 2549 indubitanter
3544 2507 3844 2564 opponant.

2259 2580 2496 2639 Proinde
2541 2557 2855 2641 C‘bristiana
2892 2583 3085 2655 religio
3114 2584 3244 2654 (heu
3285 2584 3426 2655 proh
3462 2557 3679 2654 dolor!)
3708 2602 3847 2658 pene

2261 2673 2510 2744 deperiit,
2530 2683 2587 2729 et
2609 2674 2906 2745 impiorum
2925 2674 3184 2744 superbia
3219 2672 3393 2731 nimis
3406 2676 3667 2750 accrevit.
3699 2670 3847 2731 Pras

2263 2763 2443 2819 dictus
2477 2772 2658 2820 autem
2684 2774 2838 2834 pater
2863 2772 3052 2821 noster
3077 2763 3325 2838 [vester],
3357 2780 3545 2824 revera
3571 2767 3847 2838 apostolo-

2266 2870 2389 2908 rum
2422 2848 2721 2933 principem
2749 2854 3001 2925 diligens,
3033 2856 3089 2910 in
3111 2856 3230 2925 ejus
3250 2857 3369 2913 acie
3393 2858 3553 2915 nobis
3592 2860 3844 2926 adhaesit,

2264 2954 2320 3001 et
2343 2945 2700 3014 adjutorium,
2731 2942 2953 2998 Christo
2982 2945 3343 3015 gubernante,
3375 2932 3535 3003 nobis
3559 2949 3844 3020 impendit,

2267 3030 2378 3092 non
2405 3036 2570 3092 surda
2599 3027 2741 3091 au're‘
2758 3026 3046 3093 intendens
3065 3035 3220 3105 quod
3245 3036 3379 3092 dicit
3412 3037 3715 3108 Apestolus
3734 3040 3758 3097 ‘:
3786 3040 3846 3097 Si

2268 3126 2525 3196 fuerimus
2586 3126 2721 3180 socii
2765 3126 3101 3196 passionum,
3163 3127 3360 3182 erimus
3412 3138 3462 3183 et
3526 3126 3857 3186 consolatio?

599 3221 783 3287 οωοίί,
814 3235 925 3274 non
949 3216 1247 3299 secundum
1288 3216 1562 3286 propriam
1583 3215 1914 3300 voluntatem
1937 3222 2170 3285 perpen-
2194 3241 2236 3299 ο
2268 3233 2394 3300 nam
2421 3216 2475 3288 (Ι
2505 3213 2743 3288 Con-1).
2790 3214 2898 3271 Sed
2935 3216 3063 3287 quia
3091 3217 3352 3287 charitas,
3394 3221 3523 3277 licet
3579 3224 3724 3279 ratio
3755 3241 3849 3281 vos

597 3312 728 3369 ditis
747 3324 871 3381 quae
891 3301 1128 3380 agimus,
1148 3320 1272 3377 quae
1288 3305 1525 3361 dicimus
1543 3305 1611 3359 de
1624 3298 1902 3360 communi
1932 3303 2167 3374 negotio,

598 3402 711 3458 imo
731 3399 966 3455 maxima
995 3396 1403 3467 perturbatione
1431 3395 1583 3467 regni
1605 3395 1794 3461 vestri,
1838 3410 1946 3451 non
1980 3393 2170 3451 eontra

602 3506 702 3547 nos
721 3487 1154 3553 murmurabitis,
1185 3486 1279 3541 sed
1309 3500 1405 3555 per
1433 3485 1581 3555 viam
1606 3482 1827 3547 Patrum
1856 3493 2171 3540 nostrorum
2209 3531 2212 3534 .

606 3593 707 3635 nos
725 3578 993 3642 incedere,
1025 3576 1133 3631 Deo
1154 3574 1317 3641 'duee,
1344 3574 1557 3629 meritis
1587 3574 1732 3628 beati
1772 3572 1918 3629 Petri
1942 3572 2172 3643 apostoli

605 3666 964 3738 cognoscetis.
1007 3663 1330 3734 Perpendite
1376 3664 1524 3732 quod
1564 3651 1789 3718 sanctus
1818 3647 2057 3732 Spiritus
2078 3678 2174 3732 per

589 3771 737 3820 nos,
762 3755 886 3810 licet
927 3753 1199 3824 indignos,
1230 3752 1487 3823 dignatus
1523 3761 1609 3807 est
1642 3751 1700 3805 in
1735 3750 1926 3807 saneta
1966 3752 2175 3823 synodo

609 3846 713 3901 hoc
749 3845 806 3900 in
832 3859 978 3899 anno
1019 3842 1206 3899 Romae
1231 3843 1287 3897 in
1313 3841 1737 3920 Quadragesima
1765 3841 2178 3905 celebratasta-

607 3945 780 4001 tuere,
812 3943 866 3990 et
891 3933 1236 4005 cognoscetis
1258 3916 1528 4003 quantum
1541 3916 1739 3998 valeat,
1757 3938 2023 4002 quantum
2044 3924 2179 4000 pos-

571 4051 578 4057 -
609 4026 680 4081 sit
702 4024 999 4101 auctoritas
1037 4030 1094 4080 et
1122 4031 1369 4094 potestas
1415 4020 1558 4076 beati
1589 4015 1754 4101 Petri.
1795 4018 1954 4092 Agite
1996 4018 2180 4090 itaque

555 4128 564 4140 ί
610 4100 969 4186 omnipotenti
1014 4113 1127 4170 Deo
1155 4122 1209 4169 et
1236 4113 1395 4168 beato
1436 4111 1599 4167 Petro
1631 4098 1846 4182 semper
1882 4117 2086 4182 grates,
2124 4117 2181 4166 et

612 4219 722 4259 non
755 4214 943 4261 mntra
977 4219 1079 4259 nos
1113 4201 1528 4269 murmurando,
1560 4200 1655 4258 sed
1685 4200 1846 4257 beato
1872 4198 2033 4255 Petro
2055 4215 2181 4271 gra-

638 4295 721 4349 ias
742 4294 1047 4360 referendo,
1070 4295 1295 4349 meliora
1323 4301 1555 4363 sperate.
1576 4289 1708 4348 Mihi
1733 4293 1957 4358 credite,
1982 4290 2180 4348 fratres

617 4384 947 4449 cbarissimi,
976 4384 1104 4453 quia
1124 4384 1217 4453 qui
1245 4384 1311 4463 de
1350 4382 1588 4439 falsitate
1626 4390 1682 4439 et
1720 4382 2033 4450 calliditate,
2070 4395 2180 4436 non

594 4476 686 4545 de
705 4474 916 4543 justitia
964 4481 1019 4527 et
1046 4472 1386 4540 simplicitate
1424 4475 1723 4542 confidunt,
1769 4474 1994 4531 omnino
2035 4472 2183 4529 deci-

2228 3328 2231 3329 ν
2272 3298 2606 3374 consoletur,
2628 3306 2704 3362 'ad
2729 3298 2972 3363 delet-em
2995 3320 3090 3363 vos
3110 3307 3356 3378 impellit,
3380 3312 3611 3382 ecquod
3638 3319 3845 3367 tantum

2269 3396 2485 3453 Patrem
2524 3405 2748 3468 tamque
2787 3394 2947 3453 vobis
2984 3398 3184 3454 ducem
3217 3401 3376 3470 quasi
3416 3401 3581 3474 longo
3608 3412 3846 3473 tempore

2270 3490 2583 3557 amiseritis,
2603 3505 2863 3561 rogamus
2894 3482 2995 3545 vos
3028 3505 3096 3545 ex
3120 3498 3275 3561 parte
3312 3492 3708 3563 omnipotentis
3754 3492 3843 3550 Dei

2233 3642 2236 3646 λ
2270 3590 2325 3635 et
2351 3594 2534 3636 amore
2557 3580 2703 3636 beati
2728 3576 2898 3648 Petri,
2935 3579 3206 3650 patienter
3225 3591 3542 3652 supportate
3568 3600 3690 3651 nos,
3723 3586 3845 3655 quia

2272 3672 2403 3738 cito,
2423 3670 2863 3742 Deoadjuvante,
2892 3686 3021 3732 eum
3058 3672 3214 3729 vobis
3248 3672 3434 3729 laetum
3475 3678 3844 3744 remittemus;

2272 3770 2329 3815 et
2350 3776 2420 3823 ex
2443 3761 2569 3827 hoc,
2607 3761 2934 3817 auctoritate
2958 3761 3107 3838 beati
3136 3760 3285 3816 Petri
3303 3764 3677 3861 apostolorum
3703 3767 3848 3837 prin-

2254 3849 2435 3935 cipis,
2465 3850 2625 3905 nobis
2645 3850 2802 3905 valde
2834 3849 3078 3921 indignis
3112 3849 3428 3921 commissa,
3461 3854 3845 3935 indulgentiam

2276 3940 2521 4013 omnium
2536 3947 2901 4010 peccatorum
2927 3946 3237 3997 vestrorum
3281 3945 3654 4014 promittimus
3678 3958 3733 4005 et
3757 3950 3845 4005 al-

2279 4030 2604 4088 solutionem
2638 4043 2763 4086 cum
2796 4019 3176 4088 benedictione
3200 4035 3573 4094 concedimus.
3611 4038 3845 4095 Conﬁdi-

2278 4139 2405 4180 mus
2428 4137 2687 4194 namque,
2718 4122 2788 4179 de
2811 4121 3206 4194 nimia'pictate
3248 4125 3516 4194 Altissimi
3539 4138 3596 4186 et
3618 4131 3689 4186 de
3716 4129 3844 4203 inei-

2278 4212 2427 4281 fabili
2463 4213 2750 4269 clementia
2792 4206 3013 4284 Regina:
3036 4214 3292 4285 calcatis,
3324 4218 3453 4288 quia
3488 4220 3635 4277 beati
3659 4221 3843 4277 Petrus

2278 4294 2559 4371 etiPaulus
2582 4304 2766 4369 locum
2792 4311 3035 4359 vestrum
3069 4306 3305 4375 amplius
3337 4308 3500 4365 solito
3541 4300 3843 4368 custodierit

2279 4404 2335 4451 et
2367 4395 2685 4459 tuebuntur,
2715 4391 2812 4463 qui
2860 4407 2961 4463 pro
2989 4390 3206 4450 illorum
3247 4397 3470 4455 servitio
3513 4400 3770 4456 damnum
3794 4410 3844 4455 et

2282 4484 2689 4540 incommodum
2736 4478 2939 4539 habere
2986 4476 3220 4540 videtur.
3275 4474 3660 4549 Desideramus
3707 4492 3840 4549 enim

618 4568 769 4632 dent,
792 4574 848 4621 et
877 4565 979 4619 hos
1004 4562 1071 4655 Β.⁸
1099 4551 1248 4616 Petri
1291 4561 1500 4655 gladius
1533 4564 1840 4655 devorando
1866 4563 2180 4621 confundet.
2215 4563 2261 4620 D
2284 4575 2467 4631 locum
2491 4572 2552 4629 Β,
2581 4572 2738 4629 Ρειιιί
2771 4582 2828 4629 ει
2859 4583 3101 4630 vestrum
3142 4575 3219 4631 ίιε
3258 4576 3439 4646 “ire,
3470 4589 3533 4636 ,η
3566 4582 3711 4640 sic,“
3737 4583 3841 4655 iam

619 4658 760 4727 Quid
805 4665 986 4712 autem
1027 4651 1100 4708 sit
1137 4660 1319 4707 actum
1366 4650 1420 4705 in
1467 4654 1920 4729 q‘uadragesimali
1953 4656 2182 4728 synodo,

622 4752 737 4807 sive
761 4750 817 4804 in
845 4763 909 4803 ea
940 4760 1107 4817 quam
1129 4743 1186 4798 in
1214 4756 1401 4798 mense
1420 4740 1708 4800 Novembri
1732 4744 1982 4813 fecimus,
2016 4747 2187 4801 vestri

624 4840 810 4896 fideles
852 4838 948 4910 qui
1003 4834 1402 4901 interfuerunt,
1446 4842 1501 4889 et
1545 4839 1747 4893 nostra:
1790 4837 1984 4891 litterae
2032 4836 2189 4892 vobis

628 4929 813 4984 missae
834 4930 1075 4986 indicare
1100 4936 1350 5001 possunt.
1380 4925 1490 4983 Vos
1515 4935 1697 4983 autem
1737 4926 2031 4998 dejustitia
2060 4941 2193 4980 con-

550 5052 555 5059 ε
630 5020 878 5081 fidentes,
936 5029 990 5074 et
1039 5021 1105 5075 de
1159 5020 1219 5075 Β.
1271 5019 1417 5075 Petri
1463 5020 1735 5089 adjutorio
1780 5026 2192 5089 praesumentes,

630 5108 1016 5167 confortamini
1039 5108 1095 5162 in
1122 5109 1352 5167 Domino
1387 5120 1440 5167 et
1473 5112 1528 5165 in
1552 5111 1793 5181 potentia
1816 5108 2032 5164 virtutis
2052 5106 2190 5177 ejus,

630 5202 759 5274 quia
787 5200 833 5256 si
875 5198 1018 5254 ﬁdeli
1046 5199 1207 5254 corde
1230 5207 1281 5253 et
1323 5201 1503 5255 stabili
1544 5200 1657 5257 Deo
1696 5198 2053 5269 adbzeseritis,
2086 5198 2195 5253 cito

630 5294 787 5349 vobis
814 5290 1040 5347 victoria
1078 5298 1133 5345 et
1162 5304 1281 5360 pax
1322 5289 1598 5353 arridebit,
1632 5288 1984 5359 Omnipotens
2031 5289 2194 5356 Deus,

569 5418 576 5426 -
633 5383 1038 5441 meritis-beata
1070 5380 1252 5436 Mariae
1291 5378 1552 5433 caelorum
1580 5378 1800 5446 reginae,
1834 5393 1931 5448 per
1958 5374 2196 5435 auct'ori-

633 5486 801 5533 tatem
833 5476 892 5530 Β.
917 5475 1063 5532 Petri
1086 5471 1458 5544 apostolorum
1482 5466 1745 5537 principis
1773 5467 1909 5521 mihi
1933 5468 2089 5524 valde
2115 5469 2200 5523 in-

636 5569 799 5640 digno
839 5567 1211 5630 commissam,
1256 5572 1310 5615 te
1354 5569 1585 5626 tuosque
1632 5572 1827 5617 omnes
1860 5556 2057 5623 socios,
2106 5560 2200 5627 qui

633 5659 901 5727 justitiam
941 5657 1137 5727 amatis
1176 5663 1230 5709 et
1274 5650 1419 5707 beati
1460 5648 1606 5708 Petri
1653 5648 1835 5706 sedem
1882 5648 2127 5720 diligitis,
2170 5663 2201 5702 a

641 5750 851 5803 cunctis
881 5748 1115 5819 peccatis
1144 5743 1406 5810 absolvat,
1427 5750 1482 5798 et
1507 5740 1575 5798 ad
1604 5740 1770 5799 vitam
1797 5750 2053 5814 aeternam
2081 5754 2203 5810 per-

643 5837 821 5894 durat.
1624 5847 1631 5861 ν

2283 4680 2350 4720 ex
2389 4663 2553 4734 longo
2597 4670 2846 4747 tempore
2884 4662 3180 4722 Cluniacus
3214 4671 3528 4738 apostolicae
3565 4675 3682 4730 sedi
3731 4689 3841 4745 spe-

2284 4755 2494 4809 cialiter
2538 4753 2830 4831 adbaereat,
2864 4762 2921 4810 et
2937 4756 3179 4839 speciali
3205 4756 3462 4817 Ecclesia:
3495 4763 3666 4834 hujus
3701 4766 3842 4835 adju—

2284 4841 2428 4897 torio
2450 4850 2505 4897 et
2527 4841 2901 4899 benedictione
2928 4845 3284 4914 congaudeat.
3323 4847 3538 4907 Moveat
3582 4869 3705 4919 vos,
3743 4854 3843 4908 fra-

2288 4938 2402 4986 tres
2428 4929 2758 4995 cbarissimi,
2789 4945 3005 4986 summa
3030 4932 3248 4988 dilectio
3275 4920 3502 5004 Christi,
3527 4948 3591 4994 ut
3622 4957 3720 4998 nos
3744 4943 3841 4998 sic-

2293 5027 2357 5075 ut
2381 5033 2480 5075 vos
2501 5019 2653 5109 ipsos
2690 5019 2947 5092 diligatis,
2970 5029 3026 5076 et
3050 5036 3272 5078 manum
3298 5021 3555 5096 adjutorii
3580 5030 3635 5086 in
3663 5016 3841 5104 magna

2295 5116 2614 5181 tempestate
2632 5111 2825 5180 positis
2855 5112 3169 5184 porrigatis,
3198 5114 3329 5174 illud
3354 5132 3569 5188 semper
3725 5140 3841 5181 om-

2294 5200 2364 5257 lis
2399 5201 2705 5258 habentes:
2747 5204 2897 5259 Alter
2941 5203 3164 5260 alterius
3215 5222 3376 5260 onera
3427 5219 3652 5281 portate,
3693 5227 3738 5270 et
3773 5216 3839 5270 sic

2297 5290 2652 5363 adimplebitis
2684 5292 2846 5373 legem
2875 5295 3077 5351 Christi
3098 5292 3242 5367 (Gal.
3265 5293 3342 5362 6).
3369 5296 3523 5363 Quod
3552 5306 3840 5363 autem'mi-

2300 5398 2405 5439 nus
2427 5383 2767 5454 scripsimus,
2783 5386 2977 5440 horum
3001 5373 3492 5455 portitoridioenda
3516 5396 3836 5467 reliquimus.

2264 5471 2656 5549 .Omnipotens
2699 5472 2863 5540 Deus,
2895 5485 2926 5529 a
2966 5489 3076 5544 quo
3124 5489 3320 5535 cuneta
3361 5493 3501 5538 bona
3540 5488 3836 5555 procedunt,

2301 5564 2510 5618 meritis
2556 5572 2612 5619 et
2659 5563 3049 5620 intercessione
3085 5564 3181 5622 Dei
3231 5560 3509 5642 genitricis
3540 5583 3594 5629 et
3638 5575 3838 5648 virginis

2302 5666 2396 5721 per
2422 5655 2797 5708 auctoritatem
2831 5654 3004 5709 beatis
3031 5653 3189 5714 Petro
3225 5671 3278 5717 et
3301 5662 3466 5722 Paulo
3488 5668 3835 5736 apostolorum

2301 5743 2636 5812 principibus
2659 5757 2974 5799 concessam
2994 5761 3091 5802 vos
3116 5753 3388 5822 reSpieiat,
3418 5771 3629 5829 vosque
3654 5764 3839 5821 semper

2303 5832 2520 5886 innovet
2540 5841 2593 5886 et
2625 5832 2912 5904 custodiat,
2939 5837 3195 5910 vobisque
3233 5845 3379 5912 quod
3403 5847 3472 5902 sit
3498 5854 3837 5902 novum/can-
