3952 6364
160 409 259 464 Si?)

1248 405 1455 461 LIBER
1483 404 1770 461 SEXTUS.
1801 436 1871 446 --
1896 405 2113 461 EPIST.
2142 403 2303 461 XVII.

3271 410 3375 469 59.6

159 521 322 575 ticum
365 520 588 584 indicet,
625 529 680 574 et
726 519 782 574 in
821 530 1007 575 sancta
1048 510 1368 589 jubilatione
1403 519 1717 586 inflammet,
1747 523 1795 580 Α
1819 518 1867 574 si
1889 518 2045 576 nobis
2071 520 2441 578 inobcdientes
2470 521 2778 578 exstiterint
2814 522 2950 578 etin
2983 523 3222 580 fraterno
3252 527 3377 584 odio

157 623 212 668 ut
239 609 480 683 perfecte
498 612 680 666 sciatis
706 613 1001 666 humanam
1039 609 1381 680 fragilitatem
1411 610 1628 677 deflere,
1666 618 1723 666 et

156 703 483 760 ineﬂabilem
509 701 604 758 Dei
635 703 1020 772 benignitatem
1058 711 1402 772 cegnOscere,
1424 711 1486 756 ut
1511 701 1564 755 in
1600 701 1719 772 ejus

157 812 342 856 amore
387 813 601 867 semper
625 803 928 852 crescentes
960 795 1029 849 ad
1073 795 1192 864 ejus
1240 803 1441 850 certam
1473 793 1722 849 notitiam

156 898 206 943 et
231 888 536 942 mirabilem
568 887 839 952 laetitiam,
871 883 1078 941 ccclesti
1130 891 1304 939 matre
1328 883 1580 950 ducente,
1607 878 1741 940 me?

156 979 383 1036 mmini
411 978 710 1050 pervenire.
1242 1045 1248 1051 ξ

225 1069 363 1125 Data
391 1069 598 1146 Romae,
627 1085 679 1124 iv
698 1066 883 1125 Nonas
903 1059 1073 1140 [ΚΛ]
1117 1064 1379 1134 Januarii,
1427 1064 1721 1122 indictione

155 1145 414 1219 secunda.
687 1225 692 1228 _
731 1226 738 1228 ἓ
848 1221 856 1226 _

681 1224 1017 1285 EPISTULA
1061 1227 1201 1283 XVI.

324 1333 391 1378 λι)
418 1335 788 1379 BERENGAIIIIJ)!
827 1338 1205 1378 GEBUNDESSEM
1238 1333 1546 1378 EPISCOPU";

745 1415 924 1483 (Anno
951 1405 1134 1482 I079.)

156 1505 504 1588 Amplectitnr
526 1506 814 1588 iterationis
837 1505 949 1576 ejus
978 1504 1222 1588 allectat-rt
1243 1512 1366 1588 erga
1390 1497 1563 1588 sedent
1586 1523 1720 1588 upo-

220 1576 488 1640 stolicam,
519 1586 676 1646 utque
712 1579 769 1632 in
795 1575 868 1632 eo?
900 1575 1145 1646 persistat
1179 1575 1441 1640 hortatur,
1481 1584 1532 1630 et
1579 1575 1720 1632 inter

219 1647 522 1718 Ragmundi
571 1646 712 1718 ﬁlios
759 1655 940 1719 pacem
987 1646 1258 1719 conciliet;
1289 1647 1433 1719 quod
1472 1647 1524 1719 si
1547 1648 1719 1701 minus

221 1716 466 1788 consequi
498 1716 681 1788 poesit,
707 1716 896 1788 saltem
919 1716 1163 1771 inducias
1181 1717 1299 1785 ﬁeri
1323 1726 1486 1782 curet,
1509 1718 1721 1775 interim

220 1789 297 1843 ei:
342 1787 656 1843 denuntians
693 1787 921 1842 alterum
954 1802 1152 1852 eorum,
1183 1803 1276 1856 per
1317 1796 1467 1856 quem
1495 1789 1717 1854 steterit,

223 1925 361 1992 vero,
399 1930 489 1998 qui
506 1925 819 1996 apostolicae
845 1927 956 1998 sedi
985 1925 1257 1998 obedierit,
1285 1925 1352 1978 ad
1381 1927 1718 1998 obtinendam

222 1995 580 2060 hmreditateut
599 2009 872 2068 paternam
885 1996 1198 2068 jucundum.
1214 1995 1479 2068 Prwterea
1495 2005 1552 2050 ut
1575 1996 1720 2050 Nar-

223 2068 464 2122 bonensis
485 2065 713 2138 episcopi
733 2068 848 2138 ejus
879 2065 1065 2138 fratris
1089 2066 1255 2121 saluti
1281 2065 1543 2121 consulat.

225 2157 530 2214 Caesonius
558 2160 867 2230 episcopus,
901 2167 1093 2215 serVus
1119 2167 1402 2213 servorum
1438 2155 1554 2224 Dei,
1587 2151 1722 2213 dile-

158 2262 242 2308 cto
288 2253 345 2308 in
382 2246 601 2309 Christo
652 2251 806 2307 fratri
860 2249 1199 2305 IIERENGARIO
1236 2248 1573 2304 Gerundensi
1603 2249 1720 2318 epi-

123 2320 321 2423 \scopo
347 2345 575 2400 salutem
608 2353 661 2399 et
683 2342 1035 2414 apostolicam
1061 2338 1514 2396 benedictionem.

221 2436 375 2490 Sicut
416 2451 512 2507 per
557 2436 730 2490 filium
774 2443 1024 2491 nostrum
1051 2430 1443 2488 Massiliensem
1473 2428 1720 2486 abbatem

157 2527 463 2594 didicimus,
496 2535 748 2598 paratum
771 2543 891 2583 esse
915 2525 967 2584 te
990 2524 1126 2582 dicis
1155 2523 1210 2579 iu
1248 2525 1552 2579 obedientia
1579 2531 1634 2578 et
1657 2519 1721 2577 fi-

155 2616 370 2674 delitate
398 2617 457 2672 Β.
495 2617 642 2673 Petri
667 2617 982 2672 firmissimo
1007 2615 1189 2669 animo
1217 2621 1272 2668 et
1305 2613 1573 2668 constanti
1601 2629 1723 2683 per-

157 2712 367 2778 sistere,
383 2722 436 2767 et
450 2710 750 2768 secundum
775 2716 1103 2780 praeceptum
1121 2715 1367 2762 nostrum
1387 2707 1553 2761 vitam
1572 2715 1722 2762 tuam

154 2803 406 2872 deinceps
452 2816 742 2872 moresque
770 2813 1112 2870 componere,
1143 2799 1408 2869 cupisque
1431 2807 1484 2853 et
1511 2797 1722 2853 deside-

155 2903 245 2949 ras
269 2910 381 2964 pra:
423 2893 635 2950 caneris
660 2893 755 2964 qui
793 2893 846 2948 in
889 2891 1138 2963 partibus
1174 2890 1370 2945 vestris
1400 2896 1529 2943 sunt
1564 2888 1721 2943 nobis

159 2985 490 3041 familiariter
516 2985 812 3040 adhaerere.
855 2983 961 3038 Sed
1003 2991 1056 3038 et
1086 2996 1185 3036 nos
1208 2980 1275 3034 ad
1316 2978 1723 3048 suscipiendum

129 3079 132 3082 ’
160 3082 322 3134 tantae
344 3076 648 3134 devotionis
671 3076 920 3132 affectum
946 3076 1127 3131 sinum
1155 3083 1392 3143 paternae
1419 3071 1725 3129 dilectionis

159 3171 522 3235 extendimus,
561 3174 616 3224 et
640 3169 816 3223 modis
848 3167 1103 3220 omnibus
1123 3166 1212 3234 pio
1249 3165 1394 3219 circa
1425 3180 1524 3219 nos
1550 3163 1723 3218 amori

162 3271 254 3316 tuo
296 3231 559 3325 favemus,
593 3260 665 3313 ita
717 3259 874 3328 plane
922 3265 982 3311 ut
1031 3265 1088 3310 tu
1123 3231 1302 3326 '(sicut
1347 3253 1641 3324 promittis)
1667 3253 1720 3306 in
1736 3231 1791 3286 'C

163 3367 346 3408 amore
369 3351 512 3408 Petri
547 3360 602 3406 et
648 3349 1012 3406 sollicitudine
1040 3346 1421 3403 ecclesiasticae
1448 3343 1725 3416 religionis

163 3453 216 3501 et
243 3447 390 3518 pacis
409 3445 733 3502 Christiana:
755 3453 968 3514 semper
989 3447 1292 3506 e'xcrescas,
1319 3439 1648 3512 dignumque
1677 3446 1726 3494 te

166 3537 454 3606 apostolica
486 3536 856 3607 familiaritate
899 3549 966 3587 ex
1013 3531 1314 3586 obedientia
1359 3527 1723 3607 sincerissima

167 3626 373 3681 reddas.
407 3624 613 3695 itaque
670 3625 722 3679 in
778 3623 968 3693 primis
1027 3614 1300 3692 negotium
1347 3619 1461 3681 tibi,
1516 3618 1580 3671 de
1617 3633 1726 3685 quo

167 3717 396 3772 multum
445 3731 725 3780 curamus,
773 3713 1125 3785 injungimus.
1154 3709 1530 3780 Comperimus
1580 3707 1724 3760 enim

167 3811 310 3878 quod
350 3809 488 3864 inter
522 3808 662 3863 filios
701 3806 1002 3878 Ilaymundi
1046 3801 1352 3872 Dercngarii
1400 3817 1494 3870 per
1521 3799 1726 3854 vanita-

167 3913 273 3954 tem
296 3910 350 3956 et
381 3899 712 3970 superbiam,
748 3908 801 3952 et
826 3897 1060 3950 maxime
1089 3910 1184 3963 per
1213 3892 1498 3947 consilium
1534 3891 1727 3961 impio-

169 4007 310 4059 rum,
353 3991 612 4046 nimirum
641 4001 706 4043 ex
736 3986 933 4042 invidia
964 3983 1181 4050 diaboli,
1223 3983 1493 4038 discordia
1528 3982 1723 4037 oritur.

168 4079 232 4136 Et
249 4099 348 4154 ego
371 4082 494 4136 inde
539 4079 701 4134 nimis
730 4077 1041 4143 contristor,
1076 4086 1188 4131 tum
1221 4088 1318 4144 pro
1352 4089 1536 4127 amore
1556 4073 1726 4142 patris

166 4189 374 4240 eorum,
411 4155 505 4243 qui
545 4185 633 4227 me
677 4169 813 4226 satis
852 4185 917 4223 ex
947 4183 1056 4238 quo
1087 4165 1337 4236 cognovit
1376 4163 1582 4229 dilexit,
1609 4172 1726 4218 tum

169 4268 329 4322 etiam
355 4263 480 4337 quia
510 4271 673 4334 super
695 4261 1059 4317 Christianam
1097 4265 1330 4329 gentem,
1356 4271 1478 4326 quae
1522 4255 1578 4309 in
1601 4270 1740 4324 par-,

169 4361 311 4415 tibus
338 4360 442 4414 illis
472 4372 672 4428 magno
708 4354 997 4424 impiorum
1025 4350 1450 4405 Sarracenorum
1495 4345 1622 4401 odio
1648 4346 1727 4401 la-

168 4451 359 4507 borare
382 4447 744 4520 dignoscitur,
785 4459 944 4516 grave
987 4442 1164 4496 sentio
1206 4439 1508 4509 periculum
1544 4438 1726 4491 immia-

1820 624 2129 677 remanere,
2167 611 2382 668 diabolo
2422 613 2732 686 instigante,
2763 614 3090 681 maluerint,
3125 615 3203 671 illi
3250 608 3377 688 qui-

1819 699 1941 755 dem
1965 716 2029 756 ex
2065 702 2222 772 cujus
2239 704 2394 774 culpa
2415 705 2498 759 vel
2541 705 2793 775 superbia
2823 721 2927 777 pax
2970 706 3075 763 ista
3100 709 3378 765 rctnanse-

1819 790 1911 859 rit,
1940 793 2168 864 gratiam
2198 797 2371 852 sancti
2405 794 2552 852 Petri
2594 796 2914 866 auferimus,
2950 813 3205 870 eumque,
3234 800 3382 857 sicut

1820 883 2124 938 membrum
2157 884 2359 942 diaboli
2406 891 2459 942 et
2501 887 2860 944 desOIatorem
2901 888 3225 946 Christianae
3251 892 3381 946 reli-

1821 974 2018 1046 gionis,
2048 991 2174 1030 cum
2218 979 2472 1034 omnibus
2493 979 2798 1035 fautoribus
2835 981 2972 1048 suis,
3005 980 3381 1041 festinabimus

1821 1081 1852 1121 a
1874 1068 2256 1124 cummunione
2282 1069 2606 1128 Christianae
2634 1071 2908 1127 societatis
2945 1072 3278 1142 abscindere,
3305 1075 3380 1132 ita

1821 1167 1882 1214 ut
1909 1159 2112 1214 nullam
2137 1160 2391 1232 deinceps
2417 1163 2700 1218 victoriam
2749 1163 2804 1218 in
2832 1164 2994 1231 bello,
3024 1165 3226 1219 nullam
3252 1173 3381 1235 pro-

1821 1251 2132 1321 speritatem
2162 1253 2361 1309 habere
2386 1255 2562 1324 possit
2589 1256 2644 1310 in
2680 1256 2900 1311 saeculo.
2940 1255 3108 1312 Alteri
3137 1272 3264 1312 vero
3285 1259 3381 1328 qui

1821 1341 2099 1398 humiliter
2126 1345 2246 1413 paci
2269 1345 2626 1413 consenserit,
2655 1346 2999 1417 debitamque
3020 1348 3379 1405 obedientiam

1821 1435 2130 1504 apostolica:
2151 1436 2266 1492 sedi
2288 1428 2612 1505 exhibuerit,
2647 1444 2949 1495 statuemus
2973 1454 3041 1495 ex
3061 1441 3232 1512 gratia
3253 1457 3380 1496 sana

1821 1527 1894 1581 eti
1919 1526 2063 1582 Petri
2094 1528 2507 1601 inexpugnabile
2547 1531 2828 1601 apostolici
2849 1528 3050 1587 favoris
3094 1534 3378 1602 auxilium,

1820 1633 2073 1688 eumque,
2097 1619 2240 1673 sicut
2267 1619 2437 1674 filium
2467 1631 2668 1676 sanctae
2692 1621 2951 1677 Romana:
2983 1621 3238 1679 Ecclesia:
3257 1639 3383 1680 cana

1821 1710 1992 1778 decet,
2043 1711 2109 1766 ad
2143 1711 2489 1766 obtinendam
2543 1713 2910 1767 haereditatem
2959 1715 3383 1788 dignitatemque

371 1804 1282 1883 fifﬂf‘f'}f__af‘ff§f_fﬂfgﬁ
1750 1825 1792 1883 ς
1820 1812 2100 1872 paternam
2139 1804 2316 1859 modis
2349 1805 2601 1860 omnibus
2638 1804 3052 1875 procurabimus
3099 1808 3379 1877 adjuvare,

222 1875 286 1912 ne
312 1875 420 1928 pas:
440 1857 1284 1940 sequatur,excommunicapdum
1325 1857 1719 1940 [erg-alterum
1750 1871 1794 1926 Β

1818 1902 1871 1948 et
1918 1896 2174 1951 omnibus
2209 1895 2538 1953 Christianis
2576 1897 2632 1951 in
2673 1896 2918 1967 partibus
2955 1896 3081 1965 illis,
3110 1907 3172 1953 ut
3203 1900 3252 1955 ei
3299 1896 3382 1956 fae

1818 1993 1977 2040 venat
2001 2000 2234 2056 eumque
2255 1987 2322 2040 ad
2345 1987 2699 2043 obtinendum
2722 1987 3083 2058 principatum
3101 1989 3378 2060 adjuvent,

1816 2077 2116 2148 apostolica
2167 2076 2488 2134 auctoritate
2534 2079 2930 2150 praecipiemus.
2967 2079 3236 2152 Quidquid
3282 2098 3382 2138 au-
3458 2082 3460 2084 ’

1821 2171 1928 2224 tem
1962 2169 2030 2225 de
2066 2170 2172 2225 hoc
2199 2185 2232 2224 a
2263 2178 2314 2224 te
2341 2171 2480 2226 inter
2503 2186 2598 2228 eos
2624 2169 2909 2226 dillinitum
2930 2168 3112 2238 fuerit,
3143 2181 3380 2244 quanto-

1820 2261 1938 2317 cius
1958 2260 2116 2316 nobis
2135 2261 2330 2316 litteris
2359 2262 2627 2330 intimare,
2657 2261 2769 2317 imo
2799 2261 2847 2316 si
2865 2265 3229 2330 opportunum
3258 2263 3379 2320 fue-s
3457 2281 3463 2288 ·

1818 2351 1910 2418 rit,
1957 2351 2191 2422 teipsum
2218 2351 2376 2407 nobis
2411 2353 2797 2422 repraesentare
2831 2351 3068 2407 curabis.
3113 2351 3378 2409 Praeterea
3443 2344 3450 2351 ’

1819 2432 1885 2498 de
1913 2436 2078 2500 fratre
2097 2451 2192 2500 tuo
2210 2428 2568 2512 Narbonensi,
2597 2443 2772 2517 magis
2789 2459 2954 2514 quam
2977 2444 3239 2501 hactenus
3261 2444 3380 2501 fuel»

1821 2532 1916 2599 ris,
1948 2534 2070 2589 volo
2092 2542 2143 2589 te
2173 2549 2297 2590 esse
2315 2534 2638 2603 sollicitum;
2661 2533 2791 2606 quia
2818 2548 2923 2606 ego
2944 2534 3078 2590 satis
3104 2535 3170 2590 de
3196 2537 3378 2606 perdi-'-

1820 2627 1966 2684 tioue
1993 2626 2138 2684 illius
2174 2624 2353 2693 doleo,
2381 2633 2436 2682 et
2473 2627 2642 2682 miror
2679 2626 2726 2683 si
2755 2635 2811 2681 tu
2844 2625 3017 2694 illum,
3050 2628 3137 2682 cui
3167 2628 3380 2700 gemina

1821 2720 2177 2790 germanitate
2210 2719 2471 2784 cohaeres,
2501 2718 2569 2774 ad
2597 2717 2828 2773 salutem
2868 2733 2975 2772 non
3006 2719 3190 2774 studes
3221 2719 3381 2776 redu-

1821 2825 1964 2876 cere,
1987 2825 2110 2864 cum
2138 2813 2282 2865 scias
2317 2810 2444 2880 quia
2472 2822 2571 2880 pro
2598 2808 2713 2864 sola
2739 2808 2822 2863 vel
2859 2810 3063 2863 carnali
3098 2809 3182 2865 vel
3218 2811 3380 2880 spiris

1822 2899 1956 2955 tuali
1995 2898 2250 2955 afﬁnitate
2289 2898 2541 2969 alicujus,
2579 2896 2924 2953 Christianus
2965 2897 3130 2952 homo
3160 2897 3214 2954 in
3245 2898 3382 2954 tanti

1823 2990 2065 3062 periculo
2099 2990 2311 3046 articuli
2347 2990 2586 3061 seipsum
2611 2988 2770 3044 debet
2795 3002 3066 3058 apponere
3101 2986 3261 3060 [forte
3285 3003 3384 3060 op-

1825 3091 2044 3153 ponere,
2069 3081 2238 3138 Haan.
2260 3083 2338 3136 ita
2363 3081 2491 3135 etin
2517 3079 2633 3134 cod.
2671 3077 2895 3151 Maris].
2920 3077 3033 3150 Age
3050 3094 3179 3151 ergo
3198 3086 3252 3134 et
3279 3078 3384 3135 fra-

1825 3179 1980 3225 terna
2015 3171 2278 3226 charitate
2326 3184 2622 3224 succensus
2669 3168 2820 3222 illum
2850 3182 2919 3222 ex
2961 3176 3160 3224 nostra:
3189 3169 3383 3224 fiducia

1824 3259 2209 3317 admonitionis
2252 3259 2562 3332 aggredere,
2592 3264 3022 3312 commemorans
3068 3257 3144 3310 illi
3173 3265 3228 3312 et
3246 3267 3383 3327 praes

1825 3352 2012 3408 teritos
2032 3351 2286 3430 longaava:
2311 3348 2488 3404 astatis
2507 3361 2786 3413 excessus,
2809 3353 2864 3400 et
2888 3347 3248 3418 propinquum
3268 3346 3384 3418 jam

1826 3443 1930 3500 sibi
1952 3441 2146 3498 divinae
2165 3441 2392 3496 ultionis
2420 3438 2701 3495 imminere
2717 3437 3002 3509 judicium,
3027 3439 3073 3494 si
3096 3437 3232 3496 forte
3260 3457 3385 3511 pose

1827 3536 1903 3592 sis
1929 3550 2053 3590 eum
2077 3534 2146 3588 ab
2188 3533 2307 3606 ipso
2347 3530 2780 3588 mortiszeternze
2811 3530 2996 3586 limine
3033 3545 3307 3599 revocare,
3333 3534 3387 3586 et

1825 3627 1890 3680 de
1911 3624 2085 3679 salute
2111 3622 2294 3679 fratris
2325 3637 2432 3678 non
2460 3623 2636 3678 solum
2677 3620 2855 3675 cordis
2883 3621 3160 3692 gaudium,
3197 3631 3385 3678 verum

1825 3714 1989 3769 etiam
2026 3715 2325 3768 maximtlm
2354 3721 2571 3768 :eternaa
2608 3710 2984 3768 retributionis
3015 3727 3048 3767 a
3073 3713 3252 3768 divina
3279 3715 3385 3770 lare

1826 3806 1991 3880 gitate
2017 3804 2307 3874 praemium
2330 3801 2651 3874 promereri.

1895 3898 2028 3952 Data
2066 3897 2270 3964 Romae,
2301 3905 2498 3969 quarto
2531 3894 2713 3952 Nonas
2747 3889 2915 3968 [ttat]
2943 3887 3205 3962 Januarii,
3247 3886 3384 3949 indi-

1825 3991 2005 4048 ctione
2030 3991 2286 4046 secunda.

2339 4071 2674 4131 EPISTOLA
2727 4070 2889 4129 XVII.

2217 4185 2284 4223 AD
2313 4183 2556 4222 ADBA'I'EII
2584 4180 2998 4222 CLUNIACENSEII.

2417 4257 2596 4329 (Anno
2620 4257 2804 4329 1079.)

1823 4360 1842 4396 ι’
1895 4347 2520 4421 Gascoamsepiscopus,
2533 4363 2722 4406 servus
2733 4359 3012 4405 servarum
3029 4337 3145 4413 Dei,
3156 4333 3220 4401 Ν.
3235 4335 3383 4418 (393)

1823 4442 2118 4500 Venerabili
2162 4441 2510 4498 Cluniacensi
2553 4441 2741 4495 abbati
2771 4447 2825 4494 et
2861 4437 3188 4493 charissimo
3229 4430 3385 4492 fratri

169 4559 310 4598 nere.
343 4539 497 4596 Unde
522 4533 994 4609 przecipimustibi
1019 4541 1080 4585 ut
1112 4530 1382 4599 adjunetis
1427 4537 1607 4582 tecum
1636 4543 1726 4582 re-
1752 4557 1804 4617 Β
1829 4538 2059 4594 salutem
2087 4544 2142 4591 ει
2168 4535 2519 4605 apostolicam
2544 4529 2997 4587 benedictionem,

170 4633 368 4704 ligiosis
413 4631 610 4684 vicinis
635 4629 740 4683 tuis
771 4624 1076 4689 abbatibus,
1118 4621 1324 4677 scilicet
1352 4617 1722 4715 Tumericnse,

171 4724 493 4797 Ripollense,
524 4732 577 4776 et
613 4720 796 4774 Sancti
821 4716 1092 4794 (iucufati,
1124 4724 1179 4770 et
1209 4713 1566 4784 quoscunque
1591 4713 1726 4766 alios

170 4819 335 4876 Deum
365 4817 619 4872 timentes
647 4814 871 4872 clericos
920 4811 1196 4877 laicosque
1233 4804 1434 4874 poteris
1460 4801 1723 4866 invenire,

169 4924 349 4983 pacem
378 4912 523 4963 inter
549 4909 669 4961 illos
700 4883 994 4961 reformare
1032 4909 1087 4952 et
1127 4910 1449 4965 componere
1485 4896 1722 4951 studeas.

171 5005 320 5070 Quod
358 5001 408 5058 si
429 5001 776 5070 acquiescere
817 4991 1037 5047 monitis
1057 4987 1253 5043 vestris
1275 4985 1509 5042 fortasse
1539 4987 1728 5042 nolue»

169 5096 294 5160 rint,
331 5093 572 5149 ostensis
613 5090 693 5144 eis
731 5083 1085 5156 praesentibus
1124 5078 1316 5134 litteris
1343 5079 1412 5133 ad
1437 5078 1726 5134 tenendam

171 5202 259 5241 eos
292 5195 540 5252 treugam
587 5178 952 5235 firmissimam
1003 5187 1177 5243 usque
1219 5169 1285 5224 ad
1312 5170 1726 5225 determinatum

172 5288 376 5348 tempus
397 5290 464 5329 ex
486 5272 804 5326 auctoritate.
827 5277 1007 5321 nostra
1031 5261 1404 5330 constringite,
1421 5258 1561 5314 infra
1582 5257 1727 5329 quod

171 5383 266 5423 nos
311 5368 447 5422 tales
488 5364 614 5416 illuc
655 5378 718 5414 ex
745 5360 911 5412 latere
936 5365 1124 5410 nostro
1153 5353 1370 5408 nuntios
1407 5351 1723 5422 dirigamus,

172 5460 256 5527 qui
278 5473 502 5518 causam
530 5453 640 5508 litis
680 5466 862 5505 eorum
895 5449 965 5501 ita
990 5449 1135 5516 juste
1157 5444 1418 5500 ditiiniant
1448 5429 1510 5496 ut
1533 5458 1640 5494 non
1670 5454 1727 5492 se

172 5553 233 5603 ad
274 5551 505 5620 gratiam
537 5544 765 5612 alicujus
806 5557 900 5594 nec
942 5540 1163 5608 praemio
1215 5554 1310 5590 nec.
1353 5534 1537 5588 favore
1566 5531 1725 5585 defle-

172 5653 327 5697 rtent.
372 5641 543 5693 Porro
574 5639 675 5689 hoc
706 5635 806 5687 illis
834 5633 994 5685 debes
1025 5631 1248 5684 firmiter
1286 5626 1554 5680 inculcare
1577 5623 1722 5691 quia,

239 5838 388 5908 (59:3)
410 5833 688 5900 linguai-9v:
723 5833 818 5882 Ilitil
845 5833 856 5881 ξ
882 5830 1035 5884 dubie
1067 5827 1331 5893 intelligit.

1898 4627 1958 4702 Si
1990 4625 2216 4682 Romani
2257 4625 2326 4678 ad
2363 4631 2572 4678 vestras
2614 4629 2816 4691 partes,
2845 4619 2988 4676 sicut
3026 4616 3286 4673 Vestra'tes
3315 4605 3384 4671 ad

1827 4733 1948 4784 nos,
1973 4731 2114 4785 saepe
2139 4714 2408 4780 venirent,
2440 4712 2777 4784 frequentius
2802 4710 2896 4765 tibi
2921 4707 3112 4762 litteris
3137 4722 3232 4761 seu
3261 4721 3386 4760 ver-

1826 4809 1911 4863 bis
1937 4796 2169 4878 qualiter
2191 4804 2337 4861 circa
2350 4812 2453 4860 nos
2475 4813 2737 4877 geruntur
2759 4807 2878 4870 quae
2905 4805 3119 4852 terrena
3148 4805 3277 4852 sunt
3301 4793 3386 4850 vel

1827 4899 2066 4955 coelestia
2099 4899 2499 4962 iudicaremus;
2535 4895 2628 4949 sed
2647 4891 2796 4962 quia,
2826 4891 2956 4946 dum
2995 4890 3129 4946 satis
3150 4888 3383 4944 intendis

1827 4991 2034 5046 aulicos
2055 4989 2279 5054 nutrire,
2303 4988 2370 5041 de
2398 4984 2619 5040 rusticis
2659 4994 2853 5055 parum
2875 4982 2973 5038 tibi
2995 4988 3080 5038 est
3107 4993 3270 5048 curae,
3302 4981 3383 5035 ul-

1827 5089 1907 5136 tra
1931 5083 2046 5134 haec
2072 5079 2234 5134 debes
2263 5076 2329 5131 ad
2358 5075 2676 5132 memoriam
2716 5074 2993 5138 reducere,
3023 5069 3151 5140 quia
3182 5081 3384 5139 pauper

1828 5178 2013 5226 nester
2051 5177 2105 5222 et
2130 5166 2254 5236 pius
2295 5165 2622 5236 Redemptor
2652 5164 2732 5218 sic
2774 5162 2829 5214 in
2853 5159 2992 5215 coelo
3027 5151 3242 5229 angelos
3287 5168 3382 5222 paa

1828 5260 2010 5317 scebat
2033 5269 2093 5314 ut
2119 5259 2176 5314 in
2203 5259 2361 5314 terris
2383 5267 2692 5326 peccatores
2721 5265 2829 5306 non
2861 5249 3036 5306 solum
3070 5261 3174 5299 non
3203 5241 3382 5310 despia

1829 5361 1992 5420 ceret,
2024 5354 2116 5408 sed
2141 5353 2300 5407 etiam
2327 5364 2448 5402 cum
2480 5346 2558 5399 eis
2585 5346 2766 5399 cibum
2788 5345 3042 5399 sumeret.
3066 5337 3197 5403 Cur,
3216 5335 3381 5389 frater

1829 5445 2166 5508 charissimc,
2181 5455 2285 5493 non
2309 5435 2616 5507 perpendis,
2635 5451 2742 5489 non
2772 5429 3081 5487 consideras
3103 5426 3156 5479 in
3178 5434 3381 5494 quanta

1827 5537 2085 5608 periculo,
2117 5533 2168 5584 in
2193 5538 2393 5599 quanta
2442 5528 2658 5582 miseria
2701 5530 2882 5579 sancta
2921 5527 3166 5572 versatur
3200 5516 3384 5608 Eccle-

1831 5602 1945 5683 sia?
1977 5624 2077 5678 Ubi
2106 5621 2344 5690 suntqui
2374 5636 2431 5675 se
2457 5629 2645 5688 sponte
2669 5629 2764 5684 pro
2793 5624 2972 5664 amore
2994 5608 3086 5662 Dei
3112 5602 3383 5675 opponant
