3952 6384
149 461 231 514 533

1186 459 1386 516 LIBER
1427 457 1717 514 sanus.
1753 489 1825 500 -
1859 459 2077 522 EPIST.
2120 467 2308 523 xxxx.
3095 448 3132 456 ”

3281 463 3386 516 37ιῖ

149 578 270 631 hunc
302 575 475 629 tilium
505 584 756 629 nostrum
799 574 1148 630 Lambertum
1179 573 1401 630 fratrem
1431 583 1484 630 et
1512 589 1713 630 conca-
1741 575 1791 632 Α
1884 575 2144 632 Miramur
2168 579 2520 634 temeritatem
2551 589 2604 634 et
2629 579 2969 636 insolentiam
3000 583 3377 653 pimsumptio-

149 669 390 722 nonicum
423 675 664 722 vestrum
694 675 820 736 eum
869 667 1018 721 omni
1067 667 1442 736 benevolentia
1488 675 1543 721 et
1587 666 1718 722 dile'

147 760 309 814 ctione
343 760 673 829 suscipiatis,
703 768 758 813 et
785 775 882 814 sua
915 757 1016 814 sibi
1049 759 1256 830 integre
1283 759 1606 824 restituatis,
1636 775 1718 815 re-

149 850 413 904 mittentes
440 849 614 916 vol-is,
648 849 767 919 ipso
793 849 983 904 eodem
1013 849 1422 914 interveniente,
1455 850 1715 921 quidquid

149 941 194 994 in
225 956 288 996 co
333 950 386 995 et
423 941 583 996 nobis
629 939 956 1011 deliquistis,
999 954 1066 994 eo
1113 939 1360 995 videlicet
1408 949 1594 996 tenore
1647 955 1716 996 ne

149 1031 388 1101 deinceps
416 1041 603 1086 contra
634 1039 820 1086 nostra
854 1040 908 1084 et
935 1037 1250 1084 sanctorum
1297 1046 1569 1085 canonum
1616 1032 1713 1087 de-

150 1133 278 1178 creta
311 1139 472 1194 agere
497 1122 861 1194 praesumatis.
911 1120 1068 1199 Quod
1115 1120 1160 1176 si
1209 1120 1386 1176 facere
1416 1123 1714 1192 neglexeri-

151 1217 212 1269 tis
236 1215 405 1286 (quod
453 1215 640 1285 absit),
662 1207 996 1284 rursumque
1039 1213 1247 1268 clamor
1271 1213 1352 1267 .ad
1390 1229 1492 1266 nos
1519 1229 1617 1268 seu
1646 1214 1714 1270 ad

1818 665 1904 722 nis
1932 677 2123 722 vestrae
2163 670 2328 739 quod,
2359 679 2548 724 contra
2587 668 2667 725 t‘as
2692 680 2744 725 ct
2768 673 3380 728 excommunicationcm

1817 759 2164 827 apostolicam
2176 761 2330 816 vobis
2345 758 2595 825 delatam,
2613 761 2881 816 abbatiam
2899 761 3200 830 Dolensem,
3218 779 3382 832 quam

1816 847 1871 903 in
1903 852 2123 916 tutelam
2152 853 2413 908 hactenus
2440 853 2727 918 habuistis,
2758 853 2867 908 imo
2894 847 3054 908 etiam
3085 853 3386 925 [invasistis

1815 938 1927 995 imo
1952 941 2028 1014 et]
2056 942 2122 997 ad
2148 943 2424 1000 cumulum
2453 942 2760 998 detrimenti
2802 952 2909 997 tam
2956 947 3261 997 animarum
3289 933 3396 998 ve;

1749 1100 1755 1107 _
1815 1039 2051 1085 strai'um
2077 1049 2240 1102 quam
2271 1048 2579 1103 corporum,
2611 1033 2820 1102 abjccto
2855 1049 2920 1088 eo
2947 1048 3106 1103 quem
3134 1033 3387 1088 manibus

1816 1123 2068 1192 propriis,
2093 1123 2203 1178 Deo
2221 1125 2452 1190 volente,
2479 1123 2633 1179 vobis
2672 1124 2726 1178 in
2765 1125 3012 1179 abbatem
3042 1123 3385 1180 consecravi-

1818 1228 1960 1279 mus,
1989 1213 2324 1270 Gualtcrium
2369 1218 2673 1272 invasorcm
2703 1215 3196 1285 irrecuperabiliter
3221 1214 3388 1284 depo-

152 1305 404 1361 vicarium
457 1317 706 1362 nostrum
767 1304 1130 1360 venerabilem
1189 1303 1367 1358 virum
1433 1303 1714 1374 llugonem

155 1396 389 1452 Diensem
420 1399 736 1467 episcopum
766 1395 997 1460 venerit,
1028 1403 1083 1449 et
1109 1395 1338 1465 gratiam
1368 1393 1426 1448 Β.
1471 1392 1615 1449 Petri
1661 1403 1715 1449 et

155 1498 379 1542 nostram
411 1489 664 1558 pcrdctis,
695 1497 748 1542 et
775 1502 875 1541 nos
913 1485 1142 1540 ulterius
1173 1485 1323 1539 nullo
1353 1485 1513 1541 modo
1541 1485 1713 1555 patie-

156 1592 262 1632 mur
282 1579 503 1644 inultos,
526 1580 641 1645 sed,
666 1580 809 1633 sicut
829 1577 1050 1646 dignum
1075 1573 1254 1640 fuerit,
1287 1574 1462 1646 gladio
1480 1575 1538 1630 B.
1569 1573 1714 1630 Petri

155 1677 505 1736 contemptum
536 1677 785 1722 nostrum
814 1667 1231 1721 vindicabimus.
1402 1674 1405 1677 '

216 1759 339 1814 Data
369 1759 578 1826 Romae,
605 1760 845 1816 srcundo
874 1757 998 1812 ldus
1030 1756 1227 1822 .‘dartii,
1260 1756 1370 1811 ind.
1404 1773 1462 1810 ιι.

628 1871 965 1927 ΕΡιδΤΟΙΑ
1011 1869 1224 1924 XXVII.

403 1981 469 2022 AD
507 1949 780 2022 IO‘JACHOS
815 1979 1065 2020 DOLENSIS
1102 1976 1442 2016 MONASTERII.
1531 1984 1538 1991 '

713 2052 902 2124 (Anno
950 2052 1134 2122 £079.)

164 2149 395 2218 Praciplt
423 2157 497 2211 ut,
539 2157 716 2201 amoto
748 2145 1044 2218 Gualterio,
1068 2160 1218 2215 quem
1241 2143 1295 2197 in
1325 2143 1564 2218 abbatem
1595 2158 1718 2196 cou-

223 2213 927 2273 tra'excontmuuicatiouem
967 2213 1247 2285 elegerant,
1283 2213 1473 2285 quique
1495 2215 1563 2285 iu
1597 2231 1721 2266 cou—

222 2291 334 2342 cilio
377 2289 642 2359 depositus
681 2288 871 2357 fuerat,
906 2284 1244 2359 Yienuenscm
1270 2284 1720 2359 archiepiscopum

224 2362 273 2413 in
297 2355 531 2413 abbatem
557 2355 869 2427 suscipiant.
897 2357 1006 2410 Pro
1025 2373 1203 2409 eorum
1227 2365 1400 2409 autem
1427 2355 1723 2427 iuobedieu-

225 2433 294 2482 tia
323 2447 495 2483 coram
527 2425 715 2483 Dieusi
749 2430 991 2497 episwpo
1018 2435 1383 2497 compareant,
1409 2425 1578 2497 eique
1605 2426 1724 2478 obe-

223 2502 389 2562 diuut;
413 2501 495 2553 sin
529 2501 724 2564 minus,
751 2493 1337 2552 etcom'muuicatiouem
1368 2495 1423 2547 iu
1449 2493 1533 2548 eos
1559 2493 1727 2548 latam

226 2586 273 2622 se
302 2571 734 2639 tun/innatum»:
762 2569 859 2620 ait.

226 2659 519 2716 Caesonius
546 2661 856 2730 episcopus,
889 2673 1083 2714 servus
1111 2671 1393 2714 servorum
1441 2655 1558 2722 Dei,
1608 2671 1728 2710 mo-

169 2752 615 2808 izaeliis‘Dolensis
645 2751 984 2808 monasterii.

227 2841 484 2900 Noveritis
539 2843 900 2909 Gualterium,
953 2857 1116 2912 quem
1163 2840 1321 2896 vobis
1369 2841 1424 2894 in
1479 2840 1730 2896 abbatem

169 2945 340 2989 contra
364 2934 981 2990 excommunicationem
1014 2935 1331 3003 apostolicae
1359 2934 1503 2989 sedis
1533 2934 1734 2988 consti-

1816 1306 2048 1371 suimus,
2088 1316 2142 1360 ct
2167 1306 2217 1362 ei
2256 1323 2344 1363 res
2375 1307 2620 1362 ecclesiae
2667 1307 2888 1376 suisque
2940 1305 3244 1360 fautoribus
3290 1305 3393 1360 sub

1815 1398 2374 1452 excommunicatione
2426 1398 2826 1452 inter-diximus.
2885 1396 3156 1451 Confratri
3209 1404 3390 1451 autem

1816 1497 2005 1542 nostro
2045 1487 2382 1542 Wormundo
2423 1486 2721 1543 Viennensi
2774 1487 3178 1557 archiepiscopo
3223 1485 3390 1539 abba—

1818 1577 1946 1631 tiam
1979 1577 2262 1634 Dolensem
2293 1579 2688 1644 concessimus,
2735 1581 2845 1633 imo
2885 1579 3232 1634 reddidimus.
3286 1575 3395 1629 Vos

1817 1684 1946 1740 ergo
1967 1685 2271 1734 monemus,
2296 1680 2349 1724 et
2367 1669 2661 1739 apostolica
2687 1674 3008 1723 auctoritate
3030 1666 3407 1737 praecipimus.-

1818 1770 1876 1816 ut
1905 1761 2113 1831 abjccto
2141 1760 2408 1815 invasoris
2433 1761 2672 1830 praedicti
2702 1760 2963 1826 dominio,
2988 1743 3168 1815 abbati
3195 1768 3396 1822 vestro,

1814 1851 1938 1920 jure
1973 1852 2255 1918 canonico,
2288 1851 2626 1907 Wormundo
2655 1850 2950 1907 Viennensi
2991 1850 3400 1920 archiepiscopo

1819 1942 2031 2000 sincera
2055 1953 2235 1998 mente
2262 1953 2314 1997 et
2342 1958 2479 2013 puro
2508 1941 2669 1996 corde
2698 1942 2982 1997 obediatis.
3033 1941 3189 2008 Quod
3226 1940 3274 1996 si
3310 1955 3402 2015 Ire-

1818 2035 1984 2090 belles
2022 2033 2130 2089 Deo
2163 2045 2217 2089 et
2245 2035 2404 2089 beato
2433 2033 2592 2088 Petro
2622 2032 2676 2087 in
2709 2032 2792 2087 his
2819 2032 3074 2100 deinceps
3103 2031 3338 2096 fueritis,
3370 2048 3400 2086 a

1820 2125 2099 2183 Dominica
2125 2125 2299 2195 prima
2324 2134 2445 2194 post
2471 2124 2844 2188 Pentecosten,
2871 2121 3077 2177 scilicet
3099 2121 3153 2174 in
3174 2121 3402 2186 octavis,

1821 2233 1947 2275 cum
1977 2208 2300 2272 Dolcnsibus
2332 2215 2634 2280 monachis,
2669 2215 2775 2269 nisi
2815 2212 3174 2269 satisfeccrint
3219 2227 3404 2268 coram

1820 2308 2028 2369 vicario
2054 2318 2242 2364 nostro
2271 2307 2494 2384 llugoue
2524 2306 2707 2360 Diensi
2725 2306 2980 2375 episcopo
3010 2303 3286 2370 \‘alentize,
3310 2319 3406 2357 vos

1825 2400 2375 2457 excommunicationi
2405 2398 2776 2468 subjacebitis.
2831 2395 2888 2451 Si
2919 2404 3098 2452 autem
3137 2395 3276 2466 patri
3310 2411 3403 2451 ve~

1826 2502 1941 2548 stro
1988 2492 2280 2560 spirituali,
2325 2490 2583 2545 conl‘ratri
2632 2499 2820 2545 nostro
2865 2487 3204 2542 Wormundo
3241 2485 3408 2540 \‘ien-

1828 2583 1984 2638 nensi
2015 2582 2444 2652 archiepiscopo,
2485 2580 2845 2635 obedientiam
2874 2589 2927 2634 et
2955 2579 3219 2634 auxilium
3246 2577 3404 2633 exhi-

1827 2673 2075 2739 bueritis,
2106 2674 2335 2745 gratiam
2365 2673 2459 2726 Dei
2489 2680 2540 2726 et
2569 2670 2710 2724 beati
2759 2669 2903 2724 Petri
2949 2668 3279 2741 percipiatis.
3331 2667 3410 2722 Τιε

1831 2775 2032 2832 autem,
2065 2764 2367 2835 Rodulphe,
2391 2764 2519 2834 quia
2542 2763 2595 2817 in
2623 2763 2710 2822 his
2738 2762 2859 2832 plus
2888 2763 3094 2817 caeteris
3122 2761 3214 2816 tibi
3246 2777 3276 2816 a
3300 2760 3409 2815 Deo

1834 2874 2092 2914 concessa
2117 2867 2201 2913 est
2231 2865 2488 2928 potestas,
2519 2868 2773 2925 rogamus
2801 2863 2851 2909 te
2878 2863 2933 2909 et
2959 2854 3323 2924 praecipimus,
3354 2865 3414 2908 ut

1833 2965 1956 3004 eum
1991 2949 2043 3002 in
2073 2949 2342 3002 abbatiam
2375 2949 2493 3001 sine
2529 2945 2874 3000 simulatione
2902 2955 2956 3016 et
2983 2946 3108 3005 dolo
3136 2946 3414 3010 restituas,

171 3026 355 3090 tuistis,
396 3027 796 3081 collaudatione
829 3025 1060 3080 Romani
1097 3024 1314 3081 ceneilii
1344 3041 1375 3078 a
1406 3025 1562 3077 nobis
1593 3024 1731 3078 irrc-

1840 3049 1888 3096 ct
1909 3040 2075 3094 totius
2110 3039 2203 3092 ira:
2231 3038 2344 3092 sive
2373 3035 2658 3091 discordia:
2687 3035 2908 3099 oblitus,
2937 3037 2984 3089 ei
3014 3046 3072 3089 ut
3101 3037 3246 3092 tilius
3281 3035 3412 3090 cha-

170 3118 528 3187 cuperabilitcr
556 3134 677 3174 esse
705 3117 1034 3186 depositum,
1076 3124 1150 3183 et,
1189 3116 1233 3170 si
1281 3115 1350 3170 de
1394 3114 1737 3168 administra-
1839 3133 2092 3190 rissimus
2120 3131 2416 3196 cohmcas,
2447 3138 2714 3200 quatenus
2743 3125 2972 3198 gratiam
3011 3125 3102 3180 Dei
3141 3135 3195 3180 ει
3222 3140 3415 3195 νουσα,

171 3209 304 3262 tione
329 3209 550 3264 abbati-.e
575 3218 768 3263 vestrm
795 3224 852 3262 se
882 3207 1130 3272 ulterius,
1153 3205 1383 3276 cognitis
1406 3205 1730 3298 hislitteris,
1759 3240 1800 3298 Ο
1835 3236 2013 3286 larum
2038 3234 2254 3280 morum
2285 3221 2671 3293 indulgentiam
2702 3219 2770 3273 ab
2799 3218 2916 3288 ipso
2943 3218 3030 3273 ρυί
3058 3219 3182 3273 dam
3211 3227 3294 3273 ρει
3319 3233 3413 3288 νο-

173 3298 525 3366 intromiserit,
566 3301 792 3355 omnino
821 3298 1428 3354 excommunicandum.
1485 3295 1728 3365 Quapro—
1773 3295 1787 3298 ⁷
1833 3325 2004 3373 testas
2032 3315 2231 3385 “gandi
2263 3324 2426 3382 atque
2454 3311 2698 3366 solvendi
2730 3309 3015 3379 percipias.

174 3397 277 3457 pter
302 3393 588 3460 apostolica
616 3391 772 3445 vobis
803 3390 1126 3444 auctoritate
1147 3389 1492 3458 praecipimus
1515 3397 1730 3442 ιιῐεοιι·
1906 3408 2041 3462 Data
2087 3407 2292 3474 Romae,
2331 3405 2543 3464 decimo
2587 3403 2745 3458 tertio
2794 3401 2911 3455 Kal.
2961 3402 3182 3470 Aprilis,
3233 3399 3416 3454 indict.

174 3479 377 3537 fratrem
411 3493 657 3538 nostrum
697 3475 1102 3537 Wormundum
1149 3479 1513 3536 Viennensem
1553 3478 1735 3537 archi-
1839 3500 2097 3558 secunda.

175 3575 488 3645 episcopum,
517 3590 678 3646 quem
710 3574 864 3630 vobis
891 3574 946 3628 in
968 3573 1242 3639 abbatem,
1282 3571 1395 3626 Deo
1439 3580 1734 3639 annuente,

176 3665 544 3733 ordinavimus,
577 3667 694 3722 sine
727 3667 880 3720 omni
922 3665 1352 3721 contradictione
1402 3663 1734 3732 suscipiatis,

177 3766 224 3810 et
244 3757 289 3811 ei
318 3759 449 3813 sicut
475 3758 614 3828 patri
642 3767 695 3816 et
723 3757 905 3812 abbati
928 3773 1025 3827 per
1042 3743 1229 3812 omnia
1259 3765 1374 3810 toto
1396 3755 1577 3809 cordis
1605 3754 1738 3810 ail‘e-

178 3859 260 3905 ctu
294 3851 550 3907 obediatis
587 3870 599 3905 :
631 3860 684 3905 et
713 3850 840 3922 quia
873 3865 983 3905 non
1014 3849 1289 3903 modicum
1313 3861 1412 3917 pro
1433 3844 1744 3901 inobedien-

180 3942 244 3996 tia
268 3953 436 3998 vestra
463 3943 772 4000 incurristis
800 3942 1078 4007 delictum,
1111 3939 1457 4012 praecipimus
1483 3938 1658 4003 vobis,
1683 3945 1743 3991 ut

181 4030 438 4090 Dominica
482 4037 656 4106 prima
696 4043 821 4105 post
849 4035 1228 4097 Pentecosten,
1261 4031 1468 4087 scilicet
1504 4032 1557 4085 in
1589 4038 1741 4085 oeta—

181 4124 272 4188 vis,
301 4140 473 4179 coram
505 4125 708 4180 vicario
747 4133 934 4180 nostro
983 4124 1206 4194 Hugonc
1256 4123 1452 4177 Diense
1487 4125 1745 4197 episcopo

182 4216 515 4284 satisiacturi,
548 4217 810 4273 Valentia:
837 4216 1085 4271 videlicet
1122 4214 1243 4269 urbi
1273 4229 1371 4268 vos
1399 4225 1747 4283 reprzesente-

2353 3585 2688 3644 EPISTOLA
2735 3584 2924 3638 XXIX.

2127 3701 2192 3739 AD
2223 3697 2521 3739 LADISLAU!
2549 3693 2902 3738 “UNGABORL'N
2945 3692 3134 3730 ιιεοωι.

2436 3771 2616 3840 (Anno
2655 3768 2838 3837 l079.)

1845 3867 1999 3932 Regis
2049 3865 2373 3917 devotionem
2424 3877 2550 3928 erga
2600 3859 2772 3932 seriem
2825 3858 3167 3932 apostolicam
3219 3857 3420 3932 qutlut.

1917 3925 2145 3987 Comites
2174 3931 2425 4001 quosdam
2456 3925 2517 3981 (te
2549 3929 2742 3981 milites
2768 3927 3009 4001 ecclcsiic
3029 3927 3205 4001 fideles
3238 3927 3428 4001 injuste-

1914 4007 1967 4057 iu
2003 3995 2251 4056 ea'silium
2288 4001 2540 4070 relegatos
2579 3999 2924 4070 ccnnnzenttut.
2980 3998 3060 4070 .ld
3091 3995 3425 4070 ecclesiarum

1912 4075 2263 4143 defensionem
2301 4065 2564 4134 hortatur,
2599 4069 2893 4138 legatosque
2923 4069 2991 4119 at!
3023 4085 3076 4118 se
3110 4067 3307 4116 mittere
3335 4065 3428 4132 ju-

1917 4147 2016 4198 bet.

1915 4237 2223 4291 GREGORIUS
2252 4234 2557 4303 episcopus,
2601 4242 2793 4282 servus
2823 4241 3104 4279 servorum
3154 4222 3268 4287 Dei,
3318 4222 3426 4276 La-

181 4309 262 4370 tis,
288 4317 340 4362 et
366 4311 500 4378 quod
532 4311 645 4380 ipse
675 4309 830 4363 vobis
866 4307 1182 4378 praeceperit
1210 4307 1522 4361 obedienter
1559 4313 1744 4358 tenea-

183 4399 264 4451 tis.
303 4397 450 4464 Quod
480 4400 524 4454 si
553 4400 654 4469 ipsi
685 4399 880 4468 spiritu
912 4397 1179 4468 superbize
1207 4398 1292 4452 his
1325 4395 1525 4448 nostris
1553 4396 1748 4451 litteris

185 4488 531 4546 iuobedientes
582 4490 816 4558 fueritis,
868 4488 1487 4546 excommunicationem
1535 4504 1564 4540 a
1619 4504 1750 4556 prae,

1848 4345 2034 4384 DISLAO
2084 4327 2462 4395 llungaror'um
2512 4319 2623 4389 regi
2677 4317 2903 4372 salutem
2960 4328 3012 4370 et
3078 4314 3427 4384 apostolicam

1850 4421 2298 4475 benedictionem.

1918 4516 2068 4566 Sicut
2098 4509 2332 4562 ﬁdelium
2377 4515 2593 4559 tuorum
2643 4503 2831 4557 crebra
2884 4502 3141 4556 relatione
3174 4503 3428 4573 cognovi-

185 4578 288 4636 fa'o
315 4582 506 4638 "icario
534 4593 721 4640 “05"0
760 4599 924 4653 super
950 4598 1046 4638 V05
1078 4582 1274 4637 fama”
1303 4581 1374 4634 ab
1413 4581 1506 4635 illo
1534 4581 1622 4636 die
1650 4596 1751 4638 "05
1785 4579 1827 4632 Β
1854 4621 1996 4668 mus,
2047 4603 2296 4670 idemque
2348 4599 2526 4667 ipsum
2581 4596 2782 4650 nostris
2830 4595 3212 4649 attestantibus
3256 4605 3430 4648 ratum

187 4673 518 4730 conﬁrmasse
545 4676 914 4730 indubitanter
943 4674 1147 4728 sciatis.

255 4761 380 4816 Data
410 4764 605 4832 Romae,
637 4773 829 4820 octavo
861 4764 1006 4839 [xm]
1040 4765 1307 4825 Kalendas
1344 4766 1566 4838 Aprilis,
1606 4765 1747 4819 indi-

190 4853 361 4909 ctione
387 4858 635 4913 secunda.

672 4982 1008 5038 EPISTOLA
1056 4982 1095 5037 Χ
1108 4979 1290 5035 XVIII.

497 5092 562 5132 an
601 5075 753 5147 (397)
781 5052 999 5132 abnues
1031 5077 1407 5131 anumdexses

750 5165 931 5235 (Anno
980 5163 1163 5233 1079.)

651 5255 908 5326 Ejusdem
956 5255 1274 5327 argumenti.

258 5342 549 5404 ϐιιεςοιιιυε
574 5347 884 5418 episcopus,
933 5362 1124 5404 servus
1162 5363 1447 5405 servorum
1489 5346 1602 5411 Dei,
1649 5347 1754 5404 Ro-

197 5448 404 5499 nctruo,
425 5435 605 5506 Ouum,
639 5439 858 5506 Ervom,
887 5437 1161 5506 Unaawo,
1194 5437 1499 5504 Evenanno,
1536 5438 1753 5506 BOZONI,

199 5524 443 5592 (inuno,
470 5530 776 5595 Anusnno,
805 5540 860 5585 et
887 5529 1097 5586 caeteris
1135 5531 1470 5600 principibus
1508 5529 1758 5586 Biturica:

203 5617 442 5688 regionis,
472 5621 697 5676 salutem
727 5631 782 5677 et
808 5621 1159 5693 apostolicam
1209 5621 1661 5688 benedictionem,
1711 5626 1754 5678 si

206 5706 498 5766 obedierint.

276 5859 413 5930 (397)
447 5862 716 5938 Principes
745 5866 978 5938 regionis
1006 5863 1273 5921 Biturica.

1855 4693 2139 4755 habemus,
2172 4690 2489 4746 excellentia
2519 4698 2609 4743 tua
2646 4688 2711 4742 ad
2753 4687 3099 4742 serviendum
3139 4687 3292 4740 beato
3333 4684 3432 4739 Pe-

1852 4797 1959 4852 tro,
1990 4787 2452 4858 quemadmodum
2484 4782 2735 4852 religiosa
2765 4790 3004 4851 potestas
3041 4780 3213 4841 debet,
3264 4786 3317 4832 et
3367 4781 3431 4834 ad

1853 4879 2215 4935 obediendum
2256 4877 2412 4931 nobis
2457 4884 2516 4928 ut
2562 4873 2838 4928 liberalem
2885 4872 3053 4924 tilium
3103 4870 3275 4936 decet,
3323 4880 3439 4926 tum

1855 4970 2050 5028 affectu
2076 4982 2131 5026 et
2158 4969 2338 5024 cordis
2368 4965 2667 5020 intentione
2693 4972 2875 5031 parata
2906 4969 3007 5013 est.
3069 4956 3223 5014 Unde
3270 4962 3403 5015 nimi

1855 5078 1978 5118 rum
2020 5061 2362 5118 devotionem
2413 5056 2610 5118 mentis
2637 5062 2743 5105 tua:
2765 5065 2928 5120 super
2960 5051 3063 5105 hoc
3110 5051 3290 5105 studio
3327 5067 3432 5105 non

1857 5155 2074 5225 indigne
2100 5152 2386 5207 laudamus
2409 5147 2566 5213 eique
2593 5142 2802 5196 sincere
2832 5142 3272 5212 congratulamur
3291 5153 3434 5207 quou

1864 5248 2076 5316 quidem
2123 5243 2450 5311 optimorum
2480 5250 2666 5304 regum
2716 5234 2993 5303 sequendo
3039 5231 3259 5300 vestigia
3309 5230 3458 5284 illu-i

1859 5350 2016 5402 strat,
2066 5333 2330 5390 servando
2379 5341 2490 5385 tam
2531 5328 2584 5382 in
2634 5327 2879 5382 moribus
2923 5322 3438 5404 normamjustitise

1862 5445 2024 5501 quam
2057 5429 2220 5484 etiam
2263 5425 2459 5477 lineam
2497 5419 2791 5475 nobilitatis
2840 5418 2893 5471 in
2940 5413 3218 5484 sanguine.
3272 5412 3439 5483 Igitur

1864 5526 1990 5595 quia
2027 5524 2093 5577 de
2138 5515 2478 5574 celsitudinis
2524 5519 2629 5568 tua:
2667 5510 2988 5565 liberalitate
3033 5515 3086 5560 et
3134 5505 3439 5560 obedientia

1863 5618 1997 5671 satis
2053 5610 2405 5673 conﬁdimus,
2465 5607 2530 5661 ad
2587 5603 2839 5674 quiddam
2898 5608 3096 5652 nostra:
3146 5597 3440 5652 universali

1868 5703 2217 5762 sollicita-lini
2269 5715 2590 5769 congruens,
2639 5673 2779 5761 quod
2832 5691 3022 5744 honori
3079 5701 3291 5758 quoque
3348 5698 3441 5738 tu.)
