3952 6446
495 523 600 576 553

1136 522 1190 577 S.
1233 520 1559 578 GRECORII
1601 521 1690 576 VII
1731 521 1932 576 ΡΛΡλΕ
1968 521 2252 578 OPERL'M
2289 523 2471 582 PARS
2505 527 2545 582 ι.
2585 558 2654 568 -
2690 525 3110 586 REGISTRL'M.

3646 525 3752 580 536

496 653 603 689 non
627 650 818 707 parum
858 635 1174 702 concordat,
1213 637 1452 690 invitare
1489 646 1539 690 te
1587 651 1696 690 non
1739 636 2073 702 dubitamus,
2105 641 2150 696 Α
2177 637 2317 693 ferre
2337 640 2661 710 jamdudum
2691 643 2786 698 tibi
2815 642 3167 699 constitisset.
3217 638 3438 706 Verum,
3465 638 3605 694 sicut
3627 654 3753 695 ocr-

496 736 768 796 quatenus
798 728 852 782 in
881 743 948 782 eo
981 738 1035 781 ct
1071 728 1158 781 illa
1186 744 1308 798 quae
1332 729 1397 782 de.
1427 738 1477 782 te
1504 730 1681 784 verbis
1710 729 1842 785 solis
1869 730 2076 786 credita

496 815 772 872 sunt‘esse
802 818 1104 873 vera'faeti
1144 820 1346 874 indicio
1397 829 1634 888 pateant,
1691 831 1745 876 et
1795 822 1954 878 nobis
2004 821 2077 876 sit

494 918 678 977 aperta
704 910 912 963 ﬁrmior
936 927 1123 977 causa,
1147 927 1254 981 qua
1285 920 1335 965 te
1381 926 1491 980 prae
1539 913 1750 968 exteris
1791 913 1952 982 regia:
1999 912 2078 966 di-

491 1001 714 1069 gnitatis
743 1003 975 1072 amplius
1003 1004 1399 1073 specialiusque
1421 1003 1642 1073 diligere
1665 1004 1858 1058 merito
1875 1005 2074 1059 debea-

491 1107 636 1146 mus.
689 1091 875 1163 itaque
902 1095 1130 1149 comites
1153 1095 1275 1148 illos
1300 1095 1497 1148 vel.....
1543 1096 1793 1149 videlicet
1830 1094 1960 1149 D....
2020 1104 2076 1150 et

679 1201 980 1254 eorumque
1001 1186 1218 1251 milites,
1249 1202 1388 1256 quos
1419 1187 1575 1249 beato
1596 1185 1754 1240 Petro
1782 1187 1966 1241 ﬁdeles
1991 1187 2076 1256 ju-

488 1275 758 1344 stitiaeque
788 1275 1259 1348 fautorcsinjusta
1299 1281 1382 1348 (ut
1427 1280 1756 1350 accepimus)
1805 1277 2072 1333 sententia

488 1364 545 1417 in
573 1367 823 1422 exsilium
843 1369 1078 1438 expulit,
1111 1369 1206 1425 tibi
1229 1364 1651 1424 commendatos
1679 1385 1801 1425 esse
1823 1385 1889 1424 ex
1919 1378 2074 1438 parte

487 1466 673 1512 nostra
698 1469 969 1527 optamus.
1022 1461 1090 1515 Et
1117 1461 1244 1532 quia
1268 1461 1528 1516 hactenus
1555 1461 1662 1516 illis
1689 1461 1977 1517 subvenire
2005 1477 2070 1514 ex

487 1547 754 1614 industria
786 1537 1004 1622 propria
1027 1553 1294 1607 claritudo
1324 1562 1414 1608 tua
1445 1553 1676 1619 curavit,
1709 1553 1944 1607 sentiant
1967 1552 2070 1606 sibi

486 1651 631 1690 nunc
655 1640 725 1692 ob
754 1640 1062 1696 ﬁdelitatem
1088 1643 1228 1697 beati
1251 1641 1392 1696 Petri
1417 1650 1768 1720 nostramque
1794 1657 2071 1696 commen-

483 1727 758 1785 dationem
801 1732 980 1786 solatii
1019 1734 1316 1802 auxiliique
1346 1749 1546 1787 munus
1574 1733 1852 1802 copiosius
1881 1748 2070 1789 acces-

482 1822 640 1876 siSSe.
692 1816 766 1877 De
813 1836 1010 1878 caetero
1057 1826 1396 1894 prudentiam
1445 1834 1593 1879 tuam
1641 1842 1956 1892 nionrtnus,
2013 1835 2072 1880 ut

481 1913 626 1968 viam
651 1915 878 1984 justitim
905 1909 1121 1988 semper
1145 1917 1365 1983 studeas
1393 1916 1640 1972 irrellexo
1680 1918 1815 1972 calle
1864 1926 2065 1982 tenere,

479 2011 536 2057 et
563 2005 751 2061 viduas
794 2017 847 2062 et
887 2009 1163 2077 orphanos
1191 2019 1246 2063 ct
1273 2010 1588 2078 peregrinos
1615 2017 1838 2078 paterna
1870 2008 2067 2077 pietate

480 2096 641 2162 tueri,
668 2095 935 2154 Ecclesias
965 2115 1074 2154 non
1110 2101 1271 2154 modo
1301 2114 1407 2152 non
1438 2099 1651 2164 laedere,
1685 2100 1777 2153 sed
1806 2101 1967 2154 etiam
1998 2101 2068 2154 ab

481 2190 854 2257 arrogantium
885 2201 938 2242 et
967 2191 1280 2245 invasorum
1329 2191 1624 2259 petulauiia
1665 2201 1720 2246 et
1766 2193 2068 2270 temeritate

480 2277 787 2343 defendere,
821 2297 919 2335 nec
947 2296 1054 2334 non
1078 2293 1132 2335 et
1153 2282 1256 2336 alia
1284 2298 1407 2351 quae
1444 2291 1587 2336 recte
1617 2283 1900 2352 intelliges,
1936 2297 2066 2351 pro—

479 2386 639 2426 cures
669 2373 952 2442 diligenter
974 2353 1210 2428 servare.
1263 2372 1398 2426 Illud
1444 2389 1664 2443 quoque
1710 2374 2066 2427 nihilominus

478 2463 620 2519 seire
651 2473 700 2517 te
712 2449 975 2519 Volumus
997 2465 1262 2534 quosdam
1293 2465 1512 2518 nomine
1535 2473 1629 2518 tuo
1649 2465 1854 2535 legatos
1875 2464 1940 2519 ad
1964 2480 2065 2522 nos

479 2556 609 2609 olim
646 2557 881 2622 venisse,
925 2558 1125 2628 quibus
1154 2557 1282 2610 item
1313 2574 1414 2610 nos
1446 2556 1587 2612 istud
1621 2557 1975 2626 injunximus,
2005 2565 2067 2611 ut

475 2647 881 2704 dilectioniture
899 2658 1249 2720 suggererent
1271 2659 1540 2717 quatenus
1584 2649 1720 2704 alios
1766 2649 2062 2714 destinare,
2106 2690 2109 2694 .

477 2754 589 2807 quo
635 2741 895 2794 certiores
942 2741 1298 2806 ellieeremur,
1344 2749 1608 2794 censeret.
1661 2739 1862 2795 Verum
1907 2739 2064 2794 nobis

477 2829 656 2882 a-llinc
688 2830 738 2882 in
769 2831 978 2886 incerto
1017 2842 1199 2886 manet
1244 2848 1313 2885 an
1356 2831 1424 2886 ad
1460 2826 1524 2885 'te
1571 2831 1822 2886 mandata
1877 2838 2062 2885 nostra

475 2921 682 2988 perlata
713 2923 839 2986 sint,
864 2939 932 2977 an
961 2924 1176 2993 aliquos
1203 2931 1391 2992 postea
1420 2923 1663 2986 miseris;
1692 2923 1859 2990 liquet
1879 2929 2062 2973 autem

475 3013 750 3066 neminem
790 3029 819 3067 a
867 3024 918 3068 te
958 3015 1193 3084 legatum
1239 3013 1306 3068 ad
1353 3029 1471 3077 nos,
1495 3021 1618 3082 post
1656 3012 1780 3067 inde
1826 3012 2061 3066 venisse.

475 3103 658 3168 Quare
685 3104 1028 3162 decrevimus
1055 3107 1121 3161 ad
1145 3116 1195 3162 te
1218 3107 1416 3160 iterum
1445 3106 1586 3160 idem
1613 3104 1906 3175 repetendo
1935 3103 2065 3159 scri-

476 3194 624 3260 bere,
657 3197 955 3268 itidemque
977 3200 1044 3254 de
1073 3198 1390 3263 comitibus,
1437 3197 1583 3266 quod
1608 3197 1722 3276 jam
1759 3194 2062 3264 postulavi-

2177 730 2385 786 tissimc
2434 744 2771 804 compertum
2826 735 3088 792 habemus
3140 731 3428 786 adventum
3471 739 3623 784 tuum
3666 731 3756 785 vel

2175 832 2355 878 metus
2393 823 2555 894 regis,
2585 826 2706 895 ejus‘
2737 826 2943 881 scilicet
2965 839 3127 894 quem
3171 823 3314 876 inter
3353 831 3577 876 ueteres
3606 821 3758 877 illius

2175 913 2453 985 dignitatis
2482 916 2770 984 specialius
2814 932 3026 986 semper
3066 914 3376 979 dileximus,
3406 915 3488 966 vel
3517 907 3762 968 maxime

2175 1015 2267 1060 tua
2296 1006 2453 1075 culpa
2481 1007 2640 1061 nobis
2664 1009 2894 1078 negavit,
2924 1017 2978 1061 ct
3011 1015 3060 1060 te
3092 1005 3331 1076 quidem,
3379 1004 3425 1057 si
3469 1005 3551 1058 vel
3586 1004 3756 1074 prisci

2175 1097 2379 1150 amoris
2411 1098 2676 1152 memoria
2714 1106 3040 1168 superesset,
3089 1097 3171 1150 vel
3218 1085 3396 1150 debita
3432 1095 3592 1148 matri
3641 1093 3726 1148 Ro

2174 1203 2350 1242 mana:
2384 1187 2642 1243 Ecclesia:
2685 1189 2904 1243 dilectio
2947 1189 2998 1241 in
3050 1196 3229 1242 mente
3272 1195 3594 1250 remaneret,
3644 1201 3757 1242 non

2173 1278 2360 1333 debuit
2395 1280 2590 1349 aliquis
2629 1287 2724 1334 aut
2758 1280 3045 1334 mundana:
3091 1278 3377 1348 potestatis
3418 1287 3615 1343 terror,
3663 1287 3761 1332 aut

2175 1369 2498 1439 cujusquam
2538 1360 2786 1438 persona:
2831 1370 3240 1438 superstitiosus
3264 1385 3439 1434 amor,
3467 1384 3497 1422 a
3521 1383 3759 1437 conspe-

2173 1469 2264 1515 ctu
2295 1470 2483 1514 nostro
2512 1461 2806 1534 retrahere.
2843 1459 2997 1514 illum
3038 1476 3168 1514 vero
3199 1460 3246 1514 si
3273 1468 3462 1514 contra
3489 1460 3759 1528 apostoli-

2173 1567 2291 1605 cam
2339 1550 2521 1605 sedem
2569 1558 2743 1604 novus’
2782 1552 3106 1621 arrogantiae
3153 1560 3336 1605 tumor
3377 1565 3520 1604 nunc
3573 1552 3762 1620 erigit,

2173 1642 2286 1696 sive
2336 1651 2522 1696 contra
2569 1657 2672 1696 nos
2721 1642 2829 1695 ulla
2880 1641 3046 1696 libido
3087 1657 3183 1696 seu
3224 1641 3525 1710 procacitas
3564 1641 3762 1710 jactat,

2173 1742 2323 1786 tanto
2347 1733 2566 1803 gravius
2591 1732 2847 1799 feremus,
2866 1743 3074 1804 quanto
3095 1749 3219 1787 eum
3249 1731 3539 1787 dilectione
3567 1744 3764 1790 nostra

2173 1824 2454 1895 indignum
2483 1841 2539 1879 se
2569 1823 2763 1879 fecisse
2791 1825 3114 1878 constiterit.
3157 1823 3312 1889 Quod
3348 1832 3531 1879 tamen
3569 1840 3640 1878 ne
3683 1820 3763 1880 illi

2171 1916 2402 1981 act-idat,
2433 1917 2620 1986 religio
2648 1929 2742 1970 tua
2772 1916 2969 1985 poterit
2993 1915 3096 1969 hoe
3124 1902 3286 1968 modo
3310 1916 3499 1980 vitare,
3530 1917 3578 1969 si
3607 1916 3660 1970 ei
3683 1918 3765 1970 di-

2101 1991 2145 2045 Β
2170 2006 2394 2075 ligenter
2429 2006 2743 2077 aperiendo,
2767 2014 2818 2060 et
2839 2014 3153 2061 constanter
3189 2005 3528 2059 admonendo
3569 2008 3762 2061 consi-

2168 2098 2300 2150 lium
2331 2097 2563 2162 dederis,
2596 2115 2662 2151 ne
2690 2107 2881 2152 contra
2911 2107 3139 2152 matrem
3171 2096 3417 2151 omnium
3448 2095 3760 2155 Romanam

2166 2188 2468 2243 Ecclesium
2489 2190 2620 2259 quid
2650 2189 2911 2259 injustum
2941 2197 3258 2258 praesumat,
3291 2204 3423 2244 neve
3450 2190 3583 2260 quid
3612 2207 3645 2246 a
3674 2207 3764 2247 re—

2166 2281 2355 2351 ligiosa
2385 2289 2649 2349 potestate
2671 2282 2910 2335 alienum
2931 2282 3236 2350 petulanter
3257 2280 3472 2346 audeat,
3502 2291 3558 2336 et
3580 2298 3764 2353 neque

2167 2382 2316 2427 tuam
2350 2387 2523 2442 neque
2547 2373 2780 2442 alicujus
2809 2372 3155 2426 devotionem
3181 2373 3250 2426 ab
3275 2373 3588 2442 apostolicae
3612 2375 3762 2431 sedis

2171 2464 2477 2519 visitatione
2521 2464 2750 2519 ulterius
2790 2479 3043 2519 coercere
3083 2472 3330 2518 attentet.
3386 2463 3557 2536 Igitur
3603 2465 3764 2520 decc:

2165 2555 2559 2611 fraternitatem
2583 2565 2731 2610 tuam
2755 2556 3094 2628 negligentice
3116 2571 3228 2610 sua:
3254 2570 3514 2612 excessus
3537 2556 3761 2626 sapien-

2165 2657 2246 2702 ter
2281 2648 2576 2718 corrigere,
2605 2658 2776 2717 atquc.
2797 2648 2860 2701 ad
2901 2649 3255 2717 apostolicam
3292 2648 3475 2703 sedem
3505 2653 3758 2719 'quanto—

2163 2740 2283 2795 eius
2315 2755 2627 2810 properare,
2673 2748 2832 2810 teque
2873 2739 3050 2809 ipsum
3099 2741 3302 2796 nostris
3343 2741 3649 2806 obtutibus,
3701 2757 3761 2805 υι

2163 2843 2435 2902 optamus,
2461 2843 2626 2903 utque
2648 2848 2788 2902 smpc
2808 2831 3213 2899 mandavimus,
3243 2841 3598 2902 przesentare,
3623 2849 3760 2908 qua-

2165 2931 2324 2978 tenus
2352 2939 2454 2978 nos
2487 2925 2553 2978 de
2584 2925 2668 2978 his
2704 2934 2758 2978 et
2802 2925 2868 2979 de
2906 2923 3029 2979 aliis
3071 2925 3299 2995 negotiis
3338 2923 3758 2995 praesentialiter

2163 3014 2434 3082 conferre,
2457 3024 2620 3086 atque
2643 3017 2850 3071 utilitas
2881 3015 3139 3070 Ecclesiae
3165 3016 3232 3070 de
3259 3026 3445 3072 nostro
3477 3017 3756 3087 colloquio

2163 3118 2513 3181 augmentum
2537 3110 2732 3175 valeat,
2765 3107 2876 3162 Deo
2907 3106 3140 3175 favente,
3169 3109 3462 3179 percipere.

2235 3200 2366 3253 Data
2414 3199 2618 3268 Romze,
2673 3210 2868 3256 octavo
2913 3199 3138 3255 Kalend.
3185 3201 3407 3273 Aprilis,
3456 3199 3754 3255 indictione

475 3303 621 3351 tuus,
653 3290 898 3343 iterando
926 3292 1226 3350 inculcare;
1259 3305 1370 3359 quo
1399 3298 1452 3343 et
1479 3289 1718 3351 nuntios,
1751 3287 1797 3342 si
1821 3286 2061 3341 nondum
2092 3323 2132 3380 Ο
2167 3291 2427 3347 secunda.

474 3379 696 3445 misisti,
730 3397 837 3436 non
871 3380 1102 3437 ulterius
1141 3383 1352 3436 mittere
1398 3381 1660 3452 negligas,
1693 3389 1748 3434 et
1776 3379 2066 3448 przenomi-

475 3473 620 3527 natis
648 3475 903 3529 omnibus
934 3475 1170 3544 prtesidii
1200 3489 1424 3527 manum
1449 3471 1774 3525 familiarius
1803 3470 2064 3538 pronius-

477 3579 584 3632 que
608 3565 661 3618 in
692 3567 904 3621 cunctis
926 3566 1202 3636 porrigere
1227 3564 1466 3619 studeas.
1508 3562 1866 3631 Omnipotens
1890 3568 1944 3612 et
1974 3561 2067 3613 mi-

477 3657 712 3711 sericors
736 3656 898 3723 Deus,
921 3673 950 3712 a
979 3658 1252 3728 qu0°bona
1275 3665 1470 3712 cuncta
1495 3649 1814 3724 procedunt,
1835 3667 1930 3721 per
1953 3667 2066 3705 tne-

475 3750 580 3802 rita
609 3757 664 3801 et
691 3749 1108 3804 intercessiones
1135 3741 1305 3802 beatae
1332 3747 1426 3801 Dei
1449 3746 1724 3816 genitricis
1747 3759 2066 3813 semperque

474 3841 703 3911 virginis
732 3839 935 3906 Mariae,
961 3849 1014 3894 et
1041 3840 1328 3896 beatorum
1358 3837 1505 3892 Petri
1537 3845 1592 3891 et
1636 3835 1812 3898 Pauli,
1844 3850 2067 3904 gressus

475 3942 604 3987 tuos
631 3932 896 4000 perviam
925 3933 1198 3988 deducens
1225 3931 1474 4000 justitiaz,
1513 3935 1831 3983 constanter
1868 3926 2066 3996 dirigat

475 4039 652 4093 usque
679 4023 744 4076 ad
774 4024 957 4085 ﬁnem,
997 4032 1054 4077 et
1087 4023 1166 4076 sic
1195 4023 1360 4091 hujus
1396 4020 1521 4074 vitae
1561 4018 1878 4089 temporalia
1913 4017 2064 4086 regni

476 4114 841 4185 gubernacula
873 4112 1036 4168 faciat
1062 4121 1384 4182 temperare,
1415 4119 1685 4182 quatenus
1711 4118 1912 4164 {eterna
1939 4124 2066 4178 pro-

478 4206 734 4260 merendo
765 4207 946 4260 valeas
974 4205 1219 4275 adipisci.
1463 4274 1468 4280 '

552 4296 681 4351 Data
719 4297 926 4364 Romae,
972 4297 1295 4352 duodecimo
1342 4293 1461 4350 Kal.
1503 4291 1726 4365 Aprilis,
1770 4292 2064 4349 indictione

478 4389 736 4445 secunda.

977 4466 1340 4534 'EPISTOLA
1378 4476 1545 4532 xxx.

567 4590 633 4628 Αι)
662 4588 1005 4629 ΙΛΧΙἮΛΝΟΗΙ
1036 4585 1482 4626 ARCIIIEPISCONIM
1517 4582 1976 4623 CANTIMRIENSEI.

1069 4662 1250 4732 (Anno
1287 4661 1471 4731 £079.)
1514 4707 1518 4712 .

479 4758 668 4827 Arguit
693 4759 829 4825 quod
859 4771 1034 4809 senon
1063 4755 1354 4808 risitarerit
1374 4770 1406 4805 a
1430 4763 1654 4820 tempore
1684 4751 2058 4827 assumptionis

548 4820 687 4892 ante;
705 4820 867 4896 cujus
890 4841 1105 4878 causam
1133 4842 1251 4880 cum
1277 4841 1443 4896 regem
1466 4839 1579 4896 esse
1620 4822 1841 4885 noverit,
1880 4820 2062 4896 horta-

551 4911 638 4951 tur
670 4889 735 4950 tut
773 4889 892 4950 eum
935 4902 1162 4958 moneat,
1211 4910 1271 4946 ne
1301 4889 1427 4964 quid
1459 4892 1713 4960 injustam
1734 4901 1924 4964 contra
1955 4889 2060 4942 Ro-

547 4982 761 5021 manam
797 4965 1089 5020 Ecclesium
1114 4960 1419 5032 primarum,
1446 4965 1651 5033 ipseque
1674 4960 1746 5012 ad
1765 4977 1817 5012 se
1835 4970 2061 5030 quanto-

549 5037 664 5090 cius
688 5039 878 5090 veniat.

551 5133 860 5188 Gasaoatus
894 5127 1206 5196 episcopus,
1234 5138 1426 5180 servus
1455 5136 1737 5179 servorum
1775 5119 1890 5184 Dei,
1924 5118 2060 5205 Lis.-

481 5235 682 5276 νωκεο
711 5217 1132 5275 Cantuariorum
1163 5215 1575 5286 archiepiscopo
1606 5213 1835 5267 salutem
1856 5222 1910 5268 et
1936 5226 2061 5280 apo-

481 5311 731 5368 stolicam
768 5307 1220 5366 benedictionem.

553 5401 709 5469 Quod
733 5416 799 5457 ex
827 5401 918 5455 illo
939 5410 1179 5470 tempore
1204 5411 1316 5468 quo
1345 5395 1678 5453 sacerdotale
1707 5409 1932 5449 summa:
1969 5410 2058 5449 se-

483 5497 569 5551 dis
592 5497 784 5567 jugum
814 5493 1008 5551 cervici
1041 5503 1260 5558 nostrzc,
1290 5491 1415 5546 licet
1441 5487 1668 5560 indigni,
1699 5487 2057 5555 suscepimus,

484 5587 670 5643 venire
697 5587 763 5643 ad
790 5602 892 5642 nos
913 5601 1022 5641 non
1051 5585 1282 5638 multum
1335 5580 1546 5637 curavit
1594 5578 1904 5636 fraternitas
1944 5588 2057 5645 tua,

485 5687 692 5748 quanto
723 5677 903 5732 minus
929 5677 1033 5732 hoe
1059 5675 1127 5730 de
1151 5674 1436 5727 dilectione
1477 5682 1570 5724 tua
1618 5685 1835 5740 sperare
1879 5670 2059 5737 potui-

489 5787 630 5833 mus,
660 5784 726 5826 eo
755 5767 988 5837 amplius
1011 5774 1292 5836 stupentes
1319 5765 1604 5826 miramur,
1627 5771 1680 5815 et
1707 5762 1808 5817 nisi
1837 5757 2059 5831 aposto-

487 5861 589 5914 lica
616 5859 993 5922 mansuetudo,
1018 5874 1116 5912 nee
1141 5873 1248 5911 non
1264 5865 1316 5910 et
1333 5855 1536 5908 amosis
1556 5854 1749 5923 pignus
1775 5854 2059 5923 antiquum

490 5967 590 6008 nos
613 5953 896 6023 hucusque
924 5948 1264 6025 detinuisset,
1296 5945 1538 6018 profecto
1569 5963 1666 6000 nos
1698 5947 1795 6000 hoc
1827 5947 2062 6017 graviter

2677 3403 3013 3461 EPISTOLA
3052 3403 3244 3460 XXXI.

2623 3514 2689 3551 AD
2727 3513 2943 3551 INCOLAS
2972 3513 3287 3556 ιδιιογικωιε.

2756 3589 2936 3659 (Anno
2977 3587 3160 3659 1079.)

2167 3678 2420 3749 Prwcipit
2442 3687 2501 3730 ut
2533 3677 2666 3730 bona
2695 3679 3005 3735 monasterii
3028 3676 3210 3732 Sancti
3237 3676 3386 3731 Petri
3408 3679 3503 3732 sub
3532 3696 3748 3734 excom-

2508 3750 2882 3801 municationis
2911 3765 3062 3819 pwua
3104 3749 3403 3801 restituant.

2234 3838 2540 3895 Gnsconws
2566 3840 2873 3910 episcopus,
2899 3856 3088 3896 servus
3112 3855 3396 3895 servorum
3424 3837 3543 3906 Dei,
3571 3841 3748 3895 omni-

2164 3931 2267 3987 bus
2294 3931 2737 4000 arehicpiscopis,
2765 3931 3057 4001 episcopis,
3106 3931 3464 4000 principibus,
3510 3929 3743 4000 clericis,

2163 4022 2426 4090 laicisque
2455 4022 2508 4074 in
2535 4020 2820 4075 Proviueia
2859 4022 3349 4087 conimorantibus,
3378 4023 3623 4091 exceptis
3662 4021 3744 4077 his

2161 4113 2257 4183 qui
2284 4112 2830 4167 excommunicationi
2854 4112 3158 4185 subjacent.
3189 4113 3418 4169 salutem
3445 4121 3500 4168 et
3525 4122 3745 4185 aposto-

2161 4220 2282 4258 cam
2320 4203 2771 4260 benedictionem.
2993 4255 3010 4274 ,

2164 4306 2172 4336 π
2229 4293 2429 4349 Notum
2459 4296 2611 4351 vobis
2643 4296 2898 4358 omnibus
2926 4311 3049 4350 esse
3076 4303 3352 4365 putamus,
3383 4295 3529 4365 quod
3552 4312 3742 4351 mona-

2161 4388 2386 4442 sterium
2417 4387 2474 4440 S.
2505 4385 2671 4451 Petri,
2709 4388 2876 4442 situm
2901 4388 2957 4442 in
2992 4388 3114 4442 loco
3139 4389 3235 4458 qui
3269 4385 3429 4442 Mons
3449 4376 3631 4458 “Major
3655 4388 3739 4444 di—

2161 4479 2322 4545 citur,
2363 4488 2566 4555 sancta:
2612 4476 2873 4534 Romanae
2923 4479 3182 4535 Ecclesia:
3235 4480 3455 4550 speciali
3503 4481 3739 4550 quodam

2155 4569 2278 4638 jure
2303 4571 2605 4640 subjectum
2635 4579 2738 4637 est,
2763 4580 2814 4625 et
2851 4571 3159 4640 apostolica:
3187 4567 3334 4626 sedis
3359 4571 3656 4642 privilegiis
3674 4585 3739 4627 ex

2090 4667 2136 4722 D
2162 4671 2400 4731 tempore
2442 4662 2602 4732 longo
2629 4662 2918 4716 munitum.
2958 4660 3108 4716 Unde
3140 4661 3270 4731 quia
3299 4659 3457 4717 nobis
3499 4677 3601 4733 pro
3627 4678 3738 4718 sus-

2160 4754 2300 4823 cepti
2329 4753 2609 4824 rcgiminis
2652 4753 3015 4830 sollicitudine
3053 4754 3299 4809 imminet
3339 4751 3601 4809 Ecclesiis
3631 4768 3737 4808 om-

2159 4847 2321 4900 nibus
2355 4844 2654 4915 providere,
2699 4848 2806 4902 illis
2841 4830 3113 4916 praéeipue
3158 4845 3417 4903 debemus
3455 4845 3737 4916 vigilanter

2158 4937 2468 5007 prospicere
2511 4952 2633 5005 quat
2678 4937 2934 4993 Romanae
2976 4936 3394 5006 apostolicaeque
3440 4937 3559 4990 sedi
3599 4952 3734 5007 quo-

2159 5027 2450 5082 danunodo
2496 5027 2730 5083 vicinius
2778 5030 3003 5092 ha:rent,
3033 5036 3085 5080 et
3119 5026 3240 5097 ejus
3285 5025 3450 5080 tutela
3503 5028 3735 5082 maxime

2158 5129 2382 5190 sperant
2425 5117 2660 5175 defendi.
2703 5119 3073 5188 Quapropter,
3121 5117 3378 5188 quoniam
3430 5117 3733 5172 audivimus

2159 5211 2373 5281 aliquos
2404 5219 2644 5265 vestrum
2691 5211 2831 5266 bona
2875 5210 3159 5264 memorati
3187 5209 3503 5265 monasterii
3549 5215 3732 5264 contra

2156 5301 2249 5371 jus
2287 5311 2342 5356 et
2385 5303 2672 5362 honestum
2708 5302 2968 5370 sacrilega
3006 5317 3171 5357 manu
3213 5301 3500 5366 invasisse,
3537 5299 3731 5379 distra-

2160 5393 2290 5448 here
2340 5404 2503 5463 atque
2547 5396 2799 5464 diripere,
2848 5403 3074 5463 paterno
3119 5393 3312 5446 aﬂ‘ectu
3362 5407 3648 5448 monemus
3679 5400 3730 5461 et

2160 5487 2451 5554 apostolica
2472 5487 2788 5542 auctoritate
2817 5486 3176 5554 praecipimus,
3219 5492 3276 5537 ut
3303 5483 3616 5554 quicunque
3646 5495 3728 5537 res

2159 5575 2306 5633 illius
2331 5578 2642 5636 monasterii
2682 5578 2733 5630 vi
2777 5586 2956 5632 tenere
2984 5576 3200 5630 invasas
3227 5583 3546 5640 noscuntur,
3575 5571 3727 5644 digna

2162 5685 2286 5725 cum
2310 5668 2678 5724 satisfactione
2705 5669 2992 5724 emendare
3012 5666 3283 5739 festinent,
3309 5683 3374 5722 ae
3392 5681 3556 5720 nemo
3578 5655 3725 5720 deiti-

2163 5777 2288 5830 ceps
2335 5772 2520 5816 contra
2563 5761 2756 5815 aniuue
2805 5762 3034 5815 salutem
3059 5764 3219 5836 .bona
3271 5758 3444 5829 ipsius
3493 5756 3727 5814 ecclesia

2161 5853 2422 5909 violenter
2445 5862 2730 5932 attrectare
2763 5859 3070 5920 praesumat.
3111 5851 3430 5919 Quicunque
3473 5864 3604 5922 ergo
3645 5847 3725 5903 his

2165 5945 2475 6004 salubribus
2502 5945 2770 6004 mandatis
2795 5943 2996 6002 nostris
3015 5943 3301 6011 contraire,
3329 5951 3382 5999 et
3401 5943 3545 5999 bona
3564 5938 3724 5996 cede-

3581 6110 3882 6344 κλμ-1
