3952 6384
147 438 262 493 557

1222 438 1431 498 LIBER
1466 436 1754 494 SEXTUS.
1795 465 1866 475 --
1908 443 2126 504 EPIST.
2163 446 2402 503 XXXIV.

3315 444 3418 504 558

141 553 248 605 sia:
293 542 490 623 (εἰςιιῖ
513 552 716 608 dictum
763 565 867 617 est;
895 552 1158 624 sacrilego
1185 571 1322 610 ausu
1352 566 1536 612 contra
1584 558 1748 614 inter-
1777 562 1822 618 Α
1849 560 1954 616 stia
1983 562 2178 626 tenuit,
2202 562 2407 616 eisdem
2437 562 2540 618 sub
2561 570 2777 632 pastore
2807 561 3079 633 religioso,
3100 560 3150 614 in
3176 561 3417 618 lioutana

141 642 368 697 dictum
403 654 652 699 nostrum
680 643 919 698 detinere
961 645 1263 712 tentaverit,
1303 647 1614 704 admonitus
1657 665 1745 704 se-

143 732 284 798 mel,
319 745 490 803 atque
511 734 726 801 iterum,
755 742 810 788 et
833 734 1014 800 tertio,
1043 749 1139 804 per
1175 737 1555 794 convenientes
1585 739 1744 794 indu-

141 822 293 890 cias,
344 825 400 878 ‘si
443 825 733 880 emendare
771 825 1172 894 contempserit,
1219 827 1356 882 iram
1406 818 1461 882 et
1505 828 1744 884 furorem

139 914 554 985 omnipotentis
583 915 672 970 Dei
701 925 888 970 contra
921 930 980 970 se
1006 931 1104 986 per
1127 920 1742 977 exeommunieationem

142 1007 518 1073 apostolicam
551 1008 880 1077 provocabit.
934 1003 1320 1066 Oberlientibus
1361 1026 1489 1067 vero
1534 1023 1777 1083 aposto-v

145 1092 261 1147 lica
287 1095 636 1164 auctoritate,
681 1109 736 1153 et
781 1097 922 1153 beati
956 1092 1097 1152 Petri
1127 1100 1304 1167 nobis,
1337 1101 1462 1157 licet
1488 1102 1741 1174 indignis,

143 1201 426 1242 concessa
457 1197 747 1258 potestate,
775 1199 1118 1260 peccatorum
1156 1207 1380 1248 suorum
1410 1194 1619 1249 veniam
1661 1195 1744 1249 in-

141 1274 222 1328 du
232 1276 473 1346 lgemuS.
744 1283 745 1286 “

228 1365 370 1420 Data
398 1366 584 1424 Romae
630 1370 871 1426 secundo
898 1369 1016 1424 Kal.
1064 1371 1284 1442 Aprilis,
1317 1375 1609 1433 indictione
1653 1391 1740 1433 se-

146 1457 364 1514 cauda.
839 1480 841 1483 '
905 1484 918 1492 ι

659 1529 990 1587 EPISTO..A
1030 1535 1253 1590 XXXII,

342 1634 410 1673 ΔΙ)
449 1634 786 1677 ιεεηειιτωι
837 1639 1123 1679 ιίιηδςορωι
1173 1642 1556 1682 ιηοτλῑέκεεδι.

390 1773 397 1778 _
767 1713 948 1782 (Anno
974 1715 1158 1784 l079.)

152 1794 424 1891 "organis
439 1801 612 1891 'botm,
638 1803 709 1891 nrt
741 1803 790 1856 Η
795 1821 1011 1873 agonem
1037 1806 1150 1888 ejus
1169 1823 1476 1888 perarantem
1500 1818 1740 1891 spectant

231 1869 330 1924 tia.
363 1871 546 1956 Itblnta
601 1873 697 1926 sub
740 1869 1298 1932 errantmmticatiouis
1345 1894 1494 1948 praua
1527 1869 1739 1933 rei-litui
1774 1903 1815 1956 η

229 1939 473 1993 mundat.
699 2009 714 2020 .
1053 1973 1058 1978 ε

227 2025 540 2086 Gnccontcs
565 2031 874 2102 episcopus,
903 2050 1095 2090 servus
1118 2029 1523 2091 servorum‘llci
1540 2079 1554 2101 ,
1586 2037 1736 2093 Ismu-

148 2109 333 2171 ncnro
368 2117 696 2178 Pietaviensi
727 2113 982 2195 episcopo
1024 2126 1255 2182 salutent
1293 2136 1346 2183 et
1382 2129 1734 2198 apostolicam

147 2206 613 2266 benedictionem.
1709 2275 1712 2278 .
1743 2288 1749 2295 ,

223 2295 480 2355 Pervenit
504 2301 570 2356 ad
593 2318 757 2359 aures
788 2315 1003 2361 nostras
1032 2309 1177 2377 quod
1205 2309 1346 2364 bona
1375 2310 1643 2382 llorgonis
1669 2315 1737 2370 de

146 2387 404 2458 Gut-quo,
426 2407 567 2460 qum,
600 2404 816 2449 mortuo
853 2396 990 2465 ipso,
1020 2398 1072 2451 itt
1103 2409 1423 2467 potestatem
1470 2393 1734 2472 germani,

145 2478 364 2533 scilicet
394 2478 640 2554 [lagonis
673 2485 848 2540 nostri
893 2484 1068 2543 fidelis
1110 2498 1165 2543 et
1213 2489 1328 2556 filii,
1368 2489 1494 2560 jure
1540 2493 1737 2549 debent

143 2569 475 2638 concedere,
517 2571 674 2646 Hugo
704 2574 938 2632 Delczini
991 2576 1082 2650 [de
1130 2577 1446 2649 Leziuiaco;
1506 2584 1585 2638 in"
1614 2585 1730 2639 cod.

146 2657 299 2714 Mat.
329 2660 619 2737 Delenii]
665 2665 866 2735 injuste
909 2671 1256 2740 praesumpsit
1279 2673 1549 2729 invadere.
1585 2673 1736 2732 Unde

143 2749 288 2819 quia
328 2756 802 2822 mttominatum,
837 2755 1117 2828 Hugouem
1159 2762 1416 2818 clericum
1460 2775 1730 2835 nostrum,

139 2849 203 2894 et
223 2855 327 2906 res
347 2843 515 2911 ipsius
544 2844 597 2898 ir.
623 2847 843 2901 tutelam
869 2850 1182 2919 apostolica!
1201 2853 1346 2909 sedis
1369 2846 1729 2927 suscepimus,

141 2921 484 2990 fraternitati
518 2945 624 2991 tua:
673 2938 950 2997 invitando
985 2943 1330 3014 praecipimus
1363 2957 1424 3001 ut
1449 2921 1612 3018 super
1646 2921 1731 3003 bis

140 3039 346 3079 curam
369 3026 485 3104 vice
507 3037 693 3085 nostra
720 3047 932 3102 gerens,
945 3018 1070 3090 duci
1093 3035 1382 3091 Guiliclmo
1403 3039 1518 3094 haec
1539 3041 1728 3094 eadem

140 3114 513 3187 significando
539 3135 820 3191 suggeras,
865 3133 1136 3192 quatenus
1188 3127 1242 3181 in
1299 3129 1402 3184 hac
1445 3130 1609 3187 etiam
1668 3148 1728 3191 te

140 3216 423 3274 quantum
445 3209 603 3265 beato
637 3211 796 3268 Petro
816 3213 888 3267 sit
922 3214 1098 3268 fidelis
1125 3221 1396 3275 ostendat.
1435 3220 1634 3277 Verum
1676 3225 1727 3278 in
1756 3239 1797 3294 ρ

142 3295 352 3366 primis
379 3301 635 3357 volumus
659 3311 720 3357 ut
743 3303 961 3360 dilectio
986 3313 1076 3361 tua
1112 3309 1328 3364 studeat
1369 3324 1726 3368 memoratum

142 3387 596 3447 laeziniaccnsem
626 3391 1168 3470 [Deleziniacensem]
1221 3414 1288 3455 ex
1334 3404 1488 3471 parte
1540 3414 1728 3459 nostra

143 3495 284 3536 cum
304 3480 417 3550 jam
449 3483 597 3539 dicto
639 3484 778 3541 duce
829 3490 1144 3556 convenire,
1195 3506 1434 3548 necnon
1470 3494 1622 3549 illum
1661 3496 1729 3552 de

144 3572 456 3630 temeritate
478 3591 577 3630 sua
601 3576 973 3650 redarguendo
998 3582 1064 3637 de.
1086 3582 1461 3648 satisfactione
1485 3598 1724 3642 monere.

141 3661 314 3728 Quod
349 3665 393 3719 si
447 3667 760 3742 admonitus
813 3671 999 3736 semel,
1046 3671 1244 3727 iterum
1289 3690 1354 3730 ac
1399 3678 1581 3744 tertio,
1633 3695 1730 3749 per

141 3764 523 3822 competentes
552 3757 802 3813 inducias
849 3760 904 3814 in
950 3763 1252 3835 pertinacia
1299 3781 1397 3820 sua
1451 3767 1730 3824 duraverit

101 3858 104 3860 ‘
140 3853 204 3899 et
255 3846 524 3903 mandatis
558 3849 767 3905 nostris
791 3851 1109 3909 iuobediens
1125 3855 1353 3925 justitize
1377 3873 1566 3926 parcre
1596 3875 1727 3914 eon-

140 3936 453 4005 terr-pectit,
465 3940 764 4009 apostolica
790 3943 1114 4000 auctoritate
1136 3932 1482 4016 prmcipimus
1499 3959 1557 4002 ut
1577 3965 1722 4014 eum,

141 4042 441 4096 quousque
468 4030 798 4099 resipiscens
835 4033 1012 4087 ablata
1043 4036 1313 4102 restituat,
1349 4037 1562 4092 vinculo
1590 4055 1723 4093 ana-

138 4117 406 4173 thematis
437 4119 640 4190 illiges;
680 4123 827 4192 quod
854 4123 997 4178 idem
1025 4127 1376 4196 postmodum
1407 4145 1508 4186 nos
1538 4130 1747 4194 firmas

139 4219 308 4262 turos
337 4223 443 4263 non
463 4211 701 4272 dubites.

217 4296 357 4354 Data
385 4299 592 4370 Roma,
627 4303 810 4361 Idibus
837 4305 1059 4376 Aprilis,
1083 4309 1268 4365 indict.
1299 4313 1559 4368 secunda.

563 4448 573 4456 ο
631 4416 969 4507 [Ριδτοιᾼ
1007 4421 1241 4503 xxxm.

357 4522 424 4562 AD
483 4523 732 4565 ιιιτῦοκειι
783 4525 1026 4564 ΑΒΒΔἸῈΜ
1090 4527 1502 4570 ειυκιλεεδεει.

743 4598 923 4668 (Anno
952 4600 1135 4682 1079.)

141 4685 218 4740 ω
241 4683 536 4767 boumque
556 4687 962 4767 Matisconensis
1003 4691 1241 4767 Ecclesia
1270 4696 1440 4765 quiete
1477 4701 1719 4767 possede-

210 4764 318 4822 rat,
349 4758 413 4810 ab
448 4759 561 4829 ipso
597 4759 780 4813 ablata
803 4769 896 4814 aut
929 4766 1173 4818 restituat
1215 4758 1307 4818 aut
1338 4758 1542 4822 camb't'o
1577 4787 1718 4823 com-

207 4830 521 4904 gensetgsiu
559 4831 755 4895 minus,
782 4830 966 4902 υἱειηὶ
988 4837 1227 4904 episcopo
1257 4846 1304 4889 et
1327 4837 1503 4893 abbazi
1532 4839 1717 4895 Sancti

210 4895 376 4952 Pauli
396 4899 464 4951 lis
492 4900 631 4952 inter
651 4915 736 4952 eos
761 4895 1092 4965 tertuinan'da
1113 4895 1481 4962 committitur.

213 4987 521 5042 GIEGOIUUS
545 4973 860 5062 episcopus}
889 5009 1082 5049 servus
1107 5010 1393 5056 servorum
1443 4999 1558 5069 Dei,
1602 4999 1714 5056 Hu-

132 5092 263 5134 com
292 5079 643 5136 Cluniacensi
669 5070 874 5151 abbati,
897 5085 1126 5140 salutem
1161 5095 1215 5141 et
1240 5089 1593 5159 apostolicam
1617 5091 1713 5146 be-
1737 5111 1741 5114 ·

136 5170 529 5226 nedictionem.
835 5210 846 5222 ι
863 5218 866 5219 ν

209 5258 550 5319 Lauderieus
575 5261 1013 5336 Matisconensis,
1051 5267 1220 5325 frater
1258 5280 1313 5327 ct
1359 5274 1713 5344 coepiscopus

134 5359 346 5418 uoster,
369 5354 438 5409 ad
474 5355 852 5426 apostolorum
883 5361 1070 5415 limina
1113 5364 1356 5431 veniens,
1383 5372 1712 5432 conquestus

131 5450 225 5499 est
248 5445 392 5515 apud
415 5463 519 5503 nos
553 5446 812 5504 Ecclesia:
845 5468 960 5507 sua:
995 5453 1122 5522 jura
1174 5471 1206 5508 a
1263 5464 1314 5510 te
1361 5455 1463 5509 sibi
1485 5453 1708 5523 auferri,

133 5549 264 5603 quae
291 5535 360 5592 de
397 5538 863 5614 praedecessorum
898 5558 1123 5598 suorum
1162 5547 1516 5619 temporibus,
1546 5548 1710 5602 etiam

139 5624 584 5688 Simoniacorum
603 5672 619 5697 ,
644 5630 826 5700 quiete
858 5634 975 5700 visa
1003 5643 1087 5689 est
1110 5638 1405 5706 possidere.
1438 5635 1550 5692 Nos
1583 5653 1710 5709 ergo

133 5716 364 5787 dignum
399 5736 520 5777 esse
547 5731 606 5776 et
643 5733 958 5792 competens
1004 5726 1432 5796 adjudieavimus
1480 5738 1541 5784 ut
1590 5746 1711 5799 qua:

132 5800 284 5866 bona
311 5813 645 5885 temporibus
673 5812 1104 5888 irrcligiosorum
1133 5819 1360 5876 ecclesia
1396 5819 1512 5879 sine
1541 5822 1709 5877 mole-

1848 649 2092 723 Ecclesia
2123 653 2405 718 ordinato,
2437 654 2638 723 privari
2675 653 2880 722 absque
2922 654 3133 712 ratione
3173 668 3278 707 non
3320 653 3417 709 de-

1847 721 1988 796 beat.
2023 741 2361 813 Quapropter
2381 721 2726 798 dilectionem
2753 721 2902 798 tuam
2924 759 3210 798 mouemus
3241 753 3302 798 ut
3330 760 3418 800 res

1845 830 1987 897 illas,
2016 844 2180 903 super
2225 818 2424 902 quibus
2455 835 2708 902 praedicta
2737 834 3146 890 Ma‘tiseonensis
3175 834 3416 892 Ecclesia

1845 925 2113 992 queritur,
2139 925 2183 980 si
2216 940 2389 994 usque
2424 925 2491 978 ad
2519 941 2683 995 supra
2713 926 2996 980 memorati
3036 925 3220 984 fratris
3242 927 3417 982 nostri

1844 1024 2061 1082 tempus
2087 1016 2610 1085 possedit,deiuceps
2626 1031 2844 1085 quoque
2869 1025 2963 1071 aut
2984 1018 3162 1087 quiete
3187 1019 3418 1074 retinere

1844 1105 2143 1173 permittas,
2174 1115 2268 1160 aut
2292 1107 2670 1162 concambium
2707 1118 3020 1176 competens
3049 1111 3270 1165 reddere
3297 1120 3414 1176 stu-,-

1844 1194 1994 1250 deas.
2029 1197 2184 1270 Quod
2214 1197 2257 1250 si
2290 1198 2431 1252 inter
2458 1212 2558 1252 vos
2588 1199 2727 1252 hanc
2754 1213 2975 1252 causam
3027 1215 3136 1254 non
3190 1201 3417 1270 potestis

1845 1286 1946 1356 ipsi
1980 1269 2326 1357 componere,
2367 1289 2622 1347 uolumus
2644 1288 2863 1344 fratrem
2889 1300 3134 1344 nostrum
3161 1290 3416 1348 Diensem

1843 1378 2156 1448 episcopum
2199 1387 2254 1434 et
2298 1379 2480 1434 Sancti
2523 1379 2676 1434 Pauli
2725 1382 2972 1436 abbatem
3016 1383 3230 1452 negotio
3285 1384 3416 1440 huic

1844 1467 2125 1535 interesse,
2163 1481 2438 1540 quatenus
2462 1487 2649 1525 eorum
2681 1473 2922 1526 adhibita
2952 1473 3224 1545 diligentia
3251 1474 3414 1531 tinem

1844 1559 1909 1616 lis
1937 1561 2174 1615 invenire
2202 1572 2411 1616 rectum
2436 1572 2490 1617 et
2518 1579 2818 1634 congruum
2863 1565 3064 1632 valeat,
3091 1582 3155 1620 ac
3183 1565 3413 1622 ulterius

1844 1651 1983 1705 inter
2005 1644 2100 1706 vos
2129 1653 2400 1708 dissensio
2431 1655 2576 1707 nulla
2609 1650 2902 1709 remaneat.
2952 1655 3080 1710 Sine
3124 1659 3412 1713 concordia

1848 1759 2084 1814 namque
2123 1760 2298 1815 neque
2338 1746 2742 1817 rcligiositatem
2784 1747 3018 1801 dicimus
3057 1747 3215 1819 [forte
3253 1749 3410 1803 duci-

1849 1853 1989 1889 mus.
2019 1835 2215 1909 ll.\nn.]
2247 1838 2542 1908 quidquam
2569 1836 2952 1910 valere,ncque
2973 1840 3117 1894 aliud
3140 1839 3416 1910 opus,etsi‘

1845 1925 2044 1980 bonum
2073 1927 2342 1994 videatur,
2374 1927 2577 1998 aliquid
2612 1943 2752 1982 esse.
2952 1998 2963 2009 ν

1913 2017 2046 2073 Data
2087 2019 2291 2087 Romae,
2323 2021 2534 2075 decimo
2565 2017 2895 2077 octavo'Kal.
2930 2019 3073 2085 Maii,
3101 2021 3286 2076 indict.
3321 2037 3410 2076 se-

1838 2111 2035 2164 cunda.

2317 2209 2650 2265 EPISTOLA
2697 2211 2936 2267 XXXIV.

1979 2316 2046 2355 Δί)
2082 2316 2343 2376 (ξΕΙηῖΙΧυὶί
2388 2319 2836 2358 AllClllEf’lSCOPUl
2872 2319 3264 2360 LUGDUNENSEM.

2446 2395 2604 2448 Anno
2642 2394 2844 2464 1079.)’

1839 2482 2129 2552 Confirmat
2152 2487 2412 2554 primatus
2447 2487 2756 2555 dignitatem
2789 2485 3126 2555 Lugdunensi
3158 2487 3410 2545 Ecclesia!

1836 2601 1842 2615 _.
1905 2570 2061 2622 super
2081 2564 2306 2624 quatuor
2339 2557 2635 2623 prouincias
2660 2572 2986 2624 concessam,
3010 2557 3291 2611 dummodo
3321 2557 3408 2613 Si-

1903 2623 2139 2677 mouiace
2168 2625 2588 2694 archiepiscopus
2617 2623 2810 2677 electus
2848 2639 2949 2676 non
2981 2626 3160 2694 fuerit.

1905 2713 2212 2769 Guccomus
2240 2716 2556 2784 episcOpus,
2581 2730 2772 2769 servus
2800 2728 3085 2769 servorum
3144 2714 3270 2783 Dei,
3299 2715 3408 2772 Ge-

1834 2821 1991 2860 ut'tso
2022 2805 2342 2878 [Genusum]
2383 2804 2732 2876 Lugdunensi
2767 2804 3196 2876 archiepiscopo.

1901 2898 2137 2966 Antiqua
2177 2907 2490 2952 sanctorum
2530 2896 2782 2962 Patrum,
2817 2897 3016 2966 quibus
3046 2897 3171 2952 licet
3201 2895 3406 2969 indigni

1823 2996 1885 3041 et
1910 2987 2067 3060 longe
2087 2988 2296 3042 meritis
2329 2987 2586 3056 impares,
2620 2986 2674 3038 in
2718 2986 3189 3041 administratione
3240 2988 3406 3057 hujus

1831 3079 1995 3136 sedis
2011 3080 2374 3145 succedimus,
2392 3079 2640 3150 vestigia,
2664 3078 2985 3146 inquantum
3013 3078 3192 3133 divina
3221 3079 3406 3150 digna-

1829 3171 1911 3226 tio
1928 3173 2210 3242 permittit,
2238 3171 2438 3228 imitari
2473 3169 2865 3235 desiderantes,
2887 3169 2999 3237 jus,
3024 3169 3169 3240 quod
3197 3169 3407 3224 unicui-

1830 3279 1936 3331 que
1971 3262 2338 3320 Ecclesiardut
2383 3279 2481 3333 pro
2522 3262 2716 3316 merito
2757 3270 2810 3314 et
2857 3261 3117 3332 dignitate
3157 3263 3242 3316 sui
3301 3263 3405 3333 ipsi

1829 3355 2193 3420 contulerunt,
2224 3371 2324 3408 nos
2359 3370 2427 3408 ex
2453 3360 2642 3408 earum
2694 3353 3039 3407 successibus
3087 3355 3402 3408 considera-

1831 3447 1976 3502 tione
1999 3448 2154 3502 decet
2181 3447 2483 3506 illaesumet
2504 3442 2837 3497 immutabile
2860 3452 3268 3509 conservare,et
3287 3459 3406 3497 mu-

1829 3539 2035 3594 nimine
2060 3541 2403 3595 decretorum
2438 3543 2751 3590 uestrorum
2787 3533 2856 3588 ad
2893 3525 3207 3612 perpetuam
3235 3535 3404 3589 stabi-

1828 3630 2035 3684 litatem
2069 3631 2442 3686 eorroborare.
2477 3617 2818 3696 Quapropter
2863 3625 3011 3695 quia,
3053 3625 3405 3683 dilectissime

1829 3722 1883 3775 in
1919 3720 2140 3776 Christo
2183 3720 2350 3775 frater
2373 3712 2637 3782 Cebuine,
2667 3716 2952 3785 postulasti
2994 3731 3025 3770 a
3069 3715 3228 3772 nobis
3263 3732 3402 3786 qua-

1827 3820 1989 3868 tenus
2024 3813 2338 3884 dignitatem
2378 3811 2447 3862 ab
2477 3806 2914 3861 antecessoribus
2942 3807 3146 3863 nostris
3175 3823 3402 3862 conces-

1827 3919 1946 3957 sam
1973 3902 2249 3967 Eeclesizc,
2281 3900 2368 3954 cui
2397 3899 2510 3952 Deo
2533 3907 2754 3950 auctore
2786 3911 3018 3964 praesse
3045 3898 3400 3969 dignosceris,

1826 3993 2296 4056 confirmaremus,
2322 3998 2375 4043 et
2407 4001 2638 4058 quaeque
2662 4001 2760 4040 sua
2782 3986 2872 4058 Eab
2907 3986 3252 4042 infeStatione
3301 3987 3402 4041 ho-

1825 4087 1933 4140 stili
1959 4083 2267 4156 apostolica‘.
2301 4081 2446 4136 sedis
2475 4078 2791 4133 defensione
2828 4089 3130 4143 tueremur,
3155 4077 3401 4134 inclinati

1825 4179 2079 4248 precibus
2107 4174 2218 4229 tuis
2239 4171 2629 4227 conﬁrmamus
2653 4169 2945 4239 primatum
2977 4182 3142 4236 super
3164 4177 3401 4237 quatuor

1825 4265 2137 4337 provincias
2171 4261 2523 4334 Lugdunensi
2563 4258 2817 4314 Ecclesize
2862 4265 2990 4322 tute,
3032 4265 3086 4310 et
3130 4272 3226 4326 per
3276 4273 3399 4337 eam

1824 4359 1922 4414 tibi
1950 4357 2168 4426 tuisque
2195 4353 2631 4414 successoribus,
2655 4349 2739 4401 his
2762 4356 2975 4401 tantum
3005 4349 3101 4418 qui
3134 4351 3282 4404 nullo
3311 4352 3397 4405 in-

1732 4448 1733 4451 “
1823 4450 2161 4509 terveniente
2191 4460 2416 4504 munere
2441 4441 2595 4496 electi
2625 4440 2708 4494 vel
2731 4439 2965 4509 promoti
2996 4438 3226 4507 fuerint,
3246 4443 3397 4497 vide-
3475 4512 3480 4517 υ

1823 4542 1969 4608 licet,
2000 4558 2030 4595 a
2064 4556 2250 4603 manu,
2273 4537 2340 4590 ab
2364 4530 2626 4600 obsequio
2647 4539 2701 4586 et
2728 4547 2758 4584 a
2791 4531 2997 4602 lingua.
3034 4530 3076 4583 A
3117 4548 3311 4598 manu,
3339 4542 3397 4588 ut

1814 4637 2034 4692 nullum
2060 4631 2290 4702 pretium
2312 4639 2539 4696 prorsus
2561 4639 2591 4680 a
2619 4639 2678 4679 se
2703 4624 2787 4678 vel
2808 4623 2876 4676 ab
2896 4623 3078 4691 aliquo
3095 4623 3390 4690 tribuatur;

1820 4729 1888 4782 ab
1913 4723 2201 4792 obsequio,
2229 4727 2293 4774 ut
2316 4717 2455 4772 nihil
2490 4717 2613 4771 inde
2646 4715 2855 4770 servitii
2889 4714 3078 4780 faciat,
3107 4715 3246 4767 sicut
3268 4713 3393 4782 qui-

1818 4819 1940 4875 dam
1969 4813 2267 4868 intentione
2287 4809 2530 4868 ecclesiae
2555 4807 2886 4880 praelationis
2919 4804 3225 4875 potentibus
3263 4820 3392 4874 per-

1817 4908 1968 4962 sonis
1988 4907 2164 4961 solent
2185 4903 2427 4969 deferre;
2453 4914 2483 4956 a
2509 4901 2714 4972 lingua,
2738 4909 2797 4952 ut
2820 4911 2994 4966 neque
3014 4911 3107 4963 per
3128 4911 3186 4950 se
3217 4912 3394 4968 neque

1813 5015 1912 5069 per
1933 4998 2262 5053 submissum
2278 5008 2571 5070 personam
2595 5003 2785 5059 preces
2805 4985 3066 5040 eﬂ'undat.
3088 4985 3192 5040 Sed
3218 5003 3393 5057 neque

1815 5089 1903 5143 his
1923 5089 2015 5159 qui
2043 5104 2136 5158 per
2162 5085 2476 5140 saecularem
2507 5075 2826 5168 potestatem
2859 5072 2931 5168 ad
2976 5076 3115 5168 bane
3160 5077 3392 5168 dignita-

1815 5187 1922 5233 tem
1973 5175 2348 5248 pervenerint,
2389 5169 2640 5224 videlicet
2674 5167 2818 5221 dono
2854 5165 2939 5220 vel
2983 5165 3390 5222 conﬁrmatione

1816 5270 2048 5339 alicujus
2073 5281 2320 5338 personae
2343 5274 2466 5334 quae
2489 5268 2692 5316 sancta
2713 5258 2959 5331 religioni
3001 5257 3249 5332 videatur
3286 5255 3387 5309 ob-

1816 5364 1986 5427 viare,
2011 5371 2065 5416 et
2093 5370 2283 5416 contra
2316 5372 2508 5427 puram
2551 5362 2605 5406 et
2647 5354 3017 5408 authenticam
3071 5358 3387 5405 sanctorum

1816 5453 2040 5508 Patrum
2070 5450 2445 5507 auctoritatem
2479 5444 2683 5499 venire.
2715 5444 2818 5498 Sed
2849 5444 2934 5497 bis
2966 5441 3223 5494 nimirum
3247 5440 3389 5496 hanc

1812 5546 2127 5617 dignitatem
2166 5539 2566 5595 concedendam
2596 5551 2717 5590 esse
2742 5532 3040 5598 sancimus,
3062 5532 3156 5600 qui
3177 5547 3311 5601 pura
3333 5540 3388 5584 et

1814 5638 2026 5693 sincera
2047 5633 2309 5688 electione
2334 5632 2432 5686 tibi
2467 5623 2849 5686 successerint,
2877 5630 2931 5674 et
2957 5621 3031 5676 ita
3055 5638 3150 5691 per
3183 5622 3383 5674 ostium

1813 5717 2165 5788 intraverint,
2195 5721 2338 5776 sicut
2391 5716 2780 5774 fraternitatem
2830 5721 2980 5766 tuam
3031 5710 3385 5789 cognovimus
3458 5766 3462 5774 ,

1813 5821 2068 5876 intrasse.
2096 5813 2190 5870 llis
2214 5830 2342 5870 vero
2370 5811 2461 5882 qui
2487 5807 2639 5863 aliter
2659 5803 3000 5873 intraverint,
3022 5800 3269 5857 videlicet
3288 5804 3385 5871 qui
