3952 6426
560 533 594 583 ἓν
615 533 667 576 ill

1197 533 1256 576 ts.
1299 524 1624 579 ()itlithltll
1668 524 1753 577 VII
1794 523 1994 577 ΡΜ)Λί
2030 521 2138 576 01³1

2241 523 2312 575 ,Μ
2351 523 2532 578 PARS
2565 525 2604 579 1.
2648 557 2716 566 -
2753 525 3171 583 REGISTRL'M.

3710 532 3815 588 540

552 634 708 703 juxta
746 635 1082 692 lioininieaui
1109 642 1434 694 sententiam
1482 657 1590 694 non
1629 657 1724 711 per
1768 639 1990 704 ostium,
2037 639 2131 692 sed
2167 640 2206 695 Α
2232 637 2533 702 distinctio,
2557 640 2682 708 quis
2727 640 3006 695 hominum
3059 642 3262 696 abnuat
3312 642 3439 698 huic
3482 657 3541 699 se
3580 644 3818 700 libenter

557 726 775 782 aliunde
802 739 858 782 ut
887 731 1034 784 fures
1055 731 1371 786 ct.latrones
1418 733 1780 791 ascenderint.
1818 748 1923 785 non
1954 731 2127 785 soluat

557 816 851 887 primatum
883 823 1047 892 hujus
1069 825 1348 894 dignitatis
1387 843 1492 879 non
1543 827 1911 889 concedimus,
1941 842 2128 880 verum

557 914 721 967 etiam
746 916 893 969 onmi
920 918 1122 971 honore
1154 919 1510 972 ecclesiastici
1563 919 1842 988 regiminis
1885 918 2130 987 indignos

557 1013 610 1059 cl
645 1007 850 1062 alienos
875 1010 988 1064 fore
1014 1011 1413 1080 adjudicanius.
1441 1011 1759 1066 l‘t'Ovincias
1801 1021 1978 1065 autem
2011 1012 2131 1066 illas

558 1116 696 1166 quas
752 1104 908 1158 vobis
953 1103 1372 1168 confirmamus,
1403 1105 1640 1158 dicimus
1690 1103 2128 1174 Lugdunensem,

561 1190 1071 1264 liiillioinagensein,
1100 1195 1495 1259 Turt‘mensem,
1533 1207 1587 1249 et
1631 1194 2021 1260 Senoiu-nsem,
2074 1205 2134 1249 ut

558 1283 642 1337 ine.
687 1287 930 1340 videlicet
975 1289 1266 1357 provinciae
1292 1287 1612 1358 condignam
1641 1277 2001 1360 obedientiam
2033 1284 2135 1340 Lu-

558 1376 821 1443 giunensi
860 1378 1127 1434 ileelesi:e
1187 1379 1518 1445 exhibeant,
1559 1389 1612 1434 et
1669 1379 1929 1432 honorem
1970 1394 2131 1447 quem

559 1467 788 1523 Romani
840 1472 1120 1543 pontiﬁces
1176 1472 1506 1525 reddemlutn
1550 1488 1671 1526 esse
1724 1471 1941 1539 scriptis
2004 1467 2132 1539 pro-4

556 1562 690 1628 priis
734 1565 1097 1629 przeiiveruut,
1150 1564 1427 1619 humiliter
1481 1573 1534 1617 ct
1582 1564 1773 1630 devote
1803 1564 2131 1631 persolvant,

555 1652 703 1706 salva
738 1652 790 1706 in
823 1653 1074 1710 omnibus
1098 1655 1409 1724 apostolica:
1446 1653 1590 1708 sedis
1620 1654 1918 1708 reverentia
1947 1663 1999 1708 et
2033 1670 2134 1707 au-

555 1745 824 1817 ctoritate.
887 1744 1172 1812 Praeterea,
1220 1746 1377 1815 juxta
1445 1753 1688 1799 tenorem
1753 1745 2135 1814 postulationis

555 1843 681 1900 ttue,
731 1838 973 1891 ecclesia)
1033 1847 1139 1892 tua:
1189 1838 1502 1906 bujusmodi
1549 1837 1831 1908 privilegia
1882 1837 2133 1906 praesenti

555 1929 896 1987 auctoritatis
941 1939 1142 1984 nostra:
1163 1929 1382 1984 decreto
1404 1930 1768 2000 imlulgemus,
1783 1929 2132 1984 concedimus

555 2030 717 2089 atque
747 2021 1050 2086 firinuntns,
1083 2033 1384 2077 statuentes
1436 2021 1644 2075 nullum
1689 2037 1897 2091 regum,
1948 2030 1996 2074 et
2049 2037 2130 2072 re-

553 2112 699 2181 liqua
728 2131 886 2182 usque
912 2114 964 2165 in
987 2115 1166 2180 ﬁnem,
1196 2115 1333 2166 sicut
1361 2114 1413 2166 in
1449 2113 1722 2183 pririlegio
1754 2121 1960 2166 constat
1992 2111 2129 2180 quod

552 2211 630 2253 est
670 2202 720 2253 in
748 2203 918 2268 capite
950 2201 1105 2269 hujus
1133 2201 1318 2255 libelli.

629 2291 759 2343 Data
797 2291 1000 2355 liottta',
1046 2292 1373 2346 duodecimo
1430 2290 1701 2346 Kalendas
1745 2289 1934 2357 Maias,
1985 2290 2129 2346 indi-

555 2385 731 2438 ctione
760 2383 1015 2437 secunda.

1041 2516 1378 2570 EPISTULA
1415 2517 1470 2584 ξΧ
1483 2517 1522 2569 Χ
1535 2517 1647 2570 XV.

554 2625 619 2661 AD
653 2624 1126 2670 “OTIIOMMAENSESI,
1155 2623 1524 2669 ’[ιίιοκιῑκςιῑλι,
1552 2623 1618 2660 [IT
1652 2621 2129 2675 SLNONENSEMMAR-

1147 2694 1210 2730 (ἸΙ
1222 2694 1537 2730 1111⁸18(ἶο1¹οἓ.

1148 2770 1328 2834 (Anno
1369 2769 1548 2835 tom.)

559 2862 623 2914 l't
656 2863 1042 2928 archiepiscopo
1093 2859 1428 2928 Lugdunensi
1475 2876 1629 2927 super
1673 2873 1758 2911 eos
1796 2874 1860 2910 ea?
1913 2858 2131 2926 antiqua

630 2931 848 2982 I’ulrum
886 2930 1201 2982 auctoritate
1226 2931 1442 2992 primati
1482 2947 1512 2980 a
1551 2946 1604 2981 se
1651 2929 1962 2992 ron/irnmto
2015 2929 2133 2980 obc-

623 3002 876 3053 u’ienlimn
909 3010 1173 3067 prwstent.
1211 2999 1482 3051 Rationem.
1515 3009 1563 3051 cl
1598 2999 1853 3068 originem
1903 2998 2132 3051 diverso-

658 3087 741 3122 mn
773 3072 824 3126 in
859 3069 1096 3122 Ecclesia
1124 3070 1382 3139 grmlnmn
1417 3068 1674 3120 declarat.

624 3183 930 3236 Uaroonu's
955 3182 1266 3250 episcopus,
1296 3197 1488 3235 servus
1533 3197 1815 3234 servorum
1873 3181 1986 3242 Dei,
2020 3179 2132 3234 fra-

555 3275 729 3326 tribus
758 3283 805 3325 et
837 3274 1178 3340 coepiscopis
1203 3272 1644 3341 ltotbomagcnsi,
1665 3270 1970 3326 Turoncnsi
1995 3270 2132 3342 [Tu-

555 3365 789 3428 tonensi,
856 3363 1251 3435 Biturieensi],
1308 3373 1361 3418 et
1413 3363 1737 3429 Senonensi,
1795 3365 2023 3417 salutem
2083 3374 2137 3416 et

556 3457 910 3526 apostolicam
951 3457 1405 3511 benedictionem.

630 3549 783 3600 Sicut
814 3548 966 3620 novit
994 3548 1308 3603 fraternitas
1341 3556 1555 3612 vestra,
1608 3548 1763 3600 sedes
1817 3545 2134 3614 apostolica,

555 3641 643 3694 cui
674 3631 796 3693 licet
834 3640 1060 3708 indigni,
1086 3639 1196 3694 Deo
1229 3651 1473 3704 auctore,
1524 3640 1897 3710 prmsideinus.
1956 3639 2137 3693 divina

556 3745 726 3804 gratia
755 3733 1072 3800 inspirante,
1102 3731 1307 3800 Spiritu
1334 3743 1521 3785 samto
1548 3733 1756 3790 educta,
1785 3749 1877 3798 per
1897 3731 2139 3785 diversas

560 3824 868 3893 provincias
897 3833 949 3876 et
974 3839 1136 3892 regna
1176 3823 1435 3892 praesules
1466 3823 1910 3890 archiepiscopus
1947 3832 1999 3874 et
2031 3824 2141 3890 pri-

556 3925 731 3970 mates
761 3915 1069 3980 ordinavit;
1120 3916 1279 3983 cujus
1320 3915 1708 3967 constitutitme
1740 3925 1791 3967 ct
1819 3916 2141 3969 auctoritate

559 4007 936 4075 Lugdunensis
969 4007 1211 4061 Ecclesia
1250 4009 1541 4076 primatum
1571 4023 1734 4075 super
1759 4017 1994 4077 quatuor
2011 4022 2140 4075 pro-

556 4099 783 4162 vincias,
798 4099 1046 4152 videlicet
1062 4097 1500 4167 Lugdu‘mmscin,
1520 4095 2144 4166 [totbomagensetn,Tu-

559 4207 844 4244 ronenscm
865 4199 917 4244 et
953 4189 1345 4253 Senoncnscm,
1378 4203 1470 4256 per
1497 4203 1765 4241 annorum
1789 4189 1946 4258 longa
1969 4190 2143 4242 curri-

558 4282 678 4335 cnla
692 4282 994 4335 obtinuisse
1007 4281 1376 4352 cOgnoscitur.
1397 4279 1722 4332 Sanctorum
1748 4278 2140 4349 igiturPatrum

557 4373 1020 4441 nos-,inquantum
1055 4372 1163 4424 Deo
1188 4370 1399 4424 favente
1431 4371 1962 4442 valemus,:exetnpla
1989 4370 2143 4439 sequi

557 4464 858 4531 cupientes,
885 4462 1141 4516 Ecclesim
1174 4470 1489 4515 memorata-
1513 4462 1826 4529 primatum,
1850 4477 2009 4531 quem
2043 4460 2144 4531 ipsi

559 4554 794 4608 decretis
833 4553 948 4606 suis
979 4554 1382 4607 constituerunt
1405 4561 1568 4621 atque
1595 4563 1896 4606 sanxerunt
1914 4595 1927 4618 ,
1951 4569 2142 4609 eorum

561 4647 683 4701 freti
721 4632 989 4714 potestate
1016 4643 1246 4696 subinde
1266 4645 1590 4697 eonlirinare
1612 4644 1911 4698 studemus.
1936 4644 2017 4698 Ad
2041 4644 2144 4699 ltoc

559 4737 705 4793 enim
735 4736 929 4789 divinae
978 4734 1404 4804 dispensationis
1441 4735 1682 4804 provisio
1731 4735 1929 4807 gradus
1973 4743 2027 4788 et
2069 4735 2147 4788 di-

561 4845 752 4883 versos
775 4827 1059 4881 constituit
1082 4828 1299 4882 ordines
1320 4842 1441 4882 esse
1479 4827 1784 4894 distinctos,
1819 4836 1878 4882 ut
1903 4828 2032 4882 dum
2062 4841 2145 4880 re-

561 4920 862 4986 verentiam
888 4919 1126 4978 minores
1155 4920 1458 4987 potioribus
1479 4919 1885 4984 exbiberent,et
1906 4920 2146 4988 potiores

563 5013 869 5066 minoribus
896 5011 1238 5065 dilectionem
1275 5013 1664 5080 impenderent,
1697 5027 1804 5064 una
1844 5011 2147 5065 concordiae

565 5107 802 5158 tieretex
837 5103 1152 5156 diversitate
1203 5103 1491 5166 connexio,
1549 5112 1602 5154 ct
1653 5113 1799 5156 recte
1847 5102 2146 5155 olliciorunt

568 5196 880 5262 gigneretur
920 5194 1321 5247 :nlniinistratio
1371 5194 1734 5262 singulorum.
1777 5193 1960 5262 Neque
2002 5193 2147 5247 enim

568 5284 893 5338 universitas
921 5285 1024 5336 alia
1063 5294 1273 5352 poterat
1305 5287 1510 5339 ratione
1550 5285 1878 5348 subsistere,
1909 5285 2012 5338 nisi
2047 5286 2149 5338 litt—

569 5376 800 5443 jusmodi
864 5391 1093 5446 magnus
1159 5392 1278 5430 eam
1338 5377 1652 5432 ditt‘ercntim
1707 5378 1841 5432 ordo
1889 5386 2146 5431 servaret.

570 5467 708 5531 Quia
741 5482 870 5520 vero
893 5479 1141 5523 creatura
1171 5469 1224 5522 in
1257 5486 1362 5526 una
1395 5469 1692 5537 cadentque
1713 5472 2023 5537 aequalitate
2053 5486 2151 5540 gu—

571 5558 786 5612 bernari
826 5559 908 5613 vel
940 5560 1119 5613 vivere
1152 5578 1256 5614 non
1281 5572 1476 5630 potest,
1502 5561 1806 5617 coslestium
1835 5562 2152 5614 militiarum

571 5651 848 5720 cxetnplar
880 5668 978 5706 nos
1015 5653 1233 5706 instruit
1262 5655 1387 5722 quia
1411 5655 1539 5708 dum
1571 5655 1680 5708 sint
1709 5654 1906 5724 angeli,
1937 5652 2046 5706 sint
2067 5670 2156 5706 ar-

572 5744 840 5812 changeli,
858 5743 1160 5815 liquctquia
1177 5763 1281 5800 non
1297 5746 1531 5814 :equales
1549 5756 1694 5809 sunt,
1711 5746 1800 5799 sed
1819 5746 1870 5798 in
1893 5753 2158 5813 potestate

574 5845 628 5887 ct
677 5836 888 5900 ordine,
935 5839 1075 5891 sicut
1117 5840 1310 5901 nostis,
1363 5837 1540 5914 tliiit‘ll
1576 5839 1710 5890 alter
1748 5839 1816 5891 ab
1868 5838 2055 5891 altero.
2101 5836 2155 5888 Si

585 5943 710 5996 sign
748 5931 884 5984 inter
905 5931 1004 5984 bos
1028 5932 1117 6002 qui
1149 5932 1263 5984 sine
1287 5942 1506 5998 peccato
1528 5941 1649 5984 sunt
1681 5930 1780 5981 ista
1807 5940 2014 5983 (iiiistat
2042 5945 2159 5982 esse

2167 1975 2266 2027 Ii"

2231 730 2581 799 dispositioni
2615 732 2968 787 sulnnittere?
3012 732 3148 788 lliuc
3176 734 3375 789 etenim
3406 751 3510 806 pax
3539 747 3593 791 et
3627 739 3818 793 chari-

2232 829 2315 876 tas
2364 832 2551 876 mutua
2597 840 2654 878 se
2688 824 2803 878 vice
2846 825 3298 895 complectuntur,
3327 837 3381 881 ct
3422 832 3816 905 mancortlrnza

2231 915 2522 968 concordia
2548 915 2600 969 in
2639 917 2806 976 altera
2831 915 2940 971 Deo
2963 917 3156 986 placita
3181 917 3466 974 dilectione
3497 923 3814 976 sinceritas.

2233 1003 2370 1070 Quia
2395 1006 2558 1075 igitur
2589 1009 3014 1078 unainqnodtpte
3043 1018 3173 1065 tunc
3194 1010 3484 1066 salubriter
3505 1014 3819 1083 completur

2234 1097 2489 1162 olliciiun,
2514 1115 2637 1153 cum
2677 1100 2839 1154 fuerit
2870 1087 3024 1156 unus
3063 1102 3130 1157 ad
3176 1117 3338 1172 quem
3388 1105 3560 1173 possit
3600 1108 3816 1160 rec-uri

2234 1190 2577 1259 prrepositus.
2607 1177 2905 1246 Provincim
2923 1201 3102 1247 autem
3136 1195 3308 1249 multo
3333 1203 3459 1249 ante
3481 1193 3690 1252 Christi
3722 1198 3821 1252 ad-

2236 1292 2452 1336 ventum
2488 1294 2748 1354 tempore,
2774 1286 2962 1340 divisa:
3001 1295 3130 1342 sunt
3165 1287 3400 1342 maxima
3437 1304 3505 1342 ex
3549 1300 3730 1359 parte,
3765 1297 3822 1344 et

2235 1384 2420 1442 postea
2451 1376 2519 1430 ab
2549 1378 2812 1446 apostolis
2835 1387 2887 1431 et
2926 1379 3085 1432 beato
3113 1379 3390 1434 Clemente
3414 1382 3822 1451 praedecessore

2237 1476 2424 1521 nostro
2454 1468 2572 1537 ipsa
2606 1466 2801 1532 divisib
2837 1478 2921 1523 est
2965 1481 3243 1538 renovata,
3276 1480 3330 1525 ct
3369 1472 3424 1524 in
3459 1473 3637 1540 capite
3683 1488 3819 1542 pro-

2235 1564 2564 1624 vim-iurum,
2593 1562 2680 1615 ubi
2717 1561 2918 1616 dudum
2951 1563 3211 1632 primates
3233 1563 3369 1634 legis
3395 1574 3552 1618 erant
3599 1564 3818 1628 szeculi,

2237 1671 2298 1709 ac
2329 1653 2818 1726 li:'iiii:tjtialici:ii'ia
2847 1662 3106 1723 potestas,
3131 1655 3199 1710 ad
3223 1670 3366 1724 quos
3384 1654 3483 1732 qui
3538 1671 3636 1725 per
3685 1655 3820 1710 reii-

2236 1764 2373 1817 quas
2395 1747 2643 1821 civitates
2665 1747 3168 1814 connnoralnmtur,
3192 1747 3412 1817 quando
3457 1747 3538 1802 eis
3587 1762 3823 1801 necesse

2235 1847 2372 1903 crat,
2396 1841 2490 1910 qui
2516 1839 2584 1894 ad
2615 1839 2794 1892 auiam
2833 1839 3223 1906 imperatorum
3256 1831 3359 1893 vel
3387 1854 3573 1910 regum
3623 1838 3822 1894 confu-

2238 1950 2362 2002 gere
2386 1949 2494 1988 non
2518 1941 2790 2002 poterant,
2815 1931 2898 1985 vel
2921 1932 3123 2002 quibus
3159 1932 3486 2001 permissum
3517 1949 3624 1986 non
3674 1941 3822 1995 erat,

2233 2024 2618 2096 confugiebant
2639 2039 2737 2093 pro
2777 2023 3226 2093 oppressionibus
3248 2023 3332 2078 vel
3359 2023 3663 2092 injustitiis’
3679 2024 3822 2088 suis,

2236 2117 2490 2187 ipsosque
2527 2116 2888 2186 appellabant,
2923 2117 3139 2185 quoties
3192 2130 3332 2185 opus
3376 2123 3514 2181 erat,
3563 2116 3714 2171 sicut
3768 2116 3824 2169 in

2235 2210 2349 2282 lege
2376 2226 2568 2265 eorum
2594 2217 2920 2278 prteccptum
2948 2217 3084 2262 erat.
3131 2206 3266 2277 Ipsis
3309 2223 3528 2278 quoque
3571 2209 3824 2262 civitati-

2234 2303 2356 2367 bus,
2388 2303 2473 2356 vel
2499 2301 2632 2359 locis
2658 2299 3424 2368 celebrioribus,patriarchas
3446 2299 3529 2354 vel
3553 2301 3825 2369 primates

2233 2395 2328 2464 qui
2354 2411 2517 2449 unam
2549 2392 2781 2448 formam
2819 2402 3021 2458 tenent,
3049 2393 3174 2447 licet
3202 2392 3416 2446 diversa
3439 2391 3548 2446 sint
3569 2392 3822 2458 nomina,

2235 2489 2378 2558 leges
2402 2487 2598 2542 divina:
2636 2496 2689 2541 ct
2717 2484 3102 2545 ecclesiasticae
3129 2484 3254 2554 poni
3281 2491 3336 2538 et
3360 2497 3482 2538 esse
3506 2483 3823 2552 jusserunt,

2233 2581 2298 2634 asl
2329 2597 2467 2650 quos
2490 2578 2763 2648 episcopi,
2821 2578 2866 2631 si
2930 2591 3153 2630 necesse
3197 2574 3380 2640 fuerit,
3425 2572 3822 2644 confugerent,

2233 2651 2810 2740 eosqueappellarent,
2841 2675 2901 2720 ut
2931 2667 3031 2735 ipsi
3068 2667 3286 2720 nomine
3331 2652 3627 2734 primatum
3673 2665 3824 2720 frue-

2235 2769 2446 2824 rentur,
2495 2769 2550 2813 ct
2599 2775 2706 2813 non
2749 2757 2858 2814 alii.
2920 2757 3159 2835 Reliqua:
3209 2772 3337 2810 vero
3386 2759 3822 2827 metropolitana:

2236 2855 2506 2924 iivitatcs,
2532 2869 2654 2922 qua:
2685 2851 2924 2906 minores
2949 2850 3162 2919 judiees
3207 2840 3498 2914 babeiant,
3531 2849 3660 2904 licet
3704 2866 3824 2905 ma-

2229 2946 2411 3015 jorum
2436 2946 2696 2999 comitum
2720 2942 2922 3006 essent,
2954 2942 3211 2996 baberent
3237 2950 3417 2995 tamen
3441 2942 3821 3010 metropolita-

2235 3054 2336 3090 nos
2357 3054 2509 3103 suos,
2540 3037 2634 3106 qui
2656 3034 2928 3106 prcedictis
2954 3034 3104 3102 justc
3144 3033 3428 3087 obedirent
3467 3030 3817 3103 primatibus,

2236 3130 2377 3184 sicut
2402 3138 2455 3183 et
2479 3129 2530 3182 in
2555 3129 2766 3199 legibus
2797 3127 2982 3180 szeculi
3013 3126 3142 3180 olim
3191 3124 3505 3179 ordinatum
3549 3134 3691 3190 erat,
3726 3124 3821 3194 qui

2238 3235 2343 3272 non
2377 3221 2690 3288 primatum,
2719 3218 2810 3271 sed
2838 3228 2932 3271 aut
2961 3217 3507 3286 metropolitanorum
3543 3217 3818 3286 arcbiepi~

2161 3303 2203 3360 C
2238 3326 2527 3380 scoparum
2572 3310 2790 3365 nomine
2819 3308 3147 3364 fruerentur.
3179 3308 3246 3362 Et
3276 3309 3399 3363 licet
3428 3309 3660 3380 singula:
3703 3325 3818 3364 me-

2238 3404 2475 3473 tropoles
2520 3405 2770 3461 civitates
2805 3419 2934 3457 snas
2979 3402 3289 3472 provincias
3333 3401 3665 3466 babeant,et
3692 3417 3823 3456 suos
3875 3464 3877 3467 I

2239 3497 2686 3566 metropolitanos
2749 3495 2950 3548 habere
3003 3495 3237 3549 debeant
3294 3493 3620 3562 episcopos,
3679 3493 3822 3546 sicut

2239 3589 2393 3657 prius
2445 3587 2895 3656 inetropolitanos
2955 3585 3169 3654 jndices
3229 3585 3467 3639 habeant
3509 3584 3818 3649 saeculares,

2238 3681 2499 3752 primates
2539 3690 2749 3743 tamen,
2781 3685 2869 3734 ut.
2900 3677 3182 3748 praefixum
3231 3685 3335 3742 est,
3391 3685 3522 3731 tunc
3575 3685 3630 3732 et
3677 3690 3822 3731 nunc

2242 3776 2442 3828 habere
2462 3773 2629 3844 jussze
2656 3779 2803 3837 sunt,
2835 3770 2901 3824 ad
2931 3785 3070 3839 quos
3095 3777 3216 3839 post
3241 3768 3423 3824 sedem
3467 3767 3821 3838 apostolicam

2242 3884 2458 3922 summa
2485 3865 2698 3936 negotia
2721 3863 3064 3927 conveniant,
3080 3871 3138 3916 ut
3155 3861 3350 3917 ibidem
3365 3861 3565 3931 quibus
3581 3875 3820 3925 necesse,

2242 3963 2520 4016 elevcntur
2547 3970 2600 4014 et
2637 3961 2784 4030 justc
2813 3956 3192 4020 restituantur,
3217 3965 3271 4010 et
3297 3956 3350 4008 hi
3375 3956 3471 4024 qui
3502 3955 3702 4024 injuste
3724 3970 3822 4022 op-

2243 4055 2556 4126 primuntur
2600 4051 2746 4120 justc
2807 4047 3215 4113 reformentur,
3267 4053 3434 4114 atque
3493 4043 3819 4108 fulciantur,

2243 4148 2733 4217 episeoporumque
2763 4155 2942 4196 causa:
2988 4148 3040 4194 et
3089 4152 3433 4208 summorum
3485 4145 3821 4207 negotiorum

2240 4240 2469 4309 judicia,
2501 4237 2648 4290 salva
2677 4232 2989 4304 apostolicae
3036 4231 3181 4285 sedis
3238 4229 3584 4293 auctoritate,
3624 4229 3822 4297 justis-

2248 4330 2383 4385 sime
2421 4327 2796 4382 terminentur.
2827 4323 3171 4392 Quapropter
3205 4320 3504 4392 apostolica
3541 4319 3692 4373 vobis
3729 4336 3823 4373 au-

2248 4423 2498 4479 ctoritate
2547 4416 2897 4488 praecipimus
2959 4422 3020 4469 ut
3076 4427 3217 4482 ξιξερο
3261 4411 3420 4467 dicta:
3476 4409 3822 4480 Lngduncnsi

2247 4512 2504 4569 Ecclesire
2527 4512 2790 4564 honorem
2831 4514 2886 4560 et
2916 4503 3275 4558 reverentiam
3310 4517 3343 4555 a
3373 4501 3674 4572 majoribus
3723 4515 3821 4554 no—

2251 4608 2378 4663 stris
2405 4605 2470 4659 de
2497 4601 2755 4658 Eeclesiis
2786 4596 2988 4653 vestris
3025 4594 3304 4666 praefixum
3331 4591 3408 4646 ita
3442 4607 3541 4646 vos
3572 4592 3824 4646 exhibere

2177 4679 2221 4734 θ
2250 4697 2530 4754 humiliter
2555 4702 2607 4747 et
2626 4693 2816 4746 devote
2841 4686 3172 4759 procuretis,
3189 4681 3647 4755 quemadmodum
3669 4680 3822 4736 vobis

2250 4809 2279 4847 a
2318 4785 2677 4859 sull'raganeis
2705 4783 2904 4838 vestris
2941 4779 3092 4835 reddi
3147 4777 3344 4832 debere
3391 4791 3504 4829 non
3545 4773 3818 4830 dubitatis.

2250 4883 2606 4953 Omnipotens
2631 4887 2687 4933 et
2727 4874 3044 4949 misericors
3094 4867 3237 4928 Deus
3283 4866 3436 4938 pacis
3474 4865 3820 4938 iustitiaeque,

2253 4991 2482 5032 serenus
2515 4973 2790 5041 inspector
2823 4964 2974 5021 cordi
3003 4973 3186 5016 vestro
3225 4961 3519 5018 clementer
3560 4959 3823 5028 inspirare

2252 5069 2520 5138 dignetur,
2546 5072 2604 5119 ut
2632 5077 2726 5132 per
2754 5061 2896 5114 viam
2919 5054 3192 5125 aequitatis
3213 5052 3620 5123 eoneordiavqne
3640 5050 3822 5104 firmos

2253 5162 2452 5234 gradus
2489 5161 2620 5215 mibi
2657 5159 2711 5212 in
2741 5159 2844 5212 boc
2872 5154 3071 5211 saieulo
3097 5152 3316 5208 tendere
3347 5151 3526 5204 taliter
3568 5146 3822 5204 studeatis

2254 5264 2524 5328 quatenus
2578 5269 2676 5324 pro
2719 5248 3109 5319 temporalibus
3155 5254 3358 5300 {eterna
3421 5239 3710 5310 sumpturi,
3758 5240 3823 5294 ad

2255 5347 2493 5404 caelestis
2522 5344 2823 5399 Jerusalem
2853 5342 2988 5395 lines
3021 5335 3340 5394 mereamini
3365 5334 3658 5404 pervenire.

2330 5441 2461 5505 Data
2489 5438 2689 5505 Romae,
2720 5435 3040 5492 duodecimo
3063 5430 3163 5502 [χιι
3191 5426 3341 5500 Kal.]
3370 5425 3516 5493 Maii,
3540 5424 3826 5480 indictione

2259 5533 2515 5592 secunda.

2732 5635 3069 5695 EPISTOIA
3106 5631 3344 5688 XXXVI.

2642 5749 2705 5788 AD
2743 5744 3028 5803 CANONICOS
3070 5739 3456 5783 ιιῖωυειιίδεεε.

2837 5826 3017 5891 (Anno
3075 5819 3259 5893 ~l079.]

2267 5925 2519 5981 lumini:
2548 5934 2624 5986 ut,
2662 5921 2795 5976 sicut
2819 5933 2993 5972 ceritm
3021 5914 3244 5972 circuitus
3270 5909 3514 5982 beneﬁcia
3553 5907 3667 5962 tim
3709 5919 3822 5962 cane
