3952 6392
135 502 209 555 5H

1123 457 1325 551 Lmen
1365 489 1655 578 sertos.
1696 489 2017 559 —._t;rtsr.
2059 491 2346 548 xxxvnt.

3257 489 3363 543 ΜΞ

190 626 329 691 sensu
357 609 585 691 fratrum
607 606 872 691 acquisita
894 607 1287 662 renuntiaverat
1329 608 1396 687 ire
1421 608 1532 689 suis
1565 622 1679 659 nm-
1707 607 1752 664 A
1779 605 2033 674 lexintus,
2067 616 2122 662 et
2154 607 2418 661 honorem
2449 611 2602 658 tuuttt
2639 613 2750 657 tant
2786 603 2838 657 in
2875 603 3126 672 prrcseati
3160 607 3361 658 circulo

190 678 452 744 nibus,'sic
486 680 540 732 hi
581 678 794 749 quiret
840 690 1026 732 contra
1063 679 1677 749 excommunicationem,

189 749 258 806 rel
293 751 456 819 pretio
504 746 754 817 beneﬁcia
796 749 1130 804 obtinuerant
1192 749 1250 805 in
1304 749 1543 803 manibus
1597 746 1681 800 sui

191 821 557 891 archiepiscopi
581 819 898 874 renuntient.

192 913 484 969 (iaceamus
512 913 826 983 episcopus,
849 920 1042 967 servus
1067 926 1346 966 servorum
1370 907 1496 974 Dei,
1519 923 1682 980 cano:

135 1006 254 1062 uicis
287 1005 666 1077 Lugdunensis
707 1003 961 1061 Ecclesia:
989 1005 1222 1059 salutem
1247 1013 1299 1057 et
1330 1002 1684 1071 apostolicam

137 1097 567 1154 benedictionem.
773 1143 790 1180 ι

194 1190 408 1258 Quidam
436 1200 704 1255 vestrum,
730 1187 799 1244 ad
833 1202 933 1243 nos
959 1201 1082 1242 cum
1125 1183 1535 1254 archiepiscopo
1585 1197 1688 1237 suo

137 1294 410 1349 venientes,
449 1291 737 1352 postquam
774 1280 841 1336 de
898 1279 1154 1335 Ecclesia:
1192 1283 1388 1333 vestrae
1434 1283 1579 1332 Statu
1635 1285 1690 1330 et

137 1375 341 1430 utilitate
369 1389 469 1430 nos
496 1373 930 1439 consuluerunt,
961 1371 1079 1427 sine
1129 1368 1426 1440 apostolica
1466 1365 1690 1424 benedi—

137 1467 293 1522 ctione
311 1474 670 1522 recesserunt.
696 1464 851 1532 Quod
870 1463 1088 1534 quidem
1114 1462 1235 1518 licet
1257 1460 1452 1516 merito
1474 1459 1692 1529 lndigne

137 1558 413 1624 tulerimus,
444 1566 625 1613 tamen
656 1556 954 1627 apostolica
982 1553 1406 1608 mansuetudine
1433 1551 1692 1608 dissimu-

138 1650 312 1717 lamus,
342 1659 394 1704 et
437 1649 571 1705 dum
617 1647 869 1718 cupimus
929 1646 1091 1702 sahtti
1143 1654 1337 1700 vestrae
1383 1643 1691 1708 consulere,

139 1740 332 1796 illorum
369 1754 629 1795 excessus
656 1737 962 1794 omittimus
997 1734 1230 1805 insequi.
1286 1733 1362 1789 De
1414 1731 1528 1790 lilio
1563 1746 1694 1787 vero

139 1843 306 1889 nostro
334 1842 634 1902 vestrteqne
668 1832 875 1889 decano
919 1828 1180 1884 Ecclesia:
1439 1826 1695 1882 notilica-

141 1941 245 1981 mus
268 1925 534 1981 dilectioni
573 1923 928 1993 vesti-atqnod
958 1921 1298 1992 prudentiae
1328 1919 1533 1974 salubri
1563 1934 1696 1974 con-
1728 1943 1772 1998 Β

141 2017 246 2074 silio
277 2018 468 2075 ductus
492 2016 846 2072 ‘obedicntias
879 2013 1154 2079 ecclesiae,
1181 2022 1483 2082 caeteraqne
1526 2011 1694 2066 bene-

142 2109 270 2178 ﬁcia,
291 2127 409 2183 qua:
443 2111 565 2166 sine
596 2109 874 2165 cetnmuni
900 2121 1172 2163 consensu
1224 2103 1458 2160 fratrum
1509 2103 1697 2174 acqui-

142 2203 312 2272 siet-at,
343 2205 397 2260 in
430 2217 630 2260 manus
675 2211 894 2258 nostras
935 2207 1130 2269 sponte
1170 2197 1502 2256 renuntiavit
1549 2205 1606 2251 et
1638 2209 1699 2251 se

142 2295 350 2352 ulterius
380 2311 488 2352 non
513 2294 961 2350 intrentissurum
995 2290 1266 2362 promisit.
1303 2289 1382 2345 Ad
1410 2288 1568 2359 cujus
1593 2285 1700 2341 for-

141 2401 266 2440 mam
289 2395 393 2441 tam
417 2387 506 2442 his
528 2385 623 2456 qui
656 2383 843 2440 furtim
867 2399 924 2439 se
946 2375 1323 2438 subduxerunt
1343 2396 1506 2451 quam
1535 2379 1696 2434 etiam

142 2478 426 2544 abbatibus,
453 2479 539 2533 vel
570 2477 946 2547 cujuscunque
973 2473 1241 2538 clericalis
1280 2472 1490 2530 ordinis
1519 2469 1700 2526 omni-

142 2569 234 2624 bus
267 2569 520 2625 Ecclesiae
571 2577 796 2634 vestrm;
857 2565 1175 2641 quicunque
1217 2563 1573 2628 obcdientias,
1616 2563 1701 2617 vel

139 2658 373 2716 Ecclesia:
399 2658 836 2729 dispensationes
871 2655 1030 2725 pretii
1087 2652 1359 2722 pactione,
1389 2652 1475 2706 vel
1513 2661 1701 2708 contra

141 2747 743 2803 cxcommunicationem
789 2741 1077 2808 Landerici
1123 2739 1539 2795 Matisconensis
1588 2739 1702 2809 epi-

141 2840 300 2908 sc0pi,
331 2854 492 2910 quam
523 2837 578 2892 in
609 2835 850 2906 capitulo
891 2843 1075 2889 vestro
1131 2830 1279 2899 fecit,
1331 2829 1508 2901 adepti
1552 2838 1700 2896 sunt,

142 2929 423 3000 apostolica
455 2928 782 2989 auctoritate
804 2924 1172 2997 prtecipimus,
1195 2933 1256 2977 ut
1285 2923 1339 2977 in
1375 2938 1571 2991 manus
1595 2919 1704 2976 fra~

143 3021 234 3083 tris
267 3021 435 3077 nostri
463 3019 693 3075 Gchuini
717 3016 1110 3086 archiepiscopi
1139 3015 1299 3069 vestri
1331 3012 1568 3069 refutare
1590 3011 1706 3066 sine

141 3111 383 3168 dilatione
406 3119 720 3182 procurent.
748 3108 1013 3163 Volumus
1040 3106 1309 3176 siquidem
1351 3113 1411 3168 ut
1451 3103 1702 3182 nobilita-

143 3215 262 3273 tem,
289 3221 394 3276 qua
430 3205 570 3264 inter
604 3217 795 3256 omnes
845 3199 1154 3255 Gallicanas
1211 3195 1481 3260 Ecclesias
1528 3175 1717 3251 vestra,

145 3273 416 3366 hucusque
464 3291 800 3364 resplenduit
847 3290 904 3344 in
955 3287 1236 3359 religionis
1266 3287 1532 3356 exemplo,
1564 3301 1712 3344 nunc
1735 3273 1779 3332 C

145 3401 350 3456 quoque
392 3385 679 3455 vigilanter
733 3378 1023 3446 custodiat,
1066 3387 1121 3432 et
1155 3387 1216 3440 ut
1268 3376 1493 3446 gloriam
1535 3374 1727 3454 quam

145 3476 399 3537 hactenus
431 3489 545 3545 pra:
568 3471 780 3527 caeteris
806 3469 914 3524 illis
937 3467 1128 3523 habuit
1164 3467 1219 3520 itt
1250 3465 1533 3535 dignitate,
1562 3449 1712 3520 nunc

146 3582 333 3638 augere
361 3564 584 3635 incipiat
614 3564 671 3618 in
703 3561 876 3619 fornta
911 3559 1209 3632 religionis.
1258 3556 1482 3614 Noverit
1528 3566 1710 3612 autem

145 3657 351 3714 dilectio
373 3667 552 3712 vestra
575 3653 860 3725 quoniam,
883 3652 930 3707 si
967 3650 1172 3717 nostris
1198 3649 1508 3704 salubribus
1543 3648 1714 3718 jussis

119 3751 571 3820 obtemperantes
629 3747 894 3808 hactenus
953 3742 1093 3798 male
1147 3741 1332 3795 habita
1392 3739 1715 3796 censueritis

143 3840 281 3913 juste
315 3841 604 3903 dimittere,
635 3837 708 3893 ita
741 3835 894 3902 vobis
935 3833 1340 3904 providebimus
1383 3831 1437 3885 in
1487 3839 1716 3901 utroque

147 3940 203 3987 ut
223 3932 688 4004 ettentporalibus
725 3925 1026 3982 comtttodis
1072 3941 1180 3979 non
1225 3923 1617 3988 destituamini,
1664 3931 1719 3976 et

145 4025 344 4079 erroris
369 4023 582 4077 veniant
612 4023 680 4076 de
713 4021 895 4086 divina
934 4016 1306 4072 misericordia
1331 4016 1590 4084 consequi
1621 4030 1715 4068 va-

145 4112 316 4177 leatis.
340 4112 494 4178 Quod
521 4111 569 4166 si
592 4110 717 4179 quis
749 4118 936 4164 contra
965 4108 1196 4160 salutent
1233 4107 1506 4174 propriam
1535 4107 1718 4160 animo

147 4202 414 4266 indurato,
446 4209 739 4270 postquam
777 4197 844 4251 ad
895 4196 1140 4252 notitiam
1191 4195 1312 4264 ejus
1369 4197 1486 4250 haec
1532 4204 1719 4258 nostra

144 4301 405 4369 praecepta
435 4288 815 4361 pervenerint,
844 4287 985 4345 ultra
1015 4284 1205 4356 viginti
1243 4284 1361 4339 dies
1391 4286 1472 4339 eis
1528 4286 1720 4340 inobo-

146 4384 300 4471 ὥριζε
323 4382 502 4449 fuerit,
530 4381 607 4435 illi
629 4379 874 4433 omnium
904 4375 1260 4431 ecclesiarum
1289 4376 1596 4446 ingressum
1618 4417 1632 4442 ,
1667 4385 1722 4431 et

148 4466 386 4549 corporis
408 4485 462 4529 ct
487 4472 768 4543 sanguinis
794 4469 1007 4523 Domini
1038 4466 1495 4534 communionem,
1513 4483 1720 4538 quous—

149 4585 250 4640 que
281 4568 585 4638 resipiscat,
610 4562 904 4634 apostolica
947 4560 1326 4616 interdicimus
1376 4561 1714 4615 auctoritate.

213 4659 346 4713 Data
370 4657 578 4724 Romae,
606 4654 928 4711 duodecimo
949 4651 1217 4707 Kalendas
1248 4651 1395 4718 Maii,
1421 4652 1719 4707 indictione

151 4749 403 4804 secunda.

601 4854 938 4910 EPISTOLA
998 4854 1263 4909 XXXVII.

427 4965 497 5004 AD
526 4962 799 5010 JORDANUH
828 4962 1110 5001 PBINCIPEH
1141 4961 1437 5000 CAPUANUI.

732 5037 934 5109 (Am-to]
959 5036 1141 5103 1079.)

150 5135 337 5204 Arguit
369 5133 511 5204 quod
558 5129 893 5204 beato_Petro
941 5128 1098 5198 ﬁdem
1154 5143 1256 5204 non
1292 5131 1594 5204 servaverit,
1625 5127 1756 5184 no-‘

222 5199 426 5258 imm
455 5218 612 5257 suam
644 5202 832 5255 nubere
867 5207 1110 5268 coegerit,
1145 5199 1442 5267 episcopum
1485 5200 1554 5251 ad
1593 5218 1724 5267 apo--

220 5273 479 5326 stolarum
509 5274 694 5326 limina
720 5273 1001 5326 venientem
1026 5268 1351 5337 spoliauerit,
1374 5277 1422 5320 et
1453 5269 1726 5322 ecclesiam

224 5339 408 5411 Sancti
434 5341 706 5394 Benedicti
740 5336 1068 5411 deprazdatus
1107 5339 1196 5392 sit.
1229 5336 1401 5390 Monet
1435 5347 1493 5390 ut
1528 5339 1609 5390 his
1637 5340 1728 5391 de-

221 5409 363 5463 lictis
386 5411 715 5478 satisfaciat.

224 5517 540 5574 Gneconws
571 5521 880 5590 episcopus,
905 5524 1098 5577 servus
1133 5507 1567 5582 servorum-Dei,
1597 5515 1727 5570 Jon-

155 5621 290 5662 mse
311 5605 462 5677 (598)
486 5605 748 5674 Capuano
772 5609 1020 5679 principi.

227 5697 380 5752 Sicut
403 5696 658 5752 nonnulli
681 5709 968 5766 noverunt,
991 5701 1121 5755 olim
1146 5712 1198 5757 te
1219 5716 1319 5755 nos
1343 5697 1633 5754 admodum
1657 5697 1734 5750 di-

1781 699 2050 769 adaugere
2081 715 2245 769 quam
2286 698 2339 751 in
2365 695 2551 751 futuro
2579 712 2796 749 servare
2826 695 3141 762 studuimus
3179 696 3364 750 hacte-

1786 808 1908 846 nus.
1937 790 2383 846 Existimavimus
2419 790 2567 844 enim
2598 799 2669 854 te,
2697 797 2756 844 ut
2793 787 3029 857 nobilem
3057 788 3272 841 deceret
3303 789 3365 840 li-

1784 883 1941 948 lintn,
1972 879 2132 936 fidem
2158 884 2314 936 beato
2347 881 2505 934 I’etro
2526 891 2892 944 servaturum,
2911 890 2966 933 et
2998 881 3164 933 decus
3193 880 3367 948 ipsius

1786 973 1840 1029 in
1865 975 2078 1052 cunctis
2104 990 2203 1044 pro
2226 973 2435 1028 viribus
2458 973 2567 1026 tuis
2590 972 2970 1026 adaucturtnn.
2988 970 3185 1024 Verum
3211 973 3364 1038 longe

1786 1082 1886 1120 nos
1914 1064 2102 1120 fefellit
2121 1065 2326 1135 opinio,
2350 1074 2403 1118 et
2433 1065 2525 1134 qui
2553 1063 2618 1118 de
2643 1072 2694 1117 te
2721 1065 2856 1117 nihil
2884 1063 2986 1116 tale
3017 1063 3221 1131 pridem
3253 1063 3368 1133 qni-

1787 1158 1966 1212 vitnns
1996 1159 2237 1218 credere,
2271 1173 2415 1210 nunc
2444 1147 2776 1210 advertimus
2804 1156 2871 1208 de
2897 1156 2996 1208 hac
3027 1156 3366 1223 perﬁdia-tua

1789 1249 1990 1303 multos
2017 1265 2123 1303 non
2151 1247 2322 1303 fuisse
2353 1249 2624 1304 mentitos.
2667 1247 2805 1300 I-Zeee
2831 1246 2976 1299 enim
3032 1246 3237 1300 dudum
3269 1263 3367 1299 tto-

1790 1356 2006 1395 vercam
2039 1348 2264 1396 tuamet
2303 1341 2580 1395 dontinam
2617 1338 2930 1407 contra'jns
2966 1347 3018 1392 et
3056 1336 3139 1391 fas
3189 1338 3252 1391 de
3281 1354 3370 1392 ce-

1791 1433 1956 1489 clesia
1999 1433 2239 1487 trahere
2288 1433 2514 1486 invitam
2567 1440 2620 1484 et
2681 1430 3088 1490 reclantzmtem,
3143 1444 3373 1497 eanttjne

1793 1525 1999 1579 nubere
2027 1524 2296 1578 nolentem
2327 1522 2530 1590 nuptiis
2555 1522 2768 1576 tradere
2797 1521 3191 1584 violentissime
3232 1536 3370 1588 prze-

1794 1616 2100 1685 sumpsisti.
2130 1615 2459 1685 Episcopum
2488 1613 2552 1666 ad
2608 1613 2978 1682 apostolorum
3036 1603 3221 1665 limina
3280 1628 3371 1665 vc-

1795 1708 2035 1762 nicntcm
2064 1723 2236 1776 nuper
2259 1722 2426 1762 ausus
2454 1722 2514 1759 es
2553 1705 2832 1774 impedire,
2873 1713 2926 1756 et
2953 1703 3098 1771 quod
3149 1700 3372 1767 ferebat,

1796 1814 1948 1854 more
1999 1799 2351 1868 pnedonum,
2413 1796 2648 1851 auferte.
2712 1794 3017 1849 Novissime
3090 1793 3375 1848 ecclesiam

1799 1889 1947 1944 Beati
1983 1888 2260 1944 Benedicti
2301 1889 2568 1957 sacrilego
2613 1903 2751 1941 ausu
2802 1886 3025 1950 intrare,
3057 1885 3376 1954 depraedari,

1796 1991 1852 2036 et
1887 1980 2091 2036 violare
2125 1996 2234 2035 non
2277 1975 2546 2045 timuisti,
2573 1989 2628 2032 et
2668 1978 2762 2048 qui
2819 1978 2959 2032 bona
3004 1977 3377 2041 ecclesiarum,

1798 2073 2055 2144 quoniam
2080 2071 2192 2126 fere
2218 2081 2417 2125 cuncta
2446 2052 2569 2140 quae
2593 2079 2748 2124 lenes
2777 2084 2968 2122 earum
3009 2077 3156 2132 sunt,
3195 2066 3381 2120 defen-

1797 2166 1924 2242 dere
1947 2164 2233 2229 debueras,
2267 2173 2324 2218 ttt
2363 2163 2650 2232 potissimc
2682 2169 2978 2217 temerator
3025 2159 3264 2227 ipsarum
3327 2167 3383 2216 et

1798 2256 2090 2314 dilianator
2114 2255 2326 2310 existis.
2366 2256 2727 2324 Quapropter,
2757 2269 2822 2306 ex
2877 2261 3028 2322 parte
3069 2251 3208 2304 beati
3237 2249 3382 2303 Petri

1799 2363 2087 2403 monemus
2109 2355 2180 2412 te,
2206 2355 2266 2401 ut
2287 2346 2333 2401 si
2359 2347 2530 2416 ipsius
2558 2347 2718 2410 iram,
2744 2354 2799 2399 et
2825 2345 2964 2398 beati
2992 2342 3264 2396 Benedicti
3303 2343 3382 2395 itt—

1798 2437 2168 2510 dignationem
2220 2454 2327 2494 non
2361 2438 2442 2492 vis
2472 2439 2780 2501 incurrere,
2808 2451 2974 2504 super
3011 2434 3096 2488 his
3130 2434 3385 2488 omnibus

1803 2531 1960 2585 nobis
1998 2529 2270 2599 justitiam
2325 2527 2512 2583 facias.
2554 2525 2709 2593 Quod
2753 2526 2798 2582 si
2859 2524 3283 2593 contempseris,
3317 2521 3384 2576 ad

1804 2621 2095 2676 Dominum
2127 2615 2552 2690 omnipotentem
2579 2634 2680 2673 nos
2709 2617 3160 2680 reclamahimus;
3201 2615 3267 2670 de
3289 2629 3386 2667 cu-

1798 2714 1890 2784 jus
1932 2713 2308 2768 misericordia
2340 2711 2668 2767 eonlidimus
2713 2709 2857 2780 quod
2884 2708 3035 2763 dabit
3067 2706 3222 2761 nobis
3255 2722 3386 2760 con-

1805 2805 1988 2862 silium
2015 2805 2147 2876 quid
2189 2805 2243 2859 itt
2273 2814 2480 2860 tentant
2505 2803 2871 2874 arrogantiam
2899 2811 2953 2855 et
2981 2798 3388 2855 immoderatam

1806 2897 2116 2968 superbiant
2147 2906 2298 2950 tuam
2331 2895 2511 2950 facere
2531 2895 2849 2950 debeamus.

1877 2985 2082 3054 Romte,
2130 2987 2420 3041 undecimo
2469 2985 2740 3040 Kalendas
2763 2985 2909 3048 Maii,
2962 2983 3255 3039 indictione
3303 2997 3382 3036 se-

1809 3078 2006 3135 cunda.

2269 3186 2608 3242 EPISTOLA
2647 3184 2932 3246 XXXVIII.

2027 3299 2095 3338 AD
2123 3297 2390 3340 “ENBICU!
2441 3296 2729 3336 EPISCOI‘Il-Il
2773 3290 3177 3342 AQCILEIESSEM.

2410 3371 2590 3442 (Anno
2616 3370 2798 3439 1079.)

1817 3462 1979 3517 Usum
2005 3462 2182 3533 pallii,
2218 3473 2412 3531 printer
2449 3461 2596 3533 alias
2629 3459 2986 3533 soletnnita'tes
3016 3459 3087 3533 Ain
3127 3457 3396 3533 _]_n't'rt't:t°le—_

1883 3535 1968 3603 gio
2000 3528 2293 3596 contentas,
2330 3533 2385 3584 in
2423 3531 2630 3603 duabus
2693 3529 2816 3582 aliis
2854 3529 3256 3603 festiritutilms,
3289 3528 3394 3603 ipsi

1887 3598 2116 3682 tantum,
2150 3618 2251 3654 non
2319 3599 2739 3665 successoribus,
2767 3599 3002 3652 concedit
3046 3614 3139 3667 pro
3198 3598 3396 3650 meritis

1883 3689 2018 3742 ejus.

1887 3784 2197 3840 Gnceentcs
2226 3783 2536 3854 episcopus,
2575 3799 2767 3839 servus
2799 3798 3081 3838 servorum
3111 3779 3229 3845 Dei,
3258 3757 3398 3844 III-iv-

1816 3893 1937 3933 ntco
1959 3877 2285 3931 charissimo
2310 3877 2360 3929 in
2383 3876 2603 3930 Christo
2629 3875 2784 3929 fratri
2809 3883 2862 3928 et
2888 3873 3208 3942 coepiscopo
3232 3873 3401 3942 Aqui-

1817 3970 2006 4023 Ieiensi
2036 3970 2266 4023 salutem
2297 3977 2349 4021 et
2386 3968 2736 4037 apostolicam
2768 3966 3220 4020 benedictionem.

1891 4061 2022 4117 Tute
2053 4061 2270 4118 dilectio
2315 4059 2677 4114 fraternitatis
2704 4075 2800 4128 per
2824 4059 3060 4130 legatum
3104 4071 3262 4109 sttum
3297 4055 3401 4108 hu-

1821 4154 2024 4211 militer
2047 4154 2293 4208 exoravit
2326 4162 2596 4221 quatenus
2641 4151 2767 4215 sibi,
2797 4159 2992 4218 praeter
3032 4162 3125 4200 cas
3169 4144 3400 4221 solenni-

1821 4253 1964 4300 tates
1988 4260 2110 4313 quas
2145 4245 2197 4297 in
2227 4219 2508 4312 privilegio
2537 4240 2792 4294 Ecclesia)
2819 4247 3014 4291 vestra:
3033 4219 3400 4301 continentur,

1821 4337 1875 4389 in
1901 4337 2044 4390 beati
2075 4334 2312 4388 Udalriei
2343 4331 2891 4388 confesserisChristi
2922 4339 3084 4398 atque
3109 4328 3400 4398 pontiﬁcis,

1822 4427 1914 4481 sed
1947 4435 2000 4480 et
2033 4425 2089 4479 in
2137 4426 2306 4479 beatae
2348 4423 2503 4487 Afra:
2531 4424 2786 4494 martyris
2819 4421 3201 4475 festivitatibus
3240 4435 3404 4474 usum

1821 4519 1968 4588 pallii
2001 4517 2452 4580 concederemus;
2478 4516 2634 4585 cujus
2659 4513 3018 4568 ecclesiastici
3053 4513 3277 4566 honoris
3307 4528 3404 4566 ex-

1752 4617 1795 4672 D
1821 4611 2089 4676 cellcntia,
2115 4610 2258 4663 sicut
2293 4607 2474 4678 pravis
2494 4616 2548 4661 et
2576 4606 3014 4661 inobedicntibus
3045 4605 3194 4674 juste
3237 4604 3404 4658 dene-

1751 4765 1756 4770 _
1825 4702 2280 4776 gatur,itabenis
2306 4709 2359 4754 et
2383 4714 2598 4777 morum
2647 4698 2931 4752 honestate
2983 4696 3225 4766 praeditis
3275 4708 3406 4762 apo-

1825 4797 2014 4851 stolica
2034 4793 2403 4848 moderatione
2418 4807 2516 4861 pro
2541 4791 2746 4844 meritis
2769 4789 3095 4858 quandoque
3116 4795 3403 4853 superem-

1828 4887 2002 4956 ganda
2055 4883 2170 4939 fore
2213 4883 2447 4937 videtur.
2482 4881 2715 4936 Proinde
2746 4880 2873 4949 quia
2893 4877 2959 4931 'tc
3016 4877 3240 4928 sincera:
3277 4873 3409 4926 dile-

1828 4977 2025 5031 ctionis
2058 4991 2184 5047 erga
2215 4991 2314 5029 nos
2365 4973 2615 5028 affectum
2664 4970 2862 5024 habere
2910 4965 3405 5034 conlidimus,qttia

1829 5071 2034 5141 legatos
2063 5077 2300 5130 nostros,
2327 5066 2686 5123 Albancnsem
2723 5059 2972 5138 videlicet
2998 5060 3314 5128 episcopum
3354 5069 3410 5112 et

1830 5157 2196 5218 Paduensem,
2246 5153 2476 5222 benigne
2526 5159 2816 5216 tractasse,
2862 5159 2916 5204 ct
2975 5150 3222 5215 fideliter,
3268 5149 3411 5202 sicut
3450 5172 3458 5175 κ

1830 5247 2090 5317 oportuit,
2117 5242 2391 5312 adjuvis'se
2437 5242 2798 5312 dignosceris,
2824 5252 3100 5312 postremo
3135 5241 3261 5310 quia
3311 5254 3409 5307 pro
3452 5275 3455 5278 .

1833 5333 2206 5404 componenda
2239 5333 2641 5404 pacemultum
2688 5332 2985 5406 desudasse
3023 5329 3289 5400 probaris,
3316 5341 3408 5393 pe-

1836 5425 2079 5479 titionem
2106 5432 2252 5478 tuam
2279 5423 2508 5477 libenter
2542 5421 2874 5491 accepimus.
2906 5421 3077 5490 IIhjus
3109 5411 3272 5487 igitur
3309 5413 3408 5468 tibi

1835 5516 2089 5587 praecepti
2116 5515 2436 5570 auctoritate
2462 5512 2810 5568 eoneedlmus
2835 5521 2894 5565 ut
2919 5512 2970 5563 in
3000 5504 3225 5562 solemni
3266 5503 3408 5556 beati

1841 5605 2077 5662 Udalriei
2100 5604 2432 5659 confessoris
2453 5613 2613 5671 atque
2644 5600 2934 5670 pontiﬁcis,
2958 5605 3011 5650 ct
3055 5594 3224 5646 beatae
3267 5591 3409 5645 Alt-:2

1839 5694 2094 5765 many-tis
2126 5691 2418 5744 missarum
2464 5690 2772 5744 celebritate
2815 5685 2976 5755 pallio
3014 5681 3198 5738 utendi
3239 5679 3410 5753 licen-

230 5848 636 5926 (3:18))ordani
690 5848 934 5905 meminit
983 5850 1091 5908 Leo
1152 5841 1443 5918 Ostiensis,
1475 5850 1614 5906 libre
1654 5864 1735 5918 ιιι,
1777 5845 1949 5918 capite
1973 5844 2061 5914 46,
2094 5853 2146 5899 et
2176 5842 2322 5899 ali-bi.
