3952 6418
475 516 580 571 543

1109 515 1163 612 S.
1205 514 1530 574 CBECORII
1569 517 1657 573 ΥΠ
1692 517 1893 574 ΡΑΡᾹΞ
1931 518 2209 575 OPERUM
2237 521 2424 608 'PAllS
2460 513 2611 576 1.":
2648 521 3062 577 REGISTRL'M.

3586 521 3628 601 β
3641 520 3701 574 Η

476 630 611 684 tiam
632 629 850 684 habeas.
879 629 1032 696 Quod
1053 639 1233 686 tamen
1255 631 1356 686 tibi
1378 633 1434 687 in
1472 641 1564 688 tua
1602 623 1866 700 vita,'non
1919 635 2039 689 loco
2066 637 2112 692 Α
2137 643 2344 710 remota
2369 637 2516 689 omni
2539 636 2841 702 occasione,
2871 635 3014 705 quod
3032 634 3241 710 justitia
3269 634 3702 710 dictaveritgmo-

479 729 594 786 tuo,
609 735 927 775 concessum
948 736 1070 775 esse
1083 735 1399 792 cognoscas.

551 808 681 863 Data
707 808 913 875 Romae,
939 810 1152 865 decimo
1202 820 1356 866 sexto
1405 810 1674 867 Kalendas
1718 811 1864 880 Julii,
1897 813 2038 868 indi-

479 897 656 952 ctione
677 898 935 953 secunda.

930 989 1262 1046 EPISTOLA
1343 991 1585 1047 XXXIX.

726 1097 790 1135 AD
835 1099 1135 1136 RAINALDUI
1193 1098 1481 1136 EPISCOPUI
1517 1098 1784 1136 CUIMNYM.

1059 1171 1238 1242 (Anno
1279 1169 1461 1240 l079.)

479 1258 567 1314 De
585 1259 944 1330 Pergameni:
969 1263 1221 1317 Ecclesia:
1240 1264 1400 1318 electo
1427 1262 1590 1316 multa
1620 1263 1688 1315 ad
1728 1279 1782 1315 se
1816 1261 2038 1315 crimina

552 1330 750 1404 ::crl_ata
785 1333 962 1404 refert,
998 1349 1114 1404 qua:
1145 1335 1322 1404 omnia
1358 1334 1469 1402 ipso
1513 1332 1825 1404 adhortante
1867 1347 2040 1404 emen-

547 1401 666 1452 dari
708 1402 848 1465 vult;
877 1404 959 1455 sin
1010 1401 1205 1466 'minus,
1235 1401 1385 1462 illum
1409 1402 1693 1470 apostolica
1726 1402 2039 1470 auctoritate

551 1469 614 1522 ab
644 1486 702 1540 eo
733 1471 1016 1540 diligenter
1042 1473 1105 1525 de
1133 1474 1349 1540 objectis
1375 1469 1701 1540 ea'airtinari,
1733 1470 1931 1524 absolri
1963 1469 2038 1523 vel

549 1539 904 1611 condemnari.
948 1541 1024 1594 De
1076 1542 1156 1594 his
1194 1539 1292 1611 qui
1336 1559 1367 1592 a
1393 1539 1707 1606 Simonideis
1755 1542 2040 1594 nescientcr

550 1617 598 1661 et
617 1609 728 1689 sine
747 1611 1024 1664 vetulitate
1042 1609 1276 1665 ordinati
1296 1622 1416 1665 sunt
1439 1612 1563 1680 quid
1585 1611 1908 1663 sentiendum
1928 1620 2039 1662 sta-

551 1686 671 1731 luit.

549 1769 857 1825 Οκεοοιιιιτε
887 1773 1202 1840 episcopus,
1220 1788 1409 1826 servus
1454 1787 1730 1825 servorum
1763 1769 1880 1837 Dei,
1904 1771 2039 1824 Ilu-

477 1877 649 1916 lnLuo
675 1860 922 1916 Cumano
949 1863 1220 1932 episcopo,
1244 1864 1473 1917 salutem
1499 1873 1552 1916 et
1577 1863 1783 1931 apostol
1805 1878 1924 1916 eam
1948 1862 2042 1916 be-

480 1953 860 2008 nedictionem.

560 2044 667 2100 Tua
694 2045 871 2113 nobis,
901 2045 1070 2100 frater
1108 2047 1450 2113 charissime,
1480 2047 1663 2101 missis
1701 2046 1896 2101 litteris
1940 2062 2042 2116 eu-

479 2137 620 2193 ravit
638 2137 888 2193 intimare
928 2137 1144 2194 dilectio
1171 2139 1509 2208 Arnulphum
1540 2123 1914 2208 Pergamensis
1936 2136 2040 2191 Ec-

401 2264 410 2270 .
481 2229 905 2284 eJesizeelectum
920 2241 1108 2286 nostro
1135 2231 1363 2286 libenter
1385 2239 1438 2285 et
1479 2231 1709 2286 consilio
1736 2230 1955 2285 credere
1989 2238 2042 2283 et

479 2329 751 2390 prtecepto
779 2322 1015 2388 obedire.
1047 2321 1158 2376 Nos
1199 2322 1450 2390 equidem
1505 2330 1700 2376 vestra?
1738 2322 2040 2387 charitatis,

461 2410 622 2466 sicut
648 2412 840 2476 nostis,
869 2412 1208 2479 experientize
1233 2412 1601 2466 in.!ubitanter
1620 2413 1908 2468 credimus.
1940 2412 2045 2468 Ve-

480 2487 789 2556 rumtamen
836 2503 1004 2556 multa
1040 2503 1106 2556 de
1135 2501 1389 2571 praedicto
1419 2501 1534 2556 viro
1581 2502 1648 2557 ad
1685 2512 1927 2558 nostram
1976 2520 2044 2558 ex

477 2593 838 2663 quorumdam
882 2593 1140 2646 relatione
1187 2609 1476 2662 pervenere
1526 2593 1794 2660 notitiam,
1826 2608 1948 2664 quae
1995 2596 2042 2650 si

478 2699 627 2751 vera,
656 2684 803 2754 quod
833 2685 994 2749 absit,
1011 2700 1132 2739 esse
1155 2684 1478 2749 constiterit,
1508 2699 1608 2739 nos
1642 2685 1794 2739 valde
1836 2685 2042 2760 contri-

479 2781 645 2837 stant,
673 2782 728 2828 et
753 2774 807 2828 in
829 2789 895 2828 eo
924 2789 1033 2829 non
1057 2772 1162 2848 levi
1195 2783 1321 2828 sunt
1348 2774 1550 2827 ultione
1566 2769 1863 2843 pléctenda.
1901 2775 2046 2828 Con-

479 2864 726 2932 queritur
750 2864 893 2920 enim
925 2864 1102 2924 Gorzo
1127 2863 1280 2918 miles
1301 2865 1427 2933 ejus
1448 2872 1501 2918 et
1520 2863 1741 2934 signifer
1761 2881 1884 2918 cum
1916 2864 2049 2918 duo-‘

479 2957 583 3011 bus
596 2954 855 3013 fratribus
875 2964 1036 3025 atque
1057 2955 1427 3012 cohaeredibus
1447 2958 1582 3020 suis,
1604 2955 1883 3010 castellum
1900 2957 2045 3024 quod

478 3045 679 3103 dicitur
714 3045 898 3100 Rocha
937 3046 1003 3101 de
1051 3045 1324 3113 Glizione,
1369 3045 1513 3116 quod
1555 3045 1816 3110 hactenus
1861 3054 2046 3116 utpote

478 3137 686 3206 proprii
721 3136 862 3206 juris
917 3137 1034 3191 sine
1087 3138 1237 3192 omni
1289 3136 1717 3216 coxrtradiCtione
1756 3143 2048 3190 tenuerunt

482 3235 644 3314 atque
662 3226 1040 3295 possederunt,
1063 3241 1210 3279 nunc
1237 3234 1348 3279 tam
1380 3227 1484 3314 sibi
1511 3241 1675 3294 quam
1703 3222 2046 3283 consortibus

483 3298 597 3370 suis
613 3330 645 3368 a
671 3315 981 3384 supradicto
1005 3315 1285 3384 Amulpho
1310 3298 1592 3381 vidlenter,
1621 3324 1694 3382 et,
1725 3315 1870 3384 quod
1898 3315 2046 3369 dictu

483 3404 638 3460 nefas
677 3413 780 3470 est,
812 3404 1178 3460 fraudulenter
1211 3422 1332 3462 esse
1367 3407 1712 3477 subreptum;
1741 3407 1828 3461 cui
1865 3414 2046 3464 tamen

482 3496 642 3550 militi
669 3497 825 3566 prius
853 3497 1133 3567 cujusdam
1187 3498 1345 3567 quasi
1377 3497 1685 3553 securitatis
1710 3506 1766 3552 et
1805 3497 2042 3564 fmderis,

448 3638 453 3642 ,
483 3595 742 3656 tanquam
771 3587 836 3641 ad
867 3583 1162 3642 tollendum
1194 3589 1521 3658 suspicionis
1543 3595 1767 3654 metum,
1797 3589 2044 3659 quaedam

483 3674 659 3730 fertur
709 3678 898 3730 callide
929 3689 1268 3733 sacramenta
1298 3679 1612 3748 priebuissc,
1640 3688 1714 3745 et,
1745 3681 2045 3750 postposito

457 3764 582 3820 .Dci
612 3766 824 3830 timore,
851 3768 1160 3835 cupiditatis
1188 3769 1466 3837 perﬁdiam
1487 3769 1801 3824 incurrisse.
1826 3769 1934 3823 Nec.
1953 3771 2047 3824 tali

485 3862 773 3917 wntentus
794 3855 1032 3911 facinore
1054 3857 1205 3912 B....;
1238 3859 1609 3928 presbyterum
1655 3858 2046 3928 praefatiGorzi

484 3943 797 4019 [Cononis]
836 3947 1092 4002 clericum
1135 3948 1450 4018 depraedari,
1479 3957 1534 4003 et
1555 3949 1692 4014 suis,
1718 3958 1780 4003 ut
1830 3950 2044 4014 asserit,

483 4037 739 4092 omnibus
766 4038 999 4107 spoliare
1032 4056 1142 4094 non
1192 4040 1403 4110 metuit.
1445 4038 1711 4095 Praeterea
1761 4039 2048 4110 pestiferas

484 4124 806 4184 Simoniaca:
833 4130 1053 4186 haeresis
1084 4130 1354 4186 nundinas
1392 4146 1664 4197 exercere,
1693 4139 1748 4185 et
1773 4131 1913 4186 inter
1939 4148 2046 4186 ae-

485 4227 598 4273 tera
639 4220 1136 4276 archidiaconatum
1175 4221 1554 4294 Pergamensis
1592 4221 1845 4278 Ecclesia:
1886 4223 2047 4293 quin-

474 4309 738 4379 quaginta
766 4311 1026 4367 librarum
1055 4313 1228 4383 pretio
1245 4313 1549 4380 vendidisse
1576 4313 1904 4384 perhibetur.
1930 4313 2047 4371 Huc

487 4398 693 4452 accedit
728 4403 874 4469 quod
919 4419 1104 4458 servos
1132 4403 1248 4470 Dei,
1277 4421 1417 4474 quos
1444 4413 1504 4459 ut
1530 4406 1838 4476 religiosum
1867 4407 2046 4461 virum

486 4486 641 4542 decet
660 4491 822 4556 tueri,
851 4500 905 4545 et
947 4495 1003 4548 in
1027 4497 1238 4550 ametis
1265 4497 1520 4565 adjuvare
1545 4498 1782 4564 deberet,
1804 4509 2048 4553 econtra-

2137 726 2222 780 dis
2244 727 2496 780 omnibus
2521 727 2859 796 exsequaris.
2890 727 3042 792 Quod
3069 736 3249 781 autem
3280 725 3442 780 3L...
3473 713 3705 804 presby-

2136 825 2218 872 ter
2249 818 2392 873 ﬁlius
2415 825 2596 872 noster
2615 819 2947 888 interrogare
2984 819 3214 883 curavit,
3243 817 3373 888 quid
3397 817 3464 872 de
3605 819 3706 888 qui

2137 925 2166 962 a
2189 908 2512 964 Simoniacis
2537 910 2838 965 nescientes
2869 914 2923 964 et
2951 911 3065 965 sine
3105 911 3279 979 pretio
3304 897 3536 988 ordinati
3573 920 3712 966 sunt

2137 998 2448 1067 apostolicae
2476 1000 2617 1054 sedis
2662 1001 3236 1056 misericorscensura
3285 991 3558 1066 decernat,
3598 1001 3712 1056 hoc

2137 1090 2425 1145 observare
2458 1099 2511 1145 te
2537 1091 2804 1155 volumus,
2835 1107 2928 1146 eos
2961 1093 3056 1161 qui
3097 1100 3223 1146 ante
3256 1100 3466 1161 tempus
3495 1081 3712 1146 Nicolai

2138 1196 2290 1250 papae
2318 1181 2435 1236 sine
2460 1182 2743 1236 venalitate
2764 1197 2794 1236 a
2825 1181 3148 1237 Simoniacis
3180 1183 3247 1236 ad
3297 1183 3530 1251 aliquem
3580 1197 3715 1251 gra-

2139 1272 2267 1325 dum
2297 1273 2531 1342 promoti
2560 1281 2706 1335 sunt,
2739 1272 2784 1325 si
2814 1280 2990 1328 tamen
3013 1273 3123 1326 vita
3150 1288 3339 1327 eorum
3371 1273 3719 1344 inreprehen—

2140 1362 2314 1418 sibilis
2336 1379 2456 1418 esse
2482 1363 2763 1432 probatur,
2794 1379 2888 1432 per
2917 1380 3114 1420 manus
3136 1365 3535 1434 impositionem
3567 1380 3716 1419 eon-

2139 1452 2383 1509 firmatos
2411 1454 2466 1508 in
2491 1453 2606 1519 suis
2635 1455 2916 1509 ordinibus
2941 1470 3256 1524 permanere
3292 1463 3345 1510 et
3391 1455 3720 1510 ministrare

2139 1560 2316 1614 posse.

2213 1634 2347 1689 Data
2377 1635 2580 1702 Romae,
2617 1635 2903 1691 undecimo
2931 1628 3194 1692 Kalendas
3220 1635 3721 1706 Julii,"indictione

2141 1726 2395 1781 secunda.

2663 1856 2996 1909 EPISTULA
3066 1857 3178 1911 XL.

2731 1965 2798 2001 AD
2862 1964 3113 2001 Βοςυοκειι.

2723 2038 2899 2108 (Anno
2927 2037 3107 2107 1079.)

2146 2152 2214 2206 Ut
2237 2150 2508 2230 ecclesiam
2533 2150 2715 2230 sancti
2734 2151 2996 2230 Sapit/eri,
3024 2142 3415 2230 qriam’ﬁinzoui
3432 2165 3722 2230 regnanti!»

2210 2223 2512 2284 committit,
2537 2221 2754 2274 liberant
2781 2218 3043 2274 dimittat.
3066 2219 3218 2285 Quod
3247 2219 3294 2272 si
3326 2218 3452 2288 quid
3479 2218 3617 2282 iuris
3657 2221 3727 2272 in

2215 2308 2277 2344 ea
2310 2307 2363 2342 se
2387 2299 2530 2359 putet
2560 2291 2765 2354 habere,
2795 2306 2849 2342 se
2874 2305 3051 2342 coram
3085 2289 3256 2359 legato
3271 2291 3330 2342 in
3362 2288 3585 2342 concilio
3625 2305 3733 2342 ra-

2212 2361 2406 2412 tionem
2455 2359 2693 2440 dicturus
2727 2367 3057 2440 praesentem.
3085 2359 3340 2440 alioquin,
3398 2359 3728 2440 sententiam

2211 2426 2764 2483 excommunicationis
2795 2445 2826 2480 a
2847 2427 3015 2498 legato
3039 2427 3093 2480 in
3115 2426 3230 2480 eum
3253 2426 3417 2480 (utam
3441 2445 3494 2481 se
3515 2429 3728 2481 τοκῆι·-

2211 2507 2496 2551 maturum.

2214 2589 2522 2644 Gnecoaws
2557 2589 2862 2658 episcopus,
2902 2604 3090 2643 servus
3136 2603 3422 2642 serverum
3460 2585 3576 2652 Dei,
3607 2586 3729 2642 Bo-

2142 2696 2257 2735 som
2287 2679 2572 2751 [BRIZONI].

2215 2769 2508 2824 Ecclesiam
2541 2768 2724 2824 Sancti
2757 2769 2998 2839 Sepulcri
3026 2770 3092 2824 de
3120 2769 3269 2823 Novo
3293 2768 3446 2832 Vico,
3477 2783 3595 2838 qua:
3620 2767 3727 2837 ju—

2145 2861 2221 2915 ris
2247 2862 2488 2915 ecclesize
2515 2861 3016 2933 Hierosolymitame
3043 2872 3096 2917 et
3123 2861 3393 2917 censualis
3429 2861 3547 2930 ejus
3586 2875 3728 2915 esse

2145 2951 2362 3016 dicitur,
2392 2951 2520 3006 huic
2544 2960 2730 3022 nostro
2751 2953 2956 3021 clerico
2989 2953 3196 3007 Simoni
3233 2952 3518 3025 regendam
3558 2966 3728 3006 com-

2145 3042 2545 3108 mendavimus;
2579 3055 2743 3111 quam
2791 3042 2860 3095 ab
2886 3043 3032 3097 omni
3087 3044 3334 3098 molestia
3390 3051 3445 3099 et
3502 3044 3729 3098 calum—

2144 3132 2298 3187 niosa
2328 3133 2572 3186 omnium
2617 3132 2898 3211 hominum
2928 3131 3274 3188 infestatio‘ne
3316 3133 3541 3187 liberam
3588 3148 3729 3188 esse

2145 3225 2410 3291 volentes,
2436 3223 2538 3278 sub
2560 3225 2724 3282 tutela
2762 3231 2948 3279 nostra
3008 3239 3128 3279 esse
3177 3224 3540 3278 decernimus.
3564 3221 3728 3289 Qua-

2149 3323 2366 3383 propter
2391 3315 2646 3384 quoniam
2682 3324 2734 3369 te
2761 3315 2906 3369 illam
2925 3315 3201 3385 tyrannica
3246 3315 3512 3379 invasisse
3550 3315 3726 3369 audi-

2147 3405 2344 3471 vimus,
2397 3412 2450 3460 te
2499 3407 2748 3475 praesenti
2789 3406 2982 3477 pagina
3038 3421 3466 3472 commonemus,
3523 3412 3602 3469 ut,
3669 3407 3728 3462 si

2148 3495 2314 3551 Deum
2344 3506 2401 3551 et
2428 3506 2643 3552 sanctos
2669 3485 2938 3567 apostolos
2965 3497 3058 3551 tibi
3084 3497 3168 3552 vis
3197 3484 3397 3551 liabere
3423 3496 3723 3566 propitios,

2145 3588 2213 3644 ad
2250 3589 2527 3657 invasione.
2555 3591 2820 3658 praedicta:
2859 3589 3104 3644 ecclesia:
3143 3589 3210 3644 de
3257 3598 3455 3644 caetero
3489 3603 3726 3657 cessare

2147 3681 2364 3749 penitus
2415 3681 2634 3747 debeas,
2664 3683 2978 3750 nullamque
3039 3680 3270 3735 ulterius
3332 3678 3560 3750 praefato
3617 3677 3724 3732 Si-

2147 3772 2294 3824 moni
2317 3773 2635 3839 molestiam,
2657 3773 2739 3827 vel
2755 3773 2966 3826 clericis
2993 3772 3067 3826 ibi
3101 3769 3210 3825 Deo
3236 3769 3596 3825 servientibus
3617 3769 3723 3823 iu-

2148 3859 2290 3915 ferre
2340 3879 2667 3931 prmsumas;
2699 3864 2791 3918 sed
2815 3865 2896 3932 (ut
2922 3863 3124 3916 dictum
3145 3861 3250 3944 est)
3274 3859 3442 3913 libera
3470 3859 3536 3912 ab
3557 3859 3726 3914 omni

2147 3953 2549 4020 perturbatione
2587 3963 2778 4006 secura
2823 3959 3023 4006 sancta:
3077 3949 3569 4020 Hierosolymitaqa:
3606 3947 3726 4002 Ec-

2147 4043 2346 4107 cles'ae,
2374 4043 2462 4097 eui
2492 4043 2726 4097 ﬁdelium
2751 4042 2896 4096 illam
2931 4040 3144 4096 devovit
3173 4039 3419 4108 intentio,
3448 4037 3558 4093 Deo
3583 4054 3726 4108 pro-

2147 4135 2297 4204 pitio,
2327 4151 2392 4190 ex
2423 4144 2608 4190 nostra
2636 4133 2955 4189 auctoritate
2985 4134 3038 4188 in
3069 4140 3386 4204 perpetuum
3412 4145 3721 4187 conserve-

2147 4234 2255 4281 tur.
2288 4225 2442 4293 Quod
2467 4227 2513 4282 si
2539 4226 2737 4296 aliquid
2767 4225 2994 4296 justitiaz
3028 4225 3082 4278 in
3129 4223 3437 4303 supradicta
3479 4219 3722 4278 ecclesia

2147 4327 2203 4372 te
2220 4318 2417 4374 habere
2455 4318 2700 4384 conﬁdis,
2726 4324 2850 4371 ante
2895 4315 3130 4386 legatum
3182 4321 3429 4368 nostrum
3453 4311 3720 4367 Diensem

2145 4410 2540 4479 episcopum’iu
2573 4399 2830 4472 consilio,
2849 4407 2994 4476 quod
3042 4403 3286 4473 proxime
3340 4402 3725 4457 eelelmmlrus

2145 4509 2319 4564 est,te
2348 4506 2673 4568 praesentare
2701 4496 2940 4559 debebis,
2964 4484 3144 4549 sciens
3166 4493 3274 4545 hoc
3296 4490 3442 4559 quod
3472 4489 3529 4542 in
3559 4489 3724 4546 nullo

488 4579 571 4635 rio
600 4575 855 4633 infestare
879 4571 1239 4636 etmolestare
1273 4593 1518 4638 conatur.
1551 4586 1680 4641 Tua:
1725 4588 1890 4656 igitur
1933 4587 2046 4640 fra-
2081 4610 2124 4662 ι)
2150 4597 2336 4643 contra
2362 4587 2630 4656 justitiam
2675 4594 2726 4637 te
2751 4583 3008 4636 volumus
3048 4594 3404 4650 prcgravare.
3435 4577 3493 4631 Si
3525 4585 3720 4632 autem

486 4669 760 4725 ternitatis
805 4668 1110 4726 sollicitudo
1165 4673 1506 4744 corripiendo
1541 4675 1655 4729 sive
1711 4677 2048 4730 exhortando

485 4761 700 4816 studeat
727 4769 890 4831 atque
911 4764 1188 4832 provideat
1215 4774 1483 4835 quatenus
1509 4765 1826 4834 saepedictus
1848 4767 2052 4821 electus

488 4851 602 4906 btec
629 4852 808 4906 omnia
839 4855 1128 4908 emendare
1172 4854 1411 4920 festinet,
1441 4863 1497 4910 et
1541 4864 1651 4910 tam
1703 4872 1888 4911 coram
1939 4856 2050 4911 Deo

487 4955 659 5011 quam
679 4959 862 4998 coram
891 4945 1221 5012 hominibus,
1239 4947 1441 5002 bonum
1468 4948 2051 5003 testimonium’habere

491 5043 759 5097 procuret.
793 5036 851 5088 Si
896 5053 1024 5092 vero
1052 5038 1135 5092 vel
1173 5039 1355 5094 omnia
1385 5038 1520 5105 haac',
1564 5039 1648 5092 vel
1674 5040 1919 5108 quaedam
1941 5038 2051 5094 for-

491 5127 637 5175 tasse
677 5137 872 5189 negare
926 5129 1174 5195 voluerit,
1205 5131 1458 5184 volumus
1515 5137 1676 5199 atque
1704 5131 2048 5199 prtecipimus

491 5216 554 5263 ut
604 5219 729 5279 apto
779 5220 1019 5282 tempore
1046 5227 1098 5271 et
1135 5221 1253 5275 loco
1304 5231 1502 5276 nostrae
1553 5223 1688 5277 vicis
1730 5222 2049 5276 auctoritate

492 5316 619 5358 eum
648 5302 713 5357 de
734 5303 960 5372 objectis
991 5306 1231 5378 diligenti
1255 5312 1651 5368 examinatione
1686 5313 1968 5379 discutias,
1994 5320 2048 5367 et

2151 4678 2353 4731 monita
2395 4685 2598 4740 nostra,
2629 4675 2738 4728 imo
2760 4672 2854 4726 Dei
2903 4673 3065 4725 verba
3092 4670 3258 4741 (quod
3303 4668 3494 4739 absit!)
3521 4667 3724 4724 audire

2152 4778 2520 4833 contemnens,
2545 4765 2613 4819 ab
2639 4764 2819 4818 illicita
2847 4772 2900 4818 et
2922 4762 3198 4816 interdicta
3224 4759 3501 4816 invasione
3525 4773 3724 4828 supra-

2151 4859 2308 4915 dictae
2336 4858 2578 4913 ecclesia:
2607 4864 2657 4911 te
2687 4855 2937 4910 cohibere
2977 4853 3242 4918 nolueris,
3268 4849 3722 4910 excommunica-

2150 4951 2375 5015 tionem,
2399 4964 2563 5019 quam
2589 4947 2642 5001 in
2665 4955 2716 5001 te
2736 4959 2835 5016 pro
2856 4945 2969 5014 ipsa
2999 4943 3227 4999 ecclesia
3271 4943 3481 5011 legatus
3523 4947 3720 4994 noster

2154 5040 2308 5114 Hugo
2325 5039 2538 5094 Diensis
2564 5038 2848 5108 episcopus
2888 5029 2941 5089 iu
2971 5034 3202 5089 concilio
3226 5029 3530 5086 Pictavensi
3554 5028 3723 5099 jacu-

2154 5121 2298 5186 latus
2318 5140 2421 5195 est,
2442 5130 2761 5185 auctoritate
2793 5124 3090 5197 apostolica
3112 5121 3521 5177 conﬁrmamus.

2224 5220 2356 5276 Data
2387 5221 2684 5286 Lateranis,
2708 5225 2902 5291 quarto
2921 5212 3188 5269 Kalendas
3217 5209 3390 5289 Junii,
3415 5209 3725 5267 indictione

2148 5313 2402 5370 secanda.
