3952 6392
153 415 262 470 543

1234 408 1427 462 LlBIIll
1467 407 1823 464 SEP'ilMUS.
1863 440 1932 450 —
1971 410 2183 467 EPlST.
2227 413 2288 469 ll.

895 560 1296 656 tunsa
1344 570 1936 660 SEPTIMUS
1985 541 2597 694 ,nncisrnt.

157 717 314 771 Anno
361 716 649 771 Dominicte
678 715 1066 769 lnmrnatiouis
1099 708 1379 768 millesimo
1407 716 1786 796 septuagesimo
1818 706 1971 796 nono,
1989 718 2327 796 pontificatus
2357 735 2472 772 vero
2494 719 2694 772 domini
2719 718 2953 787 Gregorii
2983 735 3118 772 anno
3145 721 3384 789 septimo,

1412 786 1696 838 indictione
1724 788 1950 840 secunda
1973 786 2140 858 (599).

645 892 1008 968 Εριδτοω]
1029 893 1261 948 PRIMA.

557 1004 622 1040 AD
662 1003 943 1041 ιιυθειιτωι
972 1000 1348 1041 δυηωλεοκιτυ.

159 1075 464 1146 luere-pons
495 1072 607 1146 ejus
645 1093 870 1146 moram,
896 1076 1119 1146 reditum
1150 1093 1426 1146 properare
1446 1074 1612 1144 jubet.
1648 1073 1736 1146 St-

231 1143 529 1219 guiﬁcatsé
552 1146 779 1219 Zeus-oui
803 1143 1078 1219 [Teuz_oni]
1102 1143 1200 1198 non
1227 1143 1543 1219 commisisse
1563 1154 1617 1218 ut
1639 1144 1737 1196 ad-

235 1214 422 1270 ieretis
441 1217 649 1337 Argolico
678 1214 840 1286 regem
864 1217 1015 1268 verba
1031 1214 1257 1337 iaceret.
1293 1214 1413 1267 Vult
1438 1215 1606 1283 regem"
1627 1230 1736 1265 mo—

238 1297 386 1337 neat.
426 1296 482 1337 ut
539 1289 732 1337 ebuum
757 1286 1000 1337 honorem
1077 1285 1280 1337 cclcsiie
1313 1285 1516 1337 reddat.
1539 1283 1735 1335 Rat/to-

238 1297 386 1352 neat,
426 1296 482 1338 ut
502 1283 1000 1339 debitum'ltmtorem
1031 1283 1280 1337 Ecclesia:
1313 1285 1516 1337 reddat.
1539 1283 1735 1335 Rat/to-

247 1357 513 1426 mogeusis
540 1355 914 1426 archiepiscopi
935 1354 1220 1426 sacerdotis
1239 1353 1340 1422 filii
1363 1353 1737 1426 promotjouem

239 1421 644 1496 nort'approbat,
669 1421 757 1478 nec
778 1421 892 1493 quo:
932 1425 1039 1493 ipse
1075 1421 1371 1496 guberna;
1387 1439 1503 1475 cum
1545 1421 1740 1496 Lingo-

239 1491 660 1562 ueitsi'episcopo
679 1491 852 1562 egero!
873 1510 892 1557 ;
917 1491 1033 1561 qua
1067 1492 1249 1546 Diensi
1276 1492 1515 1562 episcopo
1562 1491 1740 1562 termi-

242 1564 425 1618 nanda
452 1559 748 1615 tamtum.
775 1559 946 1615 Monet
969 1573 1022 1613 ut
1041 1562 1172 1614 duos
1207 1578 1272 1615 ea:
1291 1559 1497 1630 Anglic
1516 1571 1566 1613 et
1594 1559 1739 1612 Nor-

243 1633 481 1686 mamn'te
517 1633 795 1685 oraviuciis
820 1633 1096 1702 episcopos
1141 1631 1209 1684 ad
1257 1631 1512 1684 sunodum
1572 1630 1742 1683 venire

242 1710 415 1757 curet.

243 1790 558 1847 Caesonius
569 1789 873 1860 episc0pus,
907 1803 1096 1844 servus
1116 1802 1394 1842 servorum
1408 1783 1524 1852 Dei,
1547 1785 1741 1844 dilecto

171 1883 230 1938 in
261 1883 489 1938 Christo
538 1882 649 1937 tilio
685 1881 945 1936 Hunsnro
994 1888 1195 1934 sanctae
1216 1877 1471 1934 Romanae
1491 1875 1743 1932 Ecclesia:

171 1977 516 2030 subdiacono
547 1975 773 2029 salutem
809 1980 864 2027 et
909 1972 1255 2041 apostolicam
1292 1969 1738 2024 benedictionem.

242 2067 513 2120 Miramur
541 2066 790 2130 nimium,
837 2072 892 2118 et
933 2063 1087 2118 nobis
1147 2057 1743 2129 admodumdisplicere

172 2158 520 2229 cognoveris,
547 2166 601 2212 te
647 2166 828 2213 tantas
869 2171 1049 2210 moras
1092 2155 1352 2208 hactenus
1387 2152 1659 2216 habuisse,
1691 2159 1744 2204 et
1779 2195 1805 2229 _.

173 2222 272 2304 adv
311 2249 665 2319 apostolicam
723 2249 905 2303 sedem
963 2247 1148 2301 tandiu
1201 2244 1476 2299 distulisse
1529 2243 1741 2298 reverti.
1779 2222 1820 2277 Β

173 2341 370 2413 Neque
400 2357 528 2396 vero
555 2341 784 2410 alicujus
813 2339 888 2394 rei
941 2338 1220 2394 excusatio
1265 2345 1318 2390 te
1343 2336 1478 2390 satis
1532 2336 1753 2389 reddere

174 2443 362 2507 potest
381 2442 703 2505 purgatum,
737 2442 962 2502 excepto
998 2432 1044 2487 si
1080 2430 1164 2484 vel
1202 2444 1366 2483 causa
1403 2427 1749 2494 infirmitatis,

173 2527 280 2594 vel
295 2525 446 2594 quod
473 2540 580 2578 non
641 2523 878 2592 patuerit
933 2522 1110 2575 aditus
1151 2519 1430 2583 redeundi,
1461 2518 1748 2572 dimiseris.

174 2615 321 2671 Nam
351 2616 608 2686 pecunias
639 2614 758 2668 sine
781 2613 983 2667 honore
1008 2611 1238 2666 tributas
1265 2610 1452 2678 quanti
1483 2609 1638 2677 pretii
1665 2609 1757 2662 ha-

177 2711 369 2775 beam,
413 2717 468 2762 tu
524 2707 640 2776 ipse
687 2704 887 2774 optime
918 2703 1140 2774 potuisti
1169 2701 1372 2755 dudum
1403 2701 1750 2770 perpendere.

175 2798 526 2869 Quapropter
557 2797 736 2852 sciens
754 2795 880 2864 quia
908 2804 1124 2864 propter
1145 2793 1312 2848 multa
1339 2793 1586 2846 volumus
1606 2801 1754 2845 tuam

177 2890 551 2960 praesentiam,
584 2887 816 2942 reditum
844 2895 996 2941 tuum
1024 2897 1284 2956 quantum
1311 2892 1460 2951 potes
1481 2891 1757 2944 maturare

179 2998 441 3053 procura.
475 2981 800 3052 Signiﬁcastl
829 2991 1006 3032 autem
1038 2977 1191 3030 nobis
1216 2972 1758 3044 Zeuzoncnt[Tcuzo-

179 3089 317 3128 nem
345 3075 426 3126 sic
447 3081 495 3126 et
519 3073 575 3126 iu
604 3071 720 3125 eod.
750 3068 911 3140 Mat]
939 3068 1093 3139 quasi
1121 3083 1186 3122 ex
1217 3075 1367 3136 parte
1394 3074 1577 3119 nostra
1607 3065 1755 3135 lega-

135 3223 142 3228 ,
182 3171 309 3219 tum
339 3163 601 3219 adversus
649 3161 934 3232 Anglicum
963 3175 1139 3229 regem
1177 3157 1340 3211 verba
1385 3154 1604 3221 fecisse;
1637 3171 1758 3224 quae

181 3255 412 3310 noveris
447 3269 512 3306 cx
546 3253 703 3306 nobis
737 3251 988 3304 mandata
1029 3264 1134 3303 non
1170 3263 1308 3301 esse.
1341 3246 1540 3300 Verum
1589 3247 1756 3299 multa

180 3334 327 3402 sunt
361 3343 503 3399 unde
548 3352 735 3398 sancta
783 3341 1023 3394 Romana
1045 3338 1284 3393 Ecclesia
1329 3337 1588 3390 adversus
1632 3352 1755 3390 eum

182 3435 356 3508 queri
383 3442 575 3506 potest.
607 3431 776 3488 Nemo
804 3433 946 3487 enim
972 3430 1215 3484 omnium
1236 3443 1422 3500 regum
1446 3428 1607 3482 etiam
1663 3445 1758 3496 pa-

184 3543 464 3601 ganorum
489 3536 677 3582 contra
705 3525 1053 3595 apostolicam
1075 3523 1259 3577 sedem
1285 3520 1392 3574 hoc
1415 3521 1758 3589 pt‘msumpsit

184 3628 410 3694 tentare
441 3619 582 3688 quod
616 3617 663 3670 is
699 3613 1059 3677 non‘crubuit
1086 3613 1289 3675 facere,
1320 3613 1523 3666 scilicet
1556 3621 1614 3666 ut
1642 3613 1755 3681 cpi-

189 3699 414 3786 sropos,
447 3707 902 3778 archiepiscopos,
945 3707 1012 3759 ab
1057 3702 1423 3773 apostolorum
1479 3703 1754 3757 liminibus

190 3805 495 3873 onustam
550 3798 894 3854 irreverentis
935 3808 984 3853 ct
1031 3794 1358 3866 impudentis
1409 3795 1575 3848 animi
1631 3812 1756 3863 pro-

193 3896 431 3949 hiberet.
456 3888 605 3947 Unde
624 3892 876 3946 volumus
898 3899 954 3943 ut
976 3905 1098 3943 cum
1129 3895 1312 3940 nostra
1335 3885 1448 3939 vice
1476 3886 1755 3955 prudentia

192 3995 299 4040 tua
348 3984 552 4038 studeat
613 3983 922 4045 admouere,
951 3987 1218 4048 quatenus
1269 3977 1550 4043 honorem,
1595 3994 1757 4047 quem

194 4077 313 4133 sibi
365 4091 396 4131 a
446 4074 676 4129 subditis
730 4071 846 4127 suis
875 4071 1106 4140 graviter
1134 4066 1299 4121 ferret
1340 4083 1448 4121 non
1492 4069 1754 4137 exhiberi,

195 4176 408 4224 sancta:
426 4166 683 4232 Romanae
710 4163 964 4223 Ecclesia:
990 4177 1098 4214 non
1126 4169 1402 4228 tantopere
1423 4159 1627 4213 laboret
1651 4161 1755 4213 im-
1790 4156 1793 4157 ⁷

196 4261 469 4324 minuere,
497 4267 550 4312 et
589 4252 800 4312 debitas
827 4256 1029 4327 gratias
1075 4252 1280 4324 agendo
1309 4251 1534 4323 gratiam
1563 4249 1621 4305 B.
1655 4250 1755 4306 Pe—

197 4353 278 4409 tri
308 4358 552 4422 procuret
608 4348 910 4418 acquirere.
940 4345 1051 4401 Nos
1105 4345 1249 4400 enim
1277 4343 1528 4398 amicitiae
1564 4353 1761 4399 nostra:

197 4445 451 4517 pristina:
475 4443 620 4497 circa
650 4456 774 4496 eum
811 4435 1098 4502 memores,
1122 4445 1175 4490 et
1225 4435 1569 4503 apostolicam
1607 4452 1762 4491 man-

199 4536 569 4601 suetudinem,
598 4541 864 4605 quantum
891 4529 1001 4583 Deo
1035 4535 1255 4582 auctore
1291 4541 1603 4594 possumus,
1634 4529 1761 4582 imi-

197 4638 408 4692 tantes,
436 4622 716 4696 hucusque
763 4624 907 4678 illius
954 4617 1519 4690 culpzepcpercimus;
1565 4619 1659 4688 qui
1715 4620 1761 4673 si

203 4721 321 4784 bis,
349 4727 404 4772 et
429 4718 694 4772 similibus
720 4730 842 4784 qua:
886 4713 984 4767 tibi
1032 4721 1158 4786 nota
1203 4717 1349 4776 sunt,
1378 4711 1596 4765 modum
1654 4727 1761 4766 non

202 4809 548 4882 imposuerit,
578 4808 800 4863 omnino
822 4799 1038 4866 'sciatse
1066 4806 1203 4858 iram
1245 4802 1386 4857 beati
1414 4802 1558 4857 Petri
1608 4801 1661 4856 in
1705 4819 1764 4858 se

1764 898 1811 954 Α
1838 912 1948 949 rem
1986 911 2272 950 monemus
2299 904 2360 950 ut
2386 897 2562 965 ipsum
2603 898 2927 967 quantocius
2954 913 3211 968 procures
3241 899 3390 954 adire

1833 996 2026 1043 etcum
2056 1003 2121 1042 eo
2151 990 2412 1042 rationem
2445 987 2569 1042 facti
2601 1005 2818 1057 ponere,
2849 997 3120 1057 quatenus
3153 990 3206 1042 iu
3234 1005 3296 1044 ea
3333 1006 3392 1044 re

1836 1079 1950 1149 ipse
1970 1081 2112 1148 quod
2136 1080 2509 1148 corrigendum
2543 1080 2702 1133 fuerit
2728 1081 2983 1149 corrigat,
3013 1090 3066 1134 et
3094 1082 3237 1149 quod
3267 1097 3396 1135 cou-

1836 1172 2156 1225 ﬁrmandum
2185 1171 2514 1225 corroboret.
2545 1171 2806 1224 Praeterea
2836 1186 3120 1224 monemus
3149 1181 3220 1238 te,
3249 1181 3305 1226 ut
3329 1189 3396 1227 ex

1836 1273 1989 1332 parte
2017 1263 2157 1317 beati
2186 1262 2327 1316 Petri
2351 1263 2656 1331 praecipias,
2697 1271 2750 1316 et
2771 1261 2972 1320 invites
3001 1269 3109 1315 tam
3143 1262 3397 1332 Anglicos

1838 1369 2003 1423 quam
2031 1353 2442 1419 Normannicos,
2473 1369 2538 1407 ex
2563 1369 2890 1422 unoquoque
2905 1354 3393 1423 archiepiscOpatu,

1837 1446 1921 1498 vel
1951 1447 2088 1502 duos
2114 1447 2397 1515 episcopos
2425 1446 2489 1499 ad
2513 1445 2810 1499 Romanam
2841 1445 3126 1514 synodum,
3147 1463 3319 1514 quam
3341 1448 3397 1500 in

1839 1535 2280 1607 Quadragesima,
2315 1537 2683 1602 Deoauctore,
2709 1551 2897 1590 sumus
2925 1537 3266 1603 celebraturi,
3307 1554 3398 1591 vc-

1840 1629 1974 1683 nirc.
2006 1627 2107 1694 Qui
2137 1628 2183 1681 si
2210 1627 2347 1680 forte
2374 1628 2852 1702 murmuraverint,
2882 1636 2934 1680 et
2962 1628 3027 1680 ad
3055 1643 3180 1682 eum
3210 1628 3397 1682 termi-

1842 1737 1972 1776 num
1994 1716 2064 1775 ‘se
2093 1717 2329 1777 dixerint
2364 1719 2624 1774 interesse
2654 1735 2762 1772 non
2789 1734 2970 1788 posse,
3001 1720 3085 1773 vel
3133 1731 3255 1789 post
3299 1718 3400 1774 Pa-

1841 1814 1971 1880 scha
1999 1812 2250 1876 studeant
2269 1811 2581 1880 apostolica:
2607 1810 2720 1864 sedi
2750 1826 2808 1864 se
2834 1819 3178 1878 praesentare.

1911 1903 2046 1960 Data
2071 1903 2275 1971 Roma),
2304 1919 2450 1958 nouo
2479 1902 2759 1974 _kalendas
2806 1901 3077 1968 Octobris,
3109 1903 3402 1958 indictione

1840 1997 2018 2051 tertia.

2433 2237 2500 2275 an
2548 2217 2824 2275 Lucsxsizs.
2842 2214 2844 2216 ’

2386 2308 2392 2314 ’
2432 2319 2609 2390 (Anno
2649 2320 2805 2380 £079.

1852 2429 2050 2486 Contra
2083 2429 2296 2482 clericos
2319 2429 2534 2498 infestos
2557 2431 2666 2501 suis
2701 2413 2957 2501 episcopis
2995 2413 3274 2501 conﬁrmat
3305 2433 3408 2498 de-

1920 2509 2061 2553 creta
2094 2514 2410 2550 summorum
2442 2499 2766 2566 pontiﬁcum,
2796 2501 2870 2550 ut»
2886 2499 3158 2554 ordinibus
3191 2518 3252 2554 ac
3274 2518 3410 2569 pne-

1923 2569 2098 2622 beudis
2120 2584 2203 2620 eos
2229 2569 2283 2620 in
2323 2576 2629 2635 perpetuum
2650 2569 2971 2631 submoveus,
3001 2579 3048 2622 et
3073 2586 3279 2622 mouens
3306 2574 3406 2622 rfe-

1924 2655 2039 2691 runt
2071 2655 2131 2689 ac
2165 2637 2411 2705 populum
2433 2653 2496 2690 ue
2525 2636 2636 2688 illis
2675 2640 3051 2693 communicent
3096 2648 3214 2692 uere
3258 2641 3411 2692 auxi-

1923 2708 2053 2761 lium
2073 2708 2355 2776 prtcbeaut.
2492 2715 2495 2717 ’

1925 2819 2229 2872 Gnscomus
2263 2818 2568 2886 episcopus,
2600 2817 2788 2872 servus
2835 2830 3114 2877 sen'orum
3153 2821 3269 2885 Dei,
3300 2821 3412 2875 Lu-

1855 2908 2002 2962 censi
2022 2909 2168 2962 clero
2191 2915 2244 2960 et
2270 2908 2490 2975 populo,
2521 2908 2758 2975 exceptis
2787 2909 2871 2961 his
2896 2910 2988 2977 qui
3011 2913 3412 2966 comnmnicant

1856 3009 2016 3068 atque
2039 2997 2383 3053 consentiunt
2409 3000 2911 3064 excommunicatis,
2943 2999 3168 3053 salutem
3204 3010 3256 3054 ct
3283 3017 3413 3070 apo-

1857 3092 2103 3146 stolicam
2126 3089 2574 3147 benedictionem.

1923 3182 2254 3236 Clericorum
2305 3188 2499 3234 vestrae
2565 3179 2806 3234 ecclesiae
2859 3181 3140 3251 diligenter
3191 3199 3414 3239 causam

1856 3273 2243 3332 examinantes,
2273 3271 2478 3337 diuque
2499 3271 2553 3323 in
2577 3276 2643 3322 ea
2664 3271 2990 3335 laborantes,
3028 3274 3224 3325 nullam
3256 3274 3308 3326 in
3333 3276 3414 3327 «is

1859 3363 2120 3423 rationem
2147 3369 2306 3428 atque
2343 3359 2646 3420 veritatem,
2684 3360 2824 3412 sicut
2871 3361 3023 3414 decet
3051 3363 3413 3428 Christianos,

1857 3452 2180 3507 invenimus.
2211 3453 2454 3517 Quorum
2485 3449 2785 3506 mirabilem
2811 3459 2864 3504 et
2895 3433 3193 3506 inauditam
3222 3471 3414 3522 supcr-

1785 3560 1825 3616 C
1857 3545 2176 3612 biam,‘licet
2201 3528 2318 3596 sine
2345 3537 2616 3623 andientia
2649 3544 2948 3614 secundum
2966 3528 3273 3615 synodalem
3301 3563 3420 3602 seu-

1855 3637 2076 3690 teutiam
2105 3651 2267 3705 quam
2305 3634 2358 3688 in
2391 3650 2449 3688 se
2490 3644 2912 3702 provocaverant
2954 3637 3146 3704 punire
3176 3638 3421 3691 debueri-

1855 3743 1998 3790 mus,
2043 3725 2474 3779 mansuetudinis
2508 3735 2686 3778 tamen
2719 3710 2910 3792 Spiritu
2957 3741 3041 3778 res
3083 3741 3271 3778 eorum
3321 3743 3420 3780 au-

1854 3817 2080 3872 diendas
2121 3816 2490 3890 essedignum
2530 3817 2805 3875 duximus,
2842 3821 2901 3870 ut
2941 3815 3132 3871 saltem
3157 3815 3420 3870 confusos

1855 3917 1927 3962 ctu
1941 3909 2218 3963 convictos
2244 3908 2310 3959 ad
2339 3922 2531 3960 sanum
2565 3898 2850 3958 consilium
2887 3919 3216 3975 sensumque
3247 3908 3422 3959 humi-

1856 3999 2031 4054 litatis
2047 4011 2445 4052 revocarcmus.
2479 3993 2614 4048 Nam
2663 3995 2709 4050 si
2741 3995 2794 4049 in
2829 3995 2909 4050 eis
2939 3996 3157 4065 aliquod
3196 3997 3419 4065 humili-

1855 4089 1981 4144 tatis
2011 4089 2222 4157 signum
2255 4101 2406 4139 mens
2438 4094 2627 4140 nostra
2675 4085 3076 4156 perpendissct,
3098 4087 3211 4141 sine
3239 4087 3421 4156 aliqua

1857 4195 1887 4233 a
1918 4181 2074 4233 nobis
2113 4177 2486 4232 misericordia
2533 4192 2643 4230 non
2694 4176 3062 4230 recessissent.
3099 4175 3308 4242 Quibus
3365 4180 3421 4234 in

1858 4271 2135 4341 superbia"
2175 4286 2273 4324 sua
2317 4267 2754 4339 perdurantibus,
2795 4267 3090 4322 auctoritas
3136 4267 3422 4326 beatorum

1860 4371 2157 4434 martyrum
2206 4369 2367 4430 atque
2423 4356 2735 4429 pontiﬁcum
2782 4351 3004 4412 Fabiani
3055 4367 3109 4413 et
3164 4359 3424 4430 Stephani

1861 4471 2044 4510 coram
2075 4451 2231 4507 nobis
2259 4452 2418 4504 allata
2449 4457 2565 4515 est;
2610 4463 2776 4518 quam
2805 4464 2907 4504 nos
2951 4466 3046 4519 per
3075 4451 3255 4504 omnia
3295 4451 3424 4506 huic

1861 4547 2077 4618 negotio
2108 4542 2395 4598 convenire
2420 4549 2734 4606 cernentes,
2772 4557 2869 4595 eos
2901 4548 2962 4594 ut
2991 4542 3213 4596 rebelles
3251 4549 3305 4593 et
3332 4541 3420 4592 in-

1862 4635 2169 4691 obedientes
2192 4632 2435 4702 ejusdem
2463 4633 2801 4688 auctoritatis
2839 4633 3101 4687 sententia
3142 4632 3426 4685 damnavi-

1863 4743 2005 4793 mus,
2035 4742 2200 4796 quam
2232 4725 2427 4780 litteris
2456 4724 2657 4778 nostris
2704 4723 3038 4778 inserendam
3069 4735 3188 4775 esse
3228 4720 3423 4776 existi-

1864 4819 2164 4882 mavimus,
2221 4827 2280 4872 ut
2325 4816 2545 4885 quantis
2621 4815 2730 4869 sint
2799 4812 3130 4866 facinoribus
3204 4812 3424 4883 irretiti,

205 4904 449 4978 graviter
474 4892 910 4973 provocaturum.
939 4897 1257 4951 Audivimus
1283 4893 1444 4948 etiam
1473 4895 1756 4950 Rothoma-

1867 4910 2153 4980 quantisve
2179 4884 2521 4962 contumeliis
2547 4904 2712 4973 digni,
2755 4903 2960 4972 liquido
2987 4911 3186 4971 pateat.
3223 4903 3428 4960 Fabia-

205 5011 435 5068 gensem
456 4994 918 5064 archiepiscOpum
940 4986 1232 5042 sacerdotis
1258 4985 1427 5039 lilium
1453 5003 1590 5042 esse.
1613 4985 1767 5065 Quod

210 5089 264 5144 si
285 5103 472 5142 verum
485 5077 922 5156 deprehenditur,
936 5079 1150 5136 noveris
1170 5079 1496 5149 promotioni
1517 5080 1659 5134 illius
1669 5094 1768 5135 nos

208 5195 500 5234 assensum
526 5193 869 5250 nequaquam
894 5177 1148 5232 tribuere.
1179 5171 1253 5226 De
1290 5186 1356 5224 eo
1401 5181 1582 5227 autem
1623 5172 1768 5242 quod

214 5272 279 5326 in
310 5267 553 5327 Flandria
576 5288 701 5326 cum
725 5270 1049 5340 Lingonensi
1076 5268 1325 5339 episcopo
1352 5276 1461 5316 non
1497 5279 1561 5318 ex
1594 5266 1769 5318 moni-
1814 5260 1817 5262 ’

213 5368 299 5422 tis
325 5364 518 5419 nostris
572 5363 932 5418 intelleximus
961 5373 1012 5418 te
1045 5361 1257 5423 fecisse,
1281 5356 1423 5411 scias
1475 5364 1530 5409 et
1581 5365 1766 5410 contra

215 5459 485 5527 rationem
511 5467 564 5512 et
593 5453 794 5527 injuste
820 5453 985 5512 fuisse
1015 5458 1418 5524 praesumptum,
1444 5463 1567 5502 cum
1589 5463 1688 5501 nos
1717 5447 1770 5500 in

217 5551 467 5620 partibus
492 5551 598 5606 illis
624 5548 804 5605 Diensi
832 5549 1082 5616 episeopo
1103 5539 1772 5614 praecipuesollicitudinis

217 5650 424 5698 nostra
445 5644 613 5698 vicem
640 5644 707 5698 de
740 5640 990 5697 omnibus
1016 5634 1465 5694 commiserimus.
1497 5631 1770 5696 Quamob-

257 5743 269 5751 .
303 5774 444 5834 (399)
472 5777 548 5830 Ad
577 5776 790 5830 tertiam
820 5771 1083 5840 pcrtinmt
1114 5787 1233 5838 qua:
1263 5779 1584 5836 sequuntur.

1867 5017 2005 5058 nus:
2048 5000 2349 5054 Statuimus
2385 5005 2444 5050 ut
2482 4997 2528 5050 si
2575 4994 2772 5064 aliquis
2801 4994 3122 5049 clericorum
3164 4994 3277 5048 suis
3305 4997 3427 5065 epi-

1868 5092 2046 5160 sc0pis
2073 5090 2300 5143 infestus
2333 5095 2425 5140 aut
2451 5086 2732 5140 insidiator
2761 5084 3038 5148 fuerit,-eo
3064 5085 3210 5152 quod
3234 5085 3426 5140 crimi—

1867 5181 1983 5236 nari
2009 5178 2316 5243 tentaverit,
2344 5185 2437 5250 aut
2462 5171 2803 5247 conspirator
2832 5175 3013 5238 fuerit,
3041 5183 3117 5230 ut.
3146 5191 3274 5229 mox
3299 5184 3426 5228 ante

1865 5258 2232 5334 examinatum
2267 5269 2532 5338 judicium
2559 5269 2841 5321 submotus
2871 5279 2902 5317 a
2946 5263 3092 5320 clero
3120 5265 3282 5320 curiae
3310 5273 3426 5316 tra-

1874 5362 2053 5427 datur,
2089 5361 2176 5414 cui
2229 5360 2418 5414 diebus
2451 5358 2573 5410 vita:
2615 5369 2726 5408 sua:
2775 5354 3060 5420 deserviat,
3116 5362 3170 5408 et
3207 5351 3427 5408 infamis

1872 5455 2077 5523 absque
2101 5452 2209 5505 ulla
2248 5446 2602 5506 restitutionis
2635 5461 2730 5515 spe
2775 5452 3102 5515 permaneat.
3135 5441 3426 5510 Stephanus

1842 5563 2007 5614 .papa
2045 5540 2352 5617 :oClcricus
2394 5537 2486 5608 qui
2531 5538 2844 5607 episcopum
2881 5550 3038 5590 suum
3068 5534 3425 5600 accusaverit,

1873 5646 1964 5689 aut
1987 5635 2035 5688 ei
2059 5632 2340 5687 insidiator
2365 5629 2650 5696 exstiterit,
2681 5643 2785 5682 non
2806 5634 2887 5680 est
2912 5622 3268 5695 recipiendus.
3299 5625 3426 5692 quia
