3952 6422
531 486 628 543 ειεςι

1160 476 1216 532 S.
1257 464 1580 532 GREGORH
1615 466 1706 524 VII
1741 465 1943 523 ΡΑΡῶ
1982 459 2262 520 OPERUM
2304 454 2484 514 PARS
2518 458 2559 514 l.
2598 487 2670 500 --
2706 455 3123 512 REClSTREM.

3659 437 3778 506 tria

532 599 784 654 dilectum
808 595 976 650 filium
1005 585 1275 657 nostrum,
1295 587 1631 660 quem,sicut
1655 598 1817 652 supra
1833 580 2092 644 diximus,
2124 579 2169 634 Α
2261 573 2377 628 Non
2429 573 2739 628 dubitamus
2787 569 3142 625 fraternitatis
3183 576 3379 622 vestra:
3416 565 3774 620 dilectionem

533 702 680 744 nunc
725 685 960 741 secundo
1005 684 1073 738 ad
1106 697 1204 736 vos
1243 680 1529 742 mittimus,
1562 684 1622 729 ut
1668 689 1794 728 eum
1824 673 1965 727 sicut
1992 685 2092 725 nos

535 778 786 842 audiatis,
839 783 894 830 et
941 775 994 829 in
1045 773 1300 828 omnibus
1331 771 1430 827 sibi
1476 767 1717 823 favorem
1759 763 2090 826 eihibeatis;

533 877 802 939 quatenus
840 881 951 921 non
975 867 1069 919 fiat
1096 864 1272 917 inanis
1305 877 1499 916 cursus
1523 869 1577 913 et
1609 859 1763 912 labor
1785 856 1928 909 illius
1954 850 2096 922 apud

534 975 652 1026 vos,
683 959 777 1012 sed
807 973 908 1026 pro
935 955 1224 1009 commissa
1255 953 1355 1008 sibi
1396 950 1665 1021 legatione
1691 964 1756 1002 ea
1783 961 1904 1016 quae
1924 945 1990 1003 de
2009 958 2098 997 ec-

537 1048 854 1103 clesiasticis
905 1045 1085 1100 causis
1133 1043 1415 1097 tractanda
1466 1039 1757 1104 invenerit,
1814 1035 2100 1090 efﬁcaciter

537 1136 780 1207 exsequi,
803 1143 857 1190 et
899 1137 966 1190 ad
1011 1145 1210 1189 statum
1239 1131 1598 1198 rectitudinis,
1636 1129 1744 1184 Deo
1790 1128 2095 1196 adjuvante,

536 1228 827 1292 perducere
850 1227 1042 1280 valeat.
1073 1226 1277 1281 Caetera
1305 1238 1436 1277 vero
1485 1237 1606 1291 quze
1633 1222 1722 1274 hic
1757 1220 1939 1273 minus
1964 1231 2097 1269 con-

536 1317 793 1384 tinentur,
810 1318 863 1371 in
892 1317 1011 1386 ejus
1040 1331 1133 1371 ore.
1165 1315 1469 1386 posuimus,
1492 1313 1580 1366 cui
1606 1326 1706 1382 vos
1727 1311 1780 1364 in
1804 1309 1953 1362 nullo
1978 1321 2097 1361 cre-

534 1408 662 1462 dere
686 1408 966 1472 dubitetis,
979 1422 1085 1481 per
1101 1421 1260 1476 quem
1292 1413 1532 1459 nostram
1552 1403 1707 1457 vobis
1727 1399 2099 1454 auctoritatem

536 1499 912 1568 repraesentari
934 1483 1284 1567 cegnoscitis.

605 1587 738 1642 Data
778 1588 981 1654 Bonna,
1006 1588 1215 1643 decimo
1245 1594 1437 1640 octavo
1466 1583 1732 1640 Kalendas
1759 1581 2097 1644 Novembris,

535 1678 828 1734 indictione
853 1695 934 1734 ιιι.

1084 1744 1414 1800 EPISTOLA
1453 1743 1563 1797 VII.

924 1854 988 1892 AD
1023 1854 1050 1891 Β
1060 1853 1321 1892 ιειιιιιιυωι
1358 1849 1708 1890 (ΣᾹΙὶῡΙΝᾹΙᾸΞΙ.

1040 1992 1043 1995 _
1125 1928 1310 1998 (Anno
1339 1925 1517 1994 1079.)
2130 1903 2174 1958 Β

535 2017 819 2074 Constituit
864 2035 981 2072 eum
1032 2018 1271 2070 abbatem
1323 2013 1719 2075 Massiliensem,
1762 2029 1795 2065 a
1845 2011 2099 2081 fratribus

603 2089 949 2160 postulatum.
991 2087 1268 2160 Hortatur
1285 2086 1354 2138 ad
1396 2093 1525 2138 onus
1560 2083 1788 2160 fideliter
1814 2082 2102 2160 suscipiens

605 2148 750 2212 'dum.
788 2157 1097 2210 Desiderare
1125 2173 1177 2208 se
1215 2155 1292 2208 ait
1321 2148 1694 2207 monasterium
1732 2151 1914 2208 Sancti
1939 2148 2101 2204 Pauli

607 2237 657 2281 et
701 2228 1072 2280 monasterium
1108 2224 1436 2278 Massiliense
1472 2224 1649 2286 antire,
1685 2231 1732 2275 et
1766 2230 1882 2291 post
1916 2236 2102 2291 mona-

600 2298 880 2350 steriorum
921 2297 1034 2364 ejus
1094 2305 1288 2348 rectam
1331 2290 2106 2364 dispositionem,'legationent

607 2381 760 2420 suam
790 2365 847 2417 in
884 2361 1202 2434 Hispaniam
1231 2363 1468 2433 persequi
1481 2361 1650 2431 jubet.

608 2455 912 2510 Caesonius
946 2455 1254 2524 episcopus,
1303 2468 1492 2508 servus
1522 2465 1803 2507 servorum
1843 2448 1958 2516 Dei,
2007 2448 2105 2502 Rr-

539 2561 744 2600 cunno
786 2544 1046 2619 cardinali
1084 2544 1138 2598 in
1183 2543 1449 2623 legatione
1489 2540 1762 2613 Hispaniae
1815 2541 2108 2596 constituto

541 2632 770 2690 salutem
793 2643 848 2690 et
865 2635 1217 2712 apostolicam
1247 2631 1697 2703 benedictionem.

612 2725 953 2781 Unanimitas
977 2726 1205 2780 fratrum
1225 2725 1665 2790 Massiliensium,
1698 2724 1751 2776 in
1782 2721 1974 2776 litteris
1995 2720 2110 2775 suis

542 2825 745 2871 sanctae
796 2816 1072 2871 memoria:
1129 2814 1316 2869 fratris
1363 2813 1471 2886 tuis
1519 2828 1828 2868 memorans
1882 2813 2110 2876 obitum,

544 2922 685 2961 novo
715 2921 802 2962 me
836 2907 1024 2964 dolore
1044 2976 1046 2978 ν
1070 2890 1354 2971 sauciavit,
1397 2907 1587 2975 petens
1616 2905 2112 2974 insuper'contem-

544 2997 782 3068 platione
807 2999 1011 3053 amoris
1039 2998 1213 3053 sancti
1245 2996 1432 3052 fratris
1453 2996 1553 3062 tui,
1577 3004 1736 3065 teque
1764 2995 1908 3050 velut
1935 2995 2112 3065 ipsum

546 3089 777 3143 alterum
801 3088 1046 3143 futurum
1091 3085 1337 3157 sperans,
1361 3088 1440 3141 uti
1464 3086 1568 3157 sibi
1596 3094 1650 3139 te
1680 3085 2030 3140 concederem
2055 3085 2114 3160 in

2194 664 2446 718 mmroris
2473 672 2528 716 et
2555 662 2789 716 tristitize
2820 661 3032 730 plenam
3058 674 3223 728 super
3247 656 3542 711 venerandi
3585 654 3778 709 Patris

2196 754 2280 810 sui
2309 768 2537 808 excessu
2582 752 2884 806 vehementi
2929 751 3114 805 dolore
3144 737 3488 818 censtringiq
3511 744 3580 799 de
3606 745 3782 814 cujus

2195 844 2428 899 transitu
2452 842 2692 913 profecto
2712 840 2934 897 memini
2959 840 3135 909 majus
3164 837 3568 893 incommodum
3597 849 3779 905 quam
3812 856 3816 861 ι

2184 936 2353 990 nobis
2395 942 2489 987 aut
2539 947 2692 1003 mque
2739 947 3006 1002 magmnn.
3047 929 3293 984 evenisse
3342 937 3619 996 putamus,
3675 923 3782 994 qui

2196 1026 2357 1080 talem
2397 1030 2717 1092 tantumque
2758 1023 3060 1091 adjutorem
3109 1019 3268 1074 nobis
3303 1033 3336 1072 e
3365 1019 3533 1071 latere
3556 1015 3780 1069 subdu-

2197 1125 2345 1168 ctum
2383 1115 2670 1170 sentimus.
2696 1111 3063 1167 intelleximus
3089 1109 3356 1181 siquidem
3380 1108 3433 1161 in
3474 1107 3610 1177 ipsis
3639 1121 3785 1176 pru-

2197 1206 2380 1261 dcntia
2407 1214 2462 1260 et
2501 1205 2749 1269 consilio,
2790 1204 2837 1258 si
2857 1200 3322 1272 vita‘aliquandiu
3359 1213 3542 1253 comes
3574 1210 3782 1250 mane-

2197 1303 2298 1362 ret,
2329 1295 2624 1364 plurimum
2656 1295 2925 1361 utilitatis,
2947 1291 3058 1347 Deo
3097 1291 3332 1356 favente,
3373 1303 3481 1343 non
3511 1288 3694 1342 solum
3721 1284 3784 1338 in

2198 1385 2590 1455 Transalpinis,
2620 1401 2810 1440 verum
2853 1385 3016 1440 etiam
3046 1384 3100 1437 in
3147 1382 3313 1437 Italiae
3343 1383 3612 1451 partibus,
3644 1393 3784 1434 cum

2198 1475 2490 1530 multorum
2521 1475 2716 1541 salute,
2739 1481 2941 1529 sancte
2971 1473 3231 1528 Romanis
3259 1472 3514 1528 Ecclesiae
3534 1490 3785 1545 perven—

2198 1573 2401 1620 turum.
2433 1563 2586 1620 Unde
2611 1581 2711 1620 nos
2749 1579 2966 1634 quoque
2988 1563 3120 1618 tanti
3149 1562 3402 1618 culminis
3440 1580 3604 1632 onus,
3627 1564 3790 1636 quod

2199 1657 2340 1712 ultra
2363 1655 2506 1714 vires
2526 1666 2629 1726 est,
2651 1658 3003 1722 sustinentes,
3027 1655 3296 1725 ejusmodi
3319 1655 3512 1713 solatio
3533 1658 3787 1724 sublato,

2199 1765 2324 1804 cum
2347 1750 2640 1816 neminem,
2662 1756 2757 1802 ant
2778 1748 2868 1800 vix
2899 1761 3102 1817 paucos
3138 1746 3519 1818 suifragatores
3566 1748 3794 1804 similes

2201 1839 2560 1905 inveniamus,
2587 1845 2792 1908 quanto
2814 1835 3013 1891 mentis
3033 1851 3233 1906 angore
3251 1838 3793 1908 teneamur,liquido

2200 1929 2418 2001 quidem
2447 1928 2672 2000 potestis
2698 1936 2751 1983 et
2771 1926 2882 1997 ipsi
2922 1925 3476 1997 per'pcndereJ’erum
3500 1928 3633 2002 quia
3656 1910 3802 1984 om?

2201 2021 2496 2092 nipotentis
2529 2019 2623 2075 Dei
2647 2015 3042 2087 inaestimabilis
3062 2016 3397 2085 providentia
3424 2019 3608 2074 omnia
3628 2019 3795 2090 justo

2199 2121 2255 2167 et
2300 2110 2574 2181 Sapienter
2618 2107 2878 2178 disponit,
2909 2105 3110 2176 judicia
3149 2106 3288 2176 ejus,
3335 2107 3592 2162 nimirum
3631 2118 3795 2165 recta

2202 2201 2429 2256 consilia
2485 2198 2679 2268 ipsius,
2741 2195 3013 2267 aequitatis
3074 2203 3130 2249 et
3175 2197 3560 2253 misericordiae
3617 2199 3794 2270 plena

2203 2290 2362 2347 nobis
2397 2297 2543 2355 sunt,
2581 2287 2798 2352 fratres,
2840 2284 3218 2356 mquanimiter
3251 2285 3494 2341 ferenda.
3528 2287 3599 2342 Et
3636 2305 3793 2359 quo-

2204 2381 2354 2436 niam
2393 2386 2747 2448 memoratus
2771 2375 2933 2432 Pater
2966 2382 3169 2442 vester,
3209 2376 3356 2445 quod
3386 2376 3622 2432 vivendo
3649 2393 3793 2448 pro-

2205 2470 2484 2537 meruerit,
2521 2468 2770 2525 obeundo
2814 2467 3194 2522 incunctanter
3241 2476 3327 2524 est
3363 2468 3597 2525 Abrahae
3657 2471 3792 2526 sinu

2205 2570 2475 2632 receptus,
2520 2576 2622 2616 nos
2646 2559 2790 2615 dulci
2822 2558 2968 2614 illius
2995 2559 3259 2614 memoria
3299 2572 3352 2614 a'
3374 2561 3528 2615 vobis
3573 2562 3790 2630 stricti,

2206 2648 2476 2725 prmeipué
2504 2652 2668 2707 etiam
2709 2650 2894 2704 divino
2932 2664 3118 2703 amore
3143 2659 3425 2717 monente,
3467 2651 3653 2707 locum
3675 2669 3792 2709 'vc-

2210 2752 2383 2797 sti-um
2397 2741 2703 2811 specialiter
2723 2739 2966 2810 diligere,
2984 2739 3196 2808 juvare,
3215 2748 3270 2794 et
3293 2741 3362 2795 ab
3383 2742 3643 2798 omnibus
3665 2744 3792 2800 vio-

2211 2832 2412 2897 lentiis,
2437 2831 2580 2886 sicut
2601 2828 2856 2884 Ecclesia:
2867 2829 3126 2885 Romanae
3146 2822 3450 2900 specialiter
3460 2832 3789 2900 merentem,

2212 2913 2499 2977 defendere
2538 2919 2921 2984 decrevimus;—
2951 2926 3013 2973 et
3059 2922 3514 2989 quemadmodum
3557 2923 3793 2980 Clunia-

2213 3027 2376 3068 cense
2413 3010 2805 3066 monasterium
2835 3007 2997 3080 longo
3011 3010 3125 3080 jam
3154 3017 3396 3079 tempore
3420 3014 3533 3066 sedi
3557 3027 3793 3084 aposu)-

2203 3099 2332 3158 licat
2355 3111 2572 3158 constat
2594 3111 2722 3158 esse
2748 3104 2981 3168 unitum,
3008 3101 3083 3156 ita
3115 3116 3335 3170 quoque
3362 3109 3606 3157 vestrum
3633 3105 3795 3161 dein-

547 3178 856 3283 abitalem;‘
876 3179 1116 3283 quf’df‘
1158 3177 1279 3283 ῖεῗξδί·
1312 3175 1620 3283 V0192“?
1666 3184 1726 3229 ιη
1769 3174 1964 3283 (“lites
1993 3184 2114 3283 ιιιοξ
2141 3223 2183 3283 C
2216 3208 2363 3264 ceps,
2392 3201 2454 3247 ut
2477 3176 2651 3254 eidem
2694 3194 2810 3266 sedi
2846 3193 3098 3248 similiter
3133 3192 3338 3246 hmmat
3378 3192 3432 3246 in
3461 3203 3793 3265 perpetuum

550 3268 698 3322 nullo
735 3267 896 3340 modo
938 3267 1287 3336 pertinaciter
1329 3266 1635 3322 resistendo
1677 3265 1986 3330 contristes,
2022 3265 2116 3321 sed

548 3358 808 3414 voluntati
850 3357 945 3413 Dei
981 3367 1035 3413 et
1073 3366 1384 3412 sanctorum
1427 3356 1657 3412 fratrum
1702 3357 1859 3422 facile
1900 3356 2118 3430 acquie-

548 3461 692 3506 scas.
744 3449 1004 3505 Volumus
1039 3450 1200 3504 etiam
1240 3458 1401 3520 atque
1428 3465 1717 3508 monemus
1746 3457 1825 3516 ut,
1861 3449 1914 3502 in
1945 3462 2119 3518 quan-

551 3550 668 3596 tum
695 3548 869 3611 potes,
913 3557 1039 3610 spes
1066 3549 1341 3595 tantorum
1379 3540 1606 3594 fratrum
1648 3541 1714 3595 de
1749 3547 1802 3594 te
1831 3544 1970 3593 vana
2009 3554 2117 3592 non

552 3630 677 3696 ﬁat,
737 3631 829 3684 sed
885 3629 1149 3698 Spiritum
1210 3641 1459 3686 sanctum
1513 3631 1712 3685 fratris
1764 3630 1842 3684 tui
1894 3630 2121 3692 viriliter

553 3707 773 3791 induas.
809 3721 1112 3774 saecularia
1133 3736 1195 3773 ac
1219 3721 1480 3789 juvenilia
1515 3709 1780 3774 desideria
1804 3727 1864 3774 ut
1893 3728 2123 3772 mortem

517 3871 520 3874 ,
556 3811 754 3882 fugias,
786 3817 986 3866 sancta:
1029 3810 1229 3881 regulae
1276 3810 1588 3881 medullitus
1634 3818 1685 3864 te
1723 3794 2013 3878 astringas,
2059 3822 2126 3860 ne

555 3900 842 3958 occasione
891 3907 999 3954 tua:
1049 3901 1350 3977 juventutis
1412 3901 1799 3955 monasterium
1856 3909 2125 3963 sanctum,

534 3992 702 4074 quod
742 3999 948 4046 avertat
1003 3990 1166 4057 Deus,
1217 3993 1453 4062 patiatur
1489 3991 1708 4061 aliquod
1740 3990 2128 4045 detrimentum

534 4083 852 4157 religionis.
887 4081 1085 4137 Notum
1125 4092 1306 4136 autem
1336 4083 1430 4136 tibi
1453 4081 1613 4146 facio,
1637 4081 1782 4150 .quia
1803 4080 2129 4136 desiderium

557 4176 694 4230 mihi
722 4184 807 4230 est
831 4171 1221 4230 monasterium
1263 4174 1406 4228 beati
1431 4173 1585 4227 Pauli
1609 4171 1840 4242 apostoli
1865 4181 1918 4226 et
1938 4187 2130 4226 mona-

469 4302 471 4305 -
561 4267 787 4320 stcriult
839 4264 1172 4320 Massiliense
1224 4274 1374 4321 tanta
1428 4263 1709 4318 charitatis
1753 4264 1953 4318 unione
1998 4278 2132 4317 con-

564 4354 849 4424 stringere,
889 4365 1030 4408 utet
1064 4356 1194 4410 illud
1237 4371 1448 4425 semper
1485 4370 1585 4424 pro
1617 4370 1804 4411 amore
1841 4354 2136 4416 beatissimi

564 4441 719 4498 Pauli
742 4458 805 4497 ex
835 4444 1127 4511 apostolica
1163 4445 1484 4498 auctoritate
1505 4455 1835 4513 succrescat,
1858 4454 1912 4500 et
1931 4444 2136 4500 beatis-

2215 3284 2468 3340 volumus
2489 3290 2653 3354 atque
2700 3280 3020 3356 san_cimus.-
3051 3281 3372 3339 Audivimus
3415 3292 3598 3340 autem
3643 3288 3796 3358 quod

2190 3412 2192 3414 τ
2215 3375 2457 3430 cbaritas
2483 3369 2664 3429 vestra
2691 3375 2868 3429 ﬁlium
2895 3363 3144 3430 nostrum
3170 3381 3225 3428 et
3257 3375 3636 3452 presbyterum
3668 3393 3796 3436 car—

2216 3467 2449 3522 dinalcm
2495 3465 2828 3521 Ricbardum
2871 3465 2994 3521 loco
3025 3466 3268 3536 germani
3312 3466 3484 3536 ipsius
3522 3467 3579 3523 in
3617 3470 3795 3525 abba-

2201 3567 2326 3634 tem
2351 3559 2477 3612 velit
2515 3559 2731 3628 eligere,
2757 3573 2924 3628 quam
2951 3551 3187 3627 denique
3204 3557 3662 3617 electionemnos
3706 3576 3801 3632 ap-

2219 3651 2533 3720 probamus,
2557 3644 2929 3719 et'apostolica
2953 3645 3275 3704 auctoritate
3297 3649 3607 3715 ﬁrmamus,
3621 3651 3677 3703 in
3690 3637 3801 3706 hoc

2222 3741 2351 3794 item
2377 3740 2538 3793 vobis
2580 3739 2822 3805 obnoxii,
2851 3743 2906 3794 et
2931 3739 3091 3807 quasi
3122 3739 3355 3793 vinculis
3376 3738 3670 3808 geminatis
3699 3755 3801 3795 an-

2225 3829 2369 3895 nexi,
2413 3828 2558 3896 quod
2595 3836 2797 3882 sancire
2829 3825 3089 3880 Romanae
3116 3821 3372 3882 Ecclesia:
3396 3827 3571 3890 tilium
3613 3837 3798 3894 recto-

2226 3933 2340 3972 rem
2402 3916 2556 3972 vobis
2615 3916 2886 3987 appetitis.
2935 3910 3199 3986 0po'rtere
3247 3918 3422 3989 igitur,
3449 3919 3800 3993 arbitramur

2227 4008 2471 4064 omnium
2503 4007 2772 4064 bonorum
2797 4007 3228 4079 dispensatorem
3247 4024 3498 4078 exorare,
3520 4022 3799 4081 quatenus

2230 4100 2406 4169 ipsum
2433 4115 2556 4154 eum
2587 4101 2751 4156 saluti
2787 4109 2982 4156 vestra:
3012 4102 3085 4154 ita
3110 4101 3418 4170 vigilantem
3453 4104 3799 4171 provisorem

2229 4189 2442 4257 etliciat,
2469 4200 2531 4244 ut
2557 4191 2603 4245 is
2631 4206 2728 4261 pro
2757 4190 2964 4246 salubri
2993 4207 3124 4246 cura
3144 4199 3200 4246 et
3221 4189 3436 4247 talentis
3468 4191 3800 4264 multiplica—

2232 4283 2302 4338 tis
2343 4281 2920 4353 aeternzebtereditatis
2968 4282 3112 4337 dona
3157 4281 3439 4352 percipiat,
3478 4294 3536 4338 et
3575 4284 3800 4353 pramia

2231 4373 2389 4427 beata
2411 4377 2698 4442 reportans
2726 4362 2952 4427 matrem
2980 4388 3138 4427 suam
3167 4372 3420 4426 laetilleet.
3575 4444 3578 4446 γ

2307 4463 2440 4516 Data
2476 4461 2683 4529 Romae,
2714 4464 2905 4533 quinto
2945 4461 3057 4534 [ιιι]
3085 4459 3269 4535 Nonas
3285 4459 3637 4531 Novembris.
3661 4461 3797 4518 indi-

568 4535 697 4591 simi
731 4533 885 4588 Pauli
927 4533 1317 4586 monasterium
1345 4533 1414 4585 ad
1449 4543 1693 4588 sanctam
1724 4537 2039 4606 religionem
2067 4550 2116 4589 ei

2233 4554 2410 4607 ctione
2439 4552 2615 4606 tertia.

571 4627 719 4684 illius
787 4623 1128 4680 monasterii'
1173 4623 1430 4693 religione
1509 4623 1773 4691 proficiat.
1838 4621 2152 4693 Postquam

571 4727 776 4783 autem,
823 4715 1191 4778 Deoauctore,
1235 4713 1563 4766 monasteria
1609 4722 1700 4767 tua
1742 4714 1878 4767 bene
1916 4729 2137 4783 compo-

574 4809 771 4874 sueris,
818 4805 1140 4878 legatiOnem
1187 4803 1285 4858 tibi
1342 4803 1689 4858 commissam
1740 4803 1808 4857 ad
1854 4802 2141 4874 Hispanias

576 4899 832 4968 perlicere
859 4913 966 4951 non
989 4895 1235 4949 moreris.

642 4985 1000 5056 Data_Romte,
1025 5003 1076 5040 iv
1091 4985 1272 5040 Nonas
1290 4983 1630 5050 Novembris,
1655 4977 1947 5039 indictione
1972 4999 2051 5038 ιιι.

1107 5096 1438 5152 EPISTOLA
1473 5097 1608 5152 VIII.

969 5201 1034 5238 AD
1067 5201 1335 5241 MONACHOS
1380 5205 1759 5246 ιιιιδειιιειεεεδ.

1180 5275 1356 5343 (Anno
1384 5278 1562 5350 1079.)

589 5369 740 5425 Dolet
765 5367 827 5420 de
860 5366 1002 5441 obita
1029 5382 1204 5441 eoruln
1241 5366 1467 5441 abbatis,
1501 5382 1732 5441 quorum
1751 5377 2144 5441 monasterium,

694 5436 1092 5491 uemadmodum
1127 5434 1467 5488 Cluniacense
1511 5434 1812 5504 apostolica!
1857 5445 1964 5495 sedi
2007 5434 2142 5497 uniti

694 5456 1092 5491 uemaamoaum
1127 5456 1467 5488 uumucense
1511 5456 1812 5504 (lpOS'IOlH'C
1857 5456 1964 5495 sed:
2007 5456 2142 5497 umt.

658 5456 982 5561 Electionem
1018 5503 1270 5559 Richardi
1299 5505 1586 5560 cardinalis
1619 5507 1674 5558 in
1707 5507 1944 5561 abbatem
1978 5515 2040 5564 ab
2073 5515 2149 5565 eis

565 5612 567 5615 -
660 5579 857 5646 [actam
875 5577 1168 5645 conﬁrmat.

625 5704 643 5724 .
663 5667 967 5722 Gnsconws
1001 5668 1308 5736 episcopus,
1335 5682 1526 5720 servus
1559 5682 1840 5721 servorum
1883 5666 1997 5733 Dei,
2022 5668 2155 5722 dile-

601 5757 700 5809 ctis
722 5758 775 5810 in
797 5757 1012 5813 Christo
1030 5757 1386 5812 Massiliensis
1428 5758 1860 5827 congregationis
1897 5759 2154 5815 fratribus

602 5844 824 5902 salutem
846 5857 899 5901 et
933 5850 1276 5918 apostolicam
1302 5848 1747 5903 benedirtienem.

2776 4628 3114 4749 srisrou
3145 4658 3235 4715 IX.

2237 4766 2302 4803 λι)
2333 4767 2631 4818 Αετεκδειι,
2664 4749 3060 4815 τιυιιικειιδεω,
3090 4766 3160 4804 s'r
3187 4765 3458 4815 AQUE‘NSEI
3487 4769 3797 4824 episcopos.

2823 4838 3004 4910 (Anno
3039 4839 3222 4911 1079.)

2245 4949 2313 5004 Ut
2341 4950 2613 5022 cujusdam
2649 4949 2916 5027 Bonifacii
2944 4951 3256 5027 _conjagittm
3281 4968 3400 5005 cum
3436 4955 3655 5027 muliere
3685 4972 3802 5027 ger.

2348 5037 2502 5072 mana
2525 5019 2619 5072 suo
2637 5019 2882 5090 defuncto
2903 5019 3028 5074 olim
3050 5019 3366 5089 desponsata
3383 5023 3673 5091 pro/libeat.

2311 5128 2616 5186 GBEGOIUUS
2635 5123 2944 5200 episcopus,
2960 5146 3151 5186 servus
3175 5147 3456 5188 servorum
3627 5135 3802 5192 fratri-

2246 5221 2348 5274 bus
2375 5229 2431 5274 et
2455 5221 2790 5291 coepiscopis
2807 5263 2824 5288 ,
2869 5221 3086 5278 Astensi
3109 5263 3126 5289 ,
3171 5220 3494 5295 Taurinen'si
3513 5267 3529 5291 ,
3557 5233 3614 5282 et
3636 5226 3804 5283 electo

2245 5313 2508 5382 Aquensi,
2541 5313 2770 5367 salutem
2793 5324 2849 5368 et
2880 5314 3234 5383 aposmlicam
3271 5315 3721 5374 benedictionem.

2315 5403 2567 5458 Pervenit
2595 5405 2665 5459 ad
2702 5421 2803 5459 nos
2829 5405 2976 5474 quod
3019 5404 3638 5481 Bonifaciusmarcltio,
3685 5423 3803 5482 ger-
3832 5429 3838 5433 τ

2249 5510 2445 5568 manus
2469 5493 2752 5548 Mainfredi
2775 5501 2832 5547 et
2851 5493 3112 5556 Anselmi,
3151 5508 3322 5561 nuper
3342 5495 3804 5568 interemptorum,

2250 5583 2493 5652 ejusdem
2522 5582 2760 5636 Anselmi
2788 5582 3173 5650 desponsatam
3212 5592 3443 5638 conatur
3463 5585 3566 5640 sibi
3594 5586 3650 5640 in
3675 5594 3803 5641 oon-

2248 5672 2458 5741 jugium
2495 5671 2768 5740 copulare.
2816 5669 2971 5735 Quod
3017 5686 3180 5740 quam
3225 5671 3296 5725 sit
3339 5671 3529 5744 ﬂagitii
3571 5675 3803 5742 plenum,

2256 5774 2418 5827 quam
2479 5775 2511 5811 a
2561 5757 2883 5816 Christiana:
2943 5758 3221 5828 religionis
3275 5759 3486 5830 legibus
3542 5759 3804 5821 alienam,

2258 5863 2416 5904 nemo
2463 5851 2554 5919 qui
2605 5864 2803 5926 sacros
2831 5865 3068 5906 canones
3108 5851 3257 5905 novit
3297 5858 3475 5919 potest
3522 5847 3802 5912 ambigere,
