3952 6384
136 447 219 501 5.35
1156 443 1357 497 LIBER
1399 442 1756 498 SEPTIMUS.
1798 474 1858 481 —
1901 441 2119 497 EPlST.
2161 443 2248 497 XI.

3227 450 3332 502 ὺὸὶ

135 540 445 606 Quapropter
487 536 761 591 dilectioni
813 543 1008 589 vestrm
1048 536 1394 605 przecipimus
1425 544 1484 590 ut
1520 536 1670 608 illum
1703 539 1745 593 Α
1773 549 1894 587 cere
1929 533 2234 591 nullatenus
2259 544 2451 604 potest.
2484 533 2876 588 lnfructnosant
2901 532 3046 589 enim
3071 537 3334 606 potuit-2n-

135 637 292 682 nostra
321 629 436 681 vice
464 628 848 682 convenientes
869 669 882 691 ,
920 627 1314 680 comntoneatis
1332 669 1348 694 ,
1402 637 1670 696 quatenus

135 727 296 776 contra
324 727 637 772 sanctorum
676 716 902 770 Patrum
931 723 1133 771 statuta
1161 716 1257 769 tali
1285 724 1548 785 tanquam
1578 732 1672 770 ne-

135 807 543 863 farioconnubio
569 806 800 862 desistat
833 806 1074 878 ulterius
1093 820 1312 874 operam
1343 806 1492 860 dare.
1517 804 1672 872 Quod

137 898 174 954 si
204 911 256 951 se
289 896 355 950 ad
391 899 490 950 hoc
525 895 942 966 perpetrandum
977 895 1285 964 iuramento
1322 904 1476 965 putat
1514 896 1674 950 astri-

137 995 262 1042 ctum
287 987 476 1052 teneri,
507 987 827 1056 perniciosae
839 985 1186 1055 obligationis
1211 988 1435 1042 stultum
1456 996 1672 1058 pactum

137 1093 227 1132 non
250 1077 659 1142 observandum,
695 1077 791 1132 sed
818 1077 875 1130 in
904 1075 1120 1130 irritum
1154 1077 1526 1133 devocandum’
1553 1094 1675 1135 esse

135 1183 423 1232 censemus,
463 1176 518 1222 et
552 1166 708 1223 vobis
749 1167 930 1221 taliter
977 1166 1283 1221 habendum
1329 1167 1670 1223 mandamus.

139 1259 219 1313 Sin
249 1273 373 1312 vero
408 1266 599 1312 contra
639 1257 868 1312 salutem
914 1271 1070 1310 suam
1111 1256 1296 1310 animo
1339 1255 1590 1310 indurato
1619 1258 1673 1311 in

137 1350 309 1419 placito
339 1358 445 1403 tam
477 1348 710 1403 nefando
736 1347 1051 1418 perstiterit,
1082 1355 1136 1400 et
1159 1346 1468 1401 salubribus
1497 1347 1675 1400 moni-

139 1442 223 1505 tis,
265 1440 403 1494 sicut
454 1439 825 1494 Christianum
879 1438 1062 1503 decet,
1113 1437 1484 1506 obtemperare
1540 1453 1674 1492 con-

138 1528 411 1600 tempserit,
439 1545 540 1585 vos
567 1530 622 1584 in
651 1544 776 1586 eum
812 1528 975 1598 primi
1003 1528 1321 1582 canonicam
1353 1529 1675 1582 sententiam

139 1620 464 1690 promulgate,
489 1635 655 1689 quam
680 1633 783 1673 nos
798 1617 1011 1683 exinde,
1043 1617 1152 1671 Deo
1168 1625 1408 1683 auctore,
1439 1616 1677 1672 firmabi-

140 1726 264 1776 mus,
284 1720 334 1766 et
359 1709 652 1781 apostolica
666 1716 932 1779 potestate
955 1707 1358 1773 roborabimus,
1373 1722 1442 1762 ne
1469 1708 1673 1774 caeteri,

142 1802 230 1855 hoc
252 1800 490 1869 exetnplo
513 1799 683 1864 ducti,
720 1807 814 1852 aut
856 1797 911 1851 ln
952 1796 1220 1852 deteriora
1257 1796 1540 1862 labantur,
1583 1807 1678 1851 aut

139 1891 312 1946 similia
337 1889 436 1946 sibi
459 1891 622 1946 licere
645 1887 785 1944 forte
805 1888 1135 1943 existiment.

197 1977 312 2034 Data
342 1979 524 2036 Romae
559 1978 710 2034 uertio
723 1976 906 2033 Nonas
928 1975 1210 2040 Novemb.,
1241 1976 1349 2030 ind.
1384 1991 1465 2030 nt.

674 2095 1008 2152 EPISTOLA
1049 2096 1090 2149 Χ
1103 2137 1116 2150 .

527 2205 593 2242 AD
633 2204 918 2243 [TSIVCBSOS
950 2203 1258 2241 BRITANNOS.

693 2279 872 2346 (Anno
914 2276 1094 2347 1079.)

139 2369 362 2434 Qurritur
382 2371 445 2452 de
466 2369 620 2452 falsa:
641 2370 956 2450 paenitentia:
979 2369 1370 2452 consuetudine,
1399 2385 1519 2452 qua:
1545 2370 1681 2423 inter

189 2449 358 2493 ca'tera
386 2437 514 2494 vitia
552 2437 674 2493 tunc
718 2439 962 2508 temporis
982 2439 1038 2490 in
1075 2437 1314 2490 Ecclesia
1345 2437 1631 2492 inoleverat
1660 2455 1678 2492 :

195 2512 270 2578 cui
308 2510 443 2563 malo
486 2519 544 2563 ut
581 2510 868 2568 remedium
915 2508 1104 2574 a/ferat
1135 2507 1311 2578 lnittit
1352 2523 1412 2560 eo
1448 2507 1681 2578 legatum

201 2577 489 2632 Olorcnsem
512 2580 833 2648 episcopum,
859 2583 915 2629 ut
933 2593 990 2630 eo
1011 2576 1234 2646 prws‘ide
1260 2577 1316 2629 in
1340 2576 1536 2648 synodo
1558 2595 1680 2630 con-

194 2649 441 2727 greganda
471 2648 534 2701 de
574 2665 718 2730 ραι-νε
743 2647 1022 2730 diligenter
1048 2655 1425 2730 pertractetur;
1468 2647 1678 2700 interim

195 2726 294 2786 ipse
316 2735 430 2788 quin
451 2733 572 2771 vera
597 2726 667 2771 sit
695 2726 1001 2787 pwnitentta
1021 2726 1256 2786 exponit.

196 2827 486 2884 GREGORIUS
518 2828 828 2898 episcopus,
857 2841 1048 2881 servus
1087 2841 1371 2881 servorum
1408 2827 1536 2894 Dei,
1567 2831 1680 2899 epi-

134 2919 313 2987 scopis,
342 2919 732 2983 sacerdotibus,
768 2917 1134 2988 principibus,
1172 2917 1402 2988 aliisque
1426 2920 1681 2976 omnibus

137 3006 182 3060 in
226 3009 492 3064 Britannia
529 3009 1028 3075 eommorantibus,
1059 3008 1287 3065 salutem
1325 3017 1379 3062 et
1418 3009 1677 3079 apostoli-

134 3111 241 3151 eam
264 3099 708 3156 benedictionem.
735 3099 780 3156 si
808 3099 1125 3154 obedierint.

193 3184 538 3246 Sacerdotalis
563 3142 816 3268 culniinis
840 3189 1076 3260 dignitas
1104 3197 1219 3242 tum
1247 3184 1540 3258 imperitia,
1562 3196 1675 3244 tum

135 3278 434 3349 negligentia
466 3280 832 3344 sacerdotum,
869 3278 1012 3332 sicut
1051 3287 1233 3332 vestra
1261 3276 1478 3333 dilectio
1508 3281 1676 3345 novit,

133 3380 191 3418 ex
208 3367 356 3438 longo
381 3370 490 3439 jam
514 3379 777 3439 tempore,
799 3368 1036 3437 peccatis
1059 3368 1419 3438 exigentibus,
1441 3367 1541 3422 fuit
1568 3371 1678 3423 col-

134 3454 286 3524 lapsa.
315 3456 388 3511 Ex
421 3474 529 3529 qua
557 3458 774 3529 quidem
798 3473 886 3523 re,
925 3456 1082 3527 quasi
1110 3472 1175 3511 ex
1208 3456 1463 3526 pestifera
1500 3457 1679 3512 radice

134 3545 393 3603 innumera
425 3550 566 3604 mala
605 3555 792 3604 exorta
823 3557 970 3615 sunt,
1003 3548 1137 3603 adeo
1158 3555 1218 3602 ut
1261 3564 1435 3618 usque
1472 3549 1538 3603 ad
1565 3549 1681 3604 luce

134 3645 302 3691 nostra
344 3647 618 3710 tempora,
677 3639 818 3694 inter
855 3647 1051 3693 caatera
1093 3654 1215 3708 qua:
1249 3639 1387 3694 male
1416 3635 1683 3709 pullulant

133 3725 268 3792 vitia,
297 3727 438 3784 falsae
466 3730 824 3784 nihilominus
852 3730 1183 3798 pamitentia:
1205 3732 1541 3786 consuetudo
1569 3732 1685 3787 ino-

135 3816 320 3871 leverit.
350 3817 689 3888 Quapropter
715 3817 842 3888 quia
856 3817 1015 3872 nobis
1042 3816 1327 3889 proloﬂicii
1353 3818 1526 3872 nostri
1553 3835 1683 3872 con-

134 3907 434 3963 sideratione
484 3917 539 3964 et
589 3907 970 3964 sollicitudinis
1016 3908 1386 3986 magnitudine
1437 3908 1684 3962 imminet

135 3998 238 4053 hac
279 4009 330 4054 et
356 4000 699 4069 huiusmodi,
730 4009 994 4070 quantum
1037 4016 1365 4070 possumus,
1416 4000 1526 4057 Deo
1571 4002 1682 4056 lar-

134 4088 314 4157 giente,
343 4090 634 4160 corrigere,
663 4091 918 4145 volumus
949 4098 1113 4159 atque
1153 4092 1449 4160 apostolica
1491 4102 1683 4150 aucto-

135 4179 278 4234 ritate
320 4181 688 4252 pmcipimus,
725 4188 787 4235 ut
825 4181 1061 4253 legatum
1099 4189 1384 4248 nostrum,
1430 4183 1684 4240 Amatum

132 4270 358 4327 videlicet
389 4271 708 4328 Olorensem
734 4272 1076 4342 episcopum,
1117 4273 1205 4328 cui
1236 4274 1407 4328 vicem
1438 4284 1685 4330 nostram

134 4358 184 4412 in
209 4363 441 4430 partibus
465 4362 667 4418 vestris
694 4362 1091 4428 commisimus,
1121 4364 1338 4419 studeat
1375 4373 1555 4420 vestra
1583 4365 1687 4421 fra-

133 4453 340 4510 ternitas
367 4461 676 4509 reverenter
703 4465 1026 4520 convocare,
1043 4463 1096 4509 et
1121 4462 1199 4521 ut,
1231 4455 1323 4509 illo
1352 4464 1566 4526 agente,
1593 4456 1684 4528 εγ-

135 4544 310 4600 nodale
335 4545 624 4601 concilium
653 4554 1033 4615 congregetur,
1061 4546 1150 4600 ubi
1176 4562 1300 4601 cum
1329 4547 1450 4602 aliis
1477 4563 1598 4618 qua:
1619 4548 1685 4603 ad

135 4727 515 4782 consultatione
543 4728 860 4798 diligentius
875 4735 1251 4796 pertractetur.
1284 4727 1402 4793 Qua
1434 4729 1486 4782 in
1513 4746 1571 4784 re
1588 4731 1692 4787 hoc

137 4830 461 4888 summopere
486 4834 586 4874 vos
610 4833 804 4877 cavere
833 4829 1064 4889 oportet,
1095 4819 1341 4889 aliosque
1361 4833 1582 4876 monere
1605 4820 1692 4874 dc-
1765 4828 1772 4836 ’

139 4907 282 4976 betis,
310 4911 511 4993 quia'si
540 4910 668 4981 quis
699 4911 1157 4998 int‘homicidium,
1189 4911 1538 4976 adulterium,
1563 4927 1689 4982 per»-

135 4999 343 5067 jurium,
379 5003 465 5056 vel
487 5002 692 5072 aliquid
722 4999 1033 5086 hujusmodi
1061 5003 1277 5073 lapsus,
1302 5002 1356 5056 in
1393 5003 1575 5074 aliquo
1607 5010 1690 5057 ta-

141 5090 257 5148 lium
300 5092 587 5149 criminum
635 5094 1012 5162 permanserit,
1043 5102 1137 5148 aut
1157 5095 1530 5164 negotiationi,
1571 5111 1693 5164 qua:

141 5181 218 5236 vix
265 5185 347 5256 agi
391 5184 508 5240 sine
556 5191 780 5261 peccato
829 5193 1029 5254 potest,
1078 5199 1298 5254 cperam
1335 5185 1555 5240 ‘dederit
1600 5195 1694 5240 aut

141 5285 278 5327 arma
323 5276 576 5331 militaria
626 5271 939 5346 portaverit,
988 5283 1212 5346 excepto
1256 5275 1302 5329 si
1348 5291 1448 5344 pro
1494 5277 1691 5331 tuenda

138 5361 334 5430 iustitia
363 5381 460 5420 sua
486 5366 572 5421 vel
597 5365 827 5432 domini,
855 5365 939 5419 vel
966 5367 1149 5432 amici,
1174 5382 1268 5422 seu
1295 5366 1457 5420 etiam
1486 5381 1684 5434 paupe-

143 5468 278 5521 rum,
303 5471 400 5510 nec
434 5471 544 5510 non
571 5472 672 5524 pro
712 5455 1062 5511 defendendis
1086 5457 1332 5512 ecclesiis
1365 5455 1486 5527 (nec
1510 5463 1690 5510 tamen

144 5543 255 5598 sine
290 5547 662 5619 religiosorum
693 5546 936 5602 virorum
971 5547 1200 5602 consilio
1240 5547 1558 5617 sumpserit,
1595 5547 1688 5616 qui

144 5642 344 5691 aeterna:
370 5638 560 5694 salutis
593 5637 884 5692 consilium
913 5639 1043 5693 dare
1080 5637 1348 5707 sapienter
1378 5639 1688 5706 noverunt),

145 5732 236 5778 aut
275 5727 441 5784 aliena
481 5731 627 5785 bona
672 5729 871 5797 injuste
917 5729 1238 5798 possederit,
1279 5735 1373 5782 aut
1420 5727 1473 5780 in
1505 5728 1689 5791 odium

147 5817 358 5886 proximi
393 5819 474 5874 sui
503 5812 789 5883 exarserit,
816 5809 957 5872 vera:
983 5820 1313 5888 paenitentiae
1343 5817 1575 5872 fructum
1607 5817 1689 5871 fa-

442 5911 717 5969 ΡΑτιιοι..
756 5909 1086 5972 CXLVIII.
1375 5918 1380 5922 '

1777 623 1905 676 tiam
1939 623 2189 690 dicimus,
2221 641 2342 694 qua:
2367 626 2439 679 ita
2467 625 2746 694 accipitur,
2773 634 2832 678 ut
2862 625 2915 677 in
2942 625 3128 680 eadem
3155 630 3333 697 culpa,

1773 713 1862 766 vel
1887 713 2048 767 simili
2061 715 2335 792 deteriori,
2361 716 2445 769 vel
2473 731 2662 784 parum
2687 715 2902 780 minori,
2934 727 3331 784 permaneatur.

1776 801 1928 857 Unde
1953 799 2204 874 quisquis
2244 804 2404 875 digne
2447 805 2562 859 vult
2591 805 2874 874 poenitere,
2910 821 3130 861 necesse
3155 817 3238 862 est
3278 819 3340 864 nt

1774 894 1840 947 ad
1891 893 2012 947 ﬁdei
2055 904 2300 948 recurrat
2341 895 2626 965 originem,
2667 904 2741 960 et,
2785 896 2928 964 quod
2967 895 3020 948 in
3069 896 3338 965 baptismo

1774 983 2040 1052 promisit,
2065 983 2280 1038 diabolo
2301 985 2505 1040 scilicet
2529 986 2850 1054 pompisque
2888 985 3030 1040 illius
3061 985 3330 1040 abrenun-

1777 1072 1931 1137 tiare,
1963 1074 2088 1128 etin
2115 1075 2284 1129 Deum
2312 1074 2823 1139 credere,'vidclicet
2849 1084 2995 1129 recta
3019 1076 3085 1132 de
3112 1092 3176 1131 co
3210 1093 3338 1131 sen-

1774 1163 1956 1218 tiendo
1982 1165 2253 1220 mandatis
2276 1166 2446 1234 ipsius
2467 1165 2703 1230 obedire,
2735 1165 2998 1220 sollicitus
3024 1167 3094 1221 sit
3121 1167 3341 1237 vigilan-

1774 1263 1857 1308 ter
1907 1255 2196 1310 custodire.
2241 1255 2563 1327 Quicunque
2603 1271 2731 1326 ergo
2772 1256 2950 1310 taliter
2986 1259 3330 1327 paenituerit,

1775 1346 2030 1414 quoniam
2055 1347 2209 1400 aliter
2223 1347 2498 1400 simulatio
2519 1347 2622 1400 dici
2650 1355 2843 1416 potest,
2868 1363 2973 1401 non
3002 1348 3339 1416 paenitentia,

1775 1436 1850 1489 illi
1913 1446 2256 1505 peccatorum
2317 1453 2544 1490 suorum
2609 1437 2986 1493 remissionem
3047 1439 3339 1508 apostolica

1775 1525 1897 1579 freti
1939 1535 2203 1594 potestate
2244 1527 2524 1598 largimur,
2558 1528 2782 1597 insuper
2806 1537 3019 1583 aeterna:
3057 1530 3342 1584 beatitudi-

1776 1615 1862 1669 nis
1891 1618 2088 1686 gaudia
2113 1619 2179 1672 de
2203 1619 2589 1688 omnipotentis
2627 1617 2720 1672 Dei
2756 1619 3124 1674 misericordia
3151 1620 3340 1675 confisi

1779 1707 2164 1777 promittimus.
2323 1713 2330 1718 “

1845 1797 1978 1852 Data
2007 1797 2192 1852 Romae
2213 1807 2406 1852 octavo
2433 1798 2554 1870 [vn]
2599 1798 2867 1853 Kalendas
2904 1799 3234 1868 Decembris,
3261 1801 3342 1855 in-

1713 1899 1754 1953 B
1779 1888 2014 1944 dictione
2035 1889 2210 1942 tertia.

2342 1977 2674 2033 EPISTOLA
2701 1976 2790 2031 XI.

2057 2088 2120 2124 Αῐὶ
2154 2086 2487 2125 l'llATlaLAUM
2524 2086 2838 2125 BOIIESIORI'AI
2874 2085 3063 2123 REGE“.

2368 2163 2546 2229 (Anno
2587 2160 2766 2228 l079.)

1786 2246 1957 2304 Μίνωι
1984 2259 2036 2303 ut
2067 2250 2310 2304 ecclesias
2337 2251 2402 2303 ab
2437 2250 2762 2304 invasoribus
2790 2250 3053 2319 defendat.
3101 2250 3344 2304 Divinum

1853 2319 2166 2389 Ofﬁciumin
2209 2319 2570 2374 Sclavonicam
2615 2319 2852 2389 linguam
2921 2321 3048 2382 verti
3089 2321 3342 2388 prohibet.

1853 2388 2074 2459 Legatos
2097 2407 2224 2459 quos
2251 2391 2474 2460 petierat
2501 2406 2555 2444 se
2580 2388 2862 2443 missurum
2885 2391 3163 2459 promittit.

1845 2477 2150 2533 GREGORIIYS
2175 2480 2492 2548 episcopus,
2526 2494 2716 2535 servus
2751 2494 3034 2533 servorum
3059 2479 3172 2541 Dei,
3205 2479 3348 2535 Utu-

1785 2584 1970 2622 TlSl.A0
1991 2567 2350 2623 Bohemorum
2375 2568 2520 2636 duci,
2549 2568 2775 2623 salutem
2803 2579 2856 2621 et
2878 2569 3225 2638 apostolicam
3249 2570 3344 2624 be-

1782 2659 1952 2713 nedict
1963 2659 2137 2714 ionem
2146 2699 2159 2712 .

1845 2749 2167 2821 Hujusmodi
2216 2750 2560 2807 salutationis
2613 2759 2814 2807 nostra:
2868 2751 3346 2815 consuetudinem,

1783 2842 1990 2898 scilicet
2015 2842 2328 2913 apostolicae
2347 2843 2760 2909 benedictionis,
2789 2858 2906 2897 eam
2936 2843 3032 2896 tibi
3055 2844 3347 2906 mittentes,

1783 2947 1891 2985 non
1935 2933 2052 2986 sine
2085 2932 2431 2988 haesitatione
2467 2935 2628 2988 modo
2669 2935 3028 2999 servavimus,
3070 2943 3348 3003 propterea

1781 3021 1926 3090 quod
1965 3022 2166 3076 videris
2207 3023 2691 3077 excommunicatis
2733 3023 2850 3091 ipse
2897 3024 3345 3078 communicare:

1785 3112 2096 3182 quicunque
2122 3113 2265 3167 enim
2310 3114 2400 3185 υἱ,
2440 3114 2731 3178 nimirum,
2763 3110 2959 3185 HARD.]
2998 3113 3138 3166 bona
3177 3114 3366 3191 eccle—‘

1783 3203 1985 3258 siarum
2011 3205 2287 3270 invadunt,
2310 3204 2362 3259 id
2385 3214 2489 3270 est,
2513 3205 2630 3260 sine
2656 3213 2801 3258 certa
2826 3204 3037 3259 licentia
3067 3205 3349 3275 episcopo-

1782 3308 1902 3347 rum
1926 3295 2009 3349 vel
2030 3295 2286 3350 abbatum
2309 3296 2592 3366 diripiunt,
2613 3297 2698 3350 vel
2720 3297 2788 3350 ab
2808 3296 2986 3366 aliqua
3009 3312 3239 3366 persona
3269 3313 3354 3353 ac—

1782 3383 2008 3452 cipiunt,
2039 3400 2148 3438 non
2178 3386 2355 3439 solum
2385 3385 2453 3440 ab
2481 3386 2776 3454 apostolica
2805 3387 2930 3439 sede
2960 3387 3064 3440 hoc
3091 3396 3351 3455 tempore,

1781 3488 1969 3527 verum
1991 3474 2154 3528 etiam
2177 3491 2207 3528 a
2235 3476 2422 3550 multis
2443 3475 2649 3529 sanctis
2670 3475 2942 3540 Patribus,
2969 3476 3109 3530 sicut
3129 3476 3184 3529 in
3223 3478 3354 3532 scri-

1781 3563 1957 3633 pturis
2019 3580 2206 3618 eorum
2256 3565 2648 3634 reperimus...
2696 3562 2899 3620 Verum
2963 3573 3236 3636 utcunque
3295 3583 3354 3622 se

1785 3670 1873 3709 res
1902 3655 2116 3720 habeat,
2153 3656 2315 3710 saluti
2344 3665 2450 3711 tua;
2472 3657 2702 3711 internae
2723 3655 3006 3727 providere
3043 3674 3150 3712 non
3196 3659 3356 3714 modo

1783 3761 1846 3799 ex
1866 3748 2087 3815 antiqua
2125 3747 2203 3802 tui
2237 3748 2524 3803 dilectione
2545 3760 2846 3812 movemur,
2881 3763 3071 3802 verum
3103 3749 3263 3803 etiam
3289 3766 3356 3805 ex

1784 3836 2017 3904 suscepti
2055 3837 2301 3902 honoris,
2333 3837 2655 3891 imolaboris
2675 3836 2895 3901 intuitu,
2925 3837 3166 3905 profecto
3203 3855 3353 3894 com-

1783 3924 2052 3992 pellimur,
2082 3941 2149 3979 eo
2167 3925 2343 3996 magis
2367 3926 2510 3996 quod
2542 3925 2836 3980 multorum
2863 3925 3125 3996 profectui
3150 3937 3240 3983 tua
3265 3945 3357 3984 su-

1784 4015 2019 4070 blimitas
2042 4031 2162 4072 esse
2183 4025 2361 4087 potest
2387 4017 2714 4086 exemplum.
2738 4011 2925 4087 Neque
2945 4019 3090 4073 enim
3124 4020 3228 4076 hoc
3258 4021 3357 4077 tibi

1785 4107 2110 4178 relinquitur
2156 4109 2240 4164 vel
2261 4109 2440 4164 dicere
2459 4109 2543 4164 vel
2587 4108 2868 4179 cogitare:
2901 4108 3080 4164 Meum
3120 4127 3227 4165 non
3272 4123 3359 4166 est

1786 4197 2018 4253 alienam
2052 4199 2218 4254 vitam
2250 4201 2333 4254 vel
2370 4215 2550 4254 mores
2594 4200 2647 4252 in
2671 4198 3039 4267 spiritualibus
3069 4200 3356 4268 exquirere

1787 4289 1901 4343 sive
1947 4289 2290 4361 distringere.
2345 4289 2540 4344 Procul
2587 4289 2752 4343 dubio
2799 4275 3036 4358 namque
3079 4297 3355 4345 tantorum

1786 4392 1914 4432 reus
1939 4379 2149 4444 existis,
2190 4387 2517 4449 quantorum
2548 4377 2666 4433 vias
2692 4377 2760 4433 ab
2787 4378 3035 4434 interitus
3061 4380 3360 4451 praecipitio

1786 4477 2004 4536 poteras
2030 4469 2216 4524 volens
2245 4469 2538 4526 reﬂectere.
2581 4469 2717 4525 lllud
2755 4486 2972 4541 quoque
2993 4471 3138 4543 vigili
3180 4484 3361 4530 mente

1715 4560 1766 4622 ι)
1789 4567 2086 4627 pertractes
2119 4570 2354 4632 oportet,
2385 4577 2456 4616 ne
2480 4561 2743 4616 honorem
2771 4571 2925 4615 tuum
2942 4562 3126 4616 divino
3140 4563 3358 4630 hanori,

134 4633 344 4712 salutem
371 4637 645 4708 pertinent
687 4636 996 4696 animarum
1018 4679 1032 4702 ,
1075 4637 1238 4692 etiam
1268 4639 1334 4693 de
1362 4640 1693 4708 poenitentia:
1728 4651 1731 4659 '

1799 4647 1916 4703 sive
1952 4650 2236 4718 pecuniam
2281 4665 2562 4719 praeponas
2599 4649 2838 4718 iustitiae,
2884 4664 2990 4704 neu
3028 4652 3175 4721 quod
3221 4653 3275 4708 in
3307 4663 3362 4708 te

1793 4733 2027 4793 cinerem
2063 4755 2094 4793 a
2123 4739 2340 4795 subdito
2370 4739 2466 4792 tibi
2487 4738 2759 4794 consimili
2787 4739 2903 4794 ﬁeri
2925 4755 3034 4795 non
3061 4743 3178 4796 sine
3207 4743 3359 4812 gravi

1793 4825 2260 4882 animadversione
2309 4828 2605 4897 patereris,
2653 4829 2707 4884 in
2755 4839 3052 4894 creatorem
3103 4839 3256 4885 tuum
3302 4843 3360 4887 et
3415 4879 3417 4882 ι

1793 4913 2035 4968 omnium
2073 4917 2326 4983 praesumi
2364 4919 2739 4989 aequanimiter
2779 4917 2940 4972 feras.
2992 4916 3360 4978 lndubitanter

1792 4990 1990 5058 ctenim
2031 5020 2140 5060 non
2183 5005 2297 5072 Dei,
2347 5009 2439 5063 sed
2467 5008 2668 5063 diaboli
2702 5007 2944 5061 membra
2965 5016 3020 5062 et
3041 5007 3162 5065 falsi
3197 5012 3359 5067 Chri-

1794 5095 1957 5149 stiani
1980 5096 2515 5165 convincuntur,'qui
2552 5109 2679 5149 suas
2707 5094 2936 5165 injurias
2960 5112 3364 5169 persequuntur

1794 5199 1967 5252 usque
2006 5183 2073 5236 ad
2118 5183 2456 5252 sanguinem,
2486 5193 2538 5238 ct
2568 5183 2659 5237 Dei
2695 5187 3056 5240 contumelias
3087 5190 3362 5261 negligunt

1795 5289 1967 5342 usque
2007 5273 2075 5326 ad
2106 5273 2452 5328 oblivionem.
2499 5273 2724 5338 Divitias
2765 5285 2945 5329 autem
2984 5276 3220 5344 potentia
3268 5292 3358 5334 tua

1793 5379 1930 5432 quas
1953 5363 2134 5430 habet,
2158 5379 2268 5417 non
2299 5365 2371 5418 ob
2396 5365 2648 5420 meritum
2673 5356 2846 5428 datas,
2876 5365 2968 5418 sed
2999 5367 3069 5421 ob
3091 5369 3356 5422 sollicitu-

1793 5454 1973 5508 dinem
2006 5439 2198 5524 putare
2241 5455 2396 5508 debet
2437 5455 2540 5508 sibi
2591 5453 2931 5508 commissas.
2966 5454 3218 5523 Denique.
3241 5471 3355 5526 non

1794 5553 2002 5599 tantum
2035 5544 2384 5600 saecularibus
2427 5545 2576 5599 oneri
2620 5544 2830 5599 videtur
2864 5545 3063 5612 inopia,
3094 5556 3357 5612 quantum

1795 5636 2104 5706 spirituales
2124 5635 2270 5688 viros
2295 5647 2522 5705 gravant
2537 5636 2761 5698 divitiae,
2780 5634 2940 5688 simul
2969 5621 3132 5687 etiam
3162 5636 3359 5690 difl‘usa

1794 5734 2050 5796 potestas.
2080 5723 2426 5794 Perpendunt
2447 5727 2643 5796 quippe
2666 5725 2711 5777 si
2743 5724 2830 5775 ille
2854 5722 2941 5775 cui
2974 5740 3079 5777 una
3108 5724 3224 5776 ovis
3254 5728 3358 5779 sub

1797 5815 1945 5869 necis
1990 5827 2102 5868 sua:
2133 5815 2440 5871 conditione
2477 5812 2831 5870 committitur
2871 5827 2977 5865 non
3021 5813 3193 5866 solum
3230 5827 3359 5865 ceu-

2977 5905 3051 5966 18
