3952 6422
493 540 594 587 Ριῖιῖι

490 660 605 700 Iunt
637 641 823 697 eodem
850 646 1006 708 pacto
1030 648 1134 684 tam
1165 634 1384 695 cuperet
1411 619 1668 688 recipere,
1695 627 1883 666 verum
1902 610 2064 663 etiam
2097 607 2136 662 Α

494 699 581 790 illa
610 752 673 789 ne
701 699 884 800 aliquo
913 741 1042 778 casu
1071 723 1338 789 dispereat
1367 710 1512 766 hattd
1539 707 1658 761 sine
1687 704 1886 758 timore
1914 699 2068 754 solli-

492 832 632 881 citus
669 833 753 876 est
789 789 1100 876 observare,
1143 807 1288 878 quo.l
1313 803 1417 857 sibi
1441 806 1591 853 tanto
1631 795 1702 849 sit
1728 789 2065 847 irrcmissius

491 915 823 986 \igilandum
847 908 1126 975 magisque
1158 895 1479 956 timendum,
1520 895 1730 959 quanto
1751 899 1916 954 super
1951 881 2073 950 plu-

494 975 580 1060 res
611 1019 799 1059 curant
835 1016 930 1053 seu
955 1001 1277 1066 potestatem
1300 979 1587 1052 acceperit.
1621 975 1717 1029 llis
1741 975 1812 1028 ita
1840 985 2067 1042 perspe--

492 1101 594 1152 etis
643 1064 969 1168 {perat-tisi,—
1001 1087 1067 1140 ad
1103 1082 1362 1152 majorem
1395 1085 1447 1128 te
1487 1067 1686 1124 mentis
1735 1064 2071 1135 vigilantiam

493 1153 775 1262 pra-sentis
806 1179 991 1239 saeculi
1013 1175 1278 1245 fugat-itas
1307 1167 1529 1228 invitat;
1557 1169 1611 1213 ct
1625 1173 1750 1212 cum
1772 1155 1901 1210 illud
1923 1153 2071 1224 quod

495 1243 547 1335 in
585 1283 684 1334 bac
709 1280 826 1331 luce
851 1271 1023 1339 magis
1051 1265 1315 1335 diligitur,
1336 1260 1446 1312 vita
1474 1251 1680 1309 scilicet
1708 1262 1967 1319 praesens,
2004 1243 2072 1297 ad

495 1386 749 1424 tit't'asttltt
765 1365 892 1420 furti
915 1335 1005 1434 Ui,
1028 1358 1236 1420 furtim,
1260 1352 1453 1414 l|.utn.,
1469 1347 1547 1400 sic
1559 1342 1736 1398 clcod.
1756 1335 1976 1407 .lfutin.]
1992 1336 2072 1389 fe-

497 1464 681 1523 stinet,
707 1458 949 1528 profecto
967 1465 1076 1521 quo
1107 1445 1280 1514 magis
1302 1442 1368 1495 ad
1389 1433 1619 1492 districti
1642 1429 1910 1489 examinis
1930 1427 2072 1480 diettt

499 1553 853 1622 propinquas.
884 1560 950 1597 eo
979 1539 1215 1608 amplius
1253 1534 1317 1588 ad
1341 1540 1540 1585 aeterna
1571 1517 1988 1593 przcmeditanda
2021 1524 2075 1568 et

499 1639 845 1713 alipiscenda
877 1645 928 1688 te
959 1647 1090 1687 sana
1125 1627 1263 1681 ratio
1289 1621 1471 1677 mittit.
1511 1615 1637 1669 llaec
1666 1612 1846 1680 itaque
1886 1615 2072 1662 nostra

501 1716 726 1793 monita,
770 1730 884 1784 sive
919 1722 1176 1781 mandata
1221 1717 1496 1773 volumus,
1540 1707 1652 1759 into
1690 1703 1968 1772 jubcntus,
2017 1707 2076 1750 ut

500 1836 623 1879 ante
645 1838 758 1876 suae
780 1818 977 1874 tuentis
1001 1812 1190 1866 oculos
1209 1801 1525 1860 excellentia
1550 1807 1641 1850 tua
1668 1793 1865 1863 sacpius
1887 1797 2072 1865 ponat,

499 1930 547 1971 rt
571 1915 816 1971 crebrius
838 1906 1065 1977 legendo
1090 1912 1145 1955 et
1174 1895 1443 1952 audiendo
1467 1889 1776 1950 meditetur,
1801 1899 1909 1937 non
1929 1879 2072 1950 quod

500 2005 801 2077 elegantius
834 1997 1036 2066 scripta
1063 2004 1302 2061 nequeas
1331 1987 1384 2040 in
1411 1989 1724 2037 sanctorum
1753 1973 1963 2045 paginis
1994 1971 2079 2022 itt—

501 2101 704 2158 \ettil't‘,
733 2094 825 2148 sed
853 2090 980 2160 quia
1009 2088 1123 2140 lure
1153 2082 1220 2136 ad
1244 2090 1294 2134 te
1321 2073 1623 2146 specialiter
1661 2085 1726 2122 ex
1759 2066 1936 2127 nobis,
1974 2063 2082 2116 into

501 2207 565 2242 ex
602 2189 758 2239 brato
790 2183 948 2236 Petro
977 2177 1143 2231 missa
1175 2179 1322 2233 sunt,
1344 2177 1397 2222 et
1430 2165 1534 2219 ista
1566 2157 1901 2228 frequentius
1932 2169 2084 2208 reco-

504 2251 960 2344 eitandopoteris,
997 2266 1102 2320 Deo
1133 2259 1500 2332 propitiatore,
1532 2253 1597 2307 ad
1636 2250 1845 2320 potiora
1883 2254 2084 2314 cogito-

469 2359 703 2421 \st't'lttl'd
727 2374 1037 2431 exsurgere.
1063 2355 1201 2421 Quia
1236 2366 1366 2404 vero
1388 2346 1643 2402 nobilitas
1675 2351 1764 2394 tua
1794 2335 2084 2408 postulavit

504 2457 650 2528 quod
671 2453 970 2510 secundum
999 2443 1372 2521 Selavonicam
1400 2440 1638 2506 linguam
1660 2431 1801 2500 apud
1824 2443 1922 2482 vos
1949 2425 2086 2480 divi-

508 2562 637 2600 num
666 2543 929 2598 celebrari
967 2517 1627 2593 annui-remusOlliciunt,
1659 2522 1802 2577 scias
1833 2534 1933 2573 nos
1961 2517 2089 2570 huic

507 2636 751 2707 petitioni
776 2643 882 2691 tua!
903 2641 1245 2699 nequaquam
1272 2637 1431 2693 posse
1452 2619 1653 2672 favere.
1680 2612 1756 2666 Ex
1775 2613 1880 2666 hoc
1896 2623 2088 2678 nempe

509 2745 649 2798 sa-pe
674 2724 1018 2780 volventibus
1046 2721 1215 2788 liquet
1242 2730 1349 2768 non
1382 2708 1654 2766 immerito
1690 2719 1904 2759 sacram
1937 2700 2087 2753 Scri—

511 2829 724 2887 pturam
754 2810 1109 2884 omnipotenti
1147 2808 1258 2862 Deo
1291 2802 1560 2876 placuisse
1584 2793 1911 2868 quibusdam
1955 2790 2090 2844 locis

509 2928 630 2964 esse
659 2909 954 2970 occultam,
990 2921 1076 2969 ne,
1111 2903 1155 2957 si
1197 2901 1262 2954 ad
1310 2896 1576 2966 liquidum
1612 2891 1822 2947 cunctis
1860 2892 2088 2957 pateret,

514 3006 652 3056 forte,
699 3002 980 3054 vilesceret
1017 3005 1068 3049 et
1115 2994 1421 3060 subjaeeret
1461 2983 1761 3054 despectui,
1807 2989 1902 3033 aut
1930 2990 2093 3046 prave

513 3093 784 3148 intellecta
823 3106 854 3144 a
885 3085 1252 3142 mediocribus
1289 3082 1341 3135 itt
1370 3090 1611 3132 errorem
1656 3072 1952 3126 induceret.
1985 3063 2090 3119 Ne—

515 3203 620 3256 que
656 3184 802 3242 euint
832 3181 897 3235 ad
927 3177 1333 3234 excusationem
1377 3171 1552 3240 juvat,
1577 3165 1723 3236 quod
1751 3161 1972 3233 quidam
2005 3173 2091 3211 rc—

518 3260 695 3348 ttgiosi
721 3275 824 3328 viri
855 3274 960 3328 hoc
987 3268 1134 3340 quod
1163 3262 1482 3334 simpliciter
1508 3257 1743 3330 populus

518 3345 714 3424 tiettter
741 3367 1002 3424 tulerunt,
1043 3375 1138 3415 seu
1168 3357 1534 3411 incorrectum
1581 3345 1928 3408 dimiserunt,
1973 3355 2096 3394 cum

520 3460 796 3532 primitiva
823 3453 1063 3509 Ecclesia
1105 3447 1277 3504 multa
1303 3439 1729 3500 dissimulaverit
1755 3450 1876 3505 quae
1909 3449 1940 3486 a
1973 3446 2100 3485 san-

520 3525 622 3606 ctis
645 3547 919 3610 Pati-ibus,
965 3540 1315 3614 postmodum
1355 3537 1566 3590 firmata
1592 3525 2022 3586 Cltristianitate,
2047 3529 2101 3575 et

523 3642 785 3708 religione
817 3643 1129 3698 crescente,
1180 3628 1364 3684 subtili
1416 3619 1814 3678 examinatione
1857 3621 2100 3669 correcta

523 3706 669 3787 sunt.
720 3729 874 3784 [Inde
910 3720 975 3781 ne
1018 3724 1069 3779 id
1114 3724 1208 3778 liat
1240 3719 1386 3792 quod
1425 3732 1456 3770 a
1497 3712 1694 3769 vestris
1733 3706 2103 3778 imprudenter

523 3823 839 3894 t'\|tttSt'lltll‘
877 3816 1199 3872 auctoritate
1228 3811 1371 3865 beati
1404 3805 1548 3860 Petri
1591 3802 1918 3861 inhibentus,
1941 3805 2102 3866 teque

525 3887 607 3970 ad-
630 3916 889 3968 honorem
921 3901 1311 3976 omnipotentis
1337 3898 1432 3951 llei
1465 3895 1592 3950 huic
1619 3905 1772 3946 vanae
1811 3887 2102 3943 temeritati

528 4009 730 4061 \ll'litliS
763 4003 888 4058 totis
919 4001 1172 4055 resistere
1195 3991 1559 4066 pnccipitttus.
1594 3984 1668 4040 De
1706 3983 1884 4054 legato
1921 3989 2102 4034 autent

529 4110 739 4161 nostro,
765 4110 926 4163 quem
955 4092 1093 4146 mitti
1116 4089 1185 4144 ad
1207 4103 1267 4142 se
1288 4095 1381 4140 tua
1409 4079 1622 4137 dchtio
1644 4076 1910 4148 poposcit,
1933 4088 2102 4128 nove-

527 4194 605 4245 ris
619 4191 756 4244 'itcm
780 4202 880 4240 nos
899 4198 1089 4254 preces
1109 4191 1232 4236 tuas
1249 4178 1317 4232 ad
1340 4187 1577 4245 pnesens
1593 4167 1876 4225 commode
1896 4164 2107 4220 edicere

530 4283 754 4339 minime
777 4279 1018 4348 potuisse
1046 4293 1058 4328 :
1089 4282 1269 4327 tamen
1291 4269 1347 4322 in
1368 4268 1470 4320 hoc
1490 4277 1654 4328 anno,
1682 4259 1864 4315 divina
1895 4256 2106 4312 favente

532 4373 815 4428 clementia
841 4411 857 4434 ,
900 4360 1040 4434 tales
1087 4361 1506 4434 procurabimus
1555 4352 1797 4409 invenire
1844 4363 2106 4420 personas

533 4481 654 4535 quae
673 4472 724 4517 et
769 4459 999 4530 negotiis
1032 4453 1232 4511 vestris
1276 4452 1490 4505 valeant
1514 4445 1722 4500 utiliter
1745 4441 2014 4511 deputari,
2053 4447 2109 4492 et

535 4529 964 4610 necessittulines
991 4544 1202 4602 vestras
1223 4539 1436 4614 plenius
1454 4543 1847 4607 cognoscentes
1870 4531 1939 4586 ad
1967 4529 2108 4585 noti-

1126 521 1180 572 ς.
1225 508 1548 570 (ηιιίιῖοιιιι
1589 503 1679 558 VII
1719 492 2092 556 PAR-E0”:

2202 492 2243 548 Μ
2284 489 2484 548 PARS.
2522 488 2564 542 l.
2604 517 2671 526 -—
2708 481 3129 539 ηεσιδτιιωι.

3713 74 3896 314 η

3644 474 3750 530 ὕῖζϐ

2237 618 2417 656 comm
2459 599 2646 669 legatis
2695 594 2999 665 apostolicis
3043 591 3256 660 objectis
3303 589 3614 643 criminibus
3659 606 3749 644 re-

2243 685 2575 740 sponsarum.

2243 783 2549 838 Cumanus
2581 779 2892 850 episcopus,
2934 790 3127 830 servus
3163 787 3444 827 servorum
3474 771 3594 839 Dei,
3631 771 3772 826 Ma-'

2175 890 2346 928 mssa:
2366 871 2622 927 [tentensi
2641 867 3052 937 archiepiscopo
3075 865 3302 920 salutem
3324 871 3377 918 et
3395 863 3756 933 apostolicam

2174 961 2630 1020 benedictionem.

2244 1055 2508 1110 Mirantur
2545 1050 2903 1108 fraterniuttis
2930 1058 3037 1106 tua:
3069 1046 3412 1118 prudentiam
3445 1045 3509 1099 ad
3544 1045 3650 1100 boc
3676 1052 3762 1098 tot

2173 1147 2492 1203 occasiones
2534 1144 2805 1208 invenire,
2849 1151 2908 1196 ut
2930 1141 2982 1194 in
3008 1139 3228 1194 infantia
3272 1153 3374 1191 sua
3418 1145 3473 1190 ct
3510 1136 3765 1191 ecclesia:

2174 1255 2288 1292 suae
2303 1247 2542 1306 tempore
2555 1237 2714 1306 longo
2729 1241 3060 1304 permaneat,
3074 1241 3147 1294 et,
3166 1229 3311 1300 quo}.
3323 1228 3566 1298 opinioni
3589 1227 3762 1280 relin-

2175 1329 2380 1398 quitur,
2405 1326 2671 1395 judicium
2707 1322 3079 1391 subterfugere
3115 1315 3542 1384 vidcatur,'cum
3581 1315 3768 1386 magis

2175 1420 2241 1472 ad
2267 1419 2367 1472 hoc
2399 1417 2640 1487 profecto
2668 1430 2790 1468 eam
2831 1413 3072 1480 decuerit
3095 1412 3365 1474 laborare,
3394 1418 3453 1462 ιιι
3484 1407 3764 1478 suspicio-

2177 1526 2298 1563 tteut
2327 1509 2464 1562 tanti
2496 1517 2678 1560 reatus
2703 1523 2735 1559 a
2755 1514 2830 1580 ;sc
2865 1514 2918 1557 et
2944 1503 3174 1557 ecclesia
3206 1518 3304 1556 sua
3329 1501 3665 1556 excluderet.
3707 1497 3770 1551 In

2176 1600 2449 1670 pnetcrito
2471 1599 2518 1653 si
2540 1597 2757 1667 quidem
2783 1610 2926 1648 anno
2948 1594 3013 1648 ad
3037 1601 3417 1662 argumentum
3447 1589 3770 1644 excusatio-

2176 1693 2261 1745 nis
2303 1701 2409 1745 tute
2449 1688 2742 1759 quamdam
2777 1686 2936 1740 nobis
2980 1685 3222 1753 obtulisti
3264 1681 3671 1745 auctoritatem,
3718 1689 3774 1733 te

2177 1782 2421 1836 videlicet
2453 1797 2562 1834 non
2597 1779 2850 1847 alicujus,
2874 1777 2968 1832 sed
3001 1785 3203 1829 nostra:
3228 1784 3439 1828 tantuut
3461 1772 3774 1842 pnesentiae

2179 1874 2520 1928 sulnlendum
2551 1871 2666 1926 fore
2687 1870 2893 1939 judicio
2919 1886 2932 1921 :
2963 1869 3130 1932 unde,
3155 1875 3214 1919 ut
3233 1866 3398 1920 etiam
3427 1879 3575 1931 nunc.
3597 1878 3776 1932 appa-

2186 1975 2286 2028 ret,
2317 1965 2370 2016 in
2415 1964 2719 2016 litterarum
2757 1969 3071 2014 nostrarum
3109 1955 3513 2024 exemplaribus
3551 1953 3772 2024 dignis-

2185 2058 2322 2110 sime
2362 2055 2727 2124 rcpreltensus
2752 2067 2831 2106 es.
2866 2049 3023 2104 Nunc
3049 2063 3179 2102 vero
3209 2047 3496 2100 immemor
3506 2045 3776 2122 promis-

2188 2148 2356 2202 sionis
2395 2156 2518 2210 tuae,
2549 2160 2657 2214 qua
2685 2143 2872 2197 Romzc
2911 2150 2965 2196 te
2994 2155 3160 2210 supra
3204 2152 3409 2207 corpus
3445 2136 3589 2190 beati
3623 2134 3778 2190 Petri

2185 2238 2456 2307 obligasti,
2483 2237 2645 2290 aliam
2665 2234 3075 2290 excusationem
3098 2229 3369 2294 obtendis,
3389 2228 3589 2282 timore
3623 2226 3780 2280 vide-

2186 2331 2311 2383 licet
2336 2327 2652 2382 dis-sidentis
2681 2325 2852 2394 regni,
2876 2324 2943 2378 ad
2976 2308 3338 2392 Lugdunense
3361 2318 3684 2382 concilium,
3710 2318 3782 2371 ad

2187 2421 2332 2490 quod
2358 2428 2586 2474 vocatus
2614 2432 2696 2483 es,
2727 2415 2913 2481 venire
2951 2427 3060 2467 non
3088 2426 3266 2481 posse.
3294 2409 3352 2463 In
3381 2425 3490 2478 qua
3523 2425 3583 2463 re
3603 2423 3784 2478 quan-

2187 2521 2304 2567 tum
2361 2508 2645 2567 excusatio
2683 2517 2778 2563 tua
2821 2513 2997 2571 nutet,
3042 2503 3251 2573 liquido
3300 2501 3444 2555 valet
3488 2500 3778 2571 perpendi.

2185 2603 2323 2658 Nam
2348 2618 2523 2672 neque
2553 2603 2764 2672 legatus
2787 2597 3045 2653 Romanae
3072 2593 3328 2650 Ecclesia:
3350 2594 3404 2647 in
3437 2592 3660 2661 negotio
3688 2600 3784 2644 tuo

2188 2694 2618 2750 contemnendus
2648 2690 2770 2757 fuit,
2800 2691 2893 2760 qui
2922 2689 3088 2758 (sicut
3115 2686 3294 2742 noscit
3320 2684 3640 2740 fraternitas
3663 2685 3781 2751 tua)

2189 2785 2445 2842 maximis
2473 2793 2529 2838 et
2565 2781 2854 2853 prtecipuis
2883 2779 3153 2843 conciliis,
3186 2777 3436 2830 videlicet
3465 2774 3692 2830 Niczcno
3729 2784 3784 2829 et

2189 2875 2637 2940 Cltaleedonensi,
2664 2873 2896 2943 aliisque
2917 2870 3102 2925 ntultis
3128 2865 3362 2938 praefuit,
3387 2874 3442 2920 et
3461 2865 3781 2934 bujusmodi

2191 2967 2584 3038 qttzcstionibus
2625 2973 2834 3018 certum
2883 2960 3216 3017 definitionis
3261 2955 3556 3011 terminum
3603 2954 3778 3022 dedit;

2193 3071 2370 3128 neque
2413 3055 2544 3109 illud
2582 3069 2727 3107 nunc
2767 3051 3156 3107 assumendum
3186 3048 3282 3102 tibi
3312 3046 3435 3112 fuit,
3474 3054 3528 3100 te
3558 3043 3780 3116 Lugdu-

2194 3167 2325 3205 num
2357 3165 2462 3203 non
2500 3157 2658 3217 posse
2685 3144 2892 3208 venire,
2934 3151 3060 3198 eum
3089 3140 3271 3195 omnia
3312 3138 3414 3192 via:
3455 3137 3604 3192 illius
3634 3138 3784 3206 peri-

1783 3229 1979 3322 quaerit
2011 3263 2100 3317 pa-
2132 3273 2172 3328 ε
2206 3245 2348 3307 cula,
2393 3241 2438 3294 si
2469 3255 2574 3309 qua
2599 3248 2747 3304 sunt,
2780 3235 3073 3292 ‘tutissimis
3108 3241 3162 3288 et
3193 3229 3561 3285 securissimis
3588 3229 3784 3283 ducto-

2207 3335 2358 3388 ribus
2384 3346 2576 3402 posses
2604 3329 2864 3393 transire,
2896 3323 3245 3396 Lugdunensi
3285 3321 3491 3376 scilicet
3513 3319 3786 3389 archiepi-

2202 3440 2367 3495 scopo
2407 3432 2461 3477 et
2487 3418 2816 3491 Lingonensi
2843 3417 3125 3487 episcopo,
3157 3414 3250 3482 qui
3285 3413 3522 3465 fraterna
3562 3420 3615 3465 te
3656 3411 3785 3464 cha-

2202 3515 2362 3571 ritate
2399 3521 2718 3578 tractarent,
2748 3520 2803 3566 et
2833 3510 2950 3566 sine
2982 3508 3131 3563 omni
3166 3505 3452 3560 formidine
3478 3503 3546 3558 ad
3570 3519 3785 3574 przeuo-

2202 3609 2470 3662 minatum
2523 3603 2881 3676 perducerent
2932 3603 3132 3656 locum.
3182 3597 3262 3652 Ad
3311 3611 3473 3667 quem
3523 3596 3785 3650 nimirum

2202 3702 2382 3757 locum
2409 3707 2602 3767 sponte
2626 3704 2681 3749 et
2704 3697 2823 3749 sine
2854 3692 3173 3768 invitatione
3201 3689 3382 3756 aliqua
3415 3687 3787 3759 accedendum

2202 3794 2324 3860 fuit,
2357 3802 2418 3846 ut
2445 3791 2492 3846 si
2521 3787 2782 3843 imntunis
2808 3802 2868 3841 es
2901 3800 2967 3839 ea
2987 3783 3167 3852 culpa,
3200 3778 3597 3835 collaudatiouc
3621 3793 3784 3848 syno-

2202 3885 2308 3939 dali
2335 3872 2571 3938 infamiae
2591 3889 2699 3934 tua:
2720 3876 2995 3932 silentium
3020 3874 3263 3936 daretur,
3287 3878 3341 3925 et
3365 3885 3471 3924 non
3491 3869 3674 3923 solum
3696 3883 3789 3937 per

2205 3976 2478 4040 Diensem,
2519 3971 2614 4027 sed
2655 3987 2750 4040 per
2778 3965 3103 4023 confratrem
3146 3972 3393 4016 nostrum
3423 3959 3788 4013 Albanensem

2202 4065 2548 4135 episcopum,
2601 4070 2653 4113 et
2694 4075 2788 4128 per
2828 4056 3077 4110 abbatem
3125 4051 3574 4114 Cluniacenscm,
3629 4064 3786 4118 quem

2203 4156 2378 4212 eidem
2401 4150 2614 4225 synodo
2639 4149 2900 4203 interesse
2921 4159 3228 4215 speramus,
3260 4157 3345 4196 res
3364 4149 3457 4195 tua
3478 4139 3790 4210 diligentius

2203 4255 2635 4303 retractaretur:
2668 4240 2814 4314 quod
2842 4239 2888 4294 si
2918 4237 3010 4311 [f.,
3035 4236 3128 4292 sed
3161 4236 3227 4301 si,
3264 4231 3467 4302 Ilum]
3497 4233 3683 4301 aliqua
3718 4235 3792 4285 ni.

2206 4340 2316 4394 mis
2348 4338 2486 4393 dura
2523 4335 2579 4389 in
2620 4343 2672 4388 te
2707 4333 2929 4386 daretur
2965 4326 3253 4390 sententia,
3277 4321 3503 4393 justitiae
3547 4324 3791 4378 modera-

2206 4434 2354 4487 mine
2398 4438 2634 4496 utentes,
2682 4443 2790 4481 non
2839 4425 3014 4479 solum
3064 4430 3254 4477 contra
3304 4428 3356 4474 te
3391 4435 3502 4473 non
3549 4430 3791 4490 agerent,

2208 4538 2397 4578 verum
2424 4521 2588 4577 etiam
2614 4534 2712 4589 pro
2741 4527 2792 4571 te
2822 4516 3099 4570 laborante
3117 4524 3456 4580 prazprOpere
3476 4509 3683 4562 dictum
3713 4511 3791 4562 vel

536 4648 666 4701 tiam
703 4654 956 4708 nostram
988 4600 1273 4695 deducere.
1307 4633 1378 4687 L't
1417 4647 1548 4702 ergo
1586 4637 1701 4684 tute
1738 4625 2014 4697 possimus
2041 4622 2110 4679 ad
2141 4620 2186 4674 D
2213 4617 2418 4671 factum
2439 4613 2789 4681 eorrigerent.
2816 4607 2974 4673 Quod
3003 4606 3052 4661 si
3073 4603 3210 4658 forte
3235 4601 3302 4656 ad
3325 4600 3645 4671 pranlictum
3668 4617 3792 4655 con-

537 4756 634 4795 vos
656 4739 862 4807 legatos
903 4742 1121 4788 nostros
1148 4727 1402 4797 dirigere,
1433 4735 1656 4777 necesse
1696 4720 2030 4775 arbitramur
2056 4721 2112 4770 et

541 4832 792 4886 volumus
817 4837 871 4881 ut
899 4826 1069 4878 lilium
1107 4829 1354 4875 nostrum
1379 4813 1729 4870 Frederieum
1757 4819 1811 4866 et
1838 4811 1985 4865 hunc
2005 4808 2110 4862 Fe-

541 4926 696 4979 licem
718 4923 783 4976 ad
811 4937 909 4974 nos
935 4919 1131 4972 iterum
1157 4914 1375 4968 studeas
1397 4919 1490 4964 aut
1510 4909 1704 4962 borum
1732 4906 1965 4959 alterum
1990 4902 2114 4956 mit-

545 5028 676 5076 tere,
707 5023 980 5083 quatenus
1020 5010 1108 5063 ila-
1136 5005 1344 5077 possint
1367 5021 1476 5073 quo
1499 5001 1896 5057 destinabimus
1925 5009 2117 5051 secure

547 5126 568 5159 κ
581 5109 749 5161 enirc.

620 5208 751 5262 Data
800 5206 1004 5270 Romae,
1036 5210 1232 5274 quarto
1276 5201 1459 5257 Nonas
1504 5195 1778 5261 Januarii,
1829 5194 2122 5248 indictione

549 5299 723 5355 tertia.
1003 5325 1006 5328 ι
1075 5295 1083 5300 ⁷

1096 5442 1432 5500 EPISTULA
1467 5442 1583 5496 XII.

750 5589 816 5630 Ito
847 5585 1113 5628 MANASSEM
1150 5581 1597 5626 ABCIIIEPISCOPUM
1630 5553 1928 5618 “Messen.

1143 5701 1322 5772 (Anno
1359 5699 1542 5766 l080.)

567 5836 692 5907 lz'j’us
727 5837 1111 5893 excusationem
1144 5835 1441 5907 nullatenus
1474 5824 1887 5906 admittenshad
1918 5822 2133 5903 Lngcltr-

634 5929 780 5964 musc
807 5907 1084 5962 conciliati
1114 5924 1226 5959 eum
1267 5906 1400 5958 «(lixis
1430 5909 1668 5978 rocutgm
1693 5896 1862 5952 renire
1893 5894 2133 5963 prwcipit

2216 4710 2401 4764 cilium
2435 4721 2541 4760 non
2583 4701 2765 4766 iveris,
2804 4714 2991 4754 aurem
3030 4696 3120 4770 [εἴη
3150 4704 3204 4751 et
3229 4693 3355 4748 add.
3388 4691 3600 4760 HABD.;
3640 4695 3716 4747 sic
3746 4701 3792 4746 ct

2215 4802 2268 4853 in
2301 4798 2416 4853 cod.
2456 4792 2620 4868 Mut.]
2646 4793 2840 4849 debitae
2868 4788 3190 4846 obedientize
3216 4785 3378 4840 matri
3401 4791 3510 4838 tua:
3539 4781 3793 4840 Romanae

2218 4889 2472 4944 I-lcelesire
2500 4887 2590 4941 ditt
2618 4895 2672 4939 te
2699 4879 3041 4952 supportanti
3065 4893 3174 4932 non
3202 4874 3578 4940 inclinaret-is;
3603 4874 3791 4944 siquid

2219 4991 2407 5035 contra
2430 4988 2480 5032 te
2499 4975 2710 5030 Diensis
2726 4989 2856 5029 eum
2877 4980 3146 5026 consensu
3169 4965 3546 5036 religiosorum
3572 4961 3791 5017 fratrutn

2226 5081 2536 5127 nostrorum
2557 5064 2746 5136 egerit,
2776 5077 2886 5116 non
2907 5061 3084 5116 solum
3107 5057 3434 5114 sententiam
3457 5053 3514 5108 in
3541 5059 3594 5118 t’e
3619 5054 3788 5124 prola-

2224 5175 2337 5220 tam
2359 5177 2468 5216 non
2504 5155 2936 5219 immutabimus,
2967 5167 3156 5207 verum
3186 5148 3350 5203 etiam
3379 5147 3680 5217 apostolica
3704 5159 3795 5198 au-

2228 5254 2479 5310 ctoritate
2505 5246 2863 5302 ﬁrmabimus.
2895 5243 3051 5310 Quod
3088 5241 3134 5295 si
3173 5237 3500 5293 fraternitati
3525 5247 3638 5290 tua:
3661 5230 3796 5287 vide-

2231 5346 2377 5399 bitur
2407 5339 2625 5411 prolata:
2647 5335 2927 5392 sententiae
2958 5332 3350 5387 rationabiliter
3378 5338 3537 5397 posse
3568 5321 3792 5388 obviari.

2231 5438 2482 5491 volumus
2503 5438 2556 5487 te
2574 5429 2747 5500 magis
2769 5441 2954 5493 coram
2972 5411 3192 5480 ‘vicario
3214 5429 3423 5483 nostro,
3445 5413 3634 5474 Diensi
3657 5415 3779 5472 vide

2231 5529 2356 5583 licet
2382 5527 2657 5596 episeopo,
2687 5516 2914 5589 aliisque
2934 5515 3229 5587 religiosis,
3265 5513 3320 5566 iu
3358 5511 3532 5582 patria
3563 5503 3688 5576 illa,
3709 5503 3794 5563 ubi

2233 5627 2612 5677 accusatorum
2652 5620 2704 5668 et
2740 5609 3087 5667 defensorum
3123 5604 3298 5674 major
3336 5604 3490 5674 copia
3513 5600 3794 5664 invenitur,

2233 5710 2472 5764 rationes
2491 5713 2613 5760 tuas
2633 5716 2921 5774 exponere,
2943 5713 3106 5767 quam
3132 5696 3359 5750 Romam
3383 5707 3478 5765 per
3497 5702 3582 5748 tot
3598 5692 3796 5747 labores

2236 5811 2290 5854 et
2315 5798 2677 5867 difficultates,
2713 5793 2802 5847 ubi
2835 5801 3128 5860 utrumque
3166 5789 3336 5853 deest,
3369 5785 3577 5842 frustra
3606 5799 3700 5856 spe
3713 5783 3769 5852 ju

2238 5893 2364 5950 dicii
2399 5906 2660 5963 qua-rere.
2705 5885 2906 5940 interea
2949 5867 3338 5940 fraternitatem
3374 5887 3525 5935 tuam
3562 5896 3628 5936 ex
3661 5883 3797 5948 parte

3597 6034 3896 6320 ,Α
