3952 6426
600 530 704 588 559

1229 499 1287 582 ε’.
1327 525 1649 582 cnsconu
1692 525 1780 578 vu
1820 522 2016 578 [ιΑῐιίΕ
2054 519 2173 577 OPE

2271 520 2333 576 Ibi
2375 520 2554 577 PARS
2582 522 2622 577 1.
2663 553 2733 563 --
2771 519 3190 578 REGISTRUM.

3724 519 3831 574 560

600 653 802 710 tamen,
841 642 951 698 Deo
984 644 1293 704 miserante.
1323 655 1445 713 post
1486 644 1703 714 longam
1741 641 2158 704 discussioncm,
2189 640 2236 696 Α
2261 637 2492 705 auferri,
2538 648 2698 708 prout
2745 639 2848 708 ipsi
2895 639 3091 693 iterum
3137 644 3564 706 conqueruntur,
3611 633 3830 704 penitus

602 722 764 806 quam
794 735 996 805 justius
1022 737 1319 806 potuimus,
1345 737 1486 791 hanc
1506 753 1626 806 quae
1651 735 2010 791 subscribitur
2028 733 2159 789 defi-

603 828 862 882 nitionem
896 827 1187 883 invenisse.
1221 828 1675 899 Archicpiscopus
1699 828 1964 899 siquidem
1980 835 2162 882 vester

561 908 564 910 ’
605 918 898 975 Ecclesium
933 919 1302 977 Turonensem
1335 921 1427 992 jus
1455 937 1614 976 suum
1645 921 1700 975 in
1729 921 2012 974 Britannia
2045 935 2162 989 pcr-

600 1009 803 1066 didisse
834 1026 1194 1081 conquerens,
1228 1013 1595 1068 Romanorum
1635 1014 1946 1083 pontilicum
1974 1020 2162 1066 aucto-

599 1102 815 1158 ritatem
837 1103 892 1157 in
921 1104 1158 1159 medium
1185 1099 1361 1172 duxit,
1379 1121 1501 1176 qua:
1520 1106 1802 1176 perspicue
1821 1105 2013 1175 probat
2039 1103 2159 1158 Bri-

599 1196 841 1250 tanniam
885 1193 1186 1252 Turoneusi
1231 1196 1484 1253 Ecclesiae
1518 1199 1972 1268 quemadmodum
2009 1197 2166 1267 spiri-

601 1288 734 1342 tuali
753 1285 913 1342 matri
947 1296 1001 1342 et
1029 1290 1309 1359 metropoli
1351 1306 1466 1346 suae
1491 1291 1883 1360 subjectioncm
1923 1299 1978 1346 et
2005 1306 2160 1346 reve-

601 1379 829 1433 rentiam
859 1379 1072 1434 du‘b‘ere.
1108 1379 1352 1439 Dolensis
1379 1397 1512 1437 vero
1538 1384 1826 1454 episc0pus
1854 1400 1961 1438 non
1985 1384 2162 1439 solum

601 1473 976 1526 auctoritatem
1013 1473 1301 1529 audientiae
1326 1483 1525 1530 nostra:
1552 1490 1660 1531 non
1687 1477 1950 1544 exhibuit,
1973 1493 2160 1532 verum

600 1564 763 1618 etiam
806 1565 923 1632 ipsa
948 1565 1110 1619 verba
1149 1581 1247 1620 sua
1281 1566 1350 1621 ad
1381 1565 1748 1624 defensionem
1779 1571 1985 1638 prolata
2013 1573 2162 1626 nulla

601 1656 921 1710 certitudiue
961 1657 1049 1712 cui
1089 1657 1222 1712 fides
1256 1659 1431 1713 danda
1459 1668 1603 1714 esset
1643 1659 1776 1715 fulta
1822 1663 2159 1721 videbantur.

601 1745 804 1802 Tamen
826 1748 951 1817 quia
974 1749 1028 1803 in
1056 1749 1228 1818 patria
1263 1765 1361 1805 sua
1387 1752 1678 1820 quamdam
1699 1755 2074 1810 auctoritatem
2104 1772 2162 1811 se

601 1840 884 1910 reliquisse
916 1843 1213 1906 asserebat,
1241 1843 1419 1897 visum
1460 1844 1618 1898 nobis
1647 1843 1747 1899 fuit
1786 1855 1848 1900 ut
1878 1847 1946 1902 ad
1985 1856 2160 1902 retra-

599 1932 855 1984 ctandum
901 1933 1175 2001 negotium
1215 1933 1344 1988 illud
1391 1934 1622 1990 inducis:
1655 1937 1935 2004 darentur,
1977 1947 2033 1992 et
2065 1955 2164 2009 pro

602 2022 705 2076 hac
736 2023 965 2091 aliisque
985 2023 1167 2078 causis
1187 2024 1347 2094 legati
1374 2026 1684 2094 apostolicae
1704 2028 1848 2084 sedis
1873 2029 2166 2100 dirigemu-

601 2121 722 2179 tur;
755 2122 815 2168 ut
835 2114 1034 2170 auditis
1069 2116 1355 2186 utriusque
1395 2117 1568 2186 partis
1610 2119 1936 2188 rationibus,
1971 2123 2021 2177 'si
2066 2138 2162 2177 co-

602 2207 888 2277 gnoverint
922 2208 1211 2262 Britannos
1231 2211 1612 2264 auctoritatem
1643 2206 2009 2268 authenticam
2039 2230 2166 2285 apo-

605 2299 809 2351 stolica:
842 2299 1008 2364 sedis,
1052 2299 1299 2355 videlicet
1337 2316 1528 2356 eorum
1569 2303 1886 2371 pontiﬁcum
1929 2322 2164 2374 quorum

601 2388 874 2442 ordinatio
903 2399 957 2442 et
984 2390 1093 2443 vita
1123 2391 1283 2460 digna
1309 2401 1359 2445 et
1388 2392 1577 2462 legalis
1604 2392 1791 2461 fuerit,
1825 2396 2041 2461 habere,
2071 2414 2168 2466 per

603 2494 784 2548 quam.
806 2481 1018 2551 possint
1039 2497 1098 2536 se
1124 2496 1156 2536 a
1181 2480 1519 2551 subjectione
1539 2484 1807 2554 praedicta:
1833 2485 2168 2545 Turonensis

603 2569 859 2628 Ecclesia:
882 2573 1221 2640 subtrahere,
1250 2575 1420 2644 quieti
1455 2577 1713 2648 deinceps
1736 2588 2089 2647 permaneant
2112 2580 2168 2633 in

605 2678 712 2739 sua
739 2664 1004 2720 libertate.
1041 2664 1194 2732 Quod
1220 2667 1268 2721 si
1295 2668 1584 2737 contigerit
1614 2683 1709 2725 eos
1740 2670 1904 2740 hujus
1931 2671 2169 2725 auctori-

606 2754 753 2819 tatis,
790 2771 954 2824 quam
999 2757 1163 2812 modo
1195 2758 1453 2835 diximps,
1499 2774 1609 2813 non
1640 2775 1801 2829 posse
1845 2761 2048 2818 habere
2073 2763 2170 2817 de-

606 2842 934 2912 fensionem,
979 2847 1153 2916 sopita
1200 2848 1455 2918 deinceps
1501 2858 1556 2903 et
1602 2851 1658 2903 in
1712 2860 1975 2906 mternum
2020 2853 2169 2906 omni

606 2937 970 2991 controversia
989 2979 1006 3003 ,
1062 2937 1434 2993 Tumnensem
1485 2938 1786 2996 Ecclesium
1837 2950 2066 3000 matrem
2116 2950 2172 2998 et

606 3028 948 3097 metropolim
984 3045 1140 3083 suam
1185 3033 1593 3101 recognoscant,
1621 3040 1677 3088 et
1710 3048 1828 3087 eam
1866 3049 1992 3103 qua:
2007 3027 2171 3089 decet

607 3120 1076 3189 metropolitanum
1121 3121 1526 3193 archiepiscopo
1561 3133 1744 3190 vestro
1779 3125 2170 3193 subjectionem

606 3219 662 3263 et
701 3211 1059 3264 obedientiam
1096 3213 1413 3279 exhibeant,
1464 3225 1742 3271 reservato
1781 3215 2003 3272 Dolensi
2049 3217 2169 3287 epi-

2257 730 2576 800 despexisti.
2613 729 2692 786 Ac
2733 738 3017 801 propterea
3055 725 3674 790 excommunicationem
3707 741 3830 796 qua:

2258 821 2312 876 in
2335 831 2523 878 nostro
2546 823 2777 893 rcgistro
2797 821 2997 892 scripta
3018 828 3122 885 est,
3147 827 3204 874 tu
3227 834 3352 874 cum
3374 819 3456 874 eis
3476 818 3826 885 incurrendo,

2257 913 2374 969 sine
2409 923 2656 984 respectu
2694 913 2787 968 Dei
2829 922 2884 968 et
2902 911 3212 982 apostolica:
3246 910 3557 966 reverentia
3584 910 3829 965 divinum

2258 1001 2525 1072 Otiicium,
2557 1005 2699 1060 sicut
2725 1004 3053 1071 audivimus,
3093 1001 3368 1059 celebrare
3410 1002 3826 1072 praesumpsisti.

2258 1093 2363 1150 Pro
2385 1095 2585 1166 quibus
2613 1105 2669 1150 et
2703 1096 2823 1151 aliis
2850 1095 3097 1166 pluribus
3125 1111 3157 1149 a
3189 1094 3355 1149 fratre
3390 1100 3580 1147 nostro
3605 1091 3830 1164 Hugone

2259 1184 2441 1242 Diensi
2468 1187 2726 1258 episcopo
2752 1187 2918 1243 semel
2944 1197 3000 1242 et
3025 1188 3218 1242 iterum
3247 1185 3314 1240 ad
3349 1184 3640 1239 concilium
3669 1194 3833 1241 voca-

2259 1286 2367 1337 tus.
2391 1288 2446 1335 et
2463 1289 2647 1350 postea
2669 1297 2700 1335 a
2728 1281 2885 1336 nobis
2909 1280 2977 1334 ad
3005 1279 3272 1350 synodum
3297 1277 3597 1332 Romanam
3628 1278 3828 1333 invita-

2258 1380 2347 1426 tus
2367 1379 2426 1425 ιιι
2451 1380 2504 1426 te
2526 1387 2664 1441 expu
2674 1387 2875 1443 rgares,
2898 1370 3023 1443 quia
3052 1386 3159 1424 non
3183 1369 3403 1431 'venisti,
3440 1384 3541 1424 nec
3569 1370 3832 1425 canonice

2259 1464 2556 1530 excusasti,
2594 1463 2700 1519 nisi
2739 1461 3047 1532 apostolica:
3085 1462 3301 1532 pietatis
3340 1461 3704 1515 mansuetudo
3729 1479 3834 1516 nos

2259 1553 2654 1624 dispensatoris
2674 1555 2739 1609 ad
2761 1563 2974 1623 tempus
2995 1547 3309 1619 sustineret,
3327 1553 3649 1608 sententiam
3669 1554 3834 1623 justa:

2260 1645 2612 1715 depositionis
2648 1655 2742 1701 tua
2785 1644 3171 1711 inobedieutia,
3207 1659 3330 1714 quae
3370 1660 3500 1699 vere
3537 1655 3622 1701 est
3663 1647 3833 1702 idolo-

2261 1737 2441 1804 latria,
2467 1737 2790 1806 jamdudum
2819 1737 3173 1807 suscepisset.
3206 1735 3310 1791 Sed
3333 1744 3514 1791 tamen
3538 1739 3714 1794 adhuc
3736 1740 3833 1794 tibi

2261 1838 2486 1900 paterno
2525 1839 2811 1900 parcentes
2846 1830 3062 1896 affectu,
3103 1829 3232 1899 quia
3260 1829 3464 1884 diutius
3491 1837 3573 1884 tot
3597 1842 3651 1885 et
3683 1841 3834 1885 tanta

2265 1937 2387 1992 qua:
2407 1922 2474 1976 de
2497 1930 2549 1976 te
2583 1922 2725 1976 dicta
2761 1929 2890 1976 sunt
2915 1920 3056 1975 ferre
3085 1921 3236 1975 nullo
3269 1921 3431 1976 modo
3455 1922 3682 1976 honeste
3710 1939 3834 1992 pos-

2265 2029 2479 2080 sumus,
2508 2013 2803 2084 apostolica
2837 2012 3161 2068 auctoritate
3198 2013 3542 2082 praecipimus
3567 2023 3627 2069 ut
3655 2015 3746 2068 ubi
3784 2024 3835 2069 et

2263 2106 2482 2175 quando
2515 2106 2805 2175 prmdietus
2848 2105 3015 2160 frater
3055 2113 3243 2160 noster
3275 2104 3431 2175 llugo
3470 2103 3687 2160 Diensis
3718 2107 3834 2176 epi-

2260 2214 2463 2278 scopus
2496 2207 2551 2253 te
2592 2199 2886 2264 vocaverit,
2932 2199 3000 2253 de
3041 2197 3130 2252 his
3163 2197 3247 2252 vel
3282 2197 3406 2251 aliis
3433 2197 3833 2266 satisfacturos,

2262 2292 2547 2358 occasione
2576 2291 2908 2360 postposita,
2943 2291 3018 2344 ita
3059 2298 3282 2360 paratus
3320 2299 3377 2344 ct
3408 2290 3835 2360 circumspectus

2264 2382 2523 2436 advenias
2561 2390 2640 2445 ut,
2684 2383 2733 2436 si
2775 2391 2830 2436 te
2864 2383 3208 2438 innocentem
3241 2390 3298 2435 et
3341 2381 3481 2436 falso
3522 2391 3833 2438 accusatum

2266 2471 2397 2540 scis,
2443 2459 2574 2526 cum
2613 2471 2706 2526 Dei
2757 2472 2961 2526 auxilio
3006 2481 3063 2527 et
3103 2473 3452 2528 conscientia:
3490 2474 3727 2542 puritate
3769 2476 3836 2530 ab

2266 2564 2521 2619 omnibus
2548 2565 2775 2635 objectis
2802 2573 2858 2620 et
2889 2564 3209 2635 objiciendis
3245 2565 3508 2619 canonice
3549 2567 3833 2639 expurgan’

2261 2658 2462 2725 possis.
2509 2656 2775 2713 Praeterea
2809 2641 2974 2713 omne
3009 2656 3255 2711 divinum
3289 2655 3536 2710 Ollicium
3576 2659 3830 2715 omnibus

2267 2749 2548 2804 canonicis
2577 2750 2645 2806 de
2672 2759 2852 2804 castro
2883 2748 3068 2804 Sancti
3093 2748 3269 2815 Pauli,
3293 2757 3345 2804 te
3369 2750 3487 2804 solo
3509 2750 3727 2805 interim
3747 2768 3833 2806 us-

2268 2855 2375 2908 que
2394 2843 2462 2896 ad
2483 2842 2815 2916 audientiam
2852 2852 3094 2912 excepto,
3118 2841 3492 2898 interdicimus
3517 2861 3531 2897 :
3554 2851 3610 2897 et
3636 2843 3764 2912 ipsis
3781 2852 3832 2899 et

2271 2930 2408 2987 locis
2425 2948 2637 3000 eorum,
2659 2949 2946 3004 quousque
2959 2933 3236 3003 praefatam
3258 2934 3440 2988 villam
3460 2949 3586 2989 eum
3610 2935 3830 2990 ecclesia

2269 3031 2326 3078 et
2362 3024 2486 3079 aliis
2526 3025 2644 3079 suis
2680 3025 3023 3094 pertinentiis
3060 3019 3314 3079 canunici
3335 3025 3594 3081 .ecclesize
3625 3025 3828 3080 Sancta:

2269 3114 2454 3171 Maria:
2475 3125 2529 3171 et
2551 3115 2608 3170 S.
2633 3115 2928 3171 Audomari
2954 3115 3312 3184 restituerint,
3331 3123 3389 3170 et
3405 3131 3590 3172 coram
3615 3116 3832 3188 Hugone

2270 3204 2456 3262 Diensi
2493 3207 2747 3278 episeopo
2789 3205 3263 3263 dc'inobediemia
3307 3214 3362 3264 et
3400 3208 3829 3262 exmmmunica-

609 3315 774 3369 scopo
794 3300 940 3368 pallii
970 3316 1073 3354 usu
1099 3319 1113 3353 :
1150 3302 1224 3355 ita
1254 3311 1436 3358 tamen
1475 3313 1536 3377 ιιι
1564 3305 1754 3360 bullus
1789 3321 2167 3363 successorum
2196 3314 2239 3370 ο
2271 3297 2418 3353 tione
2438 3297 2762 3353 satisfecerit
2786 3317 2800 3353 :
2828 3306 2883 3353 et
2907 3296 3017 3352 nisi
3045 3305 3102 3352 tu
3133 3298 3317 3354 statim
3342 3298 3458 3352 visa
3483 3299 3833 3368 praeceptione

609 3408 836 3447 suorum
860 3391 1055 3466 aliam
1074 3393 1392 3462 in’tempore
1420 3395 1487 3457 ad
1523 3387 1665 3449 hanc
1687 3396 2063 3468 dignitataspi-
2088 3413 2176 3453 me

608 3484 716 3550 ret,
737 3483 852 3550 sed,
868 3473 1021 3538 sicut
1047 3501 1214 3555 supra
1246 3485 1505 3550 diximus,
1545 3493 1658 3540 tam
1706 3486 1812 3555 ipsi
1843 3488 2094 3544 videlicet
2117 3489 2175 3543 in

609 3575 849 3631 Ecclesia
894 3573 1110 3654 Dolensi
1159 3578 1524 3633 constituendi
1572 3592 1741 3648 quam
1786 3579 1950 3634 etiam
1994 3582 2174 3657 ceteri

613 3667 901 3723 Britannia:
949 3668 1187 3738 episcopi
1244 3670 1562 3739 magisterio
1605 3668 1950 3744 Turonensis
2001 3673 2176 3727 archi-

613 3759 852 3831 episcopi
875 3764 932 3817 in
953 3771 1270 3832 perpetuum
1296 3762 1495 3815 subditi
1524 3760 1894 3830 permaneant.

685 3853 818 3906 Data
843 3851 1025 3907 Rom
1054 3860 1243 3906 octava
1261 3848 1390 3905 ldus
1410 3850 1654 3916 Martias,
1672 3851 1968 3911 indictione
1995 3840 2172 3910 tertia.

1141 3958 1472 4014 EPISTOLA
1509 3958 1648 4013 XVI.

792 4069 859 4106 ΑΙ)
894 4067 1178 4106 ΙΙΙΠΞΕΒΤΒΠ
1218 4065 1505 4104 ενιεοοινυι
1544 4065 1998 4107 TABVANNENSIUI.

1197 4141 1378 4212 (Anno
1413 4140 1599 4210 1080.)

625 4235 751 4305 Ejus
773 4236 1157 4289 contumaciam
1179 4247 1455 4305 accusans,
1481 4231 1720 4305 prscripit
1753 4241 1811 4285 ut
1839 4236 2186 4304 σιωπώσης

686 4322 786 4375 quc
808 4313 1018 4357 uocatus
1038 4305 1196 4372 fuerit
1217 4320 1394 4357 coram
1419 4303 1598 4356 Diensi
1620 4303 1859 4373 φείσοῃο
1880 4307 2182 4373 apostolica:

689 4375 827 4426 sedis
856 4373 1024 4431 leuato
1047 4375 1256 4426 omnino
1288 4389 1342 4426 se
1365 4381 1639 4431 prasente!
1667 4373 1732 4426 de
1756 4373 1938 4427 multis
1962 4375 2064 4430 sibi
2088 4380 2182 4431 ob-

692 4389 827 4426 scais
856 4389 1024 4443 legato
1047 4390 1256 4426 omnino
1288 4389 1342 4426 se
1365 4389 1639 4442 promittet
1667 4389 1732 4426 ae
1756 4389 1938 4427 mutus
1962 4389 2064 4430 stbt
2088 4389 2180 4431 ob-

692 4442 840 4512 iectis
876 4444 1200 4512 criminibus
1221 4444 1447 4512 “ipsum
1478 4451 1814 4512 purgaturus.
1849 4443 1982 4512 Ejus
2017 4463 2180 4500 cano-

696 4510 849 4580 uicis,
884 4511 972 4580 qui
1010 4509 1502 4580 quamdam‘rillant
1533 4509 1910 4580 usurpaverant
1948 4515 2184 4570 divinum

699 4579 935 4648 Gliciam
957 4579 1241 4643 interdicit,
1270 4585 1321 4631 et
1351 4579 1416 4630 ab
1442 4594 1502 4630 eo
1528 4579 1774 4632 interdici
1803 4582 1933 4636 uult.

695 4689 1002 4746 Guscomus
1037 4689 1343 4758 episcopus,
1372 4703 1563 4743 servus
1598 4703 1882 4765 servorum
1924 4690 2041 4758 Dei,
2074 4690 2186 4747 nu.

623 4797 818 4848 usuro,
859 4779 1322 4834 Tarvannensium
1348 4778 1620 4848 episcopo.
1639 4785 1648 4792 '
2045 4832 2052 4838 ,

695 4872 851 4941 Quod
897 4872 1127 4927 salutem
1163 4880 1219 4925 et
1237 4869 1587 4939 apostolicam
1623 4869 2050 4928 benedictionem
2088 4871 2188 4928 tibi

626 4979 738 5017 non
765 4963 1105 5027 mandamus,
1139 4977 1202 5016 ea
1228 4959 1465 5015 maxime
1499 4974 1665 5013 causa
1690 4968 1794 5028 est,
1818 4962 1964 5030 quod
2006 4962 2063 5016 in
2099 4978 2188 5018 re-

631 5053 800 5118 gistro
823 5062 1008 5108 nostro
1031 5053 1225 5123 legitur
1252 5060 1307 5107 te
1329 5051 1399 5106 ab
1426 5047 1652 5122 Hugone
1679 5051 1846 5121 hujus
1871 5063 2073 5109 sanctm
2098 5070 2188 5109 se-

631 5141 718 5194 dis
754 5140 928 5209 le'gato
968 5144 1109 5210 apud
1148 5142 1592 5198 monasteriolum
1627 5143 1941 5198 haereticum
1975 5145 2189 5214 publice

631 5231 959 5295 mnviuum,
991 5239 1046 5284 et
1069 5242 1274 5299 postea,
1306 5242 1592 5302 antequam
1627 5250 1781 5290 esses
1807 5236 1877 5290 ab
1916 5236 2018 5292 hac
2045 5236 2187 5291 infa-

632 5322 742 5376 mia
779 5327 1130 5389 expurgatus,
1179 5321 1484 5382 audivimus
1531 5323 1837 5380 Simoniace
1875 5327 2185 5397 episcopum

632 5413 858 5498 factum.
889 5410 1091 5465 Deinde
1121 5409 1266 5479 quod
1301 5412 1608 5489 apostolica:
1626 5414 1772 5467 sedis
1804 5424 2071 5484 precepta
2104 5433 2191 5472 su-

633 5518 733 5572 per
751 5511 811 5557 te
828 5510 883 5557 et
905 5517 1070 5571 super
1090 5499 1382 5555 canonicos
1407 5509 1532 5554 tuos
1551 5500 1619 5554 de
1638 5509 1818 5555 castro
1837 5500 2019 5557 Sancti
2037 5503 2189 5563 Pauli

635 5591 971 5661 promulgata
1004 5606 1116 5662 pro.
1130 5588 1367 5660 quadam
1403 5589 1551 5655 villa,
1592 5588 1826 5644 Kesseca
1864 5589 2112 5660 [Reseca,
2141 5604 2193 5646 et

638 5666 756 5736 cod.
780 5680 972 5734 latin.
1003 5679 1237 5760 Resena]
1261 5679 1557 5747 nominata,
1589 5694 1757 5749 quam
1783 5695 1907 5734 cum
1933 5681 2050 5735 suis
2073 5696 2195 5750 per-

641 5772 881 5826 tinentiis
907 5772 1152 5826 canonici
1187 5771 1246 5825 S.
1277 5770 1459 5826 Maria:
1481 5780 1535 5827 et
1555 5770 1616 5826 ὃ.
1647 5771 1942 5826 Audomari
1972 5787 2113 5842 stupe
2138 5772 2194 5826 in

537 5927 542 5930 _
641 5861 925 5926 praesentia
945 5870 1128 5916 nostra
1153 5862 1433 5931 conquesti
1453 5874 1583 5920 sunt
1607 5862 1712 5919 sibi
1734 5872 1788 5917 et
1810 5879 1923 5920 suae
1944 5862 2196 5920 Ecclesia:
2241 5877 2250 5884 '

2273 3394 2461 3445 nostra
2505 3389 2776 3458 prmdictis
2818 3388 3096 3444 canonicis
3138 3385 3273 3455 tuis,
3314 3397 3372 3454 et
3411 3389 3663 3446 omnibus
3706 3390 3830 3446 locis

2274 3495 2486 3557 eorum,
2521 3489 2575 3536 et
2602 3463 2870 3552 praecipue
2903 3479 2993 3535 ubi
3042 3481 3290 3536 canonici
3319 3482 3650 3537 denominati
3687 3491 3828 3546 sunt,

2274 3586 2434 3627 omne
2461 3572 2704 3628 divinum
2733 3572 2968 3629 ollicium
3012 3572 3378 3639 interdixeris,
3417 3589 3580 3629 omne
3605 3573 3829 3629 oliicium

2275 3672 2428 3718 tuum
2464 3666 2788 3722 auctoritate
2807 3665 3101 3735 apostolica
3127 3664 3478 3721 interdictum
3506 3667 3730 3720 noveris.

2343 3757 2478 3812 Data
2508 3757 2696 3813 Roma:
2736 3758 2970 3829 septimo
2999 3757 3273 3813 Kalendas
3297 3758 3524 3827 Aprilis,
3551 3756 3832 3812 indictione

2276 3849 2454 3903 tertia.

2791 3965 3128 4022 EPISTOLA
3160 3966 3326 4021 XVII.

2712 4074 2779 4111 AD
2815 4072 3077 4112 DOLENSES
3109 4071 3399 4114 κοωειιοθ.

2846 4147 3036 4218 (Anno
3073 4146 3270 4218 1080.)

2236 4221 2240 4224 ~
2285 4240 2504 4312 Hortqu
2517 4257 2551 4312 u
2556 4247 2573 4292 ι
2586 4238 3046 4312 duomonastcria,
3056 4255 3173 4312 qua
3182 4237 3563 4307 Lemuriccnsis
3572 4243 3827 4312 cpiscopus

2349 4309 2600 4364 Ecclesiw
2618 4326 2737 4385 sum
2756 4310 2820 4362 ab
2859 4310 2988 4378 ipsis
3014 4310 3284 4385 subtracta
3309 4309 3616 4385 conquestus
3636 4309 3826 4385 fureret,

2559 4380 2629 4433 ad
2668 4380 2946 4450 adventum
2962 4378 3295 4450 Japostolicai
3317 4378 3455 4450 scitis
3488 4378 3655 4450 legati
3673 4380 3826 4440 cidem

2345 4434 2913 4521 cpiscopo'restituant.
2948 4434 3099 4511 Quod
3128 4448 3175 4499 si
3207 4447 3335 4521 quid
3361 4449 3420 4500 in
3449 4465 3514 4501 ea
3539 4434 3598 4503 ἶνα
3616 4434 3828 4517 fuisse

2349 4521 2564 4572 credant
2586 4518 2794 4580 habere,
2820 4532 2998 4568 coram
3018 4515 3190 4584 legato
3216 4516 3516 4570 ostendant.

2213 4629 2279 4683 ι),
2351 4607 2657 4662 ϐιιεςοιισς
2673 4603 2976 4672 episcopus,
2999 4618 3190 4658 servos
3209 4619 3492 4659 servorum
3512 4604 3630 4673 Dei,
3653 4605 3827 4661 Dolen-

2283 4697 2435 4750 sibus
2467 4694 2770 4758 monachis,
2795 4693 3034 4747 salutem
3057 4700 3116 4748 et
3137 4693 3488 4766 apostolicam
3515 4696 3824 4754 δεηαιίαίο.

2223 4811 2236 4824 '
2283 4800 2428 4839 nem.

2353 4874 2542 4928 Frater
2584 4881 2640 4927 et
2688 4871 3039 4943 coepiscopns
3081 4883 3268 4930 noster
3289 4874 3692 4935 Lemovicensis
3713 4893 3825 4935 oon-

2285 4973 2509 5034 questus
2539 4972 2624 5017 est
2657 4963 2822 5018 nobis
2864 4963 2920 5017 in
2962 4965 3170 5036 synodo
3190 5007 3207 5033 ,
3248 4982 3416 5038 quam
3442 4983 3614 5039 nuper
3637 4968 3854 5038 Rom,

2286 5054 2396 5109 Deo
2420 5054 2734 5124 cpitulante,
2759 5055 3172 5125 celebravimus,
3200 5058 3348 5128 quod
3373 5066 3557 5114 vestra
3597 5056 3823 5112 fraterni-

2285 5154 2370 5200 tas
2393 5144 2644 5200 Eccleslte
2661 5161 2775 5200 una:
2791 5146 2901 5202 duo
2925 5149 3254 5203 monasteria
3276 5147 3568 5212 subtrahit.
3597 5143 3823 5202 Testatus

2285 5244 2370 5288 est
2399 5233 2560 5288 etiam
2591 5233 2704 5303 ipse
2750 5233 2918 5290 frater
2961 5244 3019 5291 et
3059 5235 3415 5306 coepiscopus
3457 5242 3647 5292 noster
3683 5244 3822 5304 atque

2285 5323 2493 5395 legatus
2519 5333 2702 5380 noster
2727 5323 2884 5397 Bugo
2909 5324 3126 5380 Diensis
3145 5325 3434 5394 episcopus
3461 5328 3606 5395 quod
3629 5343 3718 5381 vos
3737 5339 3819 5396 pm

2287 5416 2390 5470 hac
2417 5430 2585 5471 causa
2626 5416 2693 5471 ad
2736 5416 2847 5471 duo
2878 5401 3107 5470 concilia
3126 5454 3144 5479 ,
3185 5405 3393 5468 scilicet
3412 5424 3475 5470 ut
3502 5416 3643 5473 inter
3662 5433 3751 5474 vos
3774 5426 3819 5471 et

2285 5507 2623 5574 przelibatum
2651 5495 3214 5578 episcopumexinde.
3235 5503 3466 5573 iustitia
3507 5508 3665 5564 linem
3687 5523 3815 5565 corn-

2286 5604 2528 5663 poneret,
2553 5596 2868 5661 admonuit;
2907 5594 3024 5660 sed,
3049 5600 3112 5647 ut
3148 5592 3264 5663 ipse
3283 5597 3501 5675 asserit,
3528 5586 3720 5654 nullam
3740 5596 3816 5668 jn-

2290 5684 2490 5739 stitiam
2535 5702 2634 5741 seu
2677 5684 3037 5755 obedientiam
3081 5685 3334 5742 exhibere
3377 5690 3647 5747 voluistis.
3690 5687 3814 5756 Qus-
3889 5721 3895 5724 -

2290 5782 2506 5843 propter
2560 5774 2832 5845 synodalis
2880 5784 3177 5838 conventus
3225 5778 3463 5837 decrevit
3515 5790 3574 5836 ut
3623 5775 3814 5852 νηπίη

2294 5862 2623 5918 monasteria
2651 5863 2715 5917 in.
2736 5871 2998 5932 potestate
3015 5864 3425 5929 .Lemovicensis
3464 5869 3706 5928 Ecclesia
3741 5877 3826 5918 1""-

3943 5937 3947 6004 1

3765 6293 3784 6306 Α

3515 6027 3948 6424 Α

3312 6417 3402 6424 -ᾉ--ι
3498 6415 3560 6421 ——
