3952 6370
171 461 256 516 561
1233 452 1432 507 LIBER
1470 448 1827 507 SEPTIMUS.
1866 479 1937 489 η
1969 448 2184 504 EPIST.
2224 448 2361 502 XIX.

3267 452 3369 507 562

168 574 274 628 dire
299 571 550 637 debeant,
580 580 634 625 et
658 571 775 625 sine
803 536 1225 626 contradictione
1269 575 1470 634 vestra,
1500 582 1594 622 seu
1623 581 1718 620 ve-
1748 569 1793 623 Λ
1889 562 2019 617 Data
2070 563 2255 661 ltomae
2306 562 2543 661 secundo
2568 560 2719 661 .ldus
2766 561 2985 661 Aprilis,
3016 563 3219 636 [pridie
3243 562 3371 620 ldus

167 671 418 728 atrorum,
445 677 617 731 usque
643 662 711 716 ad
743 661 1032 715 adventum
1052 659 1212 730 legati
1241 648 1411 713 nostri
1438 658 1616 727 quiete
1649 657 1720 711 ab

169 751 276 821 ipsa
298 750 540 807 Ecclesia
559 752 951 823 possideantur.
973 749 1083 804 Nos
1100 750 1301 819 itaque,
1318 748 1473 819 juxta
1492 747 1721 803 fratrum

169 848 472 897 nostrorum
498 858 825 899 consensum
866 851 1028 912 atque
1053 841 1341 896 consilium
1383 840 1529 910 quod
1556 855 1723 908 supra

166 930 513 987 deliberatum
544 942 628 990 est
666 933 1069 999 continuantes,
1100 932 1421 988 mandamus
1455 930 1608 985 vobis
1635 938 1719 985 at-

168 1037 266 1089 que
298 1025 635 1095 praecipimus
682 1033 741 1079 ut
787 1040 956 1095 usque
999 1024 1067 1077 ad
1108 1024 1386 1093 prmlixum
1430 1021 1720 1077 terminum

170 1114 480 1180 ptrmittatis
547 1097 859 1183 praedictam
926 1113 1221 1169 Ecclesium
1264 1112 1719 1176 ,Lemovicensem

172 1202 281 1271 ipsa
327 1206 656 1271 monasteria
704 1206 952 1261 retinere.
1010 1204 1069 1259 Si
1116 1221 1244 1260 vero
1294 1204 1347 1258 in
1391 1204 1473 1260 eis
1517 1204 1721 1273 aliquid

169 1291 379 1360 justitia:
400 1308 495 1348 vos
517 1296 716 1349 habere
742 1295 1029 1361 conﬁditis,
1051 1295 1211 1366 legati
1238 1295 1409 1350 nostri
1433 1294 1719 1349 adventum

169 1392 554 1452 exspectantes,
584 1401 807 1441 causam
826 1396 1064 1453 vestram
1089 1386 1164 1440 illi
1189 1394 1494 1455 opportuno
1521 1386 1641 1440 loco
1668 1394 1720 1439 et

171 1482 416 1544 tempore,
447 1476 539 1530 ubi
578 1477 750 1547 possit
794 1470 1193 1532 Lefnovieensis
1223 1477 1510 1547 episc0pus
1552 1477 1717 1530 inter-

168 1580 300 1632 esse,
343 1576 744 1643 reprteseutatc.
790 1568 926 1622 Ante
972 1568 1131 1638 cujus
1173 1560 1501 1623 audientiam
1556 1583 1720 1624 causa

170 1664 336 1710 vestra
358 1656 669 1728 diligentius
693 1659 947 1713 ventilata
988 1669 1043 1713 ct
1084 1660 1292 1728 plenius
1320 1658 1532 1728 cognita
1554 1658 1717 1728 justi-

170 1745 253 1799 tiz
293 1745 451 1801 ﬁnem
493 1748 752 1816 inveniat,
779 1757 833 1804 et
876 1749 1015 1804 inter
1064 1766 1163 1805 vos
1205 1750 1352 1804 omni
1409 1750 1501 1803 lite
1545 1749 1719 1819 sopita

170 1837 386 1907 quisque
412 1832 655 1895 vestrum
678 1854 780 1895 suo
797 1841 921 1911 jure
949 1848 1235 1897 contentus
1260 1840 1512 1911 injuriam
1543 1839 1719 1894 facere

170 1928 385 1983 desinat.

236 1995 357 2074 Data
580 2020 835 2080 Kalendis
864 2021 983 2093 [vm
1014 2008 1159 2095 K'aL]
1184 2022 1405 2093 Aprilis,
1428 1992 1717 2081 indictione
1766 2102 1769 2103 ν

172 2110 334 2164 tertia.

665 2223 998 2283 msrou
1032 2226 1201 2283 xvm
1244 2212 1247 2221 ί

259 2340 268 2347 ~
322 2329 389 2368 AD
416 2329 741 2371 manus:
765 2308 1076 2375 inmensi-zu
1090 2335 1553 2375 Αιιοιιιενιεεονωι.

740 2407 919 2479 (Anno
948 2409 1101 2463 1080.
1109 2409 1128 2479 )

170 2515 387 2595 Argum;
427 2536 549 2573 eum
579 2522 947 2595 inobedientite
994 2526 1233 2595 prwcipit
1270 2536 1326 2579 ut
1368 2526 1719 2583 Pezanensem

227 2587 626 2673 anbatem‘cogat
656 2587 1015 2673 dereliacens'i
1042 2587 1220 2673 abbati
1246 2599 1513 2673 restituere
1535 2614 1720 2673 quant-

230 2655 346 2709 dam
372 2655 646 2714 ecclesiam
678 2662 762 2718 illi
793 2667 1109 2736 monasterio
1156 2667 1220 2719 ab
1271 2655 1561 2736 apostolici
1601 2668 1722 2722 sede

227 2742 535 2796 concessam,
566 2736 865 2786 contumaci
897 2734 1128 2789 ecclesia:
1152 2734 1371 2789 introitu
1418 2738 1719 2792 interdicto.

232 2835 527 2901 GIEGORIUS
548 2840 857 2911 episcopus,
888 2859 1078 2900 servus
1105 2862 1389 2901 servorum
1431 2847 1546 2915 Dei,
1570 2847 1723 2903 W11.-

169 2941 327 2981 tsuo
364 2930 622 2986 Auxiensi
659 2934 1066 3007 archiepiscopo
1109 2937 1439 3011 [episcopo],
1492 2940 1721 2995 salutem

167 3022 218 3067 et
238 3018 581 3085 apostolicam
613 3021 1063 3080 benedictionem.
1574 3086 1579 3092 .

229 3107 481 3164 Miramur
506 3114 848 3181 prudentiam
877 3125 1025 3172 tuam
1070 3117 1147 3173 ita
1184 3132 1242 3174 se
1270 3119 1580 3190 apostolica:
1607 3120 1721 3176 sedi

170 3197 551 3253 inobedientem
595 3204 931 3273 exhibuisse,
958 3215 1019 3261 ut
1042 3208 1315 3279 negotium
1339 3210 1482 3279 quod
1514 3210 1608 3265 tibi
1639 3211 1721 3265 vi-

167 3289 290 3342 tarii
315 3290 490 3349 nostri
514 3296 926 3364 commiserunt,
968 3299 1036 3352 ad
1070 3300 1475 3368 exsequendum
1516 3310 1573 3355 tu
1612 3319 1720 3358 non

168 3394 353 3439 curans
373 3400 585 3454 parere,
614 3387 1005 3457 contempseris
1029 3388 1096 3442 ad
1126 3386 1373 3445 eﬁ'ectum
1403 3392 1715 3459 perducere.

170 3467 428 3539 Siquidem
457 3476 701 3547 injuncta
744 3478 841 3532 tibi
872 3487 955 3533 est
978 3479 1047 3534 ab
1067 3480 1147 3535 eis
1192 3495 1323 3537 cura
1338 3466 1610 3550 justitiam
1634 3482 1717 3537 fa-

167 3562 329 3619 ciendi
356 3565 518 3622 Petro
554 3568 737 3623 abbati
769 3567 1169 3627 Aureliacensis
1212 3569 1640 3643 [Aurelianensis
1669 3581 1719 3628 et

167 3653 239 3704 sic
268 3655 471 3731 deinde]
524 3660 759 3715 coenobii
802 3661 944 3728 juris
997 3662 1160 3730 hujus
1209 3673 1408 3719 sancta:
1460 3664 1721 3720 Romanas

169 3738 410 3800 Ecclesia:
433 3747 499 3801 de
523 3747 745 3802 Dodone
765 3747 956 3803 abbate
984 3748 1309 3816 Pezanense,
1338 3754 1433 3823 qui
1459 3769 1526 3807 ex
1554 3756 1719 3826 longo

171 3838 395 3904 tempore
413 3837 660 3894 invasam
682 3840 885 3895 detinet
908 3842 1189 3908 ecclesiam
1206 3842 1349 3912 juris
1370 3843 1553 3899 itidem
1575 3845 1718 3909 beati

170 3923 325 3995 Petri,
352 3930 444 3984 sed
472 3930 697 4000 prafato
726 3933 1055 3988 monasterio
1093 3934 1461 3991 Aureliacensi
1489 3952 1716 3993 conces-

169 4030 297 4085 sam,
321 4036 439 4091 qua
463 4024 779 4081 nominatur
805 4024 1003 4077 Sancta
1032 4023 1198 4077 Maria
1227 4026 1569 4087 Dalmairaci.
1600 4029 1721 4096 Qua

112 4173 117 4181 ν
169 4106 218 4163 in
244 4125 300 4165 re
324 4122 582 4182 quantam
610 4114 775 4171 beato
799 4112 962 4173 Petro
993 4116 1351 4171 reverentiam
1378 4117 1633 4177 habueris
1662 4123 1715 4177 in

170 4199 265 4255 hoc
289 4204 559 4261 evidenter
602 4217 857 4277 apparet,
902 4208 1048 4278 quod
1093 4216 1147 4263 et
1190 4208 1409 4265 invasor
1433 4210 1715 4266 ecclesiam

168 4291 489 4350 calumniose
536 4297 715 4355 adhuc
760 4312 1027 4367 occupare
1063 4313 1170 4352 non
1195 4299 1411 4367 desinit,
1440 4309 1495 4355 et
1521 4303 1715 4370 pnedi-

168 4389 281 4437 ctus
306 4384 470 4441 abbas
494 4386 894 4446 Aoreliacensis
918 4390 1244 4460 apostolicas
1268 4406 1428 4447 aures
1456 4392 1527 4447 ob
1555 4393 1607 4447 id
1636 4394 1692 4447 in

170 4475 439 4545 terpellare
463 4480 825 4549 compellitur,
854 4482 1151 4551 pmsertim
1188 4486 1314 4537 cum
1343 4500 1506 4553 supra
1536 4484 1716 4539 nomi-

1819 652 2115 724 Octobris],
2143 652 2432 708 indictione
2463 652 2665 739 tertia.
2742 666 2747 667 '
2804 656 2831 673 ν’
2874 668 2875 671 ‘
2908 700 2913 711 .

2342 762 2677 825 EPISTOLA
2708 770 2849 827 XIX.
2884 763 2885 766 “
2956 766 2959 771 λ

1881 876 1949 919 an
1969 864 2361 927 struntcsnsss,
2385 852 2746 929 simussumus
2772 878 2840 917 ετ
2868 878 3304 924 smtsusnsuS.

2406 951 2588 1021 (Anno
2616 952 2796 1024 roso.)

1820 1040 2185 1109 Precipit‘ut
2226 1037 2473 1112 beneﬁcia
2506 1042 2866 1099 Aureliacensi
2917 1048 3147 1100 coenobio
3192 1046 3370 1101 ablata

1890 1112 2252 1183 restituantur,
2285 1122 2339 1166 et
2366 1114 2663 1182 obsequium
2690 1124 2844 1183 atque
2869 1116 3097 1183 ﬁdelitas
3121 1134 3153 1169 a
3178 1118 3371 1169 vicet-o-

1891 1182 2015 1233 mite
2045 1181 2395 1256 exhibebatur
2409 1181 2606 1256 abbati,
2629 1181 2777 1240 quem
2809 1181 3144 1255 “obligasse
3166 1188 3371 1256 signiﬁ-

1889 1259 1995 1324 cat,
2037 1266 2100 1302 ne
2137 1250 2236 1324 ulli
2281 1252 2441 1324 militi
2464 1252 2606 1324 ultra
2632 1270 2790 1324 uitam
2822 1250 3061 1307 mansum
3084 1257 3147 1307 de
3172 1250 3374 1324 posses-

1884 1320 2029 1374 sione
2047 1319 2275 1374 ecclesia:
2297 1321 2463 1375 daret.
2493 1322 2781 1390 Confirmat
2810 1326 3111 1385 monasterii
3152 1319 3370 1379 Viacem

1884 1390 1959 1441 eis
1999 1390 2362 1457 refutationem
2396 1409 2427 1443 a
2465 1392 2697 1460 principe
2736 1393 2790 1445 in
2833 1410 2987 1447 manu
3017 1394 3217 1449 abbatis
3249 1412 3371 1448 con-

1884 1474 2036 1511 sensu
2060 1460 2285 1529 episcopi
2313 1468 2360 1513 et
2386 1460 2693 1535 clericorum
2718 1463 2933 1530 factam.

1887 1570 2193 1628 GBEGORICS
2220 1573 2524 1643 cpiscopus,
2547 1589 2735 1629 servus
2752 1590 3028 1630 servorum
3052 1576 3167 1643 Dei,
3193 1582 3337 1633 enini
3352 1610 3369 1619 -

1819 1662 1921 1718 bus
1947 1662 2001 1715 in
2032 1662 2373 1731 Bituricensi,
2416 1681 2625 1720 necnon
2647 1664 3006 1737 Narbonensi,
3046 1684 3139 1723 seu
3176 1668 3368 1725 Burdi-

1819 1752 2043 1822 galcnsi,
2075 1755 2365 1823 provinciis
2392 1756 2718 1825 constitutis,
2746 1759 2984 1829 exceptis
3012 1760 3095 1815 his
3120 1761 3213 1830 qui
3248 1778 3371 1830 apt»

1819 1843 2008 1898 stolica
2034 1846 2589 1901 excommunicatione
2615 1856 2884 1916 tenentur,
2913 1851 3142 1906 salutem
3169 1861 3223 1907 et
3249 1868 3373 1923 apo-

1817 1935 2062 1989 stolicam
2087 1937 2537 1992 bencdictiiincm.
2937 1990 2943 1995 .

1883 2024 2103 2079 Clamor
2129 2028 2340 2085 abbatis
2374 2030 2775 2095 Aureliaccnsis
2800 2030 3048 2099 cmnobii,
3077 2034 3222 2102 quod
3245 2050 3369 2102 pro-

1818 2115 1920 2183 prii
1950 2115 2091 2186 juris
2118 2117 2259 2171 beati
2288 2117 2434 2172 Petri
2460 2120 2813 2185 concessione
2837 2122 3138 2179 l'u'ndatoris
3163 2125 3372 2181 scilicet

1818 2191 1959 2301 ιιρέῃί
1987 2205 2201 2262 Geraldi
2226 2222 2347 2264 esse
2372 2209 2725 2279 dignoscitur,
2752 2214 2975 2270 auribus
3002 2218 3203 2289 nostris
3231 2217 3374 2273 inso-

1819 2297 1957 2364 nuit,
1987 2298 2233 2380 videlicet
2257 2314 2419 2370 super
2438 2300 2764 2371 quibUSdam
2784 2305 3029 2374 personis
3054 2310 3148 2378 qui
3176 2310 3374 2380 injuste

1816 2387 2058 2442 detinent
2085 2378 2348 2452 beneﬁcia
2388 2391 2631 2462 praedicti
2672 2383 2987 2452 monasterii
3016 2414 3049 2451 a
3074 2378 3371 2467 praedeces-

1820 2478 2035 2534 soribus
2055 2482 2170 2538 suis
2196 2484 2299 2538 sub
2319 2483 2571 2538 ﬁdelitate
2596 2492 2651 2540 et
2676 2485 2916 2541 dominio
2944 2502 3042 2556 pro
3061 2489 3375 2547 defensione

1817 2570 2059 2626 ecclesiae
2106 2572 2208 2629 sibi
2242 2582 2296 2629 et
2328 2575 2452 2649 suis
2478 2575 2912 2633 antecessoribus
2936 2580 3064 2634 olim
3091 2597 3370 2641 concessa.

1818 2657 2093 2731 Prmeipue
2114 2666 2469 2736 conqueritur
2522 2683 2683 2737 super
2726 2666 3049 2740 Bereugario
3073 2671 3373 2730 Carlatensi

1816 2752 2159 2825 vicecomite,
2184 2757 2299 2826 qui,
2326 2758 2541 2833 propria
2576 2759 2868 2829 cupiditate
2892 2762 3107 2831 ductus,
3137 2766 3375 2822 debitum

1820 2845 2099 2900 servitium
2144 2856 2201 2902 et
2225 2848 2534 2911 ﬁdelitatem
2578 2852 2759 2908 abbati
2786 2853 3037 2910 exhibere
3067 2866 3241 2928 negat,
3271 2860 3375 2913 nisi

1820 2936 2140 2993 beneﬁcium
2170 2942 2315 3019 quod
2366 2938 2637 2999 immerito
2664 2946 2865 3001 detinet
2913 2950 3089 3003 adhuc
3123 2952 3284 3009 etiam
3311 2953 3378 3005 de

1814 3027 1938 3096 jure
1965 3031 2208 3087 ecclesiae
2233 3042 2512 3103 augeatur.
2556 3034 2791 3092 Proinde
2817 3041 3114 3108 apostolica
3141 3046 3377 3099 auctori-

1819 3126 1928 3175 tate
1956 3122 2317 3192 przecipimus,
2368 3136 2637 3195 quatenus
2674 3130 2876 3195 omnis,
2920 3132 3014 3200 qui
3061 3134 3381 3193 beneﬁcium

1822 3208 2057 3281 praelata:
2082 3198 2326 3283 ecclesiae
2376 3204 2445 3272 ad
2494 3218 2598 3275 hoc
2643 3198 3260 3297 aliquando—suscepisse
3287 3247 3380 3286 co-

1817 3288 2119 3371 gnoscitur,
2146 3306 2537 3374 subjectioncm
2581 3318 2635 3364 et
2684 3288 2994 3368 ﬁdelitatem
3024 3288 3203 3371 abbati
3252 3337 3378 3389 pere

1819 3394 2012 3461 solvat,
2040 3404 2094 3449 et
2116 3398 2394 3452 servitium
2418 3414 2521 3477 pro
2558 3401 2819 3458 beneﬁcio
2868 3405 3050 3477 largiri
3075 3426 3182 3466 non
3212 3414 3378 3471 dene-

1819 3494 1924 3557 get,
1954 3495 2007 3541 et
2026 3489 2094 3546 ab
2121 3490 2403 3545 exactione
2424 3480 2621 3548 illicita:
2648 3500 3102 3566 augmentationis
3122 3506 3377 3579 desistat;

1820 3577 1973 3656 aliter
2003 3582 2149 3635 enim
2176 3583 2397 3639 invasor
2421 3596 2475 3641 et
2502 3589 2797 3667 sacrilegus
2825 3608 2946 3651 esse
2973 3577 3377 3670 comprobatur.

1820 3668 1929 3725 Nos
1954 3687 2081 3727 vero
2106 3673 2489 3733 detrimentum
2520 3674 2810 3751 supradicti
2840 3690 3072 3745 cdmobii
3092 3668 3385 3774 agnoscen-

1819 3771 1921 3828 tes,
1949 3764 2194 3821 abbatem
2223 3770 2325 3822 sub
2353 3772 2714 3838 promissione
2738 3777 2859 3831 ﬁdei
2882 3794 2995 3835 suae
3013 3784 3068 3837 in
3096 3764 3260 3843 nianu
3289 3806 3382 3845 no-

1818 3859 1931 3905 stra
1978 3854 2356 3926 obligavimus,
2379 3862 2607 3919 utnulli
2635 3864 2869 3927 militum
2916 3870 3075 3928 liceat
3119 3876 3195 3933 illi
3240 3881 3381 3937 ultra

1820 3958 1989 3997 unum
2017 3961 2265 4003 mansum
2295 3951 2362 4006 de
2387 3954 2729 4023 possessione
2749 3960 2989 4019 ecclesiae
3006 3966 3135 4024 dare
3162 3972 3264 4026 sub
3281 3974 3383 4029 hac

1819 4035 1902 4090 vel
1924 4035 2029 4090 alia
2057 4036 2363 4110 occasione,
2393 4059 2568 4115 neque
2594 4045 2755 4103 alicui
2794 4050 2946 4107 alteri
2981 4071 3246 4126 personae,
3275 4064 3381 4117 nisi

1818 4130 2125 4185 communis
2174 4132 2379 4188 utilitas
2430 4134 2661 4191 fratrum
2713 4141 3030 4210 regulariter
3072 4145 3377 4218 degentium

1817 4219 2190 4286 postulaverit,
2235 4232 2289 4278 et
2317 4226 2625 4293 apostolicae
2650 4229 2891 4298 aequitati
2938 4226 3246 4294 fetmntiare
3278 4256 3379 4297 au-

1820 4322 1914 4360 sus
1941 4307 2121 4364 fuerit.
2148 4312 2537 4371 Monasterium
2572 4328 2749 4373 autem
2775 4318 3138 4383 Maurzicense
3168 4328 3382 4401 [Mann-

1819 4397 2087 4473 ziacense]
2116 4418 2239 4458 cum
2265 4408 2519 4463 omnibus
2548 4410 2650 4465 sibi
2679 4411 3017 4483 adjacentiis,
3043 4428 3098 4475 et
3127 4397 3381 4481 ecclesias

1820 4490 2024 4569 scilicet
2052 4491 2374 4552 Dalmairaei
2428 4498 2830 4576 [Dcalmairaci]
2864 4517 2918 4561 et
2964 4507 3163 4565 Montis
3193 4498 3379 4583 Salvii,

170 4572 319 4621 natus
340 4565 665 4625 Pezanensis
690 4571 992 4638 convictus,
1014 4562 1124 4624 et'a
1154 4573 1343 4643 legatis
1366 4576 1568 4630 nostris
1599 4575 1719 4631 Ste-
1752 4594 1794 4653 ι)
1819 4588 1873 4634 et
1898 4565 2143 4651 eteteras,
2174 4592 2385 4643 necnon
2429 4562 2607 4647 ierras
2642 4602 2697 4648 et
2740 4562 3119 4664 possessiones
3160 4603 3217 4658 in
3245 4562 3382 4676 qua:

171 4655 503 4676 ,μμ
556 4660 595 4676 κ.
694 4659 810 4676 ,η
934 4662 948 4676 .
1017 4659 1126 4676 η,.
1233 4663 1245 4674 .
1413 4665 1425 4676 .
1676 4668 1689 4676 .

170 4655 337 4720 phano
361 4660 631 4714 cardinale
658 4669 713 4715 et
746 4659 987 4718 Gerardo
1014 4659 1248 4721 Ostiensi
1276 4665 1604 4734 coepiscopo.
1625 4668 1721 4732 ad:-

166 4747 425 4816 judicatus
451 4752 647 4809 debere
676 4754 823 4811 illam
851 4756 1137 4836 ecclesiam
1182 4756 1422 4823 reddere,
1451 4757 1579 4828 quia
1610 4774 1720 4814 non

170 4838 362 4909 fecerit,
391 4846 1007 4917 excommunicatin
1029 4847 1334 4904 incurrerit.
1382 4848 1721 4919 Quapropter

169 4928 495 4990 dilectionem
520 4945 672 4992 tuam
701 4923 1024 5008 montanus,
1066 4948 1120 4996 et
1160 4941 1455 5011 apostolica
1482 4942 1721 4999 auctori-

171 5030 271 5079 tate
300 5026 641 5097 praecipimus
667 5038 727 5083 ut
752 5032 1102 5100 saepedictum
1144 5032 1508 5089 Pezanensem
1556 5034 1721 5089 abba-

172 5122 271 5169 tem
293 5132 451 5190 eogas
478 5118 847 5203 Aureliaceusi
874 5123 1148 5191 prteﬁxam
1168 5126 1459 5183 ecclesiam
1486 5127 1628 5203 unde
1654 5128 1722 5186 lis

171 5212 248 5258 est
274 5210 569 5278 restituere,
600 5220 655 5267 et
696 5194 961 5284 condigna
1002 5213 1368 5271 satisfactione
1410 5196 1589 5287 ipsum
1618 5220 1721 5275 sibi

173 5293 475 5365 placabilem
504 5304 748 5359 reddere.
779 5304 933 5372 Quod
960 5305 1009 5360 si
1045 5303 1183 5361 forte
1232 5307 1425 5378 spiritu
1454 5310 1723 5379 superbiae

174 5385 445 5448 induratus
494 5388 841 5463 acquiescere
891 5396 1159 5463 noluerit,
1202 5405 1257 5453 et
1288 5401 1618 5456 monasterio
1644 5400 1722 5454 illi

175 5481 311 5547 quod
355 5482 608 5538 invasum
650 5494 733 5539 est
756 5527 771 5552 ,
801 5485 1043 5543 Officium
1083 5488 1347 5557 divinum,
1377 5498 1430 5545 et
1459 5492 1719 5559 invasuri,

172 5581 347 5627 nostra
378 5561 699 5630 auctoritate
734 5580 915 5634 omnis
962 5580 1201 5635 ecclesiae
1237 5580 1527 5636 interdicas
1554 5583 1724 5637 intro-

172 5668 313 5726 ῑιιιω,
345 5662 481 5721 Nam
527 5682 639 5720 non
679 5667 818 5722 inter
845 5670 1126 5742 religiosos
1152 5671 1471 5738 monachos,
1503 5672 1595 5727 sed
1624 5689 1723 5730 nec

172 5760 299 5816 inter
320 5765 515 5822 laicus,
542 5758 701 5812 debet
724 5762 1068 5816 annumerari
1098 5764 1191 5833 qui
1232 5763 1573 5835 sacrilegium
1598 5775 1733 5836 νει-Α

173 5860 367 5916 lwlrarc
394 5870 505 5911 non
533 5849 706 5905 timet.

1820 4687 2035 4742 cunque
2080 4680 2574 4759 suprascriptarum
2601 4684 3003 4752 provinciarum
3030 4680 3381 4760 ablatasfscu

1802 4760 1979 4821 malis
2006 4769 2491 4841 consuetudinibus
2516 4788 2824 4845 oppressas,
2850 4784 3179 4841 monasterio
3205 4784 3378 4841 Aure-

1820 4853 2042 4912 liacensi
2068 4861 2283 4931 scriptis
2323 4864 2437 4920 sive
2470 4868 2699 4927 testibus
2726 4872 2853 4926 olim
2884 4872 3031 4941 juste
3070 4888 3379 4944 concessas,

1820 4952 2119 5017 apostolica
2147 4959 2471 5021 auctoritate
2509 4961 2851 5030 pmcipimus
2895 4964 3142 5033 restitui,
3172 4976 3226 5023 et
3264 4970 3383 5025 sine

1822 5042 2195 5117 inquietudine
2218 5050 2399 5118 aliqua
2427 5040 2682 5118 permitti.
2729 5051 3117 5111 Monasterium
3162 5060 3381 5129 quidem

1822 5133 2083 5191 Viaeense
2116 5137 2172 5195 in
2214 5154 2377 5194 manu
2407 5139 2617 5195 abbatis
2650 5142 2941 5200 refutatum
2983 5162 3013 5201 a
3048 5148 3380 5218 principibus.

1822 5226 1992 5295 ipsius
2021 5236 2179 5284 terra:
2220 5244 2491 5299 consensu
2540 5234 2779 5307 episcOpi
2822 5246 2875 5291 et
2905 5240 3226 5294 clericorum
3274 5240 3378 5295 sibi

1821 5317 2046 5389 suisque
2075 5324 2483 5380 successoribus
2510 5328 2858 5387 concedimus
2883 5339 2937 5384 et
2973 5330 3376 5396 conﬁrmamus,

1820 5418 1875 5464 et
1895 5408 2199 5471 fautoribus
2219 5414 2557 5477 refutationis
2581 5406 2931 5487 apostolicam
2954 5419 3379 5477 benedictionem

1823 5499 2115 5574 largimur;
2162 5513 2217 5559 et
2240 5519 2336 5559 eos
2361 5506 2454 5574 qui
2483 5508 2742 5567 ecclesias
2776 5510 2887 5564 sive
2930 5508 3128 5578 praedia
3172 5510 3379 5580 praefati

1823 5593 2137 5661 monasterii
2184 5593 2386 5663 injuste
2410 5595 2682 5665 detinent,
2726 5599 2930 5667 absque
2968 5601 3079 5655 ulla
3123 5601 3378 5655 dilatione

1824 5677 1973 5735 reddi
2012 5681 2287 5749 iubemus.
2310 5691 2318 5697 '
2338 5682 2442 5749 Qui
2472 5698 2605 5754 ergo
2632 5684 2719 5740 his
2743 5686 3013 5743 mandatis
3038 5688 3239 5761 nostris
3266 5689 3377 5756 spi-

1825 5771 1935 5825 ritu
1983 5771 2641 5842 superbiaaacquiescere
2697 5776 2957 5841 noluerit,
3005 5777 3374 5845 praecipueque

1823 5861 2197 5935 Berengarius,
2231 5865 2275 5917 si
2310 5862 2527 5918 obedire
2551 5867 2949 5935 contempserit,
2981 5867 3204 5936 gratiam
3234 5865 3371 5935 beati
