3952 6420
492 499 595 547 :06...

494 607 636 663 t't-tri
681 609 911 671 amittet,
953 615 1008 660 et
1047 606 1186 660 iram
1226 586 1616 674 omnipotentis
1662 599 1756 654 Dei
1803 598 2062 652 incurret.
2097 593 2139 650 A

490 699 1000 770 Obtemtx-rantibus
1029 706 1212 751 autem
1235 697 1465 768 gratiam
1503 693 1599 764 Dei
1625 701 1680 747 et
1709 688 2064 762 apostolicam

493 778 943 856 ltmte-dictioneutJ
991 789 1058 845 de
1086 787 1459 845 misericordia
1486 779 1671 844 divina
1710 782 1920 846 conﬁsi,
1959 781 2066 833 lar-

493 883 693 954 gitttur.
1397 898 1402 902 τ
1526 873 1530 875 Α
1567 929 1575 934 ,

565 973 697 1029 Data
751 975 938 1030 Roma:
987 974 1230 1031 secundo
1293 973 1420 1030 ldus
1472 971 1716 1044 Aprilis,
1769 967 2068 1024 indictione

491 1068 672 1122 tertia.
1873 1050 1879 1056 ’

1038 1158 1375 1215 EPISTOIA
1409 1158 1502 1212 XX
1514 1197 1530 1212 .

703 1270 769 1308 AD
799 1269 1069 1309 I.\NASSEII
1107 1266 1556 1308 Ακςιιιεῐιιεεοιυωι
1595 1263 1890 1304 κευελδωι.

1067 1346 1262 1416 '(Antto
1294 1343 1477 1414 1080.)

495 1434 850 1505 lte;:o:.i!.'onis
883 1440 1196 1491 sententiam
1232 1453 1264 1490 α
1289 1437 1462 1506 legato
1490 1441 1676 1506 contra
1699 1447 1816 1483 eum
1849 1431 1904 1506 in
1931 1427 2070 1506 Lug-

564 1499 788 1562 duurnsi
838 1508 1065 1562 concilio
1106 1499 1370 1576 prolatam
1402 1522 1457 1559 se
1491 1505 1828 1576 confirmasse
1849 1501 1968 1576 ait}
1998 1499 2068 1551 li-

566 1583 791 1632 centium
823 1590 995 1632 tamen
1023 1571 1194 1631 aditur
1214 1595 1269 1632 se
1301 1575 1628 1645 expurgandi
1656 1587 1833 1645 eorum
1857 1571 2071 1645 quihus-

564 1650 689 1701 dam
713 1650 969 1718 episcopis
992 1650 1251 1717 indulget,
1284 1642 1569 1701 dummodo
1598 1642 1812 1718 interitu
1838 1642 1949 1710 ejus
1982 1657 2072 1693 tte-

516 1752 527 1763 -
561 1712 866 1773 msutorunt
882 1712 960 1772 res
976 1722 1029 1772 in
1050 1712 1308 1787 integrum
1328 1720 1694 1778 restituantur,
1708 1723 1756 1767 et
1774 1712 2071 1765 "concoxerit

572 1789 864 1843 Ecclesium
904 1782 1187 1859 relinquat,
1218 1801 1266 1841 et
1313 1790 1366 1842 in
1403 1788 1571 1859 uliunt
1614 1786 1786 1839 locum
1842 1782 2070 1846 secedat,

565 1860 885 1930 claritasque
913 1861 965 1913 in
991 1855 1061 1914 eti
1078 1877 1258 1913 secure
1293 1859 1396 1912 Deo
1421 1858 1612 1912 serrire
1638 1855 1928 1926 permittat.

544 495 595 546 ’57.
1129 491 1184 544 S.
1228 486 1557 546 GREGORII
1597 485 1687 540 \‘Il
1726 479 1931 540 [’APJ’.
1972 469 2254 533 OPERUM
2284 457 2467 524 ΡΜὶὸ
2501 464 2542 519 1.
2581 493 2648 503 -
2689 453 3110 515 ιιιωιδτιιωι.

2148 680 2154 685 τ
2231 651 2587 715 commendat,
2634 648 2873 715 virtutes.

3655 441 3772 497 565

2234 584 2399 646 sedis,
2421 589 2472 634 et
2503 579 2573 633 ad
2612 570 3108 646 intitundttnturegis
3139 562 3309 638 patris
3334 565 3364 646 ,'
3398 575 3549 646 quem

2921 634 3094 694 Mouet
3132 634 3188 691 ut
3212 644 3354 688 curet
3397 646 3460 686 ne
3502 634 3772 696 temporis

2605 695 3019 772 iiiiiiéé'ritomm
3042 704 3474 778 “(immanibus
3501 695 3775 752 honorem

2232 772 2581 849 Enniennii»
2613 804 2724 842 esse
2742 787 2914 848 docet,
2935 781 3050 851 ejus
3069 772 3271 834 subditi
3288 772 3650 851 transferente,
3674 782 3776 820 nec

2239 845 2565 920 inmature;
2597 858 2833 912 emndem
2860 845 2924 907 ob
2956 845 3172 906 causam
3205 845 3448 900 sariunt.

2235 956 2546 1009 iiItEGOItIt'S
2564 949 2878 1021 episcopus,
2898 957 3093 1000 servus
3113 951 3398 996 servorum
3430 932 3546 996 Dei,
3573 918 3778 989 Acoso

2167 1050 2279 1119 regi
2328 1037 2626 1110 Danorum,
2650 1038 2948 1112 episcopis,
2975 1032 3338 1108 principibus,
3380 1027 3527 1081 clero
3552 1031 3610 1079 et
3669 1036 3773 1092 po-

2169 1143 2298 1213 pulo
2324 1140 2555 1194 salutem
2583 1146 2639 1191 ct
2671 1131 3027 1205 apostolicam
3069 1125 3519 1182 benedictionem.

2241 1232 2514 1299 Quoniam
2561 1237 2758 1285 vestra:
2799 1221 3116 1280 dilectionis
3157 1233 3316 1275 amor
3357 1215 3468 1270 Deo
3509 1221 3569 1269 et
3601 1211 3782 1265 beato

2168 1324 2330 1380 Petro
2360 1336 2587 1394 pronam
2614 1316 2978 1402 obedientiam
3001 1312 3351 1379 debitamque
3395 1302 3778 1362 reverentiam

2171 1417 2248 1485 (in
2275 1425 2541 1486 quantum
2567 1399 2849 1483 potuinnts
2875 1405 3193 1485 intelligere)
3237 1399 3451 1462 studuit
3494 1399 3782 1463 hactenus

2172 1480 2497 1581 propensius
2513 1480 2797 1566 exhibere,
2826 1515 2934 1556 non
2961 1480 3190 1554 dubium
3220 1493 3488 1550 habemus
3511 1489 3650 1581 quin
3692 1488 3782 1543 id-

2171 1580 2321 1656 eirco
2346 1599 2498 1654 vobis
2532 1594 2870 1664 triumphum
2899 1601 2956 1646 et
2983 1589 3211 1661 gloriam
3255 1597 3369 1654 pra:
3392 1580 3609 1637 caeteris
3639 1594 3780 1649 gra-

2174 1694 2246 1747 tia
2272 1692 2454 1748 divina
2489 1685 2802 1745 contulerit.
2849 1681 3007 1751 Quod
3034 1681 3083 1736 si
3125 1668 3398 1736 iueotlcm
3429 1671 3614 1727 studio
3642 1685 3783 1740 per-

2174 1784 2474 1842 severando
2499 1791 2698 1842 vestra:
2734 1773 3046 1834 devotionis
3086 1771 3315 1827 affectus
3352 1767 3410 1822 in
3440 1766 3605 1822 finem
3643 1769 3784 1834 p'er—

2177 1892 2398 1932 manere
2419 1873 2716 1938 curaverit,
2745 1886 2844 1943 pro
2865 1877 3018 1925 certo
3045 1875 3102 1921 et
3125 1879 3248 1919 cant
3289 1875 3457 1931 quam
3489 1873 3639 1913 nunc
3672 1857 3784 1911 Ita-

566 1951 878 2006 Ctttzmnttt's
901 1953 1227 2022 episcoisus,
1260 1965 1455 2005 servus
1490 1961 1773 2003 servorum
1805 1942 1922 2008 Dei,
1962 1939 2075 1994 Ill.\-
2110 1949 2150 2003 Β
2177 1967 2315 2023 heus
2337 1966 2564 2038 Simiam
2616 1939 2871 2028 ..αἰδοῖον
2899 1968 2955 2015 ει
2986 1955 3273 2027 ampliore,
3322 1950 3555 2006 Domino
3602 1947 3782 2006 ηυδε,

495 2060 670 2099 mssa:
702 2044 978 2098 “emensi.

570 2134 719 2190 Sciat
761 2135 1072 2206 fraternitas
1118 2145 1209 2190 tua
1257 2135 1403 2206 quod
1448 2130 1804 2203 depositionis
1851 2135 2074 2183 senten-

499 2227 652 2291 tiam,
681 2245 711 2284 a
740 2230 916 2298 legato
941 2239 1132 2283 nostro
1161 2228 1343 2281 Dicnsi
1365 2225 1627 2296 episcopo
1651 2224 1707 2276 in
1727 2216 2076 2291 Lugdunensi

497 2340 512 2370 ι
530 2320 731 2400 oneilio
760 2321 1140 2390 religiosorum
1168 2319 1412 2374 virorum
1452 2314 1686 2371 concilio
1712 2312 1998 2384 prolatam,
2025 2317 2081 2362 et

500 2427 602 2465 nos
649 2413 887 2468 dictante
910 2414 1126 2483 justitia
1169 2412 1224 2467 in
1251 2411 1496 2466 Romana
1529 2407 1742 2480 synodo
1778 2404 2077 2476 apostolica
2110 2412 2114 2416 '

499 2502 827 2560 auctoritate
855 2505 1216 2560 firmavimus.
1273 2501 1380 2557 Sed
1421 2510 1606 2555 tamen
1635 2506 1826 2553 contra
1869 2509 2076 2550 morem

501 2596 762 2652 Romanae
789 2595 1048 2652 Ecclesite
1079 2597 1268 2662 nimia,
1299 2603 1361 2650 ut
1386 2594 1459 2648 ita
1487 2591 1739 2655 dixerim,
1769 2587 2080 2644 misericor-

500 2689 588 2743 dia
611 2690 828 2755 ductus,
845 2677 1119 2760 a‘djttnctis
1145 2689 1237 2744 tibi
1271 2685 1675 2753 Suessionensi,
1703 2679 2078 2744 Laudnncnsi,

502 2781 906 2848 Catuerae’ensi,
934 2781 1321 2836 Catalauneasi
1349 2777 1643 2848 episeoliis,
1670 2775 1752 2829 vel
1783 2789 1974 2827 eortun
2006 2771 2080 2825 si-

505 2873 746 2936 milibus,
775 2889 901 2927 cunt
929 2874 1055 2928 aliis
1082 2873 1300 2926 duobus
1323 2885 1561 2941 quorum
1590 2865 1905 2922 teStimonio
1929 2877 2083 2933 aequo

503 2965 841 3020 condidamns
865 3008 882 3030 ,
925 2965 972 3021 si
1017 2965 1084 3020 de
1114 2965 1326 3033 justitia
1378 2962 1610 3017 confidis
1630 3001 1646 3025 ,
1675 2967 1730 3013 et
1758 2973 1854 3012 eos
1883 2957 2084 3029 habere

499 3058 727 3126 poteris,
751 3073 927 3127 usque
969 3057 1039 3112 ad
1067 3055 1414 3112 festivitatem
1443 3053 1617 3108 sancti
1646 3050 1923 3106 Michaelis
1951 3065 2083 3120 pure

503 3149 664 3216 gandi
695 3149 968 3204 licentiam
1013 3149 1108 3204 tibi
1149 3149 1526 3217 indulgemus:
1571 3159 1637 3198 ea
1669 3143 1920 3198 videlicet
1946 3157 2082 3197 con-

503 3242 731 3307 ditione,
764 3249 826 3295 ut
851 3241 1118 3296 Manassze
1144 3250 1199 3294 et
1227 3237 1495 3305 Brunoui,
1523 3245 1580 3293 et
1623 3237 1837 3292 ezctcris
1862 3233 1956 3305 qui
1986 3249 2084 3305 pro

2176 2032 2367 2125 liaute:
2396 2057 2646 2113 valebitis
2670 2056 2930 2124 deinceps
2957 2047 3208 2121 adipisci.
3244 2032 3334 2100 Te'
3353 2044 3538 2125 itaque
3563 2039 3788 2110 Specio-

2176 2153 2320 2218 liter,
2343 2153 2417 2207 tili
2439 2150 2765 2206 ebarissime
2782 2189 2798 2213 ,
2821 2146 2910 2201 cui
2935 2143 3086 2214 regni
3104 2155 3294 2199 curant
3317 2121 3662 2209 providentia
3692 2133 3785 2188 di-

2177 2245 2302 2298 vina
2327 2241 2622 2305 commisit,
2645 2247 2869 2309 paterno
2891 2248 3179 2290 monemus
3199 2230 3394 2284 all’cetu
3417 2237 3479 2281 ut
3495 2223 3785 2306 excellen-

2180 2336 2375 2393 tissimi
2402 2333 2643 2406 parcntis
2667 2332 2744 2386 ttti
2766 2329 2944 2401 regias
2967 2325 3265 2398 probitatcs
3281 2331 3338 2377 et
3354 2320 3591 2374 virtutes
3611 2323 3786 2388 egre-

2179 2430 2298 2498 gias
2338 2427 2539 2482 imitari
2583 2433 2834 2495 satagas;
2883 2421 3006 2494 ejus
3043 2410 3262 2488 quidem
3303 2409 3563 2484 praecipui
3587 2422 3786 2472 mores

2179 2521 2235 2574 in
2262 2529 2471 2575 tantum
2507 2520 2718 2575 czcteris
2753 2515 2975 2586 regibus
3002 2509 3422 2582 pneuituerunt,
3449 2499 3785 2568 ut,'cunctis

2180 2611 2527 2682 posthabitis,
2563 2626 2662 2665 nec
2699 2610 2818 2678 ipso
2843 2606 3006 2661 etiam
3038 2603 3366 2669 imperatore
3391 2594 3655 2659 Henrico,
3681 2590 3783 2661 qui

2181 2716 2385 2758 sanctm
2411 2702 2670 2769 Romana:
2703 2698 2960 2755 Ecclesirc
2994 2690 3356 2766 propinquius
3395 2685 3576 2752 laesit,
3607 2698 3779 2740 exce-
3837 2720 3848 2730 .

2181 2807 2298 2865 pto,
2329 2794 2592 2868 singulari
2627 2808 2815 2849 amore
2842 2791 2993 2846 illum
3029 2785 3189 2842 nobis
3216 2778 3660 2853 amplectendam
3682 2776 3782 2868 ju-

2182 2867 2584 2952 dicaverimus;
2613 2887 2682 2941 dc
2717 2883 2878 2954 cujus
2926 2895 3028 2936 nos
3081 2877 3232 2934 obitu
3278 2874 3635 2935 vehementer
3686 2867 3780 2922 ni-

2184 2980 2466 3051 miumque
2505 2978 2770 3042 dolentes,
2809 2983 2871 3030 ut
2899 2973 3078 3043 ipsum
3128 2968 3226 3024 tibi
3267 2980 3543 3037 proponas
3575 2975 3778 3017 exem-

2184 3073 2359 3143 plum,
2408 3072 2685 3136 volumus,
2741 3068 3046 3130 hortamur,
3101 3060 3411 3128 iterumque
3460 3068 3778 3115 monemus,

2185 3174 2458 3234 quatenus
2488 3162 2614 3216 inde
2658 3159 2839 3230 possis
2883 3162 3203 3213 ornamenta
3250 3151 3514 3206 virtutum
3569 3160 3780 3216 propa-

2189 3256 2369 3328 gando
2388 3256 2621 3311 educere
2670 3251 2813 3307 unde
2845 3244 3052 3325 videris
3108 3242 3435 3300 nobilissimi
3487 3235 3784 3312 sanguinis

499 3334 712 3402 jnstitia
747 3329 947 3390 contra
977 3343 1031 3388 te
1061 3333 1227 3388 locuti
1265 3331 1440 3387 fuisse
1473 3331 1748 3396 videntur,
1780 3330 1946 3384 rebus
1970 3329 2088 3383 suis
2114 3311 2156 3367 (ἶ
2413 3348 2650 3404 πωπω-ρ,
2684 3343 2924 3413 Denique
2959 3320 3199 3412 cimini-3
3221 3335 3388 3391 debes
3407 3340 3465 3386 ct
3491 3311 3785 3402 vigilanter

509 3427 562 3480 in
590 3427 862 3498 integrum
895 3425 1184 3490 restitutis,
1207 3441 1382 3494 usque
1427 3423 1496 3476 ad
1543 3422 1935 3477 Ascensionem
1983 3419 2090 3474 no-

508 3519 640 3573 mini
669 3519 973 3590 proximam
1001 3517 1323 3573 Remensem
1357 3515 1654 3571 Eeelesiam
1681 3529 1712 3568 a
1743 3522 2093 3588 tua’oeeupa-

510 3613 658 3668 tione
684 3628 752 3667 ex
781 3621 895 3667 toto
923 3613 1152 3666 liberam
1179 3611 1423 3672 deseras,
1449 3617 1504 3663 et
1523 3607 1846 3662 Cluniacum
1877 3615 1972 3660 aut
1994 3607 2094 3661 Ca-

508 3720 627 3762 sam
654 3702 743 3775 [ac
755 3702 978 3774 Casam]
1004 3702 1099 3757 Dei
1123 3717 1248 3757 cum
1272 3718 1383 3755 ttno
1405 3700 1604 3754 clerico
1629 3707 1686 3754 et
1707 3699 1923 3753 duobus
1939 3699 2095 3754 laicis

510 3797 621 3852 tuis
663 3795 946 3866 stipendiis
986 3795 1235 3865 teligiose
1273 3793 1520 3848 victurus
1571 3790 1812 3847 secedas.
1857 3788 2014 3857 Quod
2046 3790 2094 3845 si

512 3894 690 3947 facere
719 3891 957 3947 volueris
981 3932 996 3956 ,
1045 3888 1304 3960 praadieto
1345 3885 1529 3942 Diensi
1549 3885 1827 3956 episeopo
1841 3900 2098 3956 praenun-

511 3985 650 4038 tiare
694 3998 993 4054 procures,
1039 3990 1100 4036 ut
1147 3982 1200 4034 in
1247 3981 1369 4047 ejus
1415 3978 1704 4048 pmscntia
1752 3988 2099 4034 sacramento

511 4077 827 4142 conﬁrmes,
853 4076 920 4132 de
942 4074 1106 4129 rebus
1133 4071 1403 4144 praedicta:
1429 4069 1674 4125 ecclesia:
1720 4077 1771 4124 te
1795 4068 1931 4123 nihil
1962 4069 2102 4124 inte-

513 4172 618 4224 rim
648 4172 1076 4233 distraeturum,
1119 4165 1225 4221 nisi
1271 4173 1536 4236 qttantunt
1584 4163 1683 4218 tibi
1729 4169 1786 4218 et
1828 4163 2102 4233 pratdictis

516 4263 685 4319 :ociis
730 4270 1099 4332 competenter
1147 4259 1439 4313 sull‘ecerit.
1495 4256 1740 4313 Clericos
1771 4265 1974 4324 autem,
2004 4259 2098 4328 qui

518 4367 671 4412 tanto
707 4367 949 4427 tempore
988 4367 1092 4425 pro
1131 4350 1344 4422 justitia
1390 4349 1643 4405 exsilium
1673 4349 1823 4418 passi
1864 4358 2013 4414 sunt,
2046 4350 2102 4403 in

517 4449 748 4503 ecclesia
792 4463 983 4501 secure
1023 4431 1134 4499 Deo
1161 4443 1367 4499 servire
1395 4440 1697 4512 permittas.
1743 4438 1811 4494 Et
1841 4441 2102 4509 quoniam

521 4541 856 4596 laboriosum
888 4530 984 4591 tibi
1013 4535 1176 4590 fuerit
1215 4535 1282 4587 ad
1328 4549 1432 4586 nos
1469 4548 1644 4604 usque
1668 4533 1874 4598 venire,
1904 4547 2102 4588 conce-

519 4635 704 4689 dimus
739 4642 801 4687 ut
829 4646 1015 4686 coram
1045 4626 1230 4681 Diensi
1258 4624 1518 4696 episeopo
1556 4632 1611 4677 et
1639 4623 1834 4678 abbate
1875 4623 2102 4678 Clunia-

2135 4672 2181 4726 D

2189 3439 2522 3509 perpendere
2544 3437 2661 3495 lucc
2688 3444 2904 3491 terrena
2924 3446 3093 3502 quam
3117 3427 3325 3483 caduca
3344 3434 3401 3480 ct
3421 3413 3617 3478 frivola
3645 3421 3782 3486 sint,

2190 3545 2357 3601 quam
2387 3529 2725 3584 incessanter
2750 3525 2818 3581 ad
2841 3515 3119 3599 Ioceasuni
3158 3527 3357 3576 cuncta
3396 3514 3677 3580 festinent,
3723 3523 3785 3570 ut

2190 3623 2272 3677 eis
2298 3621 2571 3676 conlidere
2599 3619 2748 3672 nulla
2792 3608 3062 3673 stabilitas
3106 3611 3334 3668 suadeat
3361 3616 3422 3662 ttt
3449 3606 3504 3660 in
3534 3605 3644 3660 illis
3679 3605 3784 3659 ha-

2191 3713 2386 3768 bendis
2421 3701 2585 3769 timor
2611 3708 2891 3765 horribilis
2917 3707 3119 3771 lateat;
3155 3703 3345 3774 sicque
3384 3698 3629 3772 fugitivis
3654 3712 3784 3768 pcr-

2195 3803 2484 3874 spieaeiter
2513 3789 2724 3874 agnitis
2743 3809 2798 3856 et
2833 3798 3110 3870 sapienter
3144 3791 3438 3865 despectis,
3479 3789 3688 3862 poteris
3715 3788 3785 3844 ad

2195 3895 2287 3950 illa
2313 3893 2529 3948 stabilia
2554 3901 2610 3946 et
2633 3890 2963 3959 sempiterna
2992 3886 3193 3963 mentis
3214 3897 3444 3938 acumen
3468 3878 3784 3949 extendere,

2196 4002 2320 4056 qua:
2346 3985 2413 4040 ad
2448 3997 2569 4039 sese
2616 3979 2911 4036 obtinenda
2957 3977 3203 4033 animum
3242 3985 3399 4030 tuum
3445 3970 3700 4038 invitent,
3732 3987 3788 4026 c;

2198 4078 2264 4133 ad
2293 4092 2418 4149 qua:
2445 4073 2880 4146 concupiscenda
2916 4071 3186 4126 bonorum
3232 4077 3285 4125 te
3311 4064 3560 4139 exempla
3588 4079 3788 4134 accen-

2197 4170 2348 4226 dant.
2379 4168 2524 4224 Inter
2549 4175 2776 4223 czeteras
2799 4179 2932 4236 ergo
2976 4162 3229 4226 virtutes,
3277 4172 3420 4234 quas
3465 4157 3650 4215 animo
3693 4164 3787 4213 tuo

2202 4259 2496 4314 imitandas
2539 4255 2845 4322 censueris,
2885 4251 3254 4310 Ecciesiarum
3309 4247 3688 4306 defensionem
3733 4247 3785 4300 iu

2200 4358 2382 4408 mente
2407 4357 2499 4404 tua
2548 4347 2803 4404 volumus
2827 4337 3110 4410 eminere,
3163 4337 3518 4399 sacerdotalis
3577 4336 3786 4393 ordinis

2200 4445 2560 4501 reverentiam
2587 4442 2898 4515 proximum
2926 4439 3108 4494 locum
3148 4445 3352 4501 tenere,
3382 4449 3450 4491 ac
3481 4432 3679 4488 deinde
3696 4430 3789 4501 ju-

2202 4536 2407 4592 stitiam
2433 4544 2489 4590 et
2525 4531 2954 4603 misericordiam
3000 4527 3056 4583 in
3085 4525 3299 4583 cunctis
3341 4533 3393 4578 te
3423 4521 3650 4595 judiciis
3675 4520 3787 4576 dis-

2205 4635 2350 4683 creto
2401 4639 2637 4681 servare.
2671 4622 2807 4678 Illud
2837 4623 3041 4678 interea
3071 4635 3179 4674 non
3210 4613 3668 4690 pnetcrcundum,
3697 4609 3788 4666 sed

521 4726 706 4791 censi,
763 4733 858 4779 aut
908 4723 954 4777 si
1006 4722 1256 4777 abbatem
1312 4721 1502 4799 deesse
1555 4715 1876 4786 contigerit,
1919 4731 2104 4772 coram
2138 4703 2181 4726 υ
2211 4732 2540 4788 magnopere
2596 4713 2893 4785 apostolica
2953 4709 3332 4765 interdictione
3389 4703 3787 4780 prohibendum

524 4822 720 4876 Amato
743 4861 758 4886 ,
807 4815 1080 4888 prcedicto,
1095 4813 1258 4869 modo
1285 4818 1410 4868 cum
1453 4808 1728 4883 praedictis
1775 4808 2004 4864 testibus
2039 4809 2107 4864 de

527 4913 748 4967 infamia
774 4921 826 4966 te
861 4923 1151 4979 expurges.
1179 4905 1335 4971 Quod
1362 4905 1409 4960 si
1440 4904 1570 4959 huic
1598 4912 1799 4959 nostra).
1820 4902 2107 4972 dispensa-

526 5005 690 5060 tionis
713 5012 980 5072 prteeepto
1002 4999 1222 5055 obedire
1245 4995 1661 5066 contempseris,
1684 4993 1829 5048 scias
1848 4993 2106 5062 quoniam

529 5096 870 5166 iniquitatem
899 5104 1048 5148 tuam
1079 5091 1309 5145 ulterius
1329 5098 1550 5161 portare
1582 5101 1691 5140 non
1717 5080 2030 5156 possumus,
2056 5093 2111 5140 et

528 5188 884 5259 depositionis
929 5183 1254 5241 sententiam
1282 5223 1298 5247 ,
1345 5197 1454 5236 non
1491 5179 1670 5236 solum
1699 5177 2111 5233 immutabiliter

531 5297 968 5355 permansurum,
999 5278 1093 5336 sed
1119 5277 1283 5332 etiam
1312 5274 1521 5329 nullam
1569 5274 1666 5328 tibi
1695 5271 2027 5328 audientiam
2054 5271 2109 5326 in

533 5385 814 5446 posterum
838 5357 1268 5440 relinquendam.
1940 5374 1941 5377 ‘

602 5466 735 5520 Da'a
771 5464 955 5518 Romm
999 5461 1211 5516 decimo
1237 5459 1429 5529 quinto
1467 5455 1737 5512 Kalendas
1783 5453 1928 5520 Maii,
1969 5453 2109 5508 indi-

557 5559 716 5610 :tionc
743 5557 918 5610 tertia.

1066 5641 1403 5698 EPISTOLA
1441 5638 1582 5694 XXI.

931 5758 996 5794 AD
1022 5756 1225 5794 λεοκιῖιι
1251 5753 1427 5792 REGE]
1454 5747 1724 5803 ωδοιιωι.

1133 5831 1313 5898 (Anno
1346 5828 1526 5896 l080.)

547 5930 594 5983 1]
603 5938 794 5981 ωιαηω
846 5930 911 5979 mi
940 5923 1376 5996 perseverantium
1405 5922 1456 5974 iu
1487 5917 1783 5972 obedientio
1815 5915 2118 5983 apostolirtc
2158 5973 2163 5977 1

2214 4809 2445 4874 videtur,
2476 4806 2620 4876 quod
2645 4807 2712 4861 de
2737 4812 2897 4877 gente
2921 4810 3103 4856 vestra
3135 4801 3293 4855 nobis
3339 4797 3599 4863 innotuit,
3639 4794 3787 4851 scili-

2213 4909 2300 4956 cet
2332 4917 2429 4954 vos
2458 4898 2831 4968 intemperiem
2861 4904 3184 4964 temporum,
3224 4890 3606 4960 eorruptioncs
3626 4886 3787 4950 aeris,

2213 5006 2571 5064 quascunque
2613 4989 2893 5046 molestias
2946 5000 3270 5057 corporum,
3329 4973 3398 5039 ad
3445 4982 3787 5038 sacerdotum

2214 5061 2403 5156 culpas
2429 5061 2748 5138 transferre.
2793 5079 2953 5148 Quod
2989 5093 3155 5150 quant
3189 5061 3352 5150 grave
3389 5083 3673 5150 peceatum
3701 5069 3788 5136 sit,

2215 5192 2280 5231 ex
2314 5192 2381 5232 eo
2409 5175 2616 5245 liquido
2638 5173 2866 5246 potestis
2893 5172 3174 5252 advertere
3214 5169 3362 5242 quod
3401 5164 3609 5221 ludatis
3631 5163 3790 5221 etiam

2218 5267 2591 5324 sacerdotibus
2650 5267 2765 5338 ipse
2811 5264 3076 5329 Salvator
3127 5269 3313 5319 noster
3370 5259 3518 5331 lepra
3573 5267 3792 5328 paratos

2221 5361 2338 5435 {pro
2368 5370 2646 5432 purgatos,
2670 5357 2842 5414 Hann.
2865 5352 3109 5435 curatos]
3127 5352 3210 5409 eis
3240 5351 3505 5408 mittendo
3533 5353 3790 5409 honorem

2217 5451 2547 5518 exhibuerit,
2604 5449 2926 5518 ueterisque
2979 5443 3308 5502 servandum
3361 5457 3488 5499 esse
3546 5455 3672 5511 qua:
3721 5438 3791 5492 illi

2217 5545 2487 5601 dixissent
2515 5542 2796 5616 przecepit,
2828 5554 2952 5594 cum
2985 5536 3232 5608 profecto
3246 5536 3436 5603 vestri,
3468 5532 3793 5605 qualescum

2218 5653 2326 5709 que
2365 5636 2698 5699 habeantur,
2759 5642 2942 5688 tamen
2992 5629 3101 5687 illis
3156 5630 3315 5702 longe
3359 5628 3470 5682 sint
3520 5622 3788 5681 meliores.

2219 5729 2565 5800 Quapropter
2613 5724 2912 5800 apostolica
2969 5710 3295 5779 auctoritate
3337 5715 3686 5790 praecipimus
3741 5723 3794 5768 ttt

2223 5821 2363 5874 hanc
2404 5819 2714 5890 pestiferam
2771 5815 3218 5872 consuetudinem
3280 5811 3348 5866 de
3400 5825 3569 5884 regno
3621 5816 3793 5863 vestro

2222 5911 2468 5967 funditus
2497 5911 2884 5981 exstirpantcs,
2922 5904 3254 5979 presbyteris
3279 5914 3330 5960 ct
3359 5903 3571 5960 clericis
3594 5903 3793 5956 honore

3657 6283 3770 6356 ἶβ-
3787 6307 3809 6345 I
3913 6016 3952 6342 ι]
