3952 6366
149 445 242 500 565

1173 445 1371 500 LIBER
1412 444 1770 500 SEPTIMUS.

1815 476 1877 485 --
1918 445 2134 502 EI'IST.
2170 446 2355 500 XXIII.
3296 441 3397 493 ῖιιιϐ

146 570 195 614 et
218 559 516 615 reverentia
542 559 723 633 dignis
751 569 960 617 tantam
996 561 1385 616 contumeliam
1413 570 1605 617 contra
1635 577 1717 615 sa-
1745 564 1789 619 Δ
1815 570 2025 631 quanto
2062 562 2130 616 ad
2186 561 2509 616 sublimiora
2568 560 2881 631 proliceres,
2946 567 3100 617 tanto
3153 568 3205 610 te
3257 557 3395 624 apud

146 650 303 704 lutem
340 659 577 706 vestram
607 652 836 709 ulterius
862 670 968 707 non
991 641 1335 724 praesumatis
1358 651 1580 719 inferre,
1615 668 1711 707 vo-

145 741 309 803 lentes
332 742 414 798 eis
455 743 701 799 occultas
740 743 913 798 divini
947 744 1139 814 judicii
1178 759 1383 817 causas
1414 743 1710 812 imponere.

145 830 403 889 Praeterea
431 833 485 889 in
520 834 778 890 mulieres
800 835 872 889 ob
893 834 1141 889 eamdem
1167 824 1391 889 causam
1421 834 1586 888 simili
1615 834 1716 887 im-

146 924 399 979 manitate
434 924 652 980 barbari
689 925 829 980 ritus
863 926 1149 980 damnatas
1186 925 1482 995 quidquam
1528 925 1719 995 impie-

146 1014 264 1073 tatis
289 1014 519 1069 faciendi
552 1015 708 1070 vobis
731 1014 813 1069 fas
837 1026 960 1070 esse
990 1015 1155 1069 nolite
1174 1024 1387 1085 putare,
1414 1016 1507 1071 sed
1537 1017 1719 1085 potius

144 1104 330 1159 discit:
358 1104 553 1160 divina:
596 1106 821 1161 ultionis
862 1105 1186 1159 sententiam
1222 1105 1382 1176 digne
1407 1106 1717 1175 pmnitendo

145 1204 381 1270 avertere
406 1211 569 1265 quam
600 1195 655 1249 in
684 1196 804 1251 illas
832 1196 1080 1251 insontes
1104 1194 1308 1251 frustra
1339 1196 1577 1251 feraliter
1616 1212 1718 1251 sa:—

145 1283 332 1339 viendo
361 1284 496 1340 iram
524 1286 740 1341 Domini
762 1287 932 1341 multo
956 1285 1130 1357 magis
1150 1301 1464 1355 provocare.
1490 1285 1546 1340 Si
1568 1287 1714 1340 enim

146 1375 198 1429 in
221 1374 306 1429 his
334 1375 551 1447 ﬂagitiis
578 1375 925 1445 duraveritis,
968 1364 1160 1446 procul
1193 1377 1361 1432 dubio
1388 1386 1567 1432 vestra
1598 1376 1717 1431 fcli-

147 1464 277 1520 citas
300 1464 357 1519 in
377 1467 745 1522 calamitatem
772 1477 1036 1533 vertetur,
1081 1476 1136 1521 et
1169 1468 1370 1538 quibus
1411 1468 1568 1522 victis
1616 1469 1718 1522 hu-

146 1572 347 1627 cusque
399 1559 542 1614 soliti
594 1559 780 1628 fuistis
844 1558 1137 1623 dominari,
1199 1574 1391 1614 eorum
1457 1559 1715 1614 nimirum

148 1646 322 1717 Hom,
348 1649 599 1718 nimium,
632 1648 1038 1721 Hann.]jugum
1064 1642 1206 1702 ferre
1231 1648 1474 1718 superati
1505 1666 1604 1704 nec
1634 1665 1719 1703 rc-

149 1739 334 1794 sistere
359 1741 601 1808 valentes
619 1739 909 1812 cogemini.
941 1737 999 1793 Si
1025 1754 1155 1794 vero
1177 1739 1359 1804 nobis,
1388 1739 1500 1793 imo
1527 1738 1585 1792 Β.
1621 1739 1718 1794 Pe-
1758 1738 1763 1743 ’

148 1839 247 1893 tro,
278 1831 335 1885 in
379 1832 462 1887 his
494 1832 813 1887 obedientes
865 1829 1103 1899 fueritis,
1142 1830 1287 1898 sicut
1310 1830 1391 1898 de
1427 1829 1714 1885 clementi‘a

1817 649 1987 705 Deum
2016 661 2071 706 et
2099 660 2344 707 sanctam
2395 652 2695 707 Ecclesium
2744 651 2909 721 (sicut
2960 658 3014 704 et
3070 666 3235 711 nunc,
3291 647 3398 698 lim

1813 742 2037 812 gratias,
2069 759 2158 798 res
2202 746 2332 811 cst,)
2374 759 2442 798 ex
2470 745 2618 799 bono
2660 744 2941 798 m‘elidreul
2962 740 3267 797 exhiberes.
3303 736 3402 790 lla-

1815 849 1922 902 que
1976 850 2123 889 nunc
2179 842 2439 905 tanquam
2486 836 2848 890 dilectissimo
2904 834 3035 900 lilio,
3081 840 3136 885 et
3166 830 3307 884 lideli
3339 830 3393 881 S.

1817 922 1962 979 Petri
1988 934 2044 979 et
2078 935 2291 992 nostro,
2342 928 2483 981 sicut
2535 927 2589 980 in
2633 925 2889 981 familiari
2932 921 3207 992 colloquio
3256 919 3402 974 face—

1817 1031 1954 1080 rem,
1985 1017 2278 1070 consilium
2315 1026 2589 1081 nostrum,
2622 1026 2677 1071 et
2706 1016 2839 1086 quid
2864 1024 2915 1069 te
2943 1015 3290 1085 postmodum
3314 1010 3396 1064 fa—
3440 1005 3446 1010 ’

1815 1121 1939 1159 cere
1958 1107 2166 1173 deccat,
2194 1108 2385 1177 paucis
2414 1109 2619 1178 aperio.
2678 1106 2910 1172 Quando
2959 1106 3105 1161 enim
3155 1103 3397 1172 compla—

1814 1196 1927 1250 cuit
1954 1199 2003 1251 ei
2050 1199 2141 1267 qui
2167 1200 2369 1252 exultat
2398 1200 2657 1261 humiles,
2690 1207 2749 1251 ut
2779 1205 2968 1252 sancta
3010 1206 3185 1249 mater
3212 1204 3398 1248 nostra

1815 1283 2058 1340 Ecclesia
2084 1288 2149 1340 ad
2191 1289 2431 1358 regimen
2460 1289 2774 1358 apostolicae
2817 1288 2963 1341 sedis
3004 1287 3234 1341 invitum
3266 1287 3400 1340 satis

1815 1390 1880 1430 ac
1907 1378 2251 1443 renitentem,
2279 1378 2389 1433 Deo
2413 1388 2570 1444 teste,
2616 1395 2705 1433 me
2750 1388 2987 1448 raperet,
3012 1378 3274 1432 continuo
3304 1394 3396 1430 ne-

1816 1464 1977 1521 fanda
2008 1469 2171 1534 mala,
2200 1486 2323 1538 quzc
2352 1486 2381 1524 a
2412 1470 2667 1540 pessimis
2705 1470 2823 1525 suis
2848 1470 3074 1538 patitur,
3105 1468 3266 1529 cilicii
3296 1469 3400 1521 mei

1818 1552 1950 1627 (quo
1979 1559 2113 1611 mihi
2151 1561 2391 1616 clamare
2428 1569 2485 1615 cl
2529 1577 2807 1631 nunquam
2840 1576 3056 1615 cessare
3096 1560 3398 1629 injunctum

1815 1650 1921 1711 est)
1948 1649 2270 1711 necessitate
2289 1651 2637 1727 compulsus,
2660 1665 2847 1706 amore
2869 1666 3089 1721 quoque
3115 1666 3179 1705 ac
3208 1651 3402 1705 timore.

1820 1739 2125 1804 convictus,
2179 1739 2529 1795 dissimulare
2572 1757 2695 1812 non,
2724 1742 2914 1811 potui;
2944 1758 3129 1797 amore
3158 1742 3399 1810 quidem,

1817 1829 1946 1899 quia
1981 1828 2037 1882 S.
2070 1828 2263 1884 Petrus
2291 1846 2321 1884 a
2351 1848 2521 1900 puero
2559 1846 2645 1885 me
2692 1831 2747 1884 in
2802 1832 2966 1886 domo
3014 1847 3117 1895 sua
3169 1831 3403 1885 dulciter

149 1914 322 1975 divma
341 1921 688 1988 confidimus,
712 1928 769 1976 et
792 1929 1140 1992 peccatorum
1177 1928 1487 1975 vestrorum
1506 1922 1718 1985 veniam
1754 1924 1794 1979 Β
1820 1919 2107 1985 nutrierat,
2133 1930 2187 1974 et
2213 1920 2342 1989 quia
2378 1921 2621 1976 cliaritas
2654 1921 2868 1977 Domini
2920 1921 3011 1975 Dei
3070 1922 3264 1989 nostri,
3316 1938 3403 1975 me

150 2018 213 2062 ει·
257 2011 613 2081 apostolicam
668 2010 1099 2066 benedictionem
1144 2009 1394 2081 poteritis
1435 2011 1715 2080 consequi.

218 2099 349 2154 Data
392 2100 598 2167 Romae,
632 2101 845 2157 decimo
878 2102 1041 2165 tertio
1088 2099 1358 2206 Kalengs
1397 2099 1589 2169 Maias,
1637 2101 1718 2156 in-

150 2192 379 2247 dictione
409 2193 590 2249 tertia.

653 2323 992 2382 EPISTOLA
1008 2364 1011 2365 ν
1027 2325 1193 2380 XXI}.

359 2432 441 2471 ω.
458 2432 741 2473 AINALDUI
764 2432 1175 2473 CENOIANENSEI
1197 2431 1505 2473 ειιιεοοιιυιι.

735 2506 917 2577 (Anno
946 2507 1133 2583 1080.)

155 2593 461 2666 Episcopale
484 2597 710 2668 ofﬁcium
751 2614 784 2668 ς
826 2596 999 2668 legato
1034 2598 1333 2668 apostolico
1381 2596 1720 2668 interdictum

219 2665 408 2721 reddit.
444 2665 699 2720 Abbatem
742 2665 945 2722 loelém
986 2665 1228 2721 absolvit.
1262 2666 1587 2721 Rainaldum
1636 2669 1722 2721 in-

214 2753 447 2791 uasere»:
465 2745 513 2808 et
542 2736 815 2808 perjurum
835 2737 1068 2806 deponit,
1096 2739 1156 2808 in
1184 2738 1337 2808 cujus
1381 2738 1556 2791 locum
1597 2735 1724 2793 10c-

209 2814 315 2859 tem
339 2806 652 2876 prardictiun
691 2806 899 2861 restitui
938 2807 1181 2863 mandat.

216 2895 524 2952 Caesonius
572 2896 881 2967 episcopus,
912 2912 1106 2954 servus
1149 2914 1432 2954 servorum
1470 2897 1586 2965 Dei,
1613 2899 1721 2953 Aa-

152 3003 318 3070 mtno
364 2987 764 3043 Cenomanensi
795 2987 1075 3059 episcopo,
1120 2988 1353 3070 salutem
1377 2998 1433 3044 et
1459 2989 1722 3059 apostoli-

152 3065 267 3133 eam
297 3079 754 3135 benedictionem.

217 3168 537 3240 Episcopale
562 3169 827 3246 cilicium,
847 3170 998 3241 quod
1020 3170 1132 3241 tibi
1168 3170 1382 3242 legatus
1408 3180 1597 3227 noster
1636 3171 1722 3226 in-

1820 2008 1978 2077 quasi
2005 2010 2207 2079 aliquid
2231 2012 2530 2078 :cstimans,
2572 2013 2707 2066 tanti
2750 2013 2987 2081 pastoris
3028 2012 3293 2065 vicarium
3334 2013 3400 2066 ad

1819 2100 2110 2169 regendam
2156 2111 2403 2156 sanetam
2449 2111 2679 2157 matrem
2718 2113 2962 2157 nostram
3013 2103 3281 2173 elegerat;
3336 2104 3404 2157 ti-

1822 2200 2205 2258 moreautem,
2264 2194 2393 2263 quia
2442 2193 2757 2249 terribiliter
2801 2194 2983 2249 divina
3031 2195 3114 2248 lex
3171 2195 3403 2261 intonat,

1820 2280 2047 2337 dicens:
2099 2282 2415 2341 Maledicta;
2457 2285 2621 2340 homo
2648 2287 2739 2356 qui
2780 2286 2976 2354 parcit-
3003 2286 3183 2356 gladio
3228 2302 3330 2342 suo
3372 2305 3407 2339 (ι

1820 2374 2074 2442 sanguine
2099 2372 2235 2443 (ζαν.
2273 2375 2482 2444 xcvm),
2516 2375 2693 2440 idest,
2716 2376 2812 2445 qui
2842 2376 3148 2430 doctrinam
3181 2377 3403 2433 subtra-

1821 2463 1901 2516 hit
1927 2463 1996 2519 ab
2020 2463 2300 2520 occisione
2330 2466 2567 2525 carnalis
2596 2467 2737 2522 vitae.
2786 2465 2942 2533 Nunc
2969 2468 3157 2538 igitur,
3184 2468 3403 2529 charis-

1820 2554 1959 2607 sime
1981 2564 2036 2610 et
2070 2556 2124 2609 in
2154 2555 2375 2612 Christo
2409 2574 2626 2627 semper
2645 2559 3019 2628 amplectende
3046 2559 3143 2625 ﬁli,
3172 2574 3300 2615 cum
3347 2569 3398 2611 et

1821 2654 2051 2701 matrem
2094 2656 2244 2701 tuam
2282 2648 2511 2703 nimium
2560 2650 2806 2703 tribulari
2856 2650 3187 2719 conspicias,
3230 2660 3283 2704 et
3322 2651 3370 2703 ir

1820 2737 2089 2793 evitabilis
2118 2754 2217 2793 nos
2255 2741 2613 2795 succurrendi
2663 2741 2963 2797 necessitas
2994 2743 3365 2812 urgeat,,tali-i

1822 2836 1874 2883 te
1900 2829 2043 2897 volo,
2071 2839 2126 2886 et
2152 2831 2383 2887 multum
2416 2849 2516 2915 pro
2546 2833 2751 2888 honore
2780 2842 2876 2888 tuo
2910 2843 2964 2888 et
2983 2834 3161 2889 salute
3193 2834 3249 2891 in
3280 2850 3400 2896 vera

1821 2928 1876 2973 et
1902 2936 2012 2975 non
2047 2921 2173 2979 ﬁcta
2202 2923 2469 2977 cbaritate
2517 2938 2735 2990 moneo,
2769 2933 2828 2977 ut
2870 2940 3091 2979 omnem
3141 2924 3401 2979 Obedien--

1822 3008 1953 3064 tiam
2007 3003 2270 3080 praebeas,
2326 3021 2381 3065 et
2408 3012 2570 3077 sicut,
2636 3023 2960 3083 cooperante
3007 3013 3139 3081 Deo,
3193 3030 3404 3085 gemma

1774 3161 1787 3173 .
1821 3101 2129 3177 principum
2160 3117 2283 3157 esse
2305 3103 2573 3170 meruisti,
2607 3104 2681 3158 ita
2716 3106 2903 3175 regula
2936 3106 3164 3175 iustitiae
3202 3115 3256 3161 ct
3277 3108 3407 3162 obe—

1821 3192 2038 3248 dientiae
2066 3192 2240 3247 forma
2289 3195 2502 3250 cunctis
2532 3205 2693 3250 terrae
2740 3196 3081 3266 principibus
3123 3213 3245 3254 esse
3292 3215 3408 3254 me-

152 3258 462 3357 ξθτίξίιθη-ίι
505 3260 719 3357 infmia
1092 3262 1391 3357 Ϊθδάίηδυε-
1454 3262 1717 3357 Ᾱδιξθίθω
1746 3276 1789 3339 C
1823 3285 2017 3351 rearis,
2050 3292 2129 3339 tot
2153 3287 2344 3354 procul
2377 3286 2544 3341 dubio
2570 3288 2627 3341 in
2677 3258 2857 3344 futura
2887 3258 3059 3357 gloria
3097 3289 3402 3357 principum

149 3346 352 3403 loelem
375 3349 728 3413 absolvimus.
757 3348 1443 3415 Rainaldu‘minvasorem,
1474 3352 1603 3421 quia
1624 3368 1722 3421 per
1754 3362 1757 3375 ῖ

149 3440 497 3495 ambitionem
528 3440 847 3509 periuravit,
877 3440 1224 3510 deponimus,
1264 3449 1327 3495 ut
1372 3456 1473 3495 nec
1516 3442 1571 3494 in
1626 3442 1721 3496 illo

92 3578 97 3581 .
149 3530 289 3599 quod
318 3516 558 3601 cupivit,
580 3545 683 3586 nec
712 3530 767 3587 in
798 3529 906 3585 alio
932 3531 1269 3586 monasterio
1298 3530 1533 3585 ulterius
1548 3532 1720 3587 abbas

149 3621 364 3676 cxistat.
419 3620 764 3692 Quapropter
790 3612 1048 3677 volumus
1075 3629 1137 3675 ut
1172 3621 1287 3691 jam
1332 3621 1537 3677 dictum
1593 3621 1723 3676 Rai-

152 3712 369 3768 naldum
409 3713 603 3769 cedere
630 3712 822 3780 facias,
855 3720 913 3768 et
935 3711 1144 3767 Joelem
1174 3712 1229 3767 in
1266 3712 1391 3769 loco
1418 3728 1523 3769 suo
1551 3712 1719 3768 abba-

151 3811 255 3858 tem
285 3804 567 3860 restituas.
596 3794 601 3799 ’

216 3892 353 3947 Data
376 3892 584 3961 Roma,
611 3902 808 3951 octavo
848 3894 1123 3951 Kalendas
1178 3894 1369 3964 Maias,
1425 3895 1723 3953 indictione

150 3981 328 4037 tertia.
644 4042 645 4045 η

648 4106 991 4167 EPISTOLA
1022 4107 1210 4164 XXIII.
1226 4171 1231 4175 _

380 4268 383 4271 Α
432 4215 498 4254 ΑΙ)
534 4213 862 4255 ῦυιιιειιιιιι
912 4216 1087 4254 REGI-ll
1138 4216 1461 4267 Ακαιοιιυιι.,

734 4291 915 4361 (Anno
944 4290 1128 4361 roso.)

152 4378 316 4434 Situm
351 4382 408 4435 in
442 4397 561 4436 eum
598 4398 831 4435 amorem
858 4389 1078 4435 testatus
1107 4382 1177 4436 ad
1220 4383 1453 4437 debitam
1483 4384 1725 4443 obedien-

288 4452 421 4505 tiam
446 4452 556 4505 sedi
590 4450 896 4522 apostolica:
921 4452 1279 4522 prwstandam
1315 4454 1577 4508 hortatur.

214 4541 528 4598 Caesonius
560 4544 873 4614 episcopus,
914 4559 1109 4599 servus
1137 4560 1421 4600 servorum
1450 4544 1566 4613 Dei,
1594 4546 1724 4612 Cur:

1822 3377 2074 3445 princeps
2107 3375 2327 3431 futurus
2352 3386 2487 3445 quot
2511 3391 2681 3445 usque
2724 3377 2780 3429 in
2811 3380 2975 3430 linem
3007 3378 3194 3432 saeculi
3225 3394 3406 3434 exem-

1820 3466 1911 3534 plo
1964 3476 2074 3520 ture
2123 3467 2446 3521 obedientize
2500 3467 2775 3538 principes
2831 3467 3207 3537 salvabuntur,
3255 3480 3309 3525 et
3360 3476 3402 3525 si

1820 3556 2040 3625 quidam
2092 3558 2310 3612 illorum
2343 3558 2543 3613 salvari
2586 3560 2880 3624 noluerint,
2910 3560 3007 3614 tibi
3045 3570 3225 3618 tamen
3254 3568 3408 3628 retri-

1822 3647 1974 3703 butio
2004 3649 2314 3704 nullatenus
2348 3651 2651 3706 minuetur.
2698 3650 2813 3705 Non
2846 3652 3023 3707 solum
3059 3663 3262 3720 autem,
3313 3661 3404 3710 sed

1820 3749 1875 3794 et
1913 3740 1969 3793 in
2002 3741 2108 3795 hoc
2157 3740 2362 3796 mundo
2413 3742 2509 3796 tibi
2562 3751 2616 3797 et
2654 3744 2959 3799 Ineredibus
3007 3746 3115 3801 tuis
3156 3739 3405 3813 victoria,

1823 3831 2018 3898 honor,
2057 3832 2319 3901 potentia,
2359 3833 2670 3889 sublimitas
2698 3836 2933 3904 annilius
2966 3838 3180 3893 cmlitus
3201 3839 3408 3893 tribui--

1811 3928 1932 3975 .tur.
1973 3921 2294 3993 Exemplum
2336 3924 2434 3977 tibi
2469 3924 2703 3994 teipsum
2754 3941 3009 3995 propone.
3063 3928 3215 3983 Sicut
3259 3930 3403 3988 enim

1823 4014 1990 4069 velles
2021 4014 2091 4068 ab
2116 4029 2185 4069 eo
2225 4030 2387 4085 quem
2433 4031 2500 4069 ex
2546 4016 2757 4070 misero
2777 4026 2841 4071 et
2860 4018 3207 4086 pauperrimo
3248 4035 3406 4071 ξονι-υ

1823 4104 2263 4171 potentissimum
2292 4119 2475 4174 regem
2514 4103 2763 4170 fecisses,
2797 4121 2906 4158 non
2937 4106 3211 4161 immerito
3234 4108 3405 4160 honu-

1822 4191 1957 4258 rari,
1979 4192 2061 4246 sic
2086 4200 2147 4247 et
2174 4201 2257 4258 tu,
2310 4209 2474 4263 quem
2520 4209 2587 4249 ex
2648 4196 3054 4265 servo-peccati
3101 4197 3304 4250 misero
3352 4212 3406 4252 ct

1824 4286 2156 4354 paupercqu
2185 4278 2284 4356 (ita
2312 4288 2512 4357 quippe
2537 4304 2728 4343 omnes
2756 4288 3057 4359 nascimur)
3085 4292 3404 4358 potentissi-

1824 4391 1975 4429 mum
1999 4368 2181 4447 regem
2208 4375 2354 4432 Deus
2378 4380 2549 4448 gratis
2599 4377 2745 4445 fecit,
2795 4381 3175 4435 Imnoratorem
3225 4392 3403 4447 tuum,

1825 4476 2185 4537 protectorem
2230 4477 2395 4539 atque
2422 4471 2727 4540 adjutorem
2781 4482 2934 4526 tuum
2980 4473 3402 4541 omnipotentem

1825 4556 2014 4628 Jesum
2060 4560 2335 4615 honorare
2365 4576 2579 4631 semper
2622 4562 2865 4618 studiose
2918 4563 3132 4618 festina.
3185 4563 3295 4620 Nec
3336 4569 3407 4619 ab

151 4644 343 4735 ιιεξιιιξ
363 4632 479 4701 τεεί
505 4632 835 4703 Anglorum.
871 4635 1106 4699 salutem
1151 4645 1217 4701 ει,
1232 4638 1593 4708 apostolicam
1620 4639 1720 4695 bc-
1756 4624 1801 4678 Ῑ)
1826 4650 1931 4704 hoc
1961 4624 2223 4721 impediat
2251 4660 2305 4705 te
2332 4624 2699 4721 pessimorum
2738 4655 3046 4725 principum
3082 4656 3259 4735 turba.

150 4722 532 4777 nedictionem.
547 4784 550 4788 ,

216 4810 421 4867 Notum
454 4814 461 4820 '
501 4825 624 4867 esse
673 4809 771 4872 tibi
852 4813 1017 4875 credo
1035 4854 1067 4881 ι,
1098 4817 1558 4891 excellentissime
1610 4820 1720 4889 fili,

152 4903 469 4975 priusquam
538 4903 607 4959 ad
671 4902 981 4972 pontiﬁcale
1041 4906 1260 4966 culmen
1330 4912 1682 4970 ascenderem
1704 4955 1723 4980 ,

150 5004 354 5063 quanto
383 5009 598 5064 semper
626 5002 678 5049 te
708 4993 935 5049 sincera:
960 4995 1271 5057 dilectionis
1297 4998 1493 5055 all‘ectu
1521 5005 1720 5069 amavi,

151 5087 365 5152 qualem
404 5085 572 5141 etiam
606 5102 692 5141 me
737 5086 847 5141 tuis
876 5087 1131 5157 negotiis,
1160 5095 1217 5142 et
1257 5103 1429 5157 quam
1452 5092 1721 5149 efficacem

152 5175 409 5241 exhibui;
441 5177 666 5247 insuper
694 5186 756 5232 ut
781 5178 849 5232 ad
894 5179 1071 5248 regale
1118 5176 1409 5249 fastigium
1450 5182 1728 5239 cresceres

152 5275 357 5331 quanto
387 5267 571 5321 studio
597 5268 860 5324 laboravi.
893 5269 1011 5335 Qua
1055 5284 1157 5339 pro
1210 5285 1267 5323 re
1312 5286 1363 5337 ιι,
1393 5271 1721 5339 quibusdam

154 5352 415 5418 fratribus
456 5369 708 5432 magnam
751 5375 890 5430 pene
918 5360 1200 5415 infamiam
1230 5361 1445 5431 pertuli,
1476 5363 1727 5421 submur-

158 5444 501 5499 murantibus
527 5447 675 5515 quod
702 5451 783 5504 ad
824 5460 974 5506 tanta
1027 5451 1320 5508 homicidia
1367 5454 1725 5523 perpetranda

158 5541 305 5589 tanto
330 5524 518 5591 favore
545 5550 723 5593 meam
749 5555 975 5610 operam
1005 5543 1578 5621 impendissem.gDeus
1597 5562 1727 5602 vero

161 5625 210 5677 in
252 5640 377 5681 mea
403 5626 738 5688 conscientia
767 5632 923 5699 testis
946 5645 1065 5701 erat
1089 5628 1254 5706 quam
1284 5647 1433 5693 recto
1460 5637 1512 5692 id
1541 5638 1726 5695 animo

161 5716 413 5782 feceram,
445 5730 673 5787 sperans
698 5734 796 5790 per
823 5723 1053 5790 gratiam
1104 5726 1231 5795 Dei,
1251 5740 1306 5783 et
1351 5747 1460 5786 non
1492 5730 1727 5789 inaniter

160 5809 436 5868 conlidens
467 5807 535 5863 de
564 5809 855 5868 virtutibus
878 5813 1038 5871 bonis
1057 5832 1179 5886 quae
1208 5802 1260 5874 in
1307 5832 1358 5877 te
1386 5833 1557 5888 erant,
1600 5822 1727 5893 quia

1826 4740 1999 4810 quitia
2024 4742 2173 4796 enim
2196 4743 2493 4797 multorum
2523 4753 2629 4811 est,
2659 4745 2838 4799 virtus
2869 4756 3049 4798 autem
3079 4748 3401 4813 paucorum.

1826 4832 2132 4889 Gloriosius
2158 4842 2243 4887 est
2284 4835 2515 4902 probato
2542 4836 2722 4901 militi,
2751 4835 2935 4889 multis
2956 4833 3319 4904 fugientibus,
3349 4840 3405 4892 in

1824 4923 2010 4991 praelio
2056 4932 2221 4977 stare.
2270 4922 2565 4978 Pretiosior
2604 4924 2692 4975 illa
2720 4933 2804 4977 est
2833 4940 3045 4993 gemma
3073 4942 3196 4995 quae
3225 4932 3409 4986 rarius

1824 5014 2117 5081 invenitur.
2149 5012 2263 5065 lmo
2312 5021 2519 5080 quanto
2550 5013 2724 5083 magis
2754 5024 3001 5082 potentes
3028 5017 3194 5087 hujus
3220 5023 3408 5076 surculi

1820 5102 2069 5171 superbia
2094 5098 2193 5155 sua
2220 5109 2275 5153 et
2302 5100 2485 5170 impiis
2515 5104 2727 5158 actibus
2750 5108 3007 5161 exercitati
3050 5120 3317 5164 corruunt
3344 5110 3403 5164 in

1824 5191 2177 5261 profundum,
2221 5200 2374 5247 tanto
2401 5194 2577 5264 magis
2605 5204 2679 5261 te,
2712 5197 2804 5265 qui
2856 5212 2965 5266 prze
3015 5199 3122 5253 illis
3172 5199 3403 5254 multum

1825 5283 1936 5338 Deo
1965 5285 2166 5339 charus
2196 5284 2451 5338 inventus
2478 5301 2557 5351 es,
2598 5287 2683 5355 pie
2710 5288 3047 5343 humiliando
3067 5288 3221 5341 decet
3245 5289 3403 5358 erigi,

1823 5382 1877 5428 et
1900 5375 2203 5431 obediendo
2233 5376 2540 5441 sublimari,
2577 5386 2635 5430 ut
2660 5378 2729 5431 sit
2780 5378 2921 5431 sicut
2961 5378 3225 5445 scriptum
3273 5388 3356 5433 est
3390 5401 3402 5433 :

1824 5463 2028 5535 Impius
2075 5468 2242 5536 impie
2263 5476 2389 5537 agat
2412 5467 2604 5531 adlmc,
2650 5476 2699 5519 et
2728 5469 2817 5535 qui
2840 5468 2895 5517 in
2922 5467 3165 5519 sordibus
3184 5476 3262 5521 est
3289 5483 3406 5522 sor-

1824 5557 2006 5610 descat
2060 5557 2255 5622 adhuc,
2302 5567 2351 5610 et
2396 5558 2577 5625 justus
2622 5555 2948 5623 justiﬁcetar
2991 5557 3162 5610 adhuc
3215 5559 3401 5627 (Apoc.

1827 5648 2005 5715 xxiii).
2038 5645 2201 5699 Plura
2245 5647 2341 5699 tibi
2385 5646 2563 5699 adhuc
2589 5645 2933 5699 exhortando
2961 5647 3277 5711 scriberem,
3309 5656 3403 5704 sed

1826 5738 1951 5806 quia
1980 5737 2116 5790 tales
2151 5735 2347 5789 misisti
2376 5736 2467 5804 qui
2514 5750 2599 5789 me
2647 5736 2781 5790 satis
2828 5737 2895 5789 de
2949 5745 3038 5790 tua
3094 5739 3400 5805 prudentia,

1831 5830 2133 5893 honestate,
2163 5826 2393 5895 justitia,
2440 5826 2603 5882 simul
2648 5842 2769 5882 cum
2802 5827 2910 5884 ﬁlio
2942 5836 3125 5885 nostro
3166 5828 3403 5882 "liberm
