3952 6428
526 469 628 523 567

1157 470 1212 556 ξ.
1255 471 1577 526 GREGORII
1621 472 1706 526 VII
1739 472 1941 528 ΡΑΡΛΕ
1983 473 2259 530 UPERUM
2297 473 2479 530 PARS
2511 474 2552 530 I.
2590 506 2661 514 —
2699 474 3116 531 REGISTRUM.

3650 481 3750 536 568

522 583 951 652 laatiticaverunt,
981 586 1210 655 sapienti
1235 589 1352 642 viro
1381 589 1514 644 satis
1540 604 1660 646 esse
1705 589 1910 645 dictum
1952 592 2098 661 judi-
2127 597 2171 650 Α
2198 609 2405 664 regum,
2430 594 2515 648 vel
2538 594 2761 660 ducum,
2793 605 2886 650 aut
2914 595 3194 661 comitum,
3219 610 3314 650 seu
3351 597 3609 667 (praelibet
3639 613 3751 652 ma-

527 676 664 742 cavi,
695 691 918 745 sperans
953 677 1082 747 quia
1130 679 1474 748 omnipotens
1520 679 1680 746 Deus,
1717 695 1882 750 supra
1925 697 2089 750 quam

525 763 781 831 dicimus,
813 765 868 819 in
896 774 948 820 te
972 776 1026 821 et
1051 783 1144 837 per
1174 777 1224 822 te
1254 769 1320 823 ad
1357 771 1616 823 honorem
1660 785 1820 824 suum
1845 770 2092 841 dignabi-

2191 702 2296 758 gna
2335 694 2430 740 aut
2455 701 2620 755 prava
2659 699 2910 755 persona,
2954 696 3245 756 praesumat
3273 686 3374 740 sibi
3421 686 3476 742 in
3523 703 3590 742 eo
3634 687 3752 743 loco

2191 776 2402 845 aliquas
2457 776 2802 846 proprietatis
2847 777 3203 841 conditiones,
3263 791 3372 832 non
3426 777 3752 832 hzereditarii

530 862 619 908 tur
641 854 872 922 operari.
903 854 1045 922 Quae.
1058 871 1186 911 vero
1219 857 1272 910 in
1302 858 1499 911 litteris
1521 856 1703 912 minus
1731 867 1879 926 sunt,
1901 859 2093 930 legatis
2187 865 2347 935 juris,
2378 881 2487 920 non
2521 865 2834 932 advoca'tiae,
2863 882 2971 922 non
3013 865 3363 930 investiturte,
3410 881 3520 921 non
3571 868 3756 935 cujus.

525 943 636 996 tuis
665 943 760 997 tibi
787 960 919 999 voce
947 946 1171 1001 dicenda
1199 946 1593 1001 commisimus.
1632 946 1750 1016 Ipse
1774 957 1953 1003 autem
1983 964 2095 1003 om-

529 1034 776 1102 nipotens
801 1034 946 1090 Deus
971 1044 1025 1090 et
1054 1036 1208 1090 Pater
1232 1045 1416 1092 noster
1437 1037 1541 1091 hoc
1570 1047 1662 1091 tuo
1697 1039 1866 1104 cordi,
1891 1039 2096 1095 charis—

529 1123 667 1178 sime
693 1124 791 1191 fili,
818 1125 893 1179 ita
924 1125 1189 1196 inspirare
1218 1137 1381 1196 atque
1402 1127 1649 1196 plantare
1675 1129 2095 1184 misericorditer

529 1212 798 1283 dignetur,
835 1225 1105 1287 quatenus
1135 1219 1201 1270 et
1223 1212 1276 1270 in
1307 1219 1412 1270 hoc
1459 1219 1657 1272 saeculo
1687 1219 1879 1274 merito
1925 1219 2096 1274 virtu-

529 1312 646 1357 tum
673 1312 888 1362 tuarum
923 1323 1149 1377 regnum
1188 1317 1344 1363 tuum
1373 1317 1426 1363 et
1456 1310 1750 1379 potentiam
1797 1319 2012 1382 augeat,
2044 1320 2097 1366 ct

531 1396 588 1448 in
623 1393 806 1450 futuro
839 1413 964 1472 cum
992 1399 1194 1454 sanctis
1225 1399 1444 1470 regibus
1472 1399 1538 1454 ad
1573 1416 1740 1470 regna
1773 1401 2097 1470 supercmle-

532 1484 637 1537 stia
681 1483 1164 1557 inexcogitabiliter
1228 1491 1450 1544 meliora
1502 1489 1728 1545 feliciter
1771 1491 2093 1548 intrdducat.

531 1572 726 1630 Amen.
754 1573 1150 1645 Cenomanensi
1181 1578 1434 1649 episcopo
1461 1578 1570 1633 tuis
1594 1579 1866 1648 precibus,
1887 1580 2098 1648 iustitia

532 1661 789 1730 dictante,
831 1663 1086 1725 faventes.
1117 1666 1353 1722 ofﬁcium
1395 1667 1699 1736 episcopale
1745 1668 2095 1724 reddidimus.

531 1751 794 1808 Abbatem
824 1769 1042 1824 quoque
1069 1757 1384 1813 monasterii
1422 1755 1605 1811 Sancti
1645 1755 1809 1826 Petri,
1849 1759 1994 1830 quod
2018 1767 2102 1814 est

532 1840 850 1910 Cenomani,
877 1845 1230 1903 absolvimus.

2193 955 2322 1010 libet
2365 956 2667 1026 potestatis,
2695 972 2818 1026 qua:
2867 955 3103 1012 libertati
3146 957 3460 1010 monasterii
3505 967 3753 1020 noceant,

2192 1044 2484 1111 vindicare,
2529 1062 2638 1102 non
2667 1055 2984 1102 ornamenta
3016 1046 3279 1112 ecclesiae,
3312 1047 3426 1100 sive
3455 1047 3755 1116 possessio.

2195 1149 2291 1189 nes
2318 1135 2591 1202 invadere,
2633 1137 2900 1203 minuere,
2942 1133 3027 1191 vel
3074 1137 3342 1201 alienare;
3371 1135 3569 1192 scdita
3597 1136 3671 1190 sit
3693 1135 3762 1190 ab

2195 1225 2344 1279 omni
2382 1227 2630 1283 saecula—ri
2657 1234 2921 1296 potestate
2947 1240 3195 1290 securus,
3239 1233 3295 1282 et
3324 1223 3582 1278 Romana:
3618 1224 3760 1280 sedis

2195 1313 2440 1370 libertate
2466 1317 2701 1387 quietus,
2735 1315 2878 1370 sicut
2916 1323 3129 1370 constat
3168 1313 3526 1372 Cluniaeensc
3572 1329 3762 1368 mona-

2199 1405 2424 1461 sterium
2451 1415 2506 1462 et
2528 1406 2863 1462 Massiliense
2902 1421 3155 1471 manere;
3183 1404 3350 1460 abbas
3385 1413 3569 1458 autem
3601 1405 3763 1459 advo-

2200 1505 2380 1552 catum
2409 1513 2570 1567 quem
2591 1497 2824 1556 voluerit
2847 1493 3027 1569 eligat.
3055 1495 3228 1561 .Quod
3256 1497 3300 1550 si
3330 1497 3376 1551 is
3414 1497 3761 1567 postmodum

2191 1603 2310 1665 non
2341 1581 2503 1643 fuerit
2529 1589 2680 1644 utilis
2702 1587 3055 1653 monasterio,
3081 1601 3148 1641 co
3172 1597 3401 1650 remoto,
3437 1588 3606 1641 alium
3636 1602 3763 1641 con-

2201 1677 2414 1733 stituat.
2468 1677 2814 1749 Privilegium
2862 1686 3043 1734 autem
3091 1676 3238 1749 quod
3285 1675 3440 1733 bona:
3490 1676 3765 1730 memoria:

2201 1768 2565 1838 praedecessor
2616 1776 2804 1823 noster
2861 1765 3165 1821 Alexander
3215 1773 3404 1820 contra
3451 1775 3764 1821 sanctorum

2203 1857 2426 1931 Patrum
2470 1865 2672 1914 statuta
2724 1858 2902 1928 aliqua
2949 1856 3296 1925 subreptionc
3343 1857 3428 1911 vel
3455 1857 3767 1927 deceptione

606 1931 737 1987 Data
774 1933 978 2004 Roma},
1003 1953 1098 1991 VIII
1126 1937 1398 1993 Kalendas
1423 1938 1573 2004 Maii,
1600 1937 1892 1992 indictione
1921 1937 2098 1992 tertia.
2133 1931 2174 1990 Β
2203 1947 2458 2004 inductus
2484 1948 2660 2003 eidem
2705 1949 2826 2003 loco
2856 1947 3000 2013 fecit,
3047 1948 3102 2002 in
3143 1963 3253 2017 quo
3280 1946 3553 2004 Everardo
3585 1948 3767 2005 comiti

1036 2025 1373 2082 EPISTULA
1400 2027 1589 2081 XXIV.

744 2131 810 2168 ΑΙ)
838 2131 1144 2172 πιιιιεωιωι
1179 2134 1421 2172 ᾹΒΒᾹΤΕΙ
1451 2133 1867 2174 ιιιῐιελυϐιεκεει

1141 2211 1299 2262 Anno
1336 2209 1519 2279 1080.)

537 2295 802 2362 Approbat
837 2298 973 2373 quod
1010 2315 1193 2351 curam
1232 2299 1539 2373 monasterii
1579 2297 1761 2352 Sancti
1811 2295 2102 2373 salvatoris

607 2367 1165 2437 susceperit,'eumque
1218 2369 1475 2426 vicarium
1522 2383 1675 2420 suum
1712 2368 1985 2421 constituit
2033 2367 2103 2420 ad

611 2437 1001 2504 procurandum
1056 2448 1112 2496 ut
1167 2439 1245 2491 ibi
1287 2439 1448 2491 abbas
1512 2439 1758 2490 canonice
1812 2438 2102 2491 ordinetur.

610 2503 860 2576 Prohibet
912 2507 1235 2576 principibus
1302 2506 1644 2561 swcularibus
1688 2523 1749 2561 ne
1801 2508 1858 2560 in
1893 2524 1952 2560 eo
1991 2507 2105 2560 loco

614 2574 1344 2658 quidquamjurisﬁhabeant.
1375 2576 1727 2658 Pririlegium
1763 2577 1827 2629 ab
1874 2576 2107 2658 Alcinu-

614 2591 900 2697 qutaquam
929 2592 1072 2658 Iuris
1104 2591 1344 2629 naoeant.
1381 2591 1727 2645 rriruegium
1763 2591 1827 2629 ab
1874 2591 2107 2630 Atexan-

614 2647 710 2698 dro
776 2644 807 2696 Ι
824 2685 838 2712 ,
870 2645 998 2699 olim
1040 2645 1334 2714 deceptione
1368 2646 1600 2710 inducto,
1638 2661 1935 2699 concessum
1976 2645 2108 2698 Eve-

619 2715 776 2767 rardo
803 2715 1041 2784 abrogat.
1074 2715 1487 2772 Constantiensis
1523 2714 1774 2772 Ecclesia:
1806 2715 2028 2784 prazside
2062 2731 2108 2772 .a

613 2784 850 2838 Romana
880 2782 1118 2835 Ecclesia
1147 2785 1498 2847 discordante,
1530 2787 1762 2838 concedit
1801 2782 1857 2838 ut
1888 2785 2046 2837 abbas
2076 2801 2110 2837 α

517 2861 522 2866 ’
614 2867 918 2924 quocunque
973 2851 1216 2924 religioso
1271 2854 1511 2924 episcopo
1552 2869 1667 2924 qua:
1708 2854 1776 2924 ad
1818 2852 2111 2924 episcopale

611 2921 837 2991 afﬁciunt
903 2921 1161 2990 pertinent
1213 2921 1489 2991 suscipiat,
1529 2921 1606 2974 rel
1655 2922 1724 2974 ad
1767 2921 2111 2991 apostolicam

616 2992 790 3046 sedem
819 3000 1075 3044 recurrat.
1469 3013 1474 3017 ·

615 3083 922 3144 Caesonius
951 3082 1262 3154 episcopus,
1306 3097 1501 3139 seruus
1535 3096 1815 3137 servorum
1852 3079 1970 3147 Dei,
1995 3079 2114 3134 Wr-

550 3187 744 3232 LIELIIO
767 3172 946 3227 abbati
986 3172 1395 3242 Hirsaugiensis
1428 3172 1763 3239 monasterii,
1804 3173 2031 3229 salutem
2061 3180 2115 3227 et
2152 3229 2158 3232 .

550 3262 901 3332 apostolicam
926 3261 1379 3334 benedictionem.

621 3351 888 3418 Quoniam
920 3351 1163 3421 pervenit
1188 3352 1256 3406 ad
1296 3367 1396 3406 nos
1422 3347 1567 3420 quod
1592 3352 1781 3422 religio
1807 3341 1900 3406 tua
1921 3367 2112 3408 curam

551 3444 867 3498 monasterii
907 3441 1088 3498 Sancti
1122 3443 1418 3498 Salvatoris
1435 3443 1575 3512 juris
1615 3443 1922 3511 apostolicae
1949 3442 2111 3507 sedis,

551 3535 640 3622 cui
665 3535 828 3590 etiam
873 3534 1156 3596 duodecim
1196 3535 1386 3601 aurei,
1417 3549 1650 3613 quorum
1687 3532 2115 3640 vigintiunciam

553 3613 782 3692 faciunt,
824 3642 891 3681 ex
922 3628 1110 3682 eodem
1139 3629 1477 3682 monasterio
1517 3626 1674 3682 annis
1723 3613 1950 3696 singulis
1995 3641 2116 3697 per-

554 3716 691 3772 solvi
733 3715 951 3781 debent,
1003 3716 1094 3771 siti
1145 3717 1201 3769 in
1246 3717 1375 3770 villa
1422 3717 1701 3785 Scapbusa
1736 3715 2022 3788 [Satfusa],
2061 3717 2116 3770 in

555 3807 869 3876 episcopatu
911 3802 1337 3870 Constantien'si,
1384 3806 1704 3860 obsecrante
1736 3793 1932 3864 comite
1977 3807 2117 3860 Bur-

519 3973 521 3975 ι
557 3898 722 3952 cardo
745 3896 988 3967 virisque
1033 3896 1302 3967 religiosis
1340 3896 1704 3962 hortantibus,
1750 3909 1816 3951 eo
1861 3896 2142 3953 duntaxat

556 3999 745 4042 tenore
769 3986 1070 4056 susceperit
1107 3996 1176 4041 rut
1212 3987 1502 4058 praedictus
1551 3998 1753 4051 comes,
1798 3985 1892 4056 qui
1925 3986 2027 4041 sibi
2066 3986 2120 4041 in

557 4079 781 4150 praefato
823 4078 1152 4137 monasterio
1176 4079 1439 4148 quasdam
1468 4077 1623 4148 quasi
1653 4064 1908 4146 proprias
1938 4077 2124 4133 condi-

558 4173 733 4227 tiones
768 4171 1096 4237 vindicabat,
1139 4169 1364 4232 dimissa
1415 4179 1577 4240 atque
1619 4169 1924 4224 renuntiata
1975 4171 2124 4226 omni

562 4263 808 4316 saeculari
841 4269 1131 4332 potestate,
1154 4262 1335 4316 locum
1377 4261 1552 4332 ipsum
1582 4256 1812 4320 liberum
1843 4275 1964 4316 esse
1996 4273 2125 4331 per-

563 4352 819 4417 mitteret,
861 4354 1102 4409 studium
1146 4353 1450 4407 dilectionis
1491 4362 1599 4407 tua:
1639 4352 1949 4422 probantes,
1980 4353 2125 4422 quod

565 4440 766 4496 factum
791 4448 875 4496 est
895 4441 1192 4510 apostolica
1219 4443 1538 4497 auctoritate
1573 4441 1878 4512 ﬁrmamus;
1905 4451 1963 4497 et
1996 4443 2126 4521 quia

563 4547 660 4601 per
672 4540 723 4587 te
733 4532 886 4586 locus
899 4530 986 4591 ille
1000 4529 1162 4601 (sicut
1173 4529 1500 4599 audivimus)
1523 4529 1589 4590 ad
1608 4530 1881 4599 religionis
1900 4535 2136 4597 statum,

566 4623 798 4678 Domino
825 4620 1139 4687 miserante,
1178 4619 1341 4690 carpit
1376 4633 1692 4690 assurgere;
1725 4634 1845 4684 nos,
1894 4620 2126 4690 inqnan-

565 4723 680 4768 tum
701 4713 962 4777 valemus,
988 4720 1298 4781 perpetuam
1329 4709 1440 4767 illic
1455 4709 1755 4764 sanctitatis
1783 4710 2126 4771 stabilitatem

567 4804 848 4872 providere
884 4801 1164 4872 cupientes
1210 4799 1530 4855 fraternitati
1579 4807 1686 4853 tute
1739 4815 1908 4868 super.
1946 4816 2123 4857 emno-

569 4894 719 4948 bium
744 4895 876 4954 illud
902 4892 1282 4950 sollicitudinis
1304 4899 1500 4946 nostra:
1527 4889 1701 4945 vicem
1724 4892 2129 4959 committimus,

573 4981 780 5036 scilicet
827 4994 888 5055 ut
942 4984 1138 5040 fratres
1195 4984 1268 5038 ibi
1320 4981 1624 5053 disciplinis
1671 4981 1989 5052 regulariter
2045 4984 2132 5040 in-

577 5078 806 5136 struere,
859 5088 1039 5128 mores
1086 5089 1274 5130 eorum
1326 5075 1600 5143 vitamque
1645 5081 2011 5142 competenter
2051 5074 2134 5129 in-

576 5159 838 5214 struendo
882 5175 944 5214 ea
973 5176 1095 5230 quae
1119 5163 1187 5215 ad
1239 5164 1544 5218 animarum
1593 5163 1822 5224 salutem
1865 5164 2134 5237 pertinent

575 5251 860 5322 vigilanter
897 5248 1198 5320 providere,
1227 5267 1289 5306 ac
1317 5254 1548 5307 maxime
1587 5262 1647 5306 ut
1674 5253 1805 5309 inibi
1851 5255 2018 5311 abbas
2043 5273 2131 5313 se-

578 5342 814 5396 cundum
850 5339 1020 5394 Deum
1049 5340 1326 5394 ordinetur
1351 5341 1626 5408 procures.
1664 5340 1928 5401 Praeterea
1949 5353 2008 5397 ut
2030 5361 2134 5401 δερ

577 5428 742 5508 pefati
764 5429 1078 5486 monasterii
1107 5428 1300 5484 fratres
1329 5429 1445 5490 sine
1480 5429 1849 5505 inquietudine
1892 5434 2137 5500 proposi-

581 5528 692 5572 tum
723 5536 883 5576 suum
921 5521 1136 5575 valeant
1176 5521 1422 5575 securius
1448 5527 1503 5573 et
1544 5519 1865 5588 propensius
1891 5522 2135 5590 exsequi,

582 5623 646 5662 ac
661 5610 1014 5680 omnipotenti
1042 5611 1270 5667 Domino
1293 5611 1486 5666 debita;
1503 5610 1802 5664 devotionis
1822 5610 2139 5681 obsequium

585 5696 844 5755 instanter
872 5711 925 5756 et
949 5713 1223 5772 gratanter
1250 5712 1547 5768 exsolvere,
1577 5701 1826 5775 volumus
1848 5709 1902 5756 et
1927 5709 2143 5770 aposto-

587 5785 692 5844 lica
719 5793 1035 5849 auctoritate
1063 5793 1405 5864 prscripimus
1450 5801 1509 5847 ut
1555 5792 1733 5846 nullus
1779 5789 2142 5858 sacerdotum,

2200 2039 2427 2109 ejusque
2451 2039 2686 2109 posteris
2729 2039 3086 2106 advocatiam,
3111 2045 3166 2093 et
3196 2037 3528 2108 prarﬁciendi
3560 2040 3768 2095 abbatis

2199 2136 2520 2198 potestatem
2547 2138 2600 2184 et
2632 2130 2798 2184 totius
2829 2130 2907 2184 rei
2935 2128 3458 2184 administrationem
3479 2130 3765 2194 concessit,

2202 2233 2302 2273 nos
2327 2217 2978 2274 canonicaztorrectionis
3005 2219 3270 2281 sententia
3296 2233 3393 2288 per
3419 2219 3768 2289 apostolicam

2203 2306 2535 2362 functionem
2580 2314 2794 2363 utentes
2827 2307 3189 2372 intirmamus,
3235 2306 3586 2378 infringimus
3611 2317 3770 2377 atque

2205 2410 2505 2462 cassamus,
2533 2404 2606 2462 et,
2645 2412 2714 2452 ne
2741 2411 2838 2466 per
2856 2397 2959 2452 hoc
2983 2395 3215 2465 alicujus
3241 2397 3530 2452 temeraria
3559 2397 3767 2467 cupidi-

2205 2493 2288 2539 tas
2328 2485 2385 2540 in
2418 2486 2703 2541 audaciam
2744 2501 2858 2542 suae
2899 2485 3217 2557 perditionis
3247 2498 3514 2556 erumpat,
3560 2494 3770 2557 aposto-

2205 2576 2307 2630 lica
2336 2576 2659 2631 auctoritate
2701 2576 2757 2631 in
2785 2577 3000 2631 irritum
3042 2590 3384 2631 revocamus.
3416 2574 3473 2629 Si
3499 2575 3628 2646 quis
3647 2591 3768 2648 qgo

2206 2674 2393 2721 contra
2418 2666 2524 2721 hoc
2547 2666 2764 2722 salubre
2790 2674 3117 2739 praiceptum
3145 2674 3396 2723 nostrum
3427 2665 3768 2736 pertinaciter

2209 2757 2286 2811 ire
2307 2757 2620 2832 tentaverit,
2652 2757 2882 2828 gratiam
2910 2757 3053 2811 beati
3096 2756 3243 2821 Petri
3300 2771 3361 2812 se
3414 2771 3526 2811 non
3570 2755 3768 2811 dubitet

2209 2845 2572 2910 amissurum;
2601 2847 3020 2914 admonitusque
3046 2846 3233 2911 semel,
3266 2846 3352 2901 bis
3385 2853 3442 2900 et
3469 2845 3632 2901 tertio
3679 2859 3767 2915 per

2211 2942 2578 3004 competentes
2623 2924 2892 3001 inducias,
2917 2934 2988 2988 .si
3025 2948 3136 2988 non
3176 2935 3470 3004 resipuerit
3494 2945 3550 2991 et
3577 2937 3624 2989 si
3651 2935 3769 2990 deli-

2212 3032 2360 3080 ctum
2390 3039 2548 3096 suum
2577 3025 2865 3080 emendare
2889 3025 3295 3094 contempserit,
3331 3025 3471 3081 sciat
3508 3041 3567 3080 se
3593 3024 3769 3079 divino

2213 3116 2554 3170 anathemate
2581 3116 2921 3181 innodatum,
2950 3122 3005 3169 et
3030 3130 3061 3169 a
3103 3116 3348 3184 corporis
3391 3123 3446 3169 et
3500 3113 3770 3186 sanguinis

2214 3205 2481 3264 Dominici
2513 3208 2896 3263 communione
2920 3205 3178 3260 alienum.
3207 3204 3342 3261 Illud
3377 3206 3543 3260 etiam
3578 3206 3644 3260 ad
3667 3205 3768 3260 Ro-

2215 3298 2670 3355 manzelibcrtatis
2696 3313 2899 3354 munus
2933 3297 3366 3353 confirmandum
3397 3296 3771 3366 subjungcntcs

2213 3388 2498 3458 adjicimus
2526 3398 2606 3454 ut,
2637 3389 2683 3444 si
2723 3389 2907 3458 aliquo
2948 3396 3189 3458 tempore
3227 3386 3634 3442 Constanticnsi
3675 3373 3770 3440 Ecl

2213 3479 2392 3536 clesiae
2413 3480 2813 3551 praesidens-ab
2846 3465 3160 3548 apostolica
3201 3478 3328 3534 sede
3369 3477 3768 3552 discordaverit,

2214 3571 2370 3640 eique
2392 3568 2709 3625 inobediens
2732 3569 2896 3645 fuerit
2923 3569 3104 3639 (quod,
3123 3569 3485 3624 confirmante
3512 3567 3768 3636 Samuele,

2217 3668 2485 3730 peccatum
2512 3659 2779 3713 ariolandi
2815 3667 2866 3713 et
2893 3657 3217 3712 idololatria:
3246 3657 3415 3711 scelus
3450 3667 3527 3712 est
3560 3656 3612 3727 (1
3655 3655 3768 3725 Reg.

2218 3749 2409 3820 xxxv),
2443 3748 2657 3808 dicente
2687 3764 2908 3820 quoque
2942 3747 3103 3803 beato
3131 3747 3424 3828 Ambrosio
3453 3767 3468 3803 :
3515 3768 3535 3799 ε
3567 3746 3773 3802 Ηωιὶο

2218 3856 2344 3896 eum
2369 3855 2487 3896 esse
2518 3849 2734 3894 constat
2757 3839 2852 3910 qui
2878 3838 3138 3894 Romana:
3157 3831 3413 3896 Ecclesia:
3434 3851 3543 3893 non
3568 3851 3774 3894 concors

2220 3933 2313 3989 dat
2348 3934 2416 4003 ι),
2453 3931 2612 3987 liceat
2645 3931 2824 3986 abbati
2851 3931 2966 3985 sibi
3001 3929 3226 3999 suisque
3249 3945 3281 3985 a
3305 3944 3630 4000 quocunque
3654 3929 3769 3986 rell-.-

2223 4024 2376 4095 gioso
2398 4023 2656 4093 episeopo
2700 4022 2962 4093 placuerit
2989 4021 3381 4089 ordinationes,
3424 4021 3772 4078 consecratio-

2222 4131 2318 4170 nes
2342 4123 2398 4170 et
2419 4129 2543 4186 qua:
2583 4114 2650 4168 ad
2679 4114 2985 4184 episcopale
3021 4112 3257 4172 ofﬁcium
3309 4112 3580 4184 pertinent
3621 4126 3770 4183 expe-

2222 4203 2335 4262 tere
2360 4215 2526 4276 atque
2553 4206 2851 4276 suscipere,
2887 4205 2974 4260 vel
3003 4205 3071 4260 ad
3099 4204 3458 4281 apostolicam
3495 4201 3670 4262 sedem
3695 4216 3772 4254 rc.-

2222 4313 2462 4364 currere.
2491 4294 2882 4366 Observatores
2902 4303 2906 4314 '
2930 4304 3110 4351 autem
3146 4295 3312 4369 hujus
3339 4293 3509 4348 nostri
3542 4289 3770 4361 prateepti

2223 4387 2599 4447 remissionem
2615 4388 2858 4453 omnium
2882 4389 3224 4453 peccatorum
3247 4399 3475 4459 suorum
3494 4390 3546 4436 et
3561 4379 3771 4451 gratiam

2225 4477 2424 4532 bonam
2453 4491 2484 4531 a
2509 4475 2743 4529 Domino
2771 4483 3194 4543 consequantur.

2294 4564 2488 4619 Actum
2513 4563 2796 4619 Lateranis
2817 4572 3011 4620 octavo
3031 4562 3154 4636 [vn]
3178 4562 3304 4619 ldus
3331 4561 3480 4630 Maii,
3505 4558 3772 4629 indictione

2224 4655 2400 4709 tertia.
2729 4686 2735 4694 -

2736 4722 3071 4781 EPISTOLA
3116 4722 3280 4782 XXV.

2513 4830 2578 4874 AD
2618 4829 2943 4879 οωωεωιωί
2994 4815 3169 4876 lii-365*
3213 4831 3513 4878 ANGLOIIUI.

2819 4907 2999 4979 (Anno
3032 4906 3212 4977 I080.)

2235 4988 2497 5050 Hortatur
2547 5007 2603 5050 ut
2665 4997 2763 5053 Dei
2821 4956 3073 5063 \ltonorem
3117 4956 3212 5049 sub
3262 4976 3770 5063 priaportatﬁowﬁu

2341 5065 2605 5139 Deumque
2632 5069 2757 5124 totis
2797 5060 2991 5138 viribus
3035 5066 3235 5134 integro
3263 5058 3438 5116 'corde
3480 5058 3677 5143 diligat.

2305 5157 2610 5215 CREGORIUS
2633 5161 2944 5231 episcopus,
2971 5169 3161 5210 servus
3204 5164 3485 5206 servorum
3523 5146 3632 5211 Dei,
3659 5144 3769 5201 Gm-

2233 5260 2432 5309 ustno
2461 5252 2928 5324 regigAnglorum,
2961 5245 3189 5306 salutem
3231 5251 3286 5296 et
3326 5240 3665 5310 apoStoIicam
3686 5239 3767 5293 be-

2239 5342 2619 5398 nedictionem.

2303 5430 2593 5487 Credimus
2620 5427 2960 5500 prudentiam
2987 5432 3221 5483 vestram
3263 5438 3371 5479 non
3409 5424 3570 5482 latere
3610 5419 3767 5476 omni-

2240 5520 2343 5576 bus
2384 5522 2506 5577 aliis
2549 5518 2960 5585 excellentiores
3002 5513 3349 5584 apostolicam
3388 5525 3443 5571 et
3476 5511 3667 5584 regiam
3694 5508 3766 5564 di-

2242 5609 2473 5678 gnitates
2499 5612 2630 5665 huic
2666 5607 2872 5664 mundo
2901 5605 2969 5660 ad
3001 5604 3120 5673 ejus
3151 5605 3413 5676 regimina
3455 5601 3767 5671 omnipoten-

2206 5685 2222 5694 ’
2245 5707 2350 5752 tem
2373 5699 2546 5755 Deum
2574 5695 2946 5754 distribuisse.
2991 5693 3143 5751 Sicut
3168 5696 3314 5751 enim
3345 5695 3412 5750 ad
3451 5691 3629 5748 mundi
3663 5687 3764 5758 pul-

2247 5788 2630 5856 chritudinem,
2672 5786 2843 5848 oculis
2873 5786 3080 5842 carneis
3105 5786 3332 5842 diversis
3350 5781 3673 5860 temporibus
3687 5789 3765 5830 w-
