3952 6394
174 488 252 547 560

1148 477 1348 534 LIBER
1384 473 1741 531 SEPTIMUS.
1780 502 1849 513 ——
1888 473 2101 529 EPIST.
2144 474 2377 529 XXVIII.

3266 475 3371 535 570

173 598 587 671 prasentandam,
636 597 804 651 solem
843 602 897 648 et
937 592 1120 646 lunam
1142 592 1395 646 omnibus
1424 590 1544 644 aliis
1565 589 1699 643 emi—
1728 589 1774 645 A
1799 586 2004 641 Cmtera
2026 604 2149 657 quae
2171 588 2481 642 dimisimus
2520 604 2613 657 per
2642 587 2943 645 llubcrtum
2972 592 3145 645 tilium
3175 601 3227 647 ct
3249 596 3372 649 lide-

174 690 385 746 nentiora
405 687 672 758 disposuit
690 682 1001 748 luminaria,
1026 683 1125 747 sic,
1151 698 1217 736 ne
1238 692 1505 747 creatura,
1532 696 1698 750 quam

173 782 242 836 sui
282 778 578 849 benignitas
622 778 690 832 ad
737 776 1025 846 imaginem
1078 789 1233 828 suam
1283 772 1338 827 in
1367 772 1471 827 hoc
1497 772 1699 827 mundo

173 876 435 933 creaverat,
467 868 519 921 in
541 880 775 945 erronea
810 872 863 925 et
917 861 1194 918 mortifera
1214 862 1520 916 traheretur
1554 862 1700 932 peri-

172 959 291 1024 cula,
333 957 563 1028 providit
598 956 653 1010 in
691 955 989 1025 apostolica
1024 963 1077 1007 et
1121 953 1267 1024 regia
1316 952 1577 1024 dignitate
1606 968 1702 1022 per

172 1049 353 1104 diversa
380 1056 654 1119 regeretur
697 1045 889 1101 ollicia.
922 1042 1037 1110 Qua
1064 1053 1245 1097 tamen
1294 1042 1615 1111 majoritatis
1650 1051 1706 1095 et

172 1140 469 1195 minoritatis
490 1140 746 1195 distantia
771 1136 959 1209 religio
987 1136 1066 1189 sic
1086 1150 1145 1190 se
1167 1142 1348 1188 movet
1368 1132 1701 1197 Christiana,

172 1241 224 1284 ut
240 1246 360 1285 cura
387 1240 437 1285 et
458 1229 864 1301 dispensatione
909 1226 1217 1296 apostolicae
1263 1224 1540 1297 dignitatis
1584 1232 1707 1291 post

173 1319 321 1373 Deum
350 1321 671 1391 gubernetur
698 1318 865 1389 regia.
890 1315 1045 1381 Quod
1070 1316 1217 1379 licet,
1243 1314 1319 1368 [ili
1363 1313 1704 1378 charissime,

172 1419 250 1465 tua
270 1428 367 1465 non
388 1412 598 1482 ignoret
622 1409 921 1483 vigilantia,
962 1416 1164 1471 tamen,
1190 1415 1248 1459 ut
1274 1420 1373 1475 pro
1396 1404 1571 1458 salute
1616 1411 1707 1456 tua

172 1500 590 1556 indissolubiliter
616 1500 785 1555 menti
803 1507 909 1553 tuae
930 1498 1001 1552 sit
1027 1493 1517 1567 alligatum,divina
1546 1499 1710 1546 testa-

172 1597 249 1644 tur
293 1589 563 1661 Scriptura
609 1590 961 1661 apostolicam
990 1596 1044 1641 et
1069 1585 1434 1656 pontiﬁcalem
1473 1583 1709 1653 dignita-

173 1688 265 1737 tem
292 1698 435 1752 reges
462 1682 803 1737 Christianos
830 1687 1161 1747 umerosque
1199 1691 1390 1731 omnes
1424 1681 1549 1729 ante
1575 1674 1715 1727 divi-

172 1789 286 1835 num
330 1775 564 1830 tribunal
610 1779 1138 1844 reprtesentaturam,
1173 1776 1226 1822 et
1246 1782 1345 1836 pro
1363 1781 1553 1821 eorum
1580 1764 1715 1819 deli-

173 1862 262 1916 etis
289 1864 544 1921 rationem
576 1863 686 1919 Deo
707 1862 1060 1918 reddituram.
1094 1858 1152 1913 Si
1179 1873 1309 1928 ergo
1331 1856 1480 1927 justo
1496 1854 1671 1910 Judici
1695 1897 1711 1923 ,

173 1959 218 2003 et
237 1952 323 2021 qui
366 1954 581 2007 mentiri
628 1953 820 2018 nescit,
858 1959 1230 2006 creaturarum
1279 1947 1524 2002 omnium
1550 1944 1717 1999 Crea-

175 2042 266 2095 tori
289 2044 559 2098 tremendo
582 2043 789 2113 judicio
810 2049 865 2095 te
892 2055 1013 2094 sum
1036 2045 1541 2107 repraesentaturus,
1568 2035 1716 2106 judi-

174 2140 248 2184 cct
270 2120 486 2203 diligens
529 2132 792 2202 sapientia
816 2140 907 2184 tua
936 2145 1005 2183 an
1032 2129 1255 2183 debeam
1284 2127 1369 2181 vel
1396 2126 1600 2196 possim
1630 2140 1720 2201 sae

172 2207 261 2275 luti
290 2232 391 2277 tua:
414 2238 520 2277 non
552 2221 965 2294 diligentissime
991 2227 1272 2284 cavere,et
1286 2225 1342 2273 tu
1374 2217 1508 2271 mihi
1538 2216 1604 2270 ad
1633 2231 1721 2270 sa-

176 2312 326 2367 lutem
354 2321 523 2379 tuam,
556 2322 615 2370 ut
638 2311 935 2368 viventium
957 2309 1235 2381 possideas
1265 2317 1487 2375 terram,
1524 2307 1723 2361 debeas

176 2403 249 2457 vel
273 2405 443 2473 possis
489 2406 608 2459 sine
649 2418 801 2458 mora
846 2417 956 2456 non
995 2399 1236 2455 obedire.
1276 2398 1570 2453 Provideas
1593 2410 1723 2466 ergo

177 2500 229 2546 ut
251 2508 345 2563 pro
370 2502 421 2548 te
448 2485 783 2548 incessanter
838 2491 1082 2557 insistas,
1130 2488 1177 2544 si
1207 2497 1259 2543 te
1310 2488 1511 2559 diligis,
1552 2486 1723 2541 Deum

177 2581 530 2651 honoremque
544 2581 640 2637 Dei
660 2581 757 2636 tibi
780 2588 980 2649 tuoque
994 2592 1306 2649 praeponere
1316 2577 1530 2643 honori,
1554 2575 1725 2631 Deum

177 2671 365 2725 munda
391 2678 589 2738 mente,
620 2670 751 2727 totis
784 2669 1013 2735 viribus,
1054 2667 1264 2739 integro
1294 2666 1457 2722 corde
1482 2666 1723 2736 diligere.

175 2759 335 2817 Crede
360 2764 510 2829 mihi,
566 2763 613 2820 si
641 2762 810 2819 Deum
859 2776 996 2831 pura
1034 2767 1231 2825 mente,
1263 2768 1325 2814 ut
1370 2758 1547 2825 audis,
1576 2766 1631 2812 et
1669 2764 1729 2810 ut
1768 2782 1770 2785 -

180 2848 444 2921 Scriptum
471 2853 750 2923 praecipit,
785 2850 1038 2907 dilexeris
1062 2892 1078 2917 ,
1124 2850 1170 2905 si
1200 2848 1294 2904 Dei
1323 2837 1586 2903 honorém
1611 2889 1626 2915 ,
1670 2855 1731 2902 ut

177 2941 349 3009 debes,
380 2943 432 2997 in
461 2946 716 3000 omnibus
742 2953 837 2999 tuo
857 2942 1219 3013 praposueris
1237 2983 1253 3008 ,
1284 2941 1379 3011 qui
1408 2940 1531 2995 ﬁcte
1556 2939 1731 2994 nescit

178 3032 405 3103 diligere,
435 3036 528 3105 qui
558 3044 749 3105 potens
791 3043 881 3089 est
914 3034 1079 3099 etiam
1100 3040 1153 3087 te
1178 3045 1488 3102 praeponam
1511 3070 1528 3097 ,
1563 3028 1651 3084 hic
1675 3036 1732 3084 et

178 3122 229 3177 in
250 3123 429 3181 futuro
456 3135 506 3182 te
532 3126 946 3196 amplexabitur,
965 3132 1020 3181 et
1046 3138 1274 3196 regnum
1307 3132 1460 3181 tuum
1480 3120 1731 3190 omnipo-

178 3216 302 3269 tenti
330 3232 430 3272 suo
456 3219 680 3273 brachio
700 3217 965 3272 dilatabit.

242 3303 376 3360 Data
405 3306 610 3373 Romae,
640 3315 833 3361 octavo
861 3304 988 3359 ldus
1022 3301 1175 3371 Maii,
1200 3302 1494 3358 indictione
1515 3301 1695 3357 tertia.

672 3421 1006 3479 EPISTOLA
1024 3506 1029 3513 Α
1042 3420 1232 3476 XXVI.

448 3532 516 3572 an
558 3531 867 3570 Innitnsu
900 3518 1130 3577 nactum
1159 3525 1458 3567 uenenum

662 3588 674 3591 “
762 3606 941 3681 (Anno
972 3588 1154 3675 (080.)

180 3718 307 3789 Ejus
327 3718 483 3789 ﬁdem
511 3719 858 3773 commendat.
885 3708 1128 3784 Matura,
1152 3728 1268 3788 quae
1288 3718 1461 3786 amart,
1496 3714 1645 3768 nulla
1662 3712 1742 3765 al-

238 3790 314 3843 lia
338 3806 393 3843 se
416 3801 652 3858 expetere
672 3791 749 3843 ait
769 3806 929 3859 quam
952 3790 1113 3842 vitam
1140 3798 1385 3859 castam,
1416 3801 1589 3859 rerum
1613 3799 1740 3859 sua-

246 3860 432 3912 rumin
458 3854 709 3931 pauperes
756 3854 1131 3931 (rogationem,
1164 3867 1213 3913 et
1234 3858 1463 3929 proximi
1506 3854 1745 3908 dilectio—

245 4041 553 4098 ῦιιιςοιιυε
585 4044 892 4114 episcopus,
939 4048 1132 4100 servus
1158 4057 1439 4098 servorum
1466 4041 1582 4107 Dei,
1632 4041 1746 4095 MA-

182 4151 363 4190 τιιιιιιι
412 4129 614 4207 reginae
654 4130 975 4206 Anglorum,
1030 4132 1259 4188 salutem
1288 4140 1344 4187 et
1392 4132 1744 4201 apostolicam

180 4226 625 4291 benedictionem.

248 4317 807 4390 Ingenuitatisvestra)
825 4316 980 4371 lectis
1006 4314 1224 4380 litteris,
1240 4329 1401 4385 quam
1432 4311 1573 4368 ﬁdeli
1597 4327 1747 4385 men-

182 4419 233 4469 te
278 4410 393 4467 Deo
442 4412 694 4476 obedias,
746 4420 945 4481 quanta
995 4408 1281 4465 dilectione
1334 4407 1585 4461 ﬁdelibus
1639 4408 1749 4462 tuis

180 4504 462 4565 adhzereas
486 4503 866 4560 intelleximus.
915 4501 1025 4558 Nos
1053 4515 1272 4571 quoque
1302 4500 1575 4569 quomodo
1606 4514 1751 4553 meno

181 4593 251 4651 tis
277 4602 390 4650 tua:
411 4594 674 4657 memoria
701 4602 996 4664 praesentes
1023 4592 1321 4655 contineat,
1346 4606 1413 4645 ex
1443 4571 1753 4660 aniplitudi-
1786 4597 1831 4654 ῐ)

181 4688 269 4749 nis
284 4692 396 4739 tua
417 4685 871 4753 promissionibus
898 4701 1007 4740 non
1033 4684 1216 4739 minus
1245 4682 1594 4752 percipimus,
1625 4682 1751 4751 qui;-

181 4771 283 4827 hns
309 4770 639 4841 designastis
666 4780 727 4825 ut
758 4773 1020 4842 quidquid
1046 4772 1113 4826 de
1139 4772 1335 4827 vestris
1383 4771 1664 4836 vellemus,
1705 4772 1752 4825 si

182 4870 375 4921 notum
391 4862 546 4916 vobis
574 4861 747 4928 fieret,
771 4863 891 4917 sine
920 4877 1071 4915 mora
1103 4862 1529 4930 susciperemus.
1555 4860 1709 4925 Quod
1735 4904 1752 4927 ,

184 4954 292 5009 lilia
338 4953 681 5019 charissima,
710 4969 817 5023 qua
870 4950 1211 5020 suscepimus
1237 4950 1526 5005 dilectione
1547 4959 1602 5004 et
1634 4968 1757 5020 quae

184 5060 413 5101 munera
439 5060 470 5099 a
497 5054 549 5100 te
575 5053 847 5115 optamus,
874 5043 953 5098 sic
980 5040 1269 5111 intelligas.
1295 5039 1449 5107 Quod
1480 5040 1628 5096 enim
1656 5057 1755 5097 au-

184 5150 329 5202 rum,
358 5151 481 5205 qur“
509 5151 890 5209 gemmm,quze
918 5133 1104 5190 mundi
1130 5132 1290 5201 hujus
1305 5132 1540 5200 pretiosa
1565 5134 1698 5188 mihi
1727 5150 1757 5188 a

185 5230 237 5295 te
259 5214 438 5295 magis
469 5234 597 5287 sunt
616 5244 681 5281 ex
699 5224 1001 5297 :pectanda,
1032 5238 1197 5294 quam
1217 5223 1324 5276 vita
1356 5232 1506 5277 casta
1526 5264 1542 5289 ,
1571 5238 1753 5279 rerum

183 5318 410 5367 tuarum
438 5315 494 5367 in
524 5332 571 5381 ς(
596 5334 785 5385 speres
814 5315 1127 5385 distributio
1145 5356 1158 5379 ,
1190 5312 1286 5367 Dei
1334 5322 1389 5367 et
1415 5312 1651 5382 proximi
1678 5313 1761 5366 di-

186 5401 379 5465 lectio?
404 5402 530 5468 liter:
555 5415 607 5459 et
638 5408 723 5461 his
750 5408 948 5463 similia
978 5424 1008 5461 a
1044 5416 1095 5459 te
1121 5420 1345 5463 munera
1378 5413 1633 5473 optamus
1654 5443 1669 5469 ,
1701 5413 1763 5457 ut

186 5493 398 5565 integra
424 5502 479 5548 et
504 5495 771 5562 simplicia
797 5499 992 5569 diligas
1014 5498 1344 5554 nobilitatem
1390 5502 1538 5549 tuam
1566 5508 1759 5564 preca-

188 5598 344 5651 mur,
393 5584 591 5639 dilecta:
633 5588 905 5653 obtineas,
965 5591 1150 5645 habita
1198 5602 1476 5659 nunquam
1518 5585 1758 5641 derelin-

185 5691 347 5745 quas.
378 5674 475 5732 His
504 5678 674 5731 armis
690 5686 745 5731 et
772 5679 1041 5736 similibus
1086 5683 1263 5736 virum
1305 5690 1459 5735 tuum
1502 5694 1717 5734 armare
1742 5721 1756 5744 ,

187 5784 315 5825 cum
345 5766 486 5825 Deus
518 5768 612 5833 tibi
641 5770 1097 5837 OplmrlunllalClll
1125 5773 1351 5839 dederit,
1410 5788 1475 5827 ne
1503 5769 1753 5827 desistas.

1800 678 1903 731 lem
1933 695 2279 734 communem
2312 680 2654 733 mandamus.

1874 768 2004 823 Data
2032 769 2237 836 Retine,
2267 778 2463 824 octavo
2496 768 2620 824 Idus
2647 768 2768 835 Maii
2791 812 2807 836 ,
2837 770 3130 826 indictione
3160 774 3337 828 tertia.

2293 902 2626 957 EPISTOLA
2669 902 2880 957 XXVII.

2031 1007 2097 1049 AD
2127 1011 2409 1049 ROBER‘I’CSI
2440 1010 2594 1048 REGIS
2633 1010 2916 1049 ANCIJIRL'SI
2940 1011 3140 1049 Πιιυιι.

2392 1087 2570 1154 (Anno
2605 1084 2789 1154 I080.)

1810 1175 1983 1229 Monet
2020 1177 2261 1245 utpatris
2289 1178 2499 1229 monitis
2523 1177 2850 1245 acquiescat,
2887 1177 3033 1245 eique
3069 1178 3120 1229 in
3146 1177 3381 1233 omnitus

2194 1247 2440 1299 honorem
2475 1247 2721 1299 exhibens
2754 1247 2991 1299 obcdiut.

1878 1329 2184 1391 Caesonius
2220 1338 2529 1405 episcopus,
2559 1338 2767 1407 iservus
2794 1353 3076 1389 servorum
3105 1335 3218 1401 Dei,
3274 1336 3383 1392 Ro-

1809 1428 2109 1481 nsarolilio
2139 1428 2281 1497 regis
2306 1427 2629 1499 Anglorum,
2678 1428 2910 1482 salutem
2941 1437 2996 1483 et
3032 1428 3387 1499 apostolicam

1811 1518 2260 1573 benedictionem.
2911 1560 2916 1567 .

1879 1608 2026 1663 Certi
2056 1623 2307 1663 rumores
2334 1623 2549 1663 morum
2582 1616 2823 1674 tuorum,
2883 1617 2937 1664 et
2965 1617 3073 1665 tute
3092 1611 3393 1681 prudentia:

1814 1708 1867 1754 et
1892 1699 2254 1765 liberalitatis,
2282 1701 2377 1769 qui
2397 1716 2571 1770 usque
2599 1700 2665 1754 ad
2696 1715 2795 1755 nos
2837 1710 3224 1769 pervenerunt,
3264 1717 3391 1771 par-

1817 1792 1913 1845 tim
1942 1791 2231 1848 dilectione
2254 1801 2561 1861 parentum,
2588 1791 2786 1860 partim
2815 1800 3065 1861 tua,,..nos
3088 1793 3394 1847 lmtiticave—

1746 1917 1791 1971 Β
1819 1890 1963 1937 runt.
1998 1881 2102 1950 Qui
2120 1897 2248 1936 vero
2276 1892 2497 1937 econtra
2527 1883 2892 1951 quorumdam
2932 1899 3231 1952 pravorum
3260 1900 3395 1938 con-

1821 1973 1945 2028 silio
1970 1988 2132 2028 aures
2169 1981 2385 2027 nostras
2422 1973 2850 2028 molestaverunt
2877 1983 2958 2040 ,ut
3006 1975 3219 2044 priores
3257 1976 3398 2029 hila-

1821 2079 1957 2131 rem,
1984 2064 2063 2118 sic
2097 2062 2309 2118 sinistri
2358 2079 2457 2118 nos
2479 2064 2759 2118 reddidere
2787 2065 3021 2120 tristem.
3067 2064 3222 2121 Nunc
3250 2082 3398 2131 vero,

1821 2154 1948 2224 quia
1970 2168 2066 2223 per
2082 2152 2391 2229 \Hubertum
2414 2155 2583 2208 lilium
2612 2164 2861 2217 nostrum
2894 2156 3204 2211 audivimus
3222 2166 3273 2210 te
3299 2172 3398 2225 pa-

1824 2245 1992 2300 ternis
2019 2244 2264 2299 consiliis
2291 2246 2659 2314 acquiescere,
2691 2262 2984 2315 pravorum
3017 2264 3147 2302 vero
3176 2249 3404 2304 omnino

1823 2336 2131 2402 dimittere,
2182 2337 2449 2407 lzptamur.
2496 2337 2723 2406 Insuper
2775 2354 3063 2393 monemus
3100 2348 3154 2393 et
3182 2350 3405 2409 paterno

1825 2442 2147 2495 precamur,-
2184 2437 2244 2496 ut
2288 2428 2453 2481 menti
2493 2437 2599 2482 ture
2641 2443 2856 2497 semper
2903 2429 2975 2482 sit
3003 2430 3228 2483 inﬁxum
3276 2430 3435 2499 quia,

1826 2531 1990 2584 quam
2026 2515 2153 2569 forti
2180 2532 2380 2583 manu,
2423 2532 2589 2586 quam
2618 2517 2895 2587 divulgata
2934 2518 3108 2594 gloria
3140 2520 3405 2591 quidquid

1825 2613 1978 2675 pater
2000 2614 2129 2661 tuus
2148 2608 2423 2676 possideat
2448 2608 2519 2662 ab
2559 2623 2655 2662 ore
2684 2607 3036 2663 inimicorum
3056 2612 3402 2679 extraxerit,

1829 2697 2009 2753 sciens
2035 2706 2218 2752 tamen
2261 2713 2331 2779 ,se
2382 2713 2491 2751 non
2545 2699 2599 2752 in
2628 2708 2950 2768 perpetuum
2978 2701 3184 2767 vivere,
3211 2702 3305 2757 sed
3335 2704 3405 2760 ad

1830 2788 1933 2842 hoc
1959 2796 2071 2843 tam
2099 2786 2328 2842 viriliter
2364 2788 2618 2843 insistere
2657 2797 2717 2843 ut
2745 2789 2944 2843 haeredi
2980 2790 3144 2845 alicui
3184 2806 3284 2845 suo
3324 2790 3409 2845 di-

1832 2876 2086 2932 mitteret.
2118 2877 2323 2933 Caveas
2349 2893 2498 2946 ergo,
2522 2878 2598 2932 [ili
2621 2879 2995 2946 dilectissime,
3025 2868 3407 2948 admonemus,

1832 2979 1901 3018 ne
1925 2965 2125 3019 abhinc
2143 2980 2439 3034 pravorum
2467 2967 2713 3022 consiliis
2740 2969 3060 3037 acquiescas
3087 2967 3303 3039 quibus
3321 2984 3413 3039 pa-

1832 3064 1969 3111 trem
1996 3055 2237 3111 oIIehdas
2263 3066 2313 3111 et
2364 3066 2595 3111 matrem
2633 3058 2993 3112 contristeris.
3031 3057 3150 3113 Sint
3188 3059 3285 3113 tibi
3325 3060 3413 3114 in—

1833 3146 2223 3203 dissolubiliter
2246 3146 2413 3201 inlixa
2444 3159 2711 3218 prteccpta
2738 3158 2793 3203 et
2818 3149 3023 3203 monita
3042 3150 3227 3204 divina
3256 3168 3268 3203 :
3301 3148 3415 3202 Ilo-

1760 3267 1802 3324 C
1834 3257 1964 3295 noro
1986 3248 2208 3308 patrem,
2232 3248 2280 3291 et
2305 3248 2545 3305 matrem,
2568 3249 2627 3292 ut
2654 3241 2728 3293 sis
2750 3234 3023 3309 longaeua
3045 3257 3199 3308 super
3221 3249 3416 3293 terram

1839 3328 2037 3399 (Exod.
2067 3344 2171 3395 xx;
2200 3328 2353 3383 Deut.
2388 3329 2461 3399 v).
2493 3327 2561 3381 Et
2590 3330 2760 3383 illud:
2808 3330 2911 3392 Qui
2935 3329 3271 3383 maledixerit
3314 3346 3414 3399 pa-

1839 3421 1929 3486 tri,
1952 3418 2032 3472 vel
2072 3420 2255 3485 matri,
2294 3430 2459 3473 morte
2483 3421 2743 3473 moriatur
2778 3418 2975 3489 (Exod.
3004 3421 3140 3489 XXI).
3183 3420 3239 3473 Si
3285 3437 3416 3476 vero

1837 3525 1903 3564 ex
1920 3509 2127 3573 honore
2152 3510 2323 3577 patris
2345 3520 2399 3563 et
2420 3511 2610 3564 matris
2638 3510 2849 3579 longior
2870 3510 2966 3563 tibi
3022 3511 3277 3564 tribuitur
3331 3512 3414 3563 vi-

1840 3608 1913 3665 ta,
1938 3609 2164 3653 econtra
2187 3600 2234 3653 si
2256 3600 2605 3666 dehonestas,
2640 3601 2771 3670 quid
2801 3599 3097 3666 tribuatur,
3150 3600 3311 3671 liceat
3341 3602 3420 3655 vi-

1841 3691 1996 3774 deas3
2022 3689 2105 3767 .Si
2141 3701 2321 3745 autem
2357 3707 2423 3746 ex
2447 3689 2749 3747 maledictis
2796 3700 3025 3746 mortem
3077 3692 3189 3747 ﬁlio
3236 3684 3420 3750 divina

1846 3785 2129 3853 Scriptura
2155 3786 2385 3849 intonat,
2416 3785 2590 3838 multo
2616 3783 2818 3839 certius
2859 3798 2927 3837 ex
2949 3784 3252 3841 malefactis
3302 3801 3422 3844 cer-

1845 3877 2038 3931 tiorem
2076 3886 2303 3931 mortem
2336 3875 2625 3929 insinuat.”
2651 3874 2791 3941 Quid
2812 3891 2943 3945 ergo
2967 3878 3156 3943 restat,
3181 3878 3227 3932 si
3250 3893 3425 3932 mem—

1846 3968 2003 4021 brum
2031 3966 2235 4022 Christi
2280 3966 2365 4020 vis
2398 3966 2580 4019 vivere
2608 3966 2742 4019 etin
2782 3966 2987 4024 mundo
3040 3968 3146 4022 isto
3195 3970 3423 4023 honeste

1846 4059 2194 4114 conversari?
2218 4058 2516 4111 Pravorum
2534 4057 2761 4112 consilia
2784 4074 2850 4111 ex
2877 4057 3052 4114 oﬂicio
3078 4068 3263 4112 nostro
3287 4046 3447 4127 prae-7

1847 4148 2078 4217 cipimus
2101 4149 2317 4217 penitus
2336 4147 2599 4213 dimittas,
2623 4147 2799 4201 Patris
2810 4148 3075 4201 voluntati
3102 4148 3155 4201 in
3170 4147 3428 4204 omnibus

1848 4241 2188 4311 acquiescas.

1916 4331 2049 4385 Data
2083 4330 2292 4396 Romae,
2328 4345 2423 4383 vtn
2449 4327 2575 4383 ldus
2602 4328 2747 4393 Maii,
2783 4330 3077 4386 indictione
3101 4348 3179 4386 nt.

2338 4441 2671 4495 EPISTOIA
2702 4442 2741 4494 Χ
2755 4442 2793 4494 Χ
2806 4442 2936 4497 VIII.

2204 4552 2269 4589 AD
2297 4551 2587 4590 EPISCOPL'!
2634 4552 3071 4591 BILNEVENTASCM.

2439 4626 2619 4697 (Anno
2658 4626 2841 4695 1080.)

1867 4718 1988 4772 Vult
2020 4728 2075 4773 ut
2110 4718 2386 4787 quemdam
2415 4718 2709 4771 convictum
2747 4718 3052 4770 Itwreticum
3098 4720 3355 4787 exquirat
3378 4725 3434 4769 et

1924 4784 2218 4849 examinet;
2244 4789 2291 4839 si
2321 4790 2708 4856 resipiscentem
2759 4789 3029 4846 invenerit,
3072 4787 3125 4836 in
3156 4784 3300 4837 nullo
3335 4784 3435 4839 ιω-

1927 4875 2044 4911 sum
2070 4859 2303 4910 dimittat
2328 4875 2347 4920 ;
2376 4860 2460 4911 sin
2484 4860 2676 4921 minus,
2706 4874 2797 4924 per
2819 4856 3182 4921 paenitentiam
3229 4856 3298 4906 ad
3336 4872 3433 4908 sa-

1928 4944 2051 4979 nam
2093 4929 2389 4979 doctrinam
2421 4928 2665 4979 reducere
2692 4934 2877 4985 curet;
2908 4926 2955 4976 si
2994 4925 3335 4989 obstinatum,
3367 4942 3436 4979 ex

1930 4997 2381 5065 archiepiscopum
2431 4996 2658 5065 expellat
2695 5004 2858 5065 atque
2886 4994 3017 5065 pejus
3060 5012 3275 5048 causam
3327 5014 3434 5049 una

1926 5082 2044 5136 crum
2065 5062 2260 5136 abbate
2280 5064 2469 5115 montis
2494 5062 2705 5117 Cassini
2729 5073 2777 5117 et
2806 5064 3121 5133 quibusdam
3174 5068 3437 5136 episcopis

1926 5135 2167 5201 deﬁniat.

1926 5222 2232 5278 Gnscomt's
2267 5239 2579 5295 episcopus,
2613 5240 2804 5280 servus
2836 5242 3118 5281 servorum
3147 5228 3238 5283 Dei
3263 5268 3279 5302 ,
3321 5218 3436 5280 Ira;

1858 5314 1928 5367 tri
1954 5322 2007 5367 et
2023 5316 2348 5385 coepiscopo
2376 5314 2756 5371 Beneventano
2798 5317 2841 5369 ll
2866 5358 2880 5371 .
2917 5358 2929 5371 .
2967 5358 2979 5369 .
3019 5359 3031 5369 .
3066 5359 3078 5370 .
3112 5358 3124 5370 .
3159 5358 3171 5370 .
3204 5317 3435 5370 salutem

1858 5416 1911 5460 et
1934 5407 2286 5477 apostolicam
2308 5408 2759 5463 benedictionem.

1933 5498 2282 5553 Fraternitati
2310 5508 2420 5553 tua:
2466 5508 2656 5553 notum
2702 5497 2936 5552 facimus
2969 5494 3316 5565 prementium
3351 5492 3433 5546 la-

1852 5600 2035 5649 torem
2054 5589 2317 5644 Joannem
2355 5591 2731 5660 presbyterum
2751 5628 2766 5653 ,
2793 5588 2969 5639 virum
3007 5584 3222 5653 quidem
3271 5584 3437 5653 (sicut

1860 5698 1922 5733 ex
1948 5680 2280 5749 profeSsione
2311 5662 2410 5732 sua
2439 5677 2817 5747 cognovimus)
2846 5676 3233 5738 orthodoxum,
3276 5677 3437 5730 nobis

1861 5788 1925 5825 ex
1954 5781 2101 5840 parte
2125 5768 2489 5839 Synnadensis
2506 5768 2894 5837 archiepiscopi
2926 5767 3166 5821 Armenii
3190 5782 3431 5835 conque-
