3952 6378
158 438 255 497 515

1230 428 1434 486 LIBER
1468 424 1811 485 OCTAVUS.
1849 430 2175 507 -——'EPlST.
2215 431 2258 488 l.

3265 435 3371 492 574

135 567 186 604 se
215 548 468 615 eet-nitur,
499 556 679 604 tamen
714 556 867 604 extra
896 546 1182 604 teditlcium
1222 546 1387 622 jacet,
1423 546 1684 613 Quintum
1713 546 1761 602 Α
1786 543 2005 604 lectioni
2033 563 2163 603 vero
2190 548 2299 603 tua:
2337 545 2538 611 iterum
2585 547 2908 605 lnculeando
2945 525 3274 606 mandamus
3307 560 3367 604 ut

133 656 333 710 quoque
359 641 651 696 concilium
689 641 890 712 pariter
931 656 1193 708 veneror,
1227 641 1282 694 in
1327 655 1438 712 quo
1464 637 1690 710 epistola

134 748 242 799 qua:
263 730 365 785 litae
396 731 597 787 dicitur
613 733 836 795 erroris
863 733 1016 802 plena
1054 731 1396 802 reprobatur,
1419 727 1426 733 ’
1448 729 1696 785 Theodo-

132 817 217 878 ms
245 837 528 892 personam
546 822 859 880 Mediatoris
883 824 974 879 Dei
1010 834 1065 879 et
1089 823 1371 879 hominum
1394 823 1449 877 in
1474 820 1689 878 duabus

132 915 436 970 substantiis
479 930 744 985 separatis
781 917 848 971 ad
896 915 1193 986 impietatis
1220 914 1498 986 perﬁdiam
1549 913 1694 969 ceci-

129 1007 265 1062 disse
284 999 646 1074 convincitur,
678 1008 880 1078 scripta
941 1023 1163 1079 quoque
1213 1006 1548 1073 Thcodoriti,
1594 1020 1692 1076 per

129 1113 240 1167 qua:
272 1098 412 1153 beati
437 1098 627 1170 Cyrilli
659 1099 790 1154 fides
819 1099 1268 1169 rcprehcnditur,-
1303 1115 1442 1156 ausu
1469 1099 1692 1154 demen-

130 1192 209 1244 tia:
237 1191 441 1258 prolata
478 1189 805 1246 refutantur.
836 1190 1075 1248 Cunctas
1115 1206 1245 1248 vero
1285 1207 1423 1263 quas
1467 1189 1688 1262 praefata

127 1279 419 1333 veneranda
441 1279 674 1335 concilia
698 1295 966 1351 personas
996 1281 1261 1352 respuunt
1287 1295 1489 1352 respuo
1506 1323 1522 1348 ,
1551 1295 1690 1351 quas

129 1381 441 1425 venerantur
469 1371 798 1442 amplector;
823 1399 827 1402 -
853 1373 1001 1443 quia,
1049 1357 1183 1428 dum
1212 1372 1508 1429 universali
1561 1381 1691 1428 sunt

129 1471 386 1515 consensu
448 1462 767 1526 constituta;
797 1478 854 1518 se
879 1471 934 1518 et
954 1477 1064 1517 non
1112 1462 1204 1518 illa
1245 1463 1496 1536 destruit,
1530 1462 1688 1533 quis-

129 1549 242 1617 quis
273 1552 552 1620 pra-sumit
569 1560 666 1607 aut
690 1553 900 1609 solvere
925 1567 1068 1624 quos
1118 1554 1307 1625 ligant,
1337 1560 1434 1608 aut
1459 1554 1690 1625 religare

129 1656 257 1709 quos
272 1643 504 1698 solvunt.
534 1642 796 1714 Quisquis
818 1659 948 1715 ergo
989 1644 1139 1701 aliud
1185 1645 1346 1716 sapit,
1398 1645 1686 1700 anathema

130 1731 210 1786 sit.
237 1731 328 1789 llis
352 1735 535 1806 itaque
561 1735 895 1793 sanctissimi
935 1735 1039 1791 viri
1084 1737 1452 1808 praecipuique
1497 1737 1687 1793 docto-

129 1823 196 1879 ris
238 1825 411 1881 verbis
461 1826 749 1898 diligenter
781 1826 1092 1895 deelaratis,
1137 1828 1480 1898 prudentiam
1533 1837 1680 1883 tuam

127 1916 391 1973 charitatis
437 1917 634 1974 affectu
701 1920 1156 1975 eommonendam
1213 1921 1569 1986 censuimus,
1631 1931 1689 1975 ut

128 2008 406 2064 clausulam
429 2025 596 2080 quant
619 2009 675 2064 in
705 2009 794 2065 illa
825 2011 986 2066 laude
1020 2011 1352 2083 subjungitis
1385 2032 1399 2067 :
1453 2012 1691 2089 Sanctus

126 2097 292 2167 Deus,
332 2101 750 2166 sanctus,fortis
776 2143 793 2168 ,
838 2101 1469 2170 sanctus-immortalis;
1525 2105 1686 2161 istam

125 2190 406 2248 videlicet:
473 2191 580 2260 Qui
632 2193 927 2251 crucifixus
981 2211 1064 2262 es,
1136 2194 1317 2268 “orte,
1359 2213 1439 2252 es.
1485 2195 1685 2270 llano.]

124 2297 214 2351 pro
248 2285 432 2353 nobis,
476 2285 740 2356 quoniam
777 2287 923 2342 nttlla
949 2285 1333 2355 Orientalium,
1363 2298 1558 2360 prartcr
1593 2306 1687 2346 vc-

126 2384 300 2443 stram,
326 2379 418 2434 sed
449 2394 550 2434 nec
579 2388 768 2435 sancta
799 2379 1047 2436 Romana
1093 2381 1257 2436 habet
1279 2379 1546 2452 Ecclesia,
1576 2398 1686 2440 vos

125 2465 278 2521 tutius
299 2467 537 2522 scandali
565 2468 912 2524 occasionem
942 2467 1206 2539 pravique
1258 2468 1566 2525 intellectus
1587 2485 1685 2524 su-

125 2555 403 2623 spicionem
448 2558 718 2626 vitantes,
779 2559 1148 2629 superaddere
1194 2560 1263 2615 de
1305 2568 1504 2616 caetero
1550 2560 1684 2614 mit-

125 2648 260 2704 tatis.
310 2649 368 2704 Si
403 2650 552 2705 enim
587 2667 684 2707 vas
722 2651 1026 2719 electionis,
1068 2652 1426 2725 beatissimus
1479 2651 1684 2709 Paulus

123 2740 183 2793 de
228 2741 502 2798 sumendis
560 2742 698 2798 cibis
757 2742 953 2798 melius
1027 2741 1133 2798 sibi
1159 2758 1287 2799 esse
1359 2759 1466 2799 non
1527 2761 1685 2801 man-

124 2832 309 2886 ducare
341 2847 519 2902 neque
568 2832 754 2888 bibere
798 2848 968 2907 quant
1017 2843 1079 2888 ut
1125 2833 1294 2889 frater
1341 2836 1683 2892 scandaliza-

125 2930 262 2975 retur
278 2921 513 2976 asseruit
535 2921 590 2992 (1
613 2921 736 2978 Cur.
761 2926 902 2994 vni),
925 2925 1273 2980 considerare
1293 2927 1500 2982 debetis
1519 2943 1684 2997 quam

123 3028 273 3083 grave
291 3022 343 3070 et
365 3014 732 3086 periculosum
755 3016 846 3074 sit.
871 3017 962 3070 ubi
995 3017 1200 3072 saniori
1226 3018 1494 3073 intellectu
1526 3019 1685 3073 vitari

121 3113 305 3174 potest,
330 3105 696 3200 fratribus\de
737 3108 839 3162 fide
879 3109 1196 3185 scandalum
1227 3124 1502 3188 generare.
1535 3110 1684 3178 Qua-

122 3206 327 3267 propter
345 3197 661 3254 fraternitas
685 3209 778 3254 tua
801 3199 1058 3256 Ecclesia:
1076 3201 1236 3270 cujus
1256 3201 1359 3256 sibi
1389 3218 1520 3258 cura
1542 3218 1686 3258 eom-

124 3289 279 3344 missa
298 3298 382 3344 est
401 3289 699 3344 tenendum
740 3299 911 3359 putet,
936 3298 993 3345 ct
1029 3292 1217 3345 credat
1252 3291 1496 3347 sufficere
1534 3295 1678 3362 quod

123 3380 372 3436 catholica
396 3381 457 3435 in.
468 3381 660 3445 orbem
679 3389 948 3438 terrarum
971 3381 1164 3437 diffusa
1191 3381 1449 3448 Ecclesia,
1476 3381 1681 3454 Spiritu

124 3482 302 3529 sancto
340 3474 648 3531 illustrante
690 3474 1120 3542 edocta,scntirc
1160 3477 1578 3547 cognoscitur-et
1605 3486 1686 3532 tc-

124 3579 242 3618 nere
262 3565 585 3621 declaratur.
617 3564 693 3621 De
722 3567 951 3636 reliquo,
982 3567 1111 3637 quia
1132 3568 1486 3638 cognovimus
1509 3567 1687 3625 Ecc‘ic-

124 3655 251 3710 siam
275 3663 506 3711 vestram
536 3672 725 3728 azyma
749 3657 1082 3724 sacrificare,
1111 3667 1166 3712 et
1193 3658 1263 3712 ob
1296 3659 1400 3714 hoc
1419 3676 1452 3714 a
1482 3660 1685 3716 Gmis
1719 3717 1722 3720 ,

124 3746 373 3802 duntaxat
400 3747 669 3819 imperitis
703 3748 860 3819 quasi
891 3748 960 3803 de
993 3749 1548 3819 haeresi-reprehendi,
1574 3757 1684 3806 'vo-

125 3838 294 3895 lumus
313 3857 406 3896 vos
424 3840 492 3896 de
515 3840 818 3908 temeraria.
837 3841 1155 3912 garrulitate
1194 3842 1412 3898 illorum
1451 3844 1683 3899 multum

126 3930 318 3996 mirari,
342 3930 434 3986 sed
455 3946 556 3985 nec
577 3932 647 3985 ab
667 3931 917 3986 instituto
943 3932 1226 4001 desistere,
1245 3934 1480 3991 scientes
1495 3952 1683 3992 eorum

125 4022 491 4090 procacitatem
513 4038 624 4076 non
650 4022 812 4077 modo
833 4022 987 4078 vobis
1009 4023 1150 4080 hanc
1171 4025 1317 4079 velut
1354 4028 1683 4084 calumniam

126 4113 365 4182 objieere,
386 4129 576 4170 verum
605 4114 770 4169 etiam
803 4113 871 4170 de
893 4113 1057 4170 simili
1079 4130 1267 4182 causa,
1300 4117 1534 4186 graviori
1557 4136 1685 4175 vero

127 4204 332 4274 injuria,
358 4206 643 4276 hucusque
668 4214 857 4261 contra
879 4214 1123 4262 sanctam
1160 4206 1459 4263 Romanam
1501 4208 1686 4273 Eccle-

125 4296 250 4350 siam
274 4297 574 4367 insurgere,
603 4313 726 4367 qua:
745 4312 842 4368 per
862 4297 1080 4354 beatum
1105 4297 1342 4367 Petrum,
1368 4301 1524 4370 quasi
1547 4318 1685 4372 quo-

124 4387 236 4443 dam
260 4388 558 4460 privilegio,
583 4389 654 4444 ab
675 4388 810 4459 ipsis
832 4389 955 4446 fidei
979 4391 1294 4461 primordiis
1317 4409 1348 4448 a
1371 4396 1577 4451 sanctis
1592 4394 1686 4451 Pa-

127 4480 287 4536 tribus
306 4481 550 4535 omnium
571 4489 745 4535 mater
773 4479 1142 4538 Ecclesiarum
1183 4484 1504 4552 adstruitur,
1531 4496 1584 4542 et
1611 4478 1684 4543 ita
1719 4486 1722 4488 ⁷

1791 638 1859 694 dc
1886 631 2295 714 suprascript'is,
2329 647 2386 710 et
2421 640 2490 697 de
2527 640 2648 712 aliis
2672 656 2798 711 qua:
2822 640 2890 696 ad
2910 640 3070 695 fidem
3095 639 3364 710 pertinere

1790 737 2109 796 cernuntur,
2139 729 2372 800 qualiter
2400 737 2586 787 teneas
2621 747 2718 802 per
2743 738 3104 788 memoratum
3138 730 3362 801 presby-

1792 828 1991 888 terum,
2013 830 2110 877 aut
2126 836 2222 891 per
2247 822 2414 878 alium
2443 820 2700 878 idoneum
2729 822 2982 878 nuntium
3013 831 3136 877 tuas
3163 821 3361 876 ad-nos

1789 912 1997 970 litteras
2035 913 2252 972 mittere
2277 913 2515 970 studeas.
2559 913 2786 984 litsuper
2821 915 3006 981 etiam,
3044 913 3170 968 licet
3193 913 3362 968 soler-

1790 1005 1920 1060 tiam
1945 1013 2094 1060 tuam
2115 1005 2254 1061 bene
2273 1006 2488 1062 doctam
2511 991 2823 1072 credamus,
2861 1021 2930 1061 ex
2971 1003 3152 1061 debito
3181 1013 3359 1058 tamen

1789 1110 1909 1151 eam
1930 1096 2212 1154 charitatis
2238 1097 2434 1168 ail‘ectu
2461 1097 2650 1169 paucis
2668 1111 2975 1162 mouemus,
2997 1097 3155 1168 quasi
3178 1096 3360 1152 distri-

1789 1188 1860 1243 cti
1883 1188 2149 1244 examinis
2169 1188 2314 1244 diem
2337 1205 2554 1260 semper
2572 1204 2685 1260 pra:
2706 1188 2878 1258 oculis
2921 1189 3126 1243 habens
3149 1229 3165 1254 ,
3206 1202 3360 1241 com-

1791 1280 2101 1337 missae'sibi
2118 1281 2502 1337 sollicitudinis
2529 1281 2800 1339 sarcinam
2821 1279 3037 1351 cogitet;
3078 1288 3152 1344 et,
3179 1293 3362 1349 quan--

1791 1380 1905 1430 tttm
1931 1372 2082 1432 illum
2113 1371 2232 1444 sine
2257 1372 2516 1432 dilatione
2549 1372 2797 1427 celeriter
2827 1371 3362 1442 approximarcmn-

1788 1462 2009 1528 siderat,
2042 1471 2194 1520 tanto
2223 1465 2291 1520 de
2321 1463 2590 1521 reddenda
2615 1463 2859 1534 pecuniae
2886 1463 3098 1518 ratione
3122 1476 3360 1532 propen-

1788 1554 1906 1610 sius
1943 1555 2166 1626 vigilare
2204 1571 2314 1628 non
2356 1555 2589 1628 negligat
2627 1570 2736 1625 quo
2763 1569 2984 1610 severus
3021 1553 3359 1616 Ftcncrator,

1789 1647 2038 1717 idemque
2065 1646 2274 1717 rigidus
2297 1647 2514 1702 Arbiter
2543 1661 2649 1701 non
2672 1647 2740 1703 de
2760 1646 2902 1701 male
2927 1645 3137 1700 infossa
3157 1644 3361 1698 talento

1787 1738 1917 1810 quid
1938 1739 2157 1810 deputet
2181 1738 2356 1807 pinnis
2377 1736 2633 1803 inveniat,
2656 1737 2748 1793 sed
2777 1738 2844 1792 de
2877 1737 3232 1806 multiplicato
3274 1735 3362 1790 lu-

1788 1845 1885 1884 cro
1905 1829 2150 1885 arridens
2173 1844 2274 1892 vos
2295 1829 2360 1884 ad
2385 1828 2623 1912 fructum
2652 1828 2821 1882 beatae
2840 1827 3216 1883 retributionis
3240 1843 3362 1897 pcr-

1721 1895 1764 1950 B
1793 1921 2099 1991 cipiendum
2123 1921 2331 1976 invitet.
2355 1905 2708 1990 Omnipotens
2730 1917 2894 1996 Deus,
2916 1919 3075 1985 cujus
3096 1927 3180 1972 est
3203 1895 3362 1986 quid.

1789 2013 1919 2083 quid
1967 2011 2404 2082 rectesapimus
2427 2053 2443 2078 ,
2492 2011 2758 2067 sentimus
2796 2017 2852 2064 et
2894 2011 3168 2065 credimus
3193 2049 3208 2075 ,
3243 2007 3386 2078 ipse.

1790 2092 2027 2160 mentem
2057 2112 2164 2159 tua:
2202 2101 2561 2159 fraternitatis
2605 2102 2830 2158 uberius
2871 2099 3226 2157 illuminando
3263 2114 3360 2169 per

1789 2195 1909 2252 sani
1938 2195 2242 2252 intellectus
2282 2185 2550 2250 tramitem
2578 2194 2795 2265 dirigat,
2837 2202 2892 2249 et
2919 2202 2972 2248 te
3011 2192 3065 2246 in
3102 2190 3358 2246 concordi

1790 2287 2028 2342 fidelium
2055 2287 2263 2342 unitate
2289 2301 2621 2342 conservans
2661 2287 2733 2340 ita
2777 2286 3041 2356 gubernet
3067 2285 3241 2353 atque
3261 2296 3360 2337 c1-

1787 2377 1990 2433 stodiat
2010 2385 2072 2434 ut
2095 2385 2150 2432 et
2170 2377 2442 2446 subjectos
2464 2377 2557 2431 tibi
2582 2377 2810 2447 populos
2847 2375 3134 2430 efficaciter
3171 2374 3240 2427 de
3271 2372 3356 2426 di-

1787 2469 1909 2525 vina
1934 2468 2160 2525 scientia
2182 2469 2358 2539 possit
2376 2469 2667 2534 instruere,
2687 2474 2885 2523 etcum
2909 2465 3040 2536 ipsis
3068 2461 3355 2532 sempiter-

1788 2576 1914 2616 nam
1943 2560 2169 2633 gloriam
2196 2560 2402 2632 ingredi
2429 2601 2446 2628 ,
2491 2575 2593 2632 pro
2632 2559 2713 2616 eis
2749 2573 2879 2615 vero
2917 2557 3099 2612 valeas
3132 2553 3356 2625 praemia

1788 2667 2000 2709 summa
2021 2653 2320 2725 percipere.

1853 2743 1988 2800 Data
2007 2752 2209 2801 “octavo
2235 2743 2362 2801 ldus
2386 2740 2553 2799 Junii.

1786 2824 1788 2826 ⁷
2080 2837 2230 2907 (400)
2264 2835 2632 2889 Juramenlum
2658 2832 2870 2887 Roberli
2895 2832 3065 2886 ducis.

1855 2924 1968 2996 Ego
1997 2926 2288 2991 Robcrtus,
2321 2925 2416 2980 Dei
2454 2925 2622 2995 gratia
2646 2931 2700 2977 et
2733 2916 3091 2984 sancti'Pctri,
3127 2919 3351 2989 Apuliae,

1785 3024 1841 3072 et
1858 3015 2122 3073 Calabria:
2143 3025 2198 3072 et
2221 3016 2421 3072 Sicilia:
2440 3015 2549 3071 dux
2575 3056 2589 3082 ,
2633 3015 2702 3068 ab
2730 3013 2832 3068 hac
2861 3014 2992 3067 hora
3016 3020 3070 3066 ct
3101 3011 3355 3080 deinceps

1784 3126 1880 3166 ero
1909 3110 2082 3166 fidelis
2121 3119 2324 3175 satich
2363 3107 2620 3163 Romanae
2652 3104 2924 3172 Ecclesiae,
2951 3113 3006 3160 ct
3044 3103 3355 3173 apostolicae

1756 3259 1768 3265 ,
1787 3202 1898 3257 sedi
1928 3204 1982 3256 et
2004 3202 2120 3267 tibi,
2149 3201 2372 3256 domino
2399 3214 2522 3268 meo
2550 3197 2830 3268 Gregorio,
2861 3194 3152 3251 universali
3180 3209 3351 3263 papa}.

1791 3291 1845 3346 In
1868 3294 2099 3348 consilio
2128 3293 2209 3346 vel
2239 3279 2403 3357 facto,
2426 3291 2569 3346 unde
2596 3290 2762 3346 vitam
2791 3297 2885 3343 aut
2915 3289 3215 3342 membrum
3237 3301 3357 3356 pero

1786 3384 1905 3450 das,
1925 3385 2006 3439 vel
2028 3391 2219 3454 captus
2240 3382 2316 3438 sis
2337 3381 2478 3450 mala
2501 3381 2749 3450 captione
2771 3395 2876 3433 non
2895 3392 3008 3432 ero.
3026 3376 3353 3442 Consilium,

1784 3477 1930 3548 quod
1955 3475 2084 3531 mihi
2108 3473 2476 3530 crediderisct
2496 3470 2890 3527 contradixeris
2918 3483 2986 3523 ne
3017 3468 3146 3522 illud
3177 3468 3354 3522 mani-

1788 3569 1978 3626 festem
2004 3610 2020 3637 ,
2056 3583 2165 3623 non
2211 3563 2571 3621 manifestabo
2611 3563 2677 3618 ad
2720 3571 2874 3617 tuum
2914 3561 3174 3616 damnum
3200 3601 3215 3625 ,
3266 3575 3356 3614 me

1785 3662 2010 3717 sciente.
2061 3659 2272 3732 Sancta:
2299 3643 2560 3712 Romana:
2599 3654 2856 3712 Ecclesiae
2893 3653 3098 3721 tibique
3139 3651 3357 3720 adjutar

1786 3767 1882 3806 ero
1904 3752 1970 3805 ad
1993 3749 2305 3814 tenendum,
2328 3745 2738 3816 acquirendum,
2761 3751 2813 3799 ct
2841 3739 3233 3798 defcndcn‘dum
3265 3758 3354 3797 rc-

1786 3842 1923 3912 galia
1975 3839 2147 3897 sancti
2193 3837 2358 3902 Petri,
2405 3837 2634 3907 ejusque
2678 3833 3050 3905 possessiones
3093 3848 3192 3902 pro
3232 3834 3362 3888 mco'

1787 3949 1948 4006 posse
1968 3941 2157 3989 contra
2188 3945 2378 3986 omnes
2406 3928 2677 3994 homines,
2706 3935 2928 3996 excepta
2971 3934 3120 3995 parte
3147 3923 3358 3979 Firma-

1789 4044 1871 4082 nae
1897 4025 2173 4089 marcltize,
2196 4033 2250 4078 ct
2273 4022 2498 4076 Salerno
2526 4029 2688 4091 atque
2716 4017 2986 4087 Amalphi,
3011 4017 3153 4070 unde
3176 4017 3358 4071 adhuc

1788 4119 1927 4173 facta
1957 4134 2063 4172 non
2089 4125 2173 4171 cst
2211 4113 2453 4168 definitio
2477 4155 2491 4178 ,
2521 4121 2576 4166 ct
2600 4110 2868 4179 adjuvabo
2896 4117 2946 4160 te
2974 4115 3034 4160 ut
3080 4120 3271 4159 secure
3299 4113 3356 4158 et

1785 4208 2079 4264 honorifice
2101 4216 2285 4260 teneas
2316 4211 2570 4273 papatum
2602 4199 2928 4254 Romanum.
2952 4196 3174 4251 Terram
3211 4194 3355 4251 Sano

1784 4301 1855 4357 cti
1884 4299 2046 4364 Petri,
2079 4312 2242 4368 quam
2280 4310 2423 4350 nunc
2453 4303 2623 4358 tenes,
2650 4291 2735 4346 vel
2757 4291 3041 4346 habiturus
3083 4304 3163 4354 es,
3205 4296 3358 4359 post-

1769 4409 1947 4464 ..quam
1977 4391 2184 4446 scivere
2225 4399 2330 4443 tusc
2364 4403 2485 4443 esse
2521 4384 2828 4457 potestatis,
2853 4398 2951 4438 nec
2979 4381 3229 4436 invadere
3257 4396 3358 4448 nec

1785 4485 2067 4556 acquirere
2093 4497 2358 4554 qttarram,
2382 4495 2484 4535 nec
2509 4479 2672 4534 etiam
2699 4474 2996 4546 dept'acdari
3028 4474 3356 4542 prtesur'nam

124 4590 286 4644 usque
309 4577 363 4631 in
386 4577 551 4644 tinem
575 4591 790 4645 semper
815 4575 1141 4630 habebitur:
1172 4576 1226 4631 in
1258 4593 1364 4647 qua
1387 4579 1569 4634 nullus
1590 4597 1692 4635 un-
1723 4595 1766 4647 ί)
1790 4579 1994 4646 absque
2016 4585 2104 4630 tua
2128 4585 2456 4642 tuorumque
2477 4582 2877 4630 successorum,
2893 4565 2985 4636 qui
3002 4565 3070 4619 ad
3086 4565 3354 4620 honorem

123 4681 274 4734 quam
302 4667 587 4722 haereticus
615 4665 900 4736 praefuisse
927 4666 1285 4740 dignoscitur,
1323 4685 1420 4724 nec
1441 4686 1678 4740 unquam

124 4757 532 4824 prmﬁcientlum,
560 4758 860 4844 praasertbn
892 4757 1122 4815 Domino
1142 4760 1510 4830 promittente,
1554 4777 1684 4818 con-

126 4847 346 4904 fidimus.
370 4851 458 4903 Ait
497 4850 645 4904 enim
669 4849 936 4920 Dominus
951 4849 1112 4908 Iesus
1135 4872 1148 4906 :
1174 4852 1285 4924 Ego
1303 4871 1396 4924 pro
1417 4866 1465 4908 te
1487 4856 1683 4925 rogavi,

125 4939 286 5011 Petra,
311 4951 369 4996 ιιι
393 4957 497 4995 non
517 4942 728 5011 deficiat
750 4932 882 5012 ﬁdes
909 4954 1000 4996 tua
1023 4943 1176 5013 (Luc.
1200 4945 1358 5017 xm).
1382 4945 1448 5000 Et
1470 4947 1546 5002 illi
1567 4948 1688 5018 qui-

125 5031 234 5085 dem
254 5048 412 5088 suum
433 5031 816 5087 fermentatum
836 5034 1300 5101 commendantes,
1314 5038 1688 5106 reprehensio-

127 5122 202 5174 nis
220 5122 272 5176 iu
294 5140 392 5179 nos
413 5121 875 5181 levissimaverba
904 5125 1300 5179 contumaciter
1324 5125 1553 5196 ioculari
1577 5145 1685 5183 non

126 5211 386 5267 desinunt.
428 5211 540 5269 Nos
563 5229 693 5270 vero
714 5229 963 5286 azymum
996 5223 1243 5269 nostrum
1285 5215 1686 5290 inexpugnabili

124 5303 411 5360 secundum
434 5303 727 5361 Dominum
771 5307 984 5363 ratione
1010 5301 1397 5375 defendentes,
1443 5311 1682 5381 ipsorum

126 5393 499 5452 fermentatum
525 5411 627 5452 nec
646 5391 1020 5469 vituperamus
1040 5414 1141 5454 nec
1161 5380 1515 5469 reprobamus
1537 5443 1553 5466 ,
1591 5380 1683 5458 sc-

125 5497 343 5553 qucntcs
379 5487 698 5559 Apostolum
755 5490 1025 5546 dicentem
1076 5489 1286 5544 mundis
1332 5505 1455 5545 esse
1503 5492 1685 5544 omnia

127 5578 313 5632 munda
343 5579 474 5650 (Tit.
504 5580 583 5648 ι).
621 5578 729 5636 Sed
767 5580 836 5636 ad
869 5581 1223 5654 detegendam
1247 5591 1302 5636 et
1333 5591 1685 5637 contemnen-

125 5669 240 5725 dam
264 5668 581 5728 Grrccorum
601 5673 957 5729 temeritatem
985 5690 1130 5728 nunc
1156 5673 1259 5730 ista
1279 5674 1566 5731 sulliciant.
1593 5673 1685 5730 Di-

1781 4669 1955 4723 sancti
1982 4667 2125 4722 Petri
2157 4663 2391 4731 ordinati
2431 4661 2651 4727 fuerint,
2691 4669 2841 4716 certa
2879 4658 3117 4724 licentia,
3162 4665 3357 4725 praztcr

1781 4759 1929 4812 illaut
1959 4772 2123 4828 quam
2156 4765 2214 4810 tu
2263 4753 2395 4810 mihi
2445 4752 2709 4809 concedes
2737 4794 2752 4820 ,
2799 4751 2883 4807 vel
2923 4750 3000 4804 tui
3041 4747 3356 4802 conccssuri

1784 4857 1912 4905 sunt
1937 4863 2300 4904 successores.
2330 4844 2654 4902 Pcnsioncm
2688 4844 2754 4898 dc
2786 4853 2928 4897 terra
2953 4839 3136 4893 Sancti
3168 4837 3311 4893 Petri
3339 4881 3355 4903 ,

1783 4958 1947 5012 quam
1977 4958 2076 5013 ego
2099 4950 2255 4996 teneo
2277 4948 2370 4994 aut
2392 4939 2602 5002 tenebo,
2625 4935 2766 4991 sicut
2793 4941 3054 4987 statutum
3082 4940 3188 4998 est,
3210 4941 3359 4989 recta

1786 5034 1891 5090 tlde
1935 5033 2164 5089 studebo
2192 5042 2251 5086 ut
2275 5032 2419 5085 illam
2449 5025 2756 5081 annualitcr
2777 5032 2962 5079 sancta
2989 5023 3230 5078 Romana
3254 5023 3357 5077 ba-

1763 5126 1910 5180 ‘bcat
1931 5122 2190 5178 Ecclesia.
2222 5120 2424 5174 Omnes
2450 5132 2669 5188 quoque
2700 5115 2994 5182 Ecelcsias,
3015 5131 3137 5186 qua:
3157 5115 3215 5169 in
3236 5129 3356 5169 mea

1784 5215 2083 5287 persistunt
2119 5210 2490 5266 dominatione
2512 5225 2637 5264 cum
2670 5208 2882 5263 illarum
2921 5201 3357 5277 possessionibus

1783 5305 2050 5362 dimittam
2072 5303 2126 5359 in
2157 5313 2247 5360 tua
2276 5311 2563 5374 potestate,
2589 5310 2643 5356 ct
2662 5299 2918 5356 defensor
2936 5313 3030 5351 ero
3050 5297 3261 5348 illarum
3286 5296 3354 5348 ad

1785 5398 2093 5453 fidelitatem
2117 5405 2316 5452 sancta:
2339 5394 2596 5450 Roman-.c
2619 5391 2888 5448 Ecclesiae.
2919 5387 2984 5440 Et
3010 5385 3057 5441 si
3084 5394 3143 5439 tu
3169 5385 3253 5440 vel
3277 5389 3355 5440 tui

1782 5503 2129 5546 successores
2152 5496 2276 5541 ante
2307 5501 2391 5541 me
2413 5502 2474 5539 ex
2500 5487 2600 5538 hac
2623 5483 2728 5536 vita
2753 5477 3130 5551 migraveritis,
3162 5491 3356 5531 secun-

1781 5583 1912 5642 dum
1933 5579 2078 5655 quod
2107 5576 2344 5633 monitus
2368 5575 2519 5629 fuero
2547 5591 2577 5627 a
2607 5571 2919 5627 melioribus
2948 5567 3312 5626 cardinalibus
3339 5609 3353 5632 .

1785 5675 1994 5730 clericis
2025 5669 2286 5726 Romanis
2312 5676 2365 5722 et
2395 5667 2547 5720 laicis
2571 5707 2585 5732 ,
2637 5665 2906 5735 adjuvabo
2935 5674 2992 5716 ut
3022 5675 3152 5729 papa
3183 5658 3355 5728 eliga-

190 5846 328 5921 “00;
361 5844 473 5901 Hoc
490 5847 948 5929 jttrantet:tttmad
973 5866 1059 5906 an.
1107 5848 1236 5903 l077
1288 5852 1554 5921 pertinere
1580 5851 1850 5908 contendit
1885 5848 2100 5922 Pagius,
2131 5846 2193 5902 ad
2227 5862 2313 5901 an.
2346 5844 2446 5900 Cb.
2487 5815 2637 5910 lOSD,
2665 5859 2715 5895 n.
2745 5843 2792 5893 .‘i.
