3952 6404
657 547 989 606 ΕΡΙὸΪΟΙΑ
1027 544 1116 598 Ill.

404 664 472 703 AD
512 658 816 701 Αιιδιιοςειῖκ
853 651 1137 692 (ἈετΕΙΛητΕ
1177 649 1369 687 REGE”.

690 735 870 801 (Anno
909 729 1090 795 1080.)

139 835 282 890 Mouet
314 841 405 893 ut,
450 830 663 883 remotis
691 825 845 878 malis
880 819 1202 893 consiliariis
1229 859 1242 881 ,
1279 815 1439 893 legati
1469 821 1680 893 aposto-

306 883 635 955 salittaribus
672 895 882 954 ntoyitis
920 891 1246 943 armiesceus
1272 927 1286 946 ,
1330 885 1390 936 de
1436 883 1679 957 anteride-

350 953 448 1024 sua
481 984 535 1021 se
569 978 617 1020 et
652 953 752 1018 Dei
784 962 1073 1015 Ecclesium
1109 957 1336 1023 lmtiﬁcct
1362 997 1374 1016 ,
1433 953 1680 1027 illicitum

193 1023 496 1096 eouiiubium
541 1053 659 1090 cum
705 1037 887 1086 uxoris
933 1046 1041 1081 sure
1071 1027 1456 1093 consanguinea
1491 1023 1679 1096 initum

194 1090 420 1181 ﬁala,
441 1118 490 1160 et
525 1124 588 1159 ne
617 1122 670 1158 se
696 1105 759 1155 ab
796 1105 1004 1181 int-(“‘3
1045 1090 1280 1181 "mlieris
1312 1108 1488 1144 “more
1511 1090 1684 1167 abripi

194 1167 343 1238 sinat.
381 1167 664 1233 Robertum
707 1171 1016 1225 monachum
1041 1209 1055 1229 ,
1087 1167 1407 1238 seductorem
1443 1177 1502 1238 ac
1541 1174 1685 1228 regni

194 1232 832 1322 pertuiroatoreutqlebitas
860 1236 1170 1294 temeritatis
1194 1251 1254 1286 ac
1279 1232 1486 1285 sceleris
1508 1244 1686 1298 plenas

196 1315 438 1374 daturum
465 1315 752 1386 signiﬁcat.

199 1419 497 1474 Caesonius
526 1414 833 1482 episcopus,
859 1423 1049 1462 servus
1070 1417 1351 1459 servorum
1377 1398 1473 1452 Dei
1497 1439 1512 1462 ,
1553 1396 1691 1460 dile-

145 1511 364 1566 ctissimo
392 1509 447 1561 in
477 1505 697 1560 Christo
722 1503 832 1557 tilio
853 1499 966 1569 regi
991 1497 1356 1558 Aoeceuoxso,
1388 1490 1618 1543 salutem
1641 1494 1694 1540 et

145 1601 474 1672 apostolicam
505 1584 957 1650 benedictionem.

206 1691 308 1746 Dici
356 1705 464 1743 non
511 1695 710 1757 potest,
760 1683 832 1736 [ili
882 1677 1224 1741 charissime,
1273 1681 1537 1744 quantum
1573 1686 1694 1737 nos,

147 1784 392 1841 referente
441 1783 554 1836 ﬁlio
600 1788 788 1835 nostro
833 1776 1139 1846 apostolica:
1179 1771 1339 1826 sedis
1386 1771 1559 1840 legato
1605 1768 1700 1822 Ri-

1192 426 1389 482 l.lBEll
1426 418 1768 480 OCTAVUS.
1807 448 1875 458 -—-
1914 415 2128 471 EPIST.
2175 415 2237 468 Υ.

1703 538 1749 597 Λ
1781 535 2107 588 monachum
2149 533 2488 585 seductorem
2516 528 2592 582 tui
2615 535 2664 579 et
2695 526 3120 595 iwrturbatorcm
3153 524 3298 592 rrgni
3326 564 3341 588 ,

3179 429 3182 431 λ
3239 407 3341 459 578

1776 627 1844 679 ab
1872 626 2096 677 introitu
2127 622 2370 676 ccclesim
2411 628 2741 688 separatum,
2786 616 2924 667 intra
2953 614 3188 666 claustra
3230 629 3346 665 mo-
3395 685 3399 690 .

1775 715 1999 770 nasterii
2023 711 2398 766 Cluniacensis
2435 711 2487 762 in
2526 706 2896 778 puniitenliam
2933 704 3131 757 reti-udi
3162 704 3349 756 decer-

1778 807 1978 859 nimus.
2012 803 2115 857 Sed
2143 803 2310 856 abbas
2335 799 2710 853 Cluniacensis
2742 813 2841 849 nos
2871 795 3130 848 imitamlo
3172 794 3222 847 id
3270 792 3350 846 fa-

1779 897 1923 960 ciet;
1966 895 2151 948 eadem
2195 895 2336 945 enim
2375 892 2503 954 via,
2551 889 2740 941 eodem
2786 903 2945 942 sensu
2975 927 2990 951 ,
3033 885 3220 938 eodem
3248 885 3354 952 spi-

1782 987 1888 1039 ritu
1939 985 2301 1038 ambulamus.
2365 982 2504 1035 Deus
2557 989 2736 1033 autem
2785 979 3125 1045 omnipotens
3156 991 3252 1026 nos
3288 974 3353 1026 de

1785 1086 1873 1129 tua
1923 1075 2257 1127 correctione
2304 1074 2412 1127 cito
2455 1070 2759 1125 exhilarare
2788 1069 3055 1138 dignetur,
3107 1065 3179 1119 lili
3223 1066 3354 1118 cha-

1786 1167 2019 1221 rissime.
2323 1209 2328 1214 .

2343 1229 2679 1285 EPISTOIA
2720 1227 2809 1281 IV.

2298 1341 2372 1376 AD
2457 1334 2867 1375 RlCllAnDl'ﬂ.

2382 1412 2559 1477 (Anno
2601 1408 2780 1475 1080.)

1792 1504 2107 1562 Consolatur
2153 1519 2265 1555 cum
2299 1503 2361 1553 de
2412 1501 2635 1552 hostium
2667 1495 3128 1567 persecutiouilms.
3163 1492 3243 1545 Ad
3271 1511 3365 1561 pn-

1862 1578 2100 1629 ticntium
2140 1575 2402 1632 hortatur,
2453 1571 2758 1639 promittens
2805 1584 2858 1618 se
2905 1567 3366 1639 iutei'iut_t'ttratu-

1861 1663 1975 1697 rum
1999 1655 2051 1696 ut
2079 1644 2328 1695 llolicrtus
2349 1635 2829 1710 pseutlomouachus
2854 1637 2934 1687 sui
2958 1635 3164 1689 sceleris
3189 1650 3366 1702 pa'uas

1865 1716 1999 1768 luat.
2433 1732 2436 1736 ·

1865 1806 2172 1860 Gnsconlrs
2205 1803 2515 1871 episcopus,
2555 1814 2746 1852 servus
2777 1812 3059 1849 servorum
3103 1795 3219 1858 Det,
3272 1794 3367 1846 RI-

151 1877 352 1943 ὼπδον
392 1875 550 1929 "oms
575 1871 787 1942 mgni”
831 1868 1088 1922 “nulla”
1117 1875 1206 1918 um
1235 1863 1537 1958 ⁰¹³¹ῗ⁴¹¹⁰ῗ¹¹ί³
1564 1862 1699 1958 ‘5?“-
1732 1869 1773 1923 η
1799 1911 2006 1950 crtsnno
2039 1862 2364 1950 charissima
2395 1862 2527 1958 lilio,
2555 1890 2783 1945 salutem
2814 1897 2867 1942 ct
2895 1886 3247 1957 apostolicam
3276 1886 3371 1938 he-

151 1969 400 2022 ticaverat.
427 1964 507 2018 Tu
536 1963 682 2018 enim
715 1976 897 2018 coram
928 1959 1038 2011 Deo
1079 1971 1290 2023 seuquir
1319 1955 1370 2006 in
1402 1953 1700 2007 visceribus

153 2057 339 2112 nostris
357 2071 500 2120 eras,
525 2061 582 2107 tu
605 2050 747 2120 apud
771 2050 1018 2104 homines
1039 2047 1335 2100 maximum
1353 2045 1508 2098 nobis
1527 2059 1703 2097 exem-

153 2150 286 2217 plum
306 2145 534 2215 egregia:
565 2141 783 2198 virtutis
823 2155 965 2204 eras,
995 2139 1060 2193 de
1105 2147 1156 2191 te
1204 2135 1344 2205 apud
1385 2135 1520 2188 alios
1548 2148 1703 2203 reges

154 2238 508 2309 gloriabamur
531 2275 548 2299 ,
589 2241 642 2287 te
682 2247 806 2286 vere
827 2230 1196 2284 Christianum
1232 2243 1411 2295 regem
1439 2268 1454 2290 ,
1495 2234 1548 2279 et
1587 2226 1704 2278 ideo

158 2344 269 2384 rere
289 2342 466 2398 regem
497 2340 599 2378 nos
627 2324 824 2377 habere
854 2323 907 2375 in
934 2329 1084 2391 parte
1115 2319 1322 2371 [ioniini
1357 2316 1484 2369 Jcsu
1517 2324 1703 2369 contra

159 2417 385 2473 membra
412 2416 609 2471 diaboli
634 2415 1022 2484 gaudebamus.
1056 2410 1206 2464 Unde
1232 2419 1285 2463 et
1306 2410 1445 2462 bona
1475 2416 1565 2462 tua
1596 2407 1705 2460 fra-

160 2511 359 2580 grantia
387 2510 586 2562 multas
602 2508 714 2576 jam
738 2505 985 2576 regiones
1007 2509 1334 2571 asperserat,
1361 2509 1414 2552 et
1445 2500 1592 2553 velut
1629 2498 1708 2550 sol

160 2601 370 2669 quidam
399 2599 452 2651 in
476 2597 720 2650 occiduis
761 2605 921 2648 natus
961 2594 1220 2647 orientem
1262 2607 1452 2644 versus
1477 2590 1711 2644 cmlestis

161 2690 374 2744 luminis
410 2689 590 2742 radios
627 2687 922 2740 emittebat.
957 2686 1025 2737 At
1056 2699 1200 2737 nunc
1245 2691 1522 2751 comperto
1568 2681 1712 2751 quod

161 2781 400 2836 diabolus
438 2792 545 2836 ture
574 2780 736 2835 saluti
771 2789 825 2834 et
859 2779 1098 2833 omnium
1119 2779 1220 2849 qui
1260 2793 1354 2845 per
1389 2786 1441 2830 te
1471 2778 1713 2832 salvandi

162 2881 331 2938 erant,
371 2888 520 2927 more
565 2888 668 2928 suo
715 2872 979 2934 invidens,
1033 2886 1128 2939 per
1179 2869 1484 2922 membrum
1534 2886 1714 2934 suum,

164 2965 445 3033 quemdam
481 2963 777 3017 Robertum
805 2962 1358 3032 pseudomouachum,
1384 2970 1437 3013 et
1458 2977 1551 3029 per
1579 2961 1717 3013 anti-

165 3071 324 3127 quam
349 3057 665 3127 adjutrieem
698 3070 873 3122 suam,
904 3055 1162 3124 perditam
1204 3051 1456 3105 feminam
1482 3093 1497 3115 ,
1539 3051 1720 3104 viriles

163 3148 372 3202 animos
399 3157 520 3202 tuos
549 3161 578 3200 a
615 3157 762 3201 recto
791 3148 979 3201 itinere
1008 3144 1342 3206 deturbavit;
1367 3152 1627 3211 quantum
1655 3142 1720 3194 de

168 3221 217 3286 te
241 3237 418 3303 primo
442 3236 722 3290 fueramus
757 3236 962 3307 gavisi,
994 3244 1204 3289 tantum
1248 3248 1394 3286 nunc
1435 3231 1722 3285 confundi—

165 3339 320 3389 mur,
358 3326 769 3390 erubescimus,
825 3326 1226 3378 contristamur.
1279 3314 1732 3391 Quapropterhut‘

166 3428 461 3484 cognoscas
488 3422 752 3484 quantum
783 3415 924 3468 circa
954 3422 1005 3467 te
1033 3414 1122 3482 pie
1146 3411 1360 3466 solliciti
1385 3427 1595 3475 sumus,
1634 3427 1729 3478 per

168 3502 458 3556 bonitatem
480 3512 535 3557 et
557 3504 781 3573 gloriam
794 3502 996 3557 Christi
1013 3512 1062 3558 te
1074 3518 1136 3570 pa
1145 3510 1293 3555 terna
1304 3515 1434 3553 voce
1448 3515 1732 3553 monemus

169 3606 222 3650 et
241 3602 631 3659 contestamur,
655 3589 869 3648 remove
890 3611 920 3647 a
956 3591 1349 3662 te'quantoeius
1385 3591 1732 3644 consiliarios

170 3685 440 3752 falsitatis;
466 3695 802 3754 corrumpunt
827 3686 1023 3754 quippe
1056 3700 1221 3737 mores
1272 3683 1428 3736 bonos
1473 3681 1734 3751 colloquia

169 3780 336 3846 prava
369 3776 419 3845 (l
445 3776 568 3832 Cor.
593 3780 704 3846 xv).
721 3777 1014 3846 Adquiesce
1041 3785 1220 3841 autem
1246 3790 1342 3844 per
1363 3773 1541 3827 omnia
1565 3773 1737 3843 legato

170 3878 365 3922 nostro
377 3867 523 3922 fratri
537 3868 824 3932 Riehardo;
837 3884 995 3937 quem
1012 3869 1114 3921 nisi
1136 3867 1450 3936 prudentem
1461 3865 1739 3936 etreligio—

172 3972 298 4023 sum
325 3959 723 4027 cognovissem,
748 3969 962 4013 nostras
991 3960 1038 4012 ei
1065 3959 1213 4012 vices
1250 3958 1554 4012 nullatenus
1591 3971 1742 4011 com‘

174 4046 474 4100 misissem.
496 4046 615 4101 Non
649 4056 702 4101 te
741 4049 1127 4102 a'salutaribus
1155 4048 1378 4104 monitis
1403 4056 1564 4116 atque
1588 4047 1743 4101 insti-

173 4136 316 4200 ωας,
358 4138 563 4190 nostris
604 4136 821 4191 incesta:
847 4137 1091 4191 mulieris
1119 4151 1276 4190 amor
1307 4137 1567 4205 abripiat,
1615 4137 1744 4206 quia

175 4225 426 4280 mulieres
465 4234 768 4296 apostatare
813 4227 1017 4295 faciunt
1061 4227 1320 4295 sapientes
1365 4225 1558 4294 (Eccli.
1604 4225 1742 4293 ιιι).

172 4316 368 4400 Ipsum
391 4317 585 4388 quippe
606 4333 785 4388 regem
811 4317 1270 4386 sapientissimum
1297 4316 1641 4370 Salomonem
1664 4315 1749 4368 in-

173 4417 370 4463 cestus
399 4409 680 4463 mulierum
707 4409 935 4478 turpiter
954 4424 1107 4462 amor
1126 4408 1337 4478 dejecit,
1365 4415 1418 4462 et
1437 4407 1751 4462 ﬂorentissi-

175 4517 332 4554 mum
370 4515 592 4570 regnum
622 4500 786 4554 Israel
810 4499 900 4553 Dei
917 4500 1121 4568 judicio
1142 4515 1278 4569 pene
1299 4508 1473 4554 totum
1494 4499 1560 4553 de
1581 4515 1743 4552 manu

174 4591 517 4657 posteritatis
537 4591 660 4660 ejus
687 4591 941 4660 abripuit.
969 4590 1199 4645 Proinde
1225 4607 1320 4660 per
1341 4590 1628 4644 Dominum
1650 4606 1749 4645 no-

173 4687 360 4733 strum
385 4677 568 4734 Jesum
603 4680 882 4735 Christum
906 4722 921 4747 ,
949 4690 1004 4735 et
1037 4697 1132 4751 per
1164 4671 1458 4751 potentiam
1488 4682 1772 4735 adventus‘

173 4766 298 4837 ejus
320 4808 340 4833 ,
377 4783 478 4822 nec
500 4783 610 4822 non
631 4777 688 4822 et
703 4785 771 4824 ex
797 4771 1118 4825 auctoritate
1143 4771 1588 4828 beatissimorum
1619 4786 1753 4840 apo-

174 4857 455 4913 stolarum
483 4856 627 4911 Petri
658 4864 717 4911 et
739 4857 892 4912 Pauli
914 4860 1107 4913 iterum
1135 4876 1422 4915 monemus
1441 4869 1602 4930 atque
1622 4876 1754 4931 pra:-

176 4949 448 5020 cipimus,
467 4963 533 5004 ne
558 4956 612 5003 te
633 4947 814 5016 ipsum
832 4947 1120 5018 despicias,
1147 4964 1217 5003 ne
1242 4950 1298 5003 in
1327 4950 1498 5020 gloria
1525 4949 1754 5005 tua‘ma-

179 5041 373 5097 cuiam
411 5053 602 5108 ponas,
644 5054 714 5094 ne
753 5039 1121 5108 posteritatem
1149 5039 1330 5092 carnis
1369 5048 1477 5093 tua;
1510 5041 1756 5094 inutilem

181 5138 240 5185 et
273 5132 574 5200 rcprobam
613 5129 803 5186 facias.
833 5128 990 5184 Vires
1009 5144 1243 5194 resume;
1271 5129 1514 5183 illicitum
1544 5144 1756 5183 connu-

184 5217 370 5284 bium,
417 5222 560 5288 quod
597 5237 721 5298 cum
763 5221 950 5276 uxoris
991 5228 1100 5274 tum
1138 5218 1536 5289 consanguinea
1572 5219 1756 5287 inisti,

185 5308 423 5377 paritas
452 5311 765 5378 respue.De
804 5320 896 5366 tua
934 5309 1307 5365 emendatione
1349 5324 1450 5363 nos
1489 5318 1544 5364 et
1587 5317 1757 5365 totam

186 5395 506 5452 Ecclesiam
530 5399 627 5454 Dei
651 5402 760 5457 cito
784 5403 1014 5468 laetiﬁca,
1045 5417 1131 5467 ne,
1161 5400 1209 5455 si
1251 5399 1565 5456 inobediens
1593 5399 1760 5471 (quod

189 5496 416 5548 avertat
444 5487 583 5544 Deus
598 5491 643 5560 ι)
659 5505 779 5547 esse
801 5494 1079 5560 malueris,
1103 5493 1241 5547 iram
1265 5491 1362 5545 Dei
1382 5491 1768 5560 omnipotentis

190 5584 484 5643 incurram,
506 5584 561 5634 et
576 5593 678 5634 nos
703 5581 871 5650 (quod
900 5585 1054 5639 valde
1076 5583 1228 5638 inviti
1255 5583 1602 5652 dolentesque
1628 5582 1766 5638 diei-

196 5673 352 5744 mus)
381 5669 529 5726 beati
557 5668 701 5725 Petri
727 5673 962 5742 gladium
977 5677 1153 5745 "super
1189 5685 1242 5732 te
1283 5676 1568 5747 evaginare
1609 5691 1768 5745 coga-

196 5781 350 5821 mur.
421 5759 740 5824 Pradietum
790 5778 921 5820 sane
977 5765 1420 5824 nefandissimum
1476 5767 1769 5822 Robertum

1802 1986 2186 2042 nedictioncm.

1866 2077 2003 2141 Quia
2037 2075 2224 2129 missis
2270 2074 2467 2127 litteris
2522 2068 2841 2142 signiﬁcasti
2888 2067 3046 2122 nobis
3091 2067 3373 2134 antiquum

1802 2170 2015 2222 hostem
2062 2182 2201 2235 opus
2240 2174 2416 2229 tuum,
2447 2164 2513 2217 ad
2567 2153 2853 2215 utilitatem
2899 2158 3262 2223 Christianam
3311 2173 3378 2210 cx

1805 2267 1959 2328 parte
1986 2259 2273 2322 directum,
2302 2257 2417 2325 iper
2443 2255 2685 2308 membra
2725 2267 2846 2316 sua,
2872 2267 2979 2303 non
3010 2258 3202 2319 prmtcr
3248 2248 3379 2300 soli-

1807 2361 1944 2416 tum,
2003 2349 2312 2419 impedisse,
2356 2348 2457 2400 hac
2514 2361 2609 2415 per
2659 2345 2760 2397 hoc
2809 2343 3201 2395 fraternitatem
3235 2340 3391 2393 tuam

1809 2442 2088 2495 tristitiam
2126 2441 2348 2492 nimiam
2389 2436 2708 2498 incurrissc,
2748 2450 2848 2487 nos
2875 2447 3092 2501 quoque
3139 2431 3234 2483 tibi
3265 2446 3380 2482 me-

1812 2532 1917 2585 rito
1955 2530 2366 2598 compatientcs,
2403 2525 2603 2580 eodem
2622 2533 2800 2578 tecum
2831 2522 3095 2575 allicimur
3126 2535 3380 2573 marrom.

1815 2621 1919 2676 Sed
1947 2635 2070 2674 cum
2103 2618 2376 2673 memoria:
2398 2616 2677 2669 reducitur
2716 2622 2914 2683 quanta
2963 2622 3016 2665 et
3043 2611 3222 2680 qualia
3253 2627 3385 2678 apo—

1814 2712 1956 2776 stoli,
1985 2724 2328 2763 successores
2357 2707 2518 2760 etiam
2568 2710 2780 2769 eoium,
2806 2705 2859 2756 in
2882 2703 3236 2758 aedificatione
3266 2702 3389 2754 fun—

1815 2799 2054 2855 damenti
2085 2798 2337 2856 Ecclesia:
2358 2798 2552 2866 partim
2593 2812 2621 2849 a
2661 2795 2906 2865 paganis,
2940 2795 3133 2862 partim
3167 2809 3195 2845 a
3237 2792 3391 2846 falsis

1816 2890 2142 2944 Christianis
2169 2889 2279 2942 sint
2309 2888 2476 2955 passi,
2504 2887 2571 2940 de
2603 2885 2974 2940 misericordia
3019 2884 3229 2938 Domini
3261 2899 3391 2947 con-

1821 2981 1902 3035 fisi
1923 2979 2261 3033 'resumimus
2295 2979 2459 3040 vires,
2493 2978 2731 3031 victoria:
2773 2977 3109 3045 triumphum
3140 2974 3391 3045 plenissi-

1823 3084 1910 3122 ma
1953 3069 2146 3122 fiducia
2175 3070 2242 3121 dc
2283 3069 2471 3122 eodem
2498 3069 2653 3122 hoste
2682 3069 2867 3136 procul
2891 3068 3078 3132 dubio,
3121 3076 3178 3119 ut
3219 3066 3391 3120 nostri

1752 3208 1793 3265 c
1825 3161 2056 3228 priores,
2079 3170 2475 3228 exspectantes.
2507 3159 2772 3214 Patientia
2803 3159 2965 3228 atque
2995 3160 3396 3228 pcheveranlia

1829 3249 2314 3318 impmsentiarum
2342 3249 2584 3319 religioni
2616 3259 2721 3302 tuzc
2745 3250 2969 3303 omnino
2991 3258 3120 3303 sunt
3142 3263 3396 3303 necessa-

1829 3339 1944 3403 riae,
1976 3337 2167 3392 scienti
2211 3340 2415 3392 dictum
2459 3340 2528 3392 ab
2566 3340 2826 3408 Apostolo
2865 3355 2972 3391 non
3003 3339 3251 3392 coronari
3285 3340 3399 3392 nisi

1828 3425 1920 3493 qui
1944 3426 2178 3494 legitime
2199 3427 2489 3480 certaverit
2519 3425 2605 3495 (11
2636 3426 2771 3478 Tim.
2803 3429 2886 3496 II),
2912 3427 3088 3480 debita
3121 3425 3400 3494 prmmissa

1831 3514 2240 3580 exhortatione;
2279 3532 2381 3570 nos
2411 3527 2592 3570 tamen
2629 3519 2808 3570 studio
2838 3526 2931 3571 tuo
2960 3519 3013 3570 in
3047 3517 3196 3569 nullo
3222 3516 3399 3571 deeri-

1833 3622 1977 3671 mus,
2003 3605 2349 3661 Cluniacensi
2377 3601 2557 3660 alibaii
2591 3607 2853 3660 mittendo
2881 3608 3114 3676 querela:
3143 3615 3247 3659 tua-
3269 3607 3404 3680 litte-

1833 3711 1926 3752 ras
1949 3711 2057 3750 una
2077 3712 2201 3751 cum
2229 3697 2451 3762 nostris,
2465 3708 2735 3767 quatenus
2761 3698 3058 3751 Robertum
3076 3697 3403 3766 pseudomo-

1837 3789 2071 3842 nachum
2118 3789 2450 3857 quamcitius
2499 3791 2567 3843 ad
2617 3790 3006 3843 monasterium
3043 3789 3217 3841 redire
3256 3799 3407 3839 com-

1837 3882 2020 3952 pellat,
2062 3881 2314 3935 cumdem
2363 3882 2433 3935 ab
2481 3883 2729 3952 ingressu
2771 3881 3014 3935 ecclesia:
3051 3888 3318 3943 eocrceat,
3354 3887 3410 3931 et

1840 3981 1951 4026 tam
2001 3971 2184 4041 gravis
2229 3971 2560 4040 poenitentiae
2613 3973 2866 4042 squalore
2919 3973 3133 4026 diutino
3170 3971 3407 4036 alliciat,
3468 4014 3470 4016 τ

1839 4061 1985 4131 quod
2021 4063 2074 4115 in
2119 4077 2286 4130 pravo
2313 4071 2504 4116 contra
2538 4071 2612 4127 te,
2662 4063 2774 4116 imo
2796 4071 2990 4121 contra
3037 4061 3227 4126 Deum,
3259 4074 3412 4114 com-

1844 4154 2013 4208 misso
2039 4167 2224 4220 opere,
2254 4154 2664 4210 mulctationem
2687 4153 2888 4205 sentiat
2915 4151 3262 4220 paenitentiae.

2382 4239 2735 4316 EPISTOLA
2772 4260 2838 4315 v.

2095 4370 2163 4408 AD
2199 4366 2478 4408 EPISCOPOS
2508 4367 2715 4421 Ανυιυε
2753 4367 2823 4405 ΕΤ
2861 4367 3156 4408 οΔιΑΒιιιε.

2425 4443 2604 4512 (Anno
2642 4441 2825 4513 l080.)
2859 4504 2869 4514 ,

1776 4543 1824 4601 D
1851 4536 2100 4601 Queritur
2134 4535 2198 4588 de
2236 4534 2584 4605 quorumdam
2623 4535 2978 4602 episcoporum
3015 4537 3423 4605 prwsumptione

1924 4615 2108 4659 contra
2137 4605 2426 4658 Romanam
2452 4604 2743 4656 Ecclesium
2768 4621 2785 4666 ,'
2814 4619 2940 4672 quos
2973 4613 3168 4670 tamen,
3189 4604 3251 4658 ut
3281 4607 3419 4671 alios

1924 4675 2146 4740 similes,
2191 4685 2300 4727 tum
2346 4673 2636 4726 Alexandri
2672 4690 2822 4742 pupte
2865 4689 2984 4725 cum
3035 4690 3131 4725 suo
3171 4683 3416 4742 tempore,

1926 4745 2168 4813 confusos
2214 4744 2523 4796 remansisse
2572 4741 2774 4808 narrat,
2813 4742 2902 4813 sed
2941 4741 3420 4813 postea_ob‘durato

1927 4810 2101 4878 corde,
2130 4814 2219 4882 qui
2249 4813 2318 4865 ad
2349 4817 2555 4866 sensum
2595 4814 2763 4865 redire
2802 4810 3085 4882 debuerant
3115 4810 3286 4863 denuo
3321 4813 3423 4863 ml-

1890 4930 1894 4934 ,
1928 4900 2102 4936 versus
2129 4877 2362 4935 eumdem
2389 4883 2732 4949 conspirasse,
2764 4889 2813 4931 et
2842 4877 3194 4949 Ravennatem
3215 4882 3422 4948 episco-

1928 4969 2052 5022 pum
2073 4952 2473 5022 Iurresittrcham
2503 4944 2846 5022 constituisse.
2879 4944 3054 5009 Quare
3083 4944 3296 5016 spernas
3335 4969 3426 5003 eo-

1931 5018 2047 5072 rum
2068 5020 2364 5088 superbiam
2401 5035 2639 5088 princeps
2669 5018 2950 5088 ruituram,
2971 5025 3020 5088 et
3053 5020 3275 5088 quietem
3299 5038 3426 5074 san-

1929 5097 2028 5159 etc
2065 5085 2315 5138 Ecclesia:
2355 5085 2587 5159 confusis
2619 5085 2867 5159 hostibus
2904 5085 3238 5141 dilatandam
3279 5091 3429 5159 fore,

1930 5157 2175 5274 hortati?
2191 5169 2279 5206 eos
2299 5158 2361 5205 ut
2377 5151 2642 5207 laboranti
2665 5151 2917 5208 Ecclesia:
2944 5151 3291 5211 orationibus
3309 5151 3430 5213 suc;

1931 5239 2120 5274 eurran
2152 5262 2165 5274 .

1931 5239 2165 5276 currant.

1929 5311 2235 5367 GBEGORIUS
2284 5314 2590 5384 episcopus,
2640 5332 2830 5371 servus
2871 5331 3152 5370 servorum
3194 5315 3309 5380 Dei,
3340 5317 3427 5369 di-

1860 5405 2017 5460 lectis
2046 5405 2100 5459 in
2138 5405 2356 5460 Christo
2399 5407 2662 5463 fratribus
2694 5416 2746 5462 et
2770 5407 3122 5476 coepiscopis,
3151 5420 3248 5473 per
3276 5407 3420 5473 prin-

1863 5497 2096 5566 cipatus,
2119 5504 2174 5550 et
2215 5495 2466 5565 Apuliam
2494 5505 2553 5552 et
2573 5497 2877 5552 Calabriam
2911 5493 3241 5561 constitutis,
3275 5496 3428 5549 salu-
3455 5513 3461 5519 ε

1867 5597 1978 5642 tem
2003 5594 2060 5641 et
2073 5605 2076 5608 '
2089 5586 2442 5655 apostolicam
2464 5586 2913 5659 benedictionem.

1939 5675 2348 5730 Fraternitatem
2377 5683 2614 5730 vestram
2656 5675 2926 5727 credimus
2963 5690 3068 5727 non
3096 5674 3262 5728 latere
3283 5677 3427 5744 thl

1871 5769 2055 5865 plures
2097 5766 2309 5820 Satana:
2345 5765 2744 5835 discipuli,.qui
2787 5763 2924 5819 falso
2954 5760 3173 5818 nomine
3210 5780 3306 5820 oer
3340 5767 3431 5822 di-
