3952 6426
538 492 640 548 579

1172 489 1230 546 S.
1268 487 1593 548 GREGORII
1629 487 1721 547 V11
1757 486 1962 547 ΡΔΡᾸΞ
2000 483 2283 545 OPERUM
2319 481 2502 541 PARS
2536 481 2577 538 l.
2618 511 2689 524 —
2725 479 3145 540 REGISTRUM.

3693 481 3817 539 530

537 606 726 659 versas
768 616 1019 675 regiones
1059 612 1352 660 censentur
1398 604 1659 676 episcopi,
1692 574 1977 666 diabolica
2028 604 2112 658 in—
2142 603 2187 659 Α
2210 600 2515 656 orationem
2534 596 2677 653 beati
2696 594 3005 668 Pctri,qute
3028 595 3306 665 Simonem
3336 594 3575 669 Magum,
3595 613 3816 654 eorum

538 692 800 753 flammati
849 692 1121 763 superbia,
1176 702 1422 749 sanctam
1468 693 1768 749 Bouianam
1812 693 2109 749 Eeelcsiam

542 783 723 838 conati
757 790 885 839 sunt
925 781 1288 849 confundere;
1320 783 1412 839 sed
1442 799 1540 853 per
1573 784 1833 839 auxilium
1858 784 2110 853 omnipo-

542 876 704 931 tentis
728 875 843 941 Dei,
871 883 925 931 et
943 875 1319 939 auctoritatem
1348 875 1493 931 beati
1519 874 1685 941 Petri,
1711 876 1894 945 iniqua
1919 890 2111 930 eorqu

527 964 912 1034 ‘prmsumptio,
947 963 1090 1019 sicut
1113 964 1195 1020 eis
1227 963 1607 1020 verecundiam
1631 972 1687 1019 et
1711 963 2111 1031 confusionem,

542 1052 617 1107 ita
649 1050 957 1122 apostolica:
980 1051 1091 1108 sedi
1116 1051 1339 1124 gloriam
1363 1051 1591 1114 contulit
1616 1061 1673 1107 ct
1705 1053 2110 1122 exultationem.

546 1142 827 1215 Siquidem
864 1160 895 1200 a
935 1144 1161 1200 minimo
1193 1160 1370 1215 usque
1408 1145 1476 1200 ad
1522 1145 1843 1212 maximum,
1866 1145 2117 1201 videlicet

544 1230 661 1289 Il.‘..
710 1232 934 1306 [scilicet
967 1232 1291 1308 IleuricunL
1307 1234 1513 1307 regem]
1551 1236 1649 1306 qui
1696 1245 1879 1291 vertex
1932 1252 2115 1308 regem

547 1302 735 1397 Hom,
765 1302 1587 1399 regmuivvertex—
1620 1336 1675 1381 et
1720 1337 1913 1384 auctor
1952 1302 2118 1399 pesti-

548 1416 648 1473 feri
675 1416 891 1473 consilii
926 1416 1097 1472 fuisse
1125 1418 1404 1487 probatur,
1432 1418 1783 1488 perplurima
1825 1435 2117 1489 corporum

548 1517 605 1565 et
637 1507 1211 1579 animarumpericula
1239 1508 1505 1577 persensit
1525 1520 1759 1580 quantas
1797 1511 1941 1565 beati
1976 1511 2119 1568 Petri

550 1599 848 1671 auctoritas
886 1597 955 1653 ad
981 1598 1343 1653 ulciscendam
1376 1615 1568 1655 eorum
1607 1601 1949 1672 iniquitatem
1976 1604 2119 1660 vires

549 1689 808 1744 obtineat.
857 1687 1020 1745 Scitis
1056 1690 1200 1744 enim
1241 1690 1370 1760 quia
1405 1699 1649 1762 tempore
1689 1692 1895 1749 domini
1945 1696 2120 1750 nostri

548 1794 703 1851 papae
725 1780 861 1834 A....
902 1768 1241 1853 [Alexandri]
1277 1782 1425 1851 quod
1465 1782 1606 1839 idem
1637 1781 1774 1839 H....
1807 1784 2121 1859 [Henricus]

552 1872 767 1942 injuriae
795 1871 1051 1931 Ecclesia:
1090 1871 1241 1927 Beati
1276 1872 1423 1928 Petri
1444 1889 1540 1944 per
1559 1873 1824 1931 Cadulum
1848 1875 1963 1949 [qui
1990 1876 2123 1932 alibi

2211 692 2399 761 utique
2436 689 2779 759 magistrum,
2807 689 2878 743 ad
2906 689 3099 744 altiora
3136 688 3444 744 tendentem
3471 689 3814 744 mirabiliter

2210 782 2425 853 deiecit,
2449 794 2734 850 speramus
2759 779 2976 847 ruinam
3006 792 3198 835 eorum
3228 794 3338 835 non
3357 779 3452 835 diu
3483 790 3820 836 remoratu-

2212 888 2351 939 ram,
2378 880 2434 928 et
2455 871 2693 941 quietem
2731 878 2936 927 sancta:
2963 869 3241 937 Ecclesiae,
3270 870 3429 927 victis
3468 880 3523 927 et
3544 871 3823 929 confusis

2213 963 2465 1019 hostibus
2518 962 2655 1029 suis,
2703 974 2859 1017 more
2907 961 3071 1018 solito
3126 960 3517 1033 gloriosissime
3558 963 3823 1019 dilatan-

2212 1054 2359 1110 dam.
2396 1052 2509 1108 Vos
2553 1052 2757 1123 itaque,
2790 1051 3129 1108 dilectissimi
3177 1051 3395 1119 fratres,
3423 1052 3821 1132 innocentiam

2214 1143 2523 1201 communis
2545 1143 2739 1199 matris
2760 1154 2956 1200 vestrae
2985 1151 3190 1200 sancta:
3229 1142 3514 1199 Romanae
3537 1142 3825 1200 Ecclesia

2215 1234 2628 1306 perpendentes,
2655 1242 2711 1289 et
2740 1244 3007 1305 quantum
3037 1235 3289 1291 diabolus
3316 1235 3557 1291 membra
3586 1250 3694 1291 sua
3739 1235 3823 1289 ad

2217 1313 2550 1382 inferendam
2584 1325 2825 1396 praefata:
2856 1325 3115 1382 Romana:
3159 1325 3412 1382 Ecclesia:
3454 1326 3827 1397 inquietudi-

2217 1432 2343 1473 nem
2384 1414 2652 1483 exerceat,
2684 1417 3113 1483 considerantes,
3160 1418 3305 1473 sicut
3352 1418 3527 1483 dccct,
3552 1427 3609 1473 et
3634 1417 3826 1472 oﬂicii

2216 1510 2383 1564 vestri
2432 1509 2674 1564 debitum
2720 1508 2909 1580 exigit,
2944 1509 3285 1577 orationibus
3318 1509 3547 1580 aliisque
3592 1509 3825 1577 modis,

2218 1601 2420 1671 quibus
2454 1600 2725 1655 laboranti
2772 1589 2935 1655 matri
2981 1601 3409 1657 succurrendum
3448 1609 3552 1667 est,
3574 1616 3826 1671 operam

2219 1692 2570 1762 studiumque
2603 1691 2918 1761 impendite,
2949 1699 3222 1763 quatenus
3255 1702 3513 1762 appareat
3537 1708 3639 1749 vos
3652 1688 3827 1764 legi-

2221 1782 2386 1837 timos
2408 1782 2528 1852 ejus
2568 1780 2711 1837 filios
2738 1796 2883 1848 esse,
2922 1781 3205 1853 ipsiusque
3239 1782 3648 1850 contumeliam,
3672 1801 3828 1855 par-

2225 1873 2320 1927 tita
2358 1872 2647 1928 nobiscum
2695 1871 2903 1927 laboris
2933 1873 3235 1943 diligentia,
3261 1889 3327 1929 ex
3368 1875 3532 1930 corde
3572 1878 3824 1932 sentire.

554 1939 845 2038 cadalous.
880 1961 1052 2018 Iliun.
1089 1960 1363 2036 cedulam]
1392 1939 1590 2022 inferre
1624 1939 2031 2039 echgitaverit,
2072 1977 2128 2023 et
2157 1939 2201 1993 Β
2227 1962 2385 2030 Quod
2405 1964 2450 2025 si
2474 1962 2685 2019 fueritis
2713 1962 2847 2019 socii
2868 1939 3480 2044 compassionis,eritis,
3509 1968 3831 2044 auxiliante

556 2054 610 2109 in
657 2062 917 2125 quantam
966 2070 1240 2125 quamque
1281 2056 1670 2127 turpissimam,
1723 2059 1928 2114 mundo
1970 2068 2125 2129 teste,

555 2145 900 2201 confusionis
929 2144 1143 2202 foveam
1180 2162 1305 2201 cum
1335 2147 1525 2203 eodem
1554 2148 1762 2204 Cadulo
1795 2151 1991 2223 cadere
2014 2168 2128 2208 me-

560 2236 689 2305 ruit,
711 2246 766 2292 et
784 2245 988 2307 quanto
1010 2237 1218 2293 honore
1238 2238 1563 2309 quantiSque
1581 2239 1871 2313 triumphis
1897 2242 1953 2297 in
1974 2259 2131 2299 exere

560 2327 822 2384 citatione
848 2323 994 2383 illius
1022 2327 1335 2384 certaminis
1361 2328 1429 2383 R.
1464 2329 1526 2384 Ρ.
1552 2329 1869 2411 [reverenda
1894 2334 2132 2403 paterni-

560 2425 668 2485 tas,
691 2419 786 2473 hoc
807 2428 883 2473 est
914 2416 1237 2488 respublica.
1271 2416 1469 2492 lixam]
1492 2430 1677 2476 nostra
1698 2422 2005 2492 profecerit.
2023 2424 2135 2481 Sci-

560 2508 636 2565 tis
671 2510 835 2565 etiam
884 2524 1049 2580 quam
1099 2507 1428 2565 detestandis
1468 2509 1964 2581 conspirationihus
2009 2525 2135 2571 ante

563 2614 739 2656 annos
761 2609 890 2666 tres,
912 2598 1688 2671 prmcipuLLongobardorum
1706 2604 1943 2675 episcopi
1966 2621 2026 2662 se
2039 2608 2137 2663 ad-
2225 2614 2228 2617 ‘

563 2707 783 2747 versum
813 2706 933 2759 nos,
975 2691 1164 2747 eodem
1193 2688 1329 2747 1L...
1375 2692 1736 2763 principante,
1764 2707 2133 2766 armaverunt,

567 2791 624 2836 et
649 2782 792 2850 quod
821 2796 919 2850 per
955 2778 1327 2853 defensionem
1364 2784 1509 2838 beati
1546 2784 1691 2838 Petri
1720 2786 1873 2842 illaesi
1899 2797 1955 2842 et
1982 2789 2136 2845 inco-

549 2857 744 2926 lumes
764 2885 872 2925 non
894 2870 1011 2925 sine
1025 2870 1219 2945 magna
1233 2860 1439 2940 uestra,
1457 2882 1881 2949 nostrorumque
1900 2878 2139 2935 fidelium

568 2962 796 3018 honoris
831 2954 1159 3018 exultatione
1186 2964 1567 3035 remansimus.
1606 2963 1718 3022 Illis
1746 2984 1875 3023 vero
1901 2970 2139 3040 priorem

566 3053 957 3110 arhitrantihus
978 3070 1085 3109 non
1104 3054 1348 3111 sufliccre
1367 3056 1471 3111 sibi
1495 3057 1939 3141 confusionem,a
1957 3062 2140 3131 planta

568 3146 720 3216 pedis
750 3161 924 3216 usque
962 3146 1029 3201 ad
1059 3147 1315 3201 verticem
1357 3142 1667 3223 apostolica:
1707 3151 1931 3207 ultionis
1967 3168 2144 3223 quan-

568 3242 687 3290 tum
733 3235 937 3291 ferierit
964 3235 1097 3308 '[al.,
1150 3236 1387 3291 ferverit.
1416 3218 1641 3311 Vinum]
1690 3241 1919 3311 gladius,
1967 3218 2214 3324 adhucc

570 3325 726 3397 plaga
755 3325 1072 3406 incurahilis
1100 3335 1320 3405 prastat
1344 3327 1625 3383 indicium.
1650 3329 1756 3385 Sed
1776 3332 1833 3386 in
1860 3333 1946 3388 his
1965 3335 2143 3388 omni-

570 3416 678 3473 bus
704 3417 1004 3472 obduratas
1024 3458 1039 3484 ,
1063 3418 1409 3473 meretricum
1435 3434 1607 3485 more,
1637 3419 1844 3477 frontes
1872 3420 2143 3493 gerentes;

568 3516 625 3564 et
653 3502 985 3579 impudentia
1034 3523 1131 3562 sua
1160 3509 1318 3585 iram
1343 3510 1445 3564 sibi
1475 3509 1613 3579 justi
1648 3510 1838 3581 judicii
1865 3515 2142 3571 thesauri-

571 3607 778 3665 zantcs,
801 3599 895 3668 qui
938 3609 1186 3679 respectu
1210 3600 1550 3656 contumelia:
1577 3617 1691 3658 sua:
1711 3603 1777 3657 ad
1799 3618 2021 3660 sensum
2049 3623 2141 3662 re-
2188 3637 2193 3641 ε

551 3687 689 3742 'dire
714 3688 1033 3754 debuerant,
1053 3698 1271 3758 patrem
1297 3705 1457 3746 suum
1482 3679 1677 3760 secuti,
1706 3695 1801 3763 qui
1827 3696 1966 3751 dixit
2000 3713 2014 3750 :
2039 3698 2144 3753 Po-

572 3789 697 3849 rtam
723 3776 894 3829 sedem
920 3793 1088 3830 meam
1113 3766 1175 3831 ab
1199 3780 1462 3849 aquilone,
1496 3790 1548 3836 et
1576 3798 1666 3836 ero
1702 3784 1893 3839 similis
1920 3786 2141 3842 Altissi-

575 3880 660 3918 mo
702 3863 859 3935 (Isai.
892 3865 1028 3937 xiv),
1062 3867 1343 3936 pristinam
1378 3870 1838 3941 conspirationem
1882 3877 2143 3936 adversus

576 3954 867 4011 Dominum
892 3966 947 4012 et
976 3968 1219 4015 sanctam
1248 3962 1610 4036 universalem
1639 3963 1941 4023 Ecclesiam
1962 3973 2144 4027 conati

574 4056 705 4103 sunt
749 4048 1026 4117 innovare,
1056 4060 1111 4105 et
1135 4051 1409 4110 hominem
1452 4047 1805 4128 sacrilegum,
1845 4066 1901 4113 ct
1945 4071 2146 4119 saneta:

575 4140 833 4196 Romanze
854 4138 1110 4199 Ecclesim
1137 4143 1435 4214 perjurum,
1458 4162 1559 4202 nec
1584 4163 1694 4204 non
1715 4164 1812 4219 per
1832 4132 2143 4212 universum

574 4232 686 4289 ll...
719 4232 839 4306 [hoc
875 4244 950 4288 est
1000 4224 1327 4292 Romanum.
1358 4235 1557 4312 ﬂiam]
1588 4240 1773 4296 orbem
1821 4243 2145 4304 nefandissi-

573 4326 677 4381 mis
703 4318 998 4383 sceleribus
1022 4322 1337 4403 denotatum
1370 4330 1507 4388 W...
1541 4331 1663 4404 [hoc
1695 4344 1773 4388 est
1816 4335 2140 4397 Wiveicum.

576 4413 724 4470 lianc
754 4457 770 4483 ,
802 4408 1104 4493 Gihertum]
1130 4419 1365 4497 dicimus
1391 4433 1591 4481 sanctae
1612 4424 1942 4487 Ravennatis
1967 4436 2142 4490 eccle-

576 4505 674 4561 sim
717 4502 1140 4577 deva'statorem,
1188 4513 1581 4572 Antichristum
1623 4519 1728 4573 sibi
1774 4530 1830 4576 et
1857 4524 2142 4584 haeresiar-

577 4691 653 4746 illi
690 4686 983 4745 interfuere
1014 4708 1249 4761 quorum
1279 4697 1497 4751 estvita
1536 4699 1886 4773 detestabilis,
1911 4718 1967 4764 et
1998 4714 2145 4769 ordi-

576 4782 725 4839 natio
749 4781 999 4837 lneretiea
1038 4782 1401 4840 immensitate
1430 4787 1732 4845 multimodi
1755 4795 2019 4855 criminis.
2055 4803 2145 4858 Si-

575 4874 795 4943 quidem
833 4865 1080 4928 ad’banc
1112 4872 1381 4930 insaniam
1410 4876 1498 4931 illa
1528 4878 1744 4935 demum
1770 4898 1866 4940 eos
1890 4887 2145 4958 despera-

540 4966 543 4967 ⁷
576 4963 655 5017 tio
691 4965 853 5018 traxit
878 4964 1025 5035 quod
1068 4979 1245 5035 neque
1271 4967 1545 5036 precibus,
1597 4986 1773 5042 neque
1802 4977 2146 5037 servitiorum

581 5060 676 5105 aut
698 5069 991 5131 munerum.
1014 5056 1491 5126 promissionibus,
1514 5060 1780 5118 scelerum
1802 5082 2026 5124 suorum
2051 5088 2146 5127 ve-

583 5139 728 5196 niam
755 5137 897 5211 apud
921 5148 1023 5199 nos
1049 5148 1301 5203 maluerit
1329 5150 1638 5222 impetrare,
1663 5156 1768 5212 nisi
1792 5157 1930 5215 forte
1953 5142 2153 5220 vellent

578 5231 785 5305 judicio
803 5231 1170 5313 ecclesiastico
1186 5248 1493 5312 nostraeque
1515 5260 1760 5304 censura:
1784 5266 1862 5319 se,
1880 5255 2152 5312 mediante

582 5322 978 5389 misericordia,
1015 5324 1155 5379 sieut
1182 5327 1337 5382 decet
1369 5332 1604 5392 ollicium
1628 5349 1895 5410 nostrum,
1920 5348 2153 5404 submit-

584 5423 715 5470 tere.
748 5412 861 5475 llos
909 5414 1093 5501 itaque
1123 5417 1289 5473 nullis
1318 5421 1621 5481 rationibus
1654 5414 1841 5497 fultos,
1870 5436 2006 5492 imo
2028 5455 2151 5501 om-

586 5510 735 5566 nium
786 5500 1079 5587 criminum
1140 5508 1471 5569 conscientia
1531 5516 1962 5591 perditissimos,
2003 5500 2152 5589 tanto

587 5600 760 5673 magis
782 5584 1164 5675 vilipendimus
1196 5613 1418 5675 quanIO‘
1443 5584 1547 5677 ipsi
1568 5612 1633 5689 ise
1655 5610 1867 5687 altiora

587 5690 731 5747 disse
773 5693 1069 5749 conﬁdunt.
1116 5694 1219 5750 Per
1263 5696 1713 5759 misericordiam
1738 5705 1938 5777 quippe
1976 5692 2077 5764 Dei
2100 5690 2169 5767 et;

2229 2054 2361 2121 Deo,
2386 2054 2584 2110 laetitiae
2604 2042 2897 2126 participes
2928 2062 2983 2109 et
3008 2042 3417 2112 Consolationis.
3451 2042 3658 2113 Caitera
3687 2076 3833 2129 quae

2228 2162 2337 2201 non
2372 2146 2722 2214 inseruimus,
2754 2146 2945 2218 legatis
2981 2148 3205 2216 nostris,
3240 2149 3441 2220 quibus
3468 2152 3615 2207 sicut
3651 2153 3861 2221 nobis

2228 2238 2448 2293 credere
2476 2238 2725 2307 potestis,
2748 2237 3029 2293 referenda
3050 2240 3449 2297 commisimus.

2300 2327 2435 2383 Data
2459 2326 2669 2395 Cicani,
2696 2328 3020 2384 duodecimo
3045 2329 3315 2388 Kalendas
3344 2333 3595 2404 Augusti.

2783 2439 3122 2499 EPISTOLA
3156 2426 3246 2499 Ἦ.

2852 2548 2921 2587 ΔΙ)
2961 2549 3186 2589 εοεοεκ.

2820 2621 2999 2696 (Anno
3035 2625 3218 2698 1080.)

2240 2708 2309 2767 Ut
2339 2710 2597 2794 llicltaeli
2630 2713 2936 2794 imperatori
2981 2714 3613 2794 Constanlipolitano,ub
3645 2724 3828 2794 impe—

2306 2784 2511 2859 ratoria
2540 2783 2799 2859 dignitate
2825 2784 3020 2859 injuste
3044 2788 3227 2859 ejecta,
3256 2783 3304 2843 et
3337 2783 3638 2859 apostolica!
3670 2783 3827 2847 sedis

2309 2869 2371 2929 ες
2417 2850 2626 2929 Roberti
2649 2854 2799 2929 {lucis
2828 2850 3093 2929 auxilium
3115 2850 3452 2929 imploranti,
3482 2863 3825 2916 ertbveiiiaut.

2308 2920 2566 2995 Pracipit
2592 2923 2849 2995 militibus
2870 2927 2960 2995 qui
2981 2928 3123 2995 apud
3150 2920 3269 2981 eum
3294 2920 3527 2985 militare
3553 2932 3825 2986 uoluerint

2278 2998 2369 3045 ,αι
2411 2992 2459 3044 ei
2486 2988 3073 3070 ﬁdeliter-:insefvianl;
3112 2998 3430 3070 "laudatque
3462 3001 3726 3070 episcopis
3768 3011 3829 3055 ut

2310 3076 2397 3115 eos
2428 3059 2627 3139 milites
2650 3072 2915 3127 moueant,
2940 3073 2995 3115 ut
3018 3075 3213 3139 rectum
3233 3059 3390 3133 ﬁdem
3417 3059 3542 3139 erg'a
3562 3059 3683 3123 eum
3708 3087 3830 3124 ser-

2312 3138 2448 3206 uent,
2473 3130 2787 3206 (immense!
2806 3148 3039 3186 amorem
3059 3133 3156 3186 Dei
3175 3130 3286 3206 pri:
3308 3130 3753 3206 oculie'habeant,
3776 3151 3827 3194 et

2312 3200 2380 3323 ii;
2395 3200 2542 3321 (uiuis
2564 3200 2802 3321 (trperiluu
2829 3200 3367 3275 perseverent,'eicque
3383 3206 3507 3261 illo:
3527 3224 3559 3260 α
3582 3200 3828 3277 peccetis

2315 3286 2348 3322 a
2384 3285 2442 3321 so
2465 3285 2566 3322 van
2594 3308 2609 3322 .

2315 3285 2609 3322 αυδοιυαηι.

2264 3390 2287 3399 ί-
2310 3352 2618 3416 Gssconws
2640 3360 2948 3435 episcopus,
2966 3346 3155 3419 servus
3185 3380 3465 3421 servorum
3492 3366 3607 3436 Dei,
3630 3368 3830 3425 fratri-

2240 3447 2343 3504 bus
2365 3459 2419 3505 et
2458 3451 2792 3521 coepiscopis
2817 3452 2871 3508 in
2892 3452 3084 3523 Apulia
3112 3462 3167 3510 et
3187 3454 3442 3513 Calabria
3472 3474 3829 3516 commoran-

2240 3541 2406 3608 tibus,
2433 3541 2662 3596 salutem
2689 3551 2745 3597 et
2770 3545 3122 3612 apostolicam
3150 3546 3605 3623 benedictionem.

2308 3629 2506 3687 Notum
2532 3635 2985 3710 esseprudentia:
3005 3645 3198 3692 vestra:
3220 3654 3329 3693 non
3358 3632 3672 3696 dubitamus
3698 3643 3827 3712 glo—

2240 3723 2606 3779 riosissimum
2680 3724 3062 3794 imperatorem
3125 3727 3822 3799 Constantinopolitanum,

2240 3812 2552 3867 Michaelem
2592 3813 2842 3870 videlicet
2862 3816 3036 3885 (401),
3062 3818 3132 3872 ab
3167 3819 3463 3886 imperialis
3488 3821 3828 3877 excellentia:

2242 3902 2481 3957 culmine
2510 3902 2731 3972 indigne
2771 3905 2954 3973 potius
2980 3915 3035 3960 et
3055 3904 3342 3973 malitiose,
3372 3924 3539 3977 quam
3556 3913 3707 3979 juste
3730 3926 3829 3969 aut

2242 3991 2659 4060 rationabiliter,
2688 4008 2811 4048 esse
2829 3994 3120 4064 deiectum,
3144 3998 3236 4067 qui
3267 4000 3530 4056 auxilium
3553 4002 3695 4058 beati
3729 4004 3829 4061 Pe-

2242 4081 2335 4149 tri,
2378 4080 2589 4137 necnon
2634 4082 2731 4138 filii
2777 4086 2952 4140 uestri
2982 4087 3359 4157 gloriosissimi
3394 4092 3551 4149 ducis
3597 4094 3826 4153 Roherti

2243 4171 2581 4243 flagitaturus
2601 4171 2808 4228 Italiam
2824 4176 2995 4245 petiit.
3016 4176 3353 4251 Quapropter
3383 4197 3503 4251 nos,
3527 4185 3652 4241 licet
3678 4188 3825 4242 indi-

2244 4262 2355 4333 gni,
2377 4264 2521 4318 sedis
2546 4263 2717 4333 ipsius
2737 4280 2925 4322 curam
2943 4280 3209 4339 gerentes,
3231 4275 3631 4344 compassionis
3650 4278 3829 4334 visce-

2243 4354 2396 4409 ribus
2424 4355 2575 4433 moti,
2605 4355 2859 4425 precibus
2898 4358 3066 4427 illius,
3092 4377 3192 4416 nec
3224 4378 3333 4417 non
3357 4365 3598 4432 ejusdem
3639 4368 3822 4432 ducis,

2244 4446 2593 4501 annuendum
2617 4462 2741 4502 esse
2767 4449 3101 4516 censuimus,
3131 4460 3184 4506 et
3212 4468 3243 4506 a
3268 4450 3525 4509 fidelibus
3548 4456 3697 4509 beati
3722 4456 3824 4511 Pc-

576 4535 674 4561 »ιω
717 4535 1140 4577 usuist-atoma,
1188 4535 1581 4572 nntlcnnswm
1610 4535 1728 4603 sun
1774 4535 1830 4576 et
1857 4535 2142 4584 liazresiar-
2218 4535 2313 4588 'tri
2345 4535 2775 4590 subveniendum
2798 4537 2903 4592 sibi
2940 4537 3056 4594 fore
3100 4542 3431 4610 putavimus.
3480 4543 3651 4615 Igitur
3690 4549 3822 4617 quia

575 4599 736 4654 cbam
762 4600 1111 4665 constituere.
1138 4600 1195 4654 In
1217 4618 1327 4671 quo
1348 4606 1605 4662 nimirum
1636 4609 1850 4669 Satanae
1871 4631 2142 4677 conventu
2176 4593 2219 4647 Β
2245 4626 2387 4677 inter
2418 4635 2611 4677 emigra
2655 4628 2973 4677 multimoda
3017 4631 3291 4677 δυσί-πρίαμ
3317 4634 3460 4677 imm
3501 4651 3608 4677 nnn
3640 4638 3822 4677 πιῑιιιια

2245 4626 2387 4680 inter
2418 4635 2611 4681 caetera
2655 4628 2975 4685 multimoda
3017 4631 3293 4704 sull‘ragia,
3317 4634 3462 4689 istud
3501 4651 3610 4690 non
3640 4638 3824 4693 minus

2244 4716 2586 4787 profuturum
2601 4721 2885 4776 memorati
2909 4723 3181 4794 principes
3208 4725 3573 4793 exsistimant,
3592 4730 3821 4799 scilicet,

2245 4815 2306 4862 ut
2333 4808 2530 4864 milites
2560 4811 2930 4879 auxiliatores,
2974 4822 3123 4870 recta
3158 4815 3286 4891 fide,
3328 4832 3435 4873 non
3464 4818 3824 4878 dissimilibus

2247 4898 2442 4964 animis
2476 4900 2554 4955 ire
2585 4912 2894 4958 constanter
2927 4904 2983 4958 in
3012 4905 3342 4975 adiutorium
3367 4918 3422 4963 et
3448 4909 3822 4968 defensionem

2248 4978 2843 5065 praefatiimperatoris
2883 4994 3134 5059 debeant,
3174 4998 3471 5065 apostolica
3497 5003 3825 5057 auctoritate

2247 5077 2594 5147 praecipitans
2622 5068 2892 5155 quatenus
2912 5083 2987 5135 illi
3012 5084 3106 5152 qui
3126 5083 3376 5139 militiam
3406 5086 3581 5156 ipsius
3617 5091 3823 5147 intrare

2250 5168 2557 5233 statuerint,
2580 5170 2636 5222 in
2667 5173 2992 5255 contrariam
3022 5182 3227 5244 partem
3250 5176 3547 5247 proditoria
3568 5182 3824 5252 tergiver-

2251 5256 2459 5313 satione
2480 5260 2716 5316 transire
2738 5277 2845 5316 non
2866 5264 3121 5331 audeant,
3143 5282 3334 5322 verum
3358 5266 3525 5336 (quod
3550 5268 3819 5329 Christia—

2253 5360 2338 5403 nae
2362 5347 2638 5421 religionis
2674 5352 2849 5408 honor
2888 5364 2944 5409 et
2984 5356 3224 5425 debitum
3251 5358 3520 5429 postulat)
3546 5360 3597 5416 ei
3632 5367 3821 5434 presi—

2162 5497 2166 5501 ,
2254 5439 2403 5495 dium
2446 5441 2674 5497 fideliter
2702 5444 3350 5514 impendant-Dilectioni
3377 5464 3598 5522 quoque
3623 5465 3821 5511 vestrae

2258 5530 2612 5601 nihilominus
2636 5534 2995 5614 pmcipiendo
3037 5535 3357 5595 mandamus
3376 5549 3439 5595 ut
3453 5558 3550 5599 eos
3570 5545 3669 5614 qui
3694 5562 3817 5619 etim

2256 5621 2443 5699 eodem
2489 5623 2628 5679 duce
2662 5632 2719 5678 et
2769 5609 3022 5694 pradicto
3075 5625 3382 5697 imperatori
3418 5609 3818 5692 transfretaturi

2257 5719 2403 5793 sunt,
2432 5712 2861 5785 diligentissime,
2885 5724 2945 5768 ut
2963 5725 3198 5773 vestrum
3225 5719 3458 5778 cilicium
3486 5725 3677 5797 exigit,
3701 5742 3816 5782 mo-

661 5868 805 5941 MOI)
837 5870 1037 5945 Ducam
1071 5874 1313 5947 intelligit
1346 5880 1437 5948 qui
1463 5870 1849 5953 Parapinarius
1875 5868 2226 5949 dicebatur-iet
2252 5912 2546 5967 purpuram
2578 5909 2832 5969 posuerat
2858 5902 2944 5959 die
2971 5905 2999 5949 7
3029 5907 3222 5976 Aprilis
3252 5913 3381 5965 anni
3416 5912 3570 5969 l078.

3581 6063 3952 6368 ,Α
