3952 6370
161 421 245 478 581

160 532 319 590 acatis
334 527 660 600 condignam
677 522 1051 596 paenitentiam
1066 535 1243 592 agere,
1255 526 1310 573 et
1323 527 1526 573 rectam
1538 516 1718 577 ﬁdem.
1749 526 1798 585 Α

159 626 290 680 sicut
311 622 468 677 decet
493 612 859 681 Christianos,
887 615 1032 670 circa
1058 613 1179 666 illos
1204 624 1446 674 servare,
1475 607 1529 661 in
1555 606 1726 660 omni-

163 730 254 770 uus
285 712 500 767 actibus
526 710 644 766 suis
677 708 931 763 timorem
960 704 1056 759 Dei
1077 712 1130 758 et
1155 703 1402 756 amorem
1420 715 1529 770 prie
1550 697 1724 753 oculis

162 807 348 861 habere
375 847 390 868 ,
431 811 489 858 et
523 802 578 856 in
623 801 786 856 bonis
827 797 1086 869 operibus
1123 806 1502 864 perseverare;
1537 790 1726 860 sicque

162 899 274 952 illos
296 895 416 950 fulti
442 902 632 950 nostra
658 889 1001 957 auctoritate,
1027 887 1138 942 imo
1154 883 1300 942 beati
1325 881 1467 938 Petri
1497 889 1729 954 potesta-

161 1000 228 1054 te,
255 1003 285 1042 a
313 985 555 1057 peccatis
573 983 855 1040 absolvite.

225 1079 355 1136 Data
378 1086 578 1154 octavo
602 1074 874 1130 Kalendas
896 1069 1152 1144 Augusti.

693 1182 1033 1241 EPISTOLA
1069 1179 1182 1236 VII.
1299 1265 1305 1270 ~

605 1293 674 1336 ΔΙ)
713 1290 999 1333 σκινειιεοδ
1035 1285 1274 1330 ςιῡειεε.

746 1370 928 1442 (Anno
964 1364 1147 1436 1080.)
1171 1403 1179 1409 -

168 1464 454 1524 Hunorum
479 1464 780 1536 principum
801 1460 1062 1536 auxilium
1087 1456 1403 1536 promissum
1423 1453 1524 1506 sibi
1541 1457 1730 1536 prwsto

226 1554 334 1594 esse
360 1529 694 1620 signiﬁcans,
717 1549 772 1587 se
798 1532 1356 1620 Ravennam-larntata‘
1373 1539 1530 1604 manu
1553 1529 1733 1604 centu-

230 1593 347 1663 runt
374 1593 475 1672 ait,
506 1593 577 1658 ἰιι
615 1593 733 1657 eain
766 1598 1042 1655 ecclesiam
1078 1597 1142 1650 de
1181 1593 1422 1672 manibus
1451 1593 1733 1662 impiorum

227 1662 442 1748 eripiat.
463 1662 646 1740 Quare
683 1672 928 1725 hortatur
949 1678 1009 1722 ut
1042 1680 1220 1720 eorum
1243 1662 1734 1748 impiorum‘super-

233 1731 371 1803 biant
391 1753 450 1800 et
473 1731 692 1798 conatus
712 1757 820 1794 una
843 1753 1018 1794 secum
1054 1731 1416 1796 contemnant;
1446 1731 1584 1803 unae
1610 1746 1736 1803 san-

231 1800 328 1959 ita:
357 1814 615 1869 Ecclesia:
639 1827 822 1884 pacem
849 1810 1027 1864 divina
1055 1805 1333 1861 clementia
1362 1800 1735 1857 stabiliendam

255 1903 341 1941 ore
361 1892 590 1955 sperent.

255 1892 341 1941 "ore
361 1892 590 1955 sperent.

232 1977 541 2034 Caesonius
577 1974 891 2044 episeOpus,
931 1983 1123 2024 servus
1154 1961 1435 2021 Servorum
1474 1961 1591 2028 Dei,
1621 1960 1735 2015 fra-

170 2071 338 2127 tribus
365 2079 422 2124 ct
446 2065 783 2138 coepiscopis
811 2063 1180 2118 Christianam
1208 2057 1525 2126 religionem
1545 2053 1735 2110 defen-

169 2153 456 2228 dentibus.
487 2159 810 2228 exterisque
852 2152 1120 2210 clericalis
1169 2164 1234 2204 ac
1283 2147 1488 2228 laicalis
1530 2145 1737 2202 ordinis

173 2255 349 2312 Sancti
376 2253 528 2310 Petri
545 2251 819 2317 ﬁdelibus,
847 2247 1078 2305 salutem
1109 2252 1165 2301 et
1196 2241 1549 2314 apostolicam
1570 2240 1737 2295 bene-

171 2348 480 2404 dictionem.
884 2399 891 2407 ,

235 2440 434 2495 Notum
456 2438 530 2495 sit
555 2434 831 2493 dilectioni
855 2442 1052 2490 vestra:
1073 2445 1193 2495 nos,
1216 2436 1330 2484 tam
1351 2441 1448 2498 per
1472 2439 1572 2480 nos
1594 2423 1740 2493 ipsos

172 2549 327 2604 quam
357 2542 415 2587 et
451 2546 548 2601 per
575 2531 780 2599 legatos
813 2535 1048 2588 nostros,
1077 2537 1201 2575 cum
1251 2520 1388 2573 duce
1434 2517 1572 2570 IL...
1604 2515 1740 2586 [Ro-

172 2623 364 2696 herto],
405 2632 463 2678 et
507 2620 742 2677 Iordane
790 2617 1108 2686 ueterisque
1151 2609 1544 2683 potentioribus
1577 2605 1740 2661 Nort-

172 2731 501 2772 niannorum
528 2713 864 2785 principibus
909 2709 1078 2765 fuisse
1115 2707 1348 2786 locutos,
1370 2701 1464 2772 qui
1502 2699 1744 2772 profecto

173 2810 506 2912 unanimiter
531 2807 854 2878 promittunt
885 2818 943 2858 se
981 2801 1143 2871 (sicut
1167 2797 1336 2867 jurati
1369 2795 1520 2866 sunt)
1547 2794 1614 2848 ad
1645 2793 1742 2848 de-

176 2903 198 2912 ,ι
291 2903 303 2912 .
641 2910 647 2912 Α
724 2897 766 2912 n
919 2909 975 2912 η-
1004 2889 1255 2912 π,-ι--ε...
1279 2885 1559 2912 ..Ληι-ἓι-..Λ
1580 2886 1723 2912 In...“

172 2885 473 2958 {amiculam
500 2910 702 2955 sanctae
724 2897 984 2952 Romanae
1003 2889 1260 2947 Ecclesia:
1279 2885 1560 2955 nostrique
1580 2886 1747 2939 hono-

173 2994 248 3050 ris
291 3002 488 3050 contra
538 3006 728 3047 omnes
773 2987 1030 3043 mortales
1074 2981 1333 3038 auxilium
1379 2979 1741 3048 impensuros.

173 3085 411 3156 ldipsum
441 3099 664 3156 quoque
701 3081 877 3146 nobis,
899 3077 1064 3148 etqui
1095 3076 1237 3131 circa
1261 3070 1462 3127 Urbem
1489 3071 1646 3140 longe
1668 3069 1748 3122 la-

173 3191 332 3250 teque
350 3188 505 3243 sunt,
526 3187 580 3232 et
607 3177 663 3230 in
691 3173 889 3230 Tuscia
919 3169 1240 3236 eaatcrisquc
1263 3163 1573 3236 regionibus
1600 3161 1748 3231 prin-

174 3273 316 3343 cipes
345 3271 580 3328 firmiter
610 3269 950 3338 pollicentur.
987 3261 1141 3316 Unde
1165 3267 1287 3328 post
1325 3255 1594 3309 Kalendas
1617 3253 1750 3322 Sep-

173 3365 420 3428 tembris,
469 3369 758 3431 postquam
806 3366 1020 3426 tempus
1048 3351 1336 3422 frigeseere
1379 3346 1621 3416 coeperit,
1648 3361 1748 3400 cu-

173 3459 382 3527 pientes
423 3462 674 3511 sauctam
722 3449 1087 3504 Ravennatem
1119 3441 1200 3513 (S.
1239 3439 1328 3508 Ii.)
1361 3437 1646 3492 ecclesiam
1683 3438 1750 3491 de.

175 3549 431 3605 manibus
465 3545 648 3615 impiis
682 3541 910 3613 eripere,
952 3548 1007 3595 et
1044 3535 1190 3590 Patri
1238 3548 1340 3589 suo
1385 3531 1544 3586 beato
1591 3529 1751 3584 Petro

173 3644 486 3706 restituere,
501 3647 684 3709 partes
707 3635 826 3701 illas
842 3641 1048 3689 armata
1067 3643 1228 3684 manu
1256 3625 1419 3697 (sicut
1439 3624 1504 3678 de
1525 3623 1752 3678 Domino

175 3733 490 3804 speramus)
514 3738 782 3801 petemus,
805 3743 869 3782 ac
895 3740 990 3795 per
1014 3722 1185 3793 ipsius
1206 3718 1469 3773 auxilium
1504 3733 1604 3772 nos
1629 3732 1750 3771 eam

174 3800 520 3883 liberaturos
550 3820 696 3876 haud
735 3818 898 3875 dubie
934 3813 1225 3869 credimus.
1267 3800 1607 3877 Quapmpter
1652 3823 1753 3863 nos

175 3917 466 3974 audaciam
493 3913 807 3983 impiorum,
831 3919 1129 3975 eorumque
1150 3901 1244 3972 qui
1272 3905 1392 3966 n’os,
1416 3899 1527 3953 imo
1547 3898 1603 3952 in
1631 3898 1754 3952 bea-

174 4021 289 4067 tum
309 4009 563 4072 Petrum,
592 4021 651 4062 se
676 4009 988 4064 erexerunt,
1009 3994 1437 4052 machinationes
1467 3993 1566 4062 p’ro
1587 3991 1755 4047 nihilo

174 4104 462 4166 ducentes,
503 4097 758 4152 volumus
796 4103 958 4163 atque
991 4097 1274 4144 hortamur
1310 4101 1408 4140 vos
1445 4086 1755 4155 superbiam

177 4201 521 4262 conatusque
568 4187 786 4243 illorum
846 4197 1000 4253 mque
1052 4177 1339 4234 nobiscum
1387 4183 1753 4243 contemnere,

175 4296 327 4343 tanto
345 4287 418 4342 de
437 4283 603 4340 ruina
629 4294 817 4336 eorum
842 4275 1102 4332 certiores
1122 4277 1328 4341 quanto
1355 4283 1448 4323 eos
1476 4268 1542 4322 ad
1564 4267 1755 4322 altiora

177 4380 274 4435 niti
318 4376 624 4433 ascendere
662 4369 902 4431 cernitis.
945 4365 1169 4420 Talibus
1211 4376 1448 4432 namque
1488 4359 1757 4436 Propheta

176 4473 491 4545 imprecaris
517 4467 594 4523 ait
619 4483 633 4519 :
663 4463 917 4536 Superbia
935 4473 1113 4515 eorum
1143 4456 1233 4528 qui
1261 4464 1308 4509 te
1328 4455 1548 4508 oderunt
1577 4471 1758 4508 ascen-

176 4565 253 4619 dit
274 4579 486 4634 semper
511 4557 687 4632 (Psal.
725 4553 948 4625 muti);
976 4559 1158 4622 aperte
1193 4550 1476 4605 declarans
1500 4547 1626 4618 quia
1656 4564 1755 4602 au-
1789 4565 1834 4620 ι)

176 4655 280 4712 dax
305 4654 569 4726 impietas
590 4665 657 4706 eo
683 4647 857 4719 magis
881 4644 1032 4701 casui
1058 4641 1289 4698 vicinior
1312 4648 1489 4695 exstat
1508 4653 1618 4709 quo
1639 4655 1758 4693 am-

176 4747 321 4818 plius
360 4761 424 4800 se
457 4739 772 4797 ascendisse
816 4736 1110 4792 existimat.
1137 4731 1249 4789 Vos
1295 4746 1427 4802 ergo
1463 4731 1559 4800 qui
1586 4730 1761 4786 Deum

179 4838 404 4914 timetis,
434 4843 495 4890 et
511 4831 657 4888 beati
684 4828 832 4883 Petri
867 4827 1174 4896 ﬁdelitatem
1204 4824 1417 4887 tenetis,
1441 4823 1507 4876 de
1543 4821 1759 4875 miseri-

179 4929 365 4988 cordia
391 4923 612 4982 Domini
637 4921 945 4985 nullatenus
969 4917 1280 4973 haesitantes
1293 4928 1514 4982 prorsus
1526 4920 1758 4981 sperate,

177 5036 230 5084 et
258 5020 633 5082 nefandorum
661 4996 918 5087 perturba
942 5013 1120 5066 ionem
1139 5007 1332 5064 merita
1361 5006 1518 5060 ruina
1542 5006 1650 5059 cito
1677 5020 1763 5060 se-

177 5117 439 5158 dandam-
466 5118 526 5158 et
571 5114 773 5158 sanctae
810 5021 1064 5158 Ecclesia:
1101 5115 1290 5158 pacem
1338 5106 1392 5153 et
1419 5095 1761 5152 securitatem

177 5117 440 5178 dandam,
466 5118 526 5166 et
571 5114 773 5162 sanctae
810 5095 1064 5159 Ecclesia:
1101 5115 1290 5171 pacem
1338 5106 1392 5153 et
1419 5095 1761 5152 securitatem

181 5209 347 5279 (sicut
374 5206 446 5260 de
486 5195 670 5257 divina
697 5194 978 5252 clementia
1014 5192 1345 5248 conﬁdentes
1370 5187 1760 5262 promittimus)

179 5297 433 5370 proxime
454 5288 884 5350 stabiliendam.‘

421 5471 442 5487 π
723 5397 1058 5456 EPISTOLA
1093 5393 1230 5450 vni.

383 5513 456 5553 ΔΙ)
503 5508 804 5555 Διιιωκωι,
826 5504 1111 5547 ειηδεοιδυιί
1147 5500 1569 5542 ελιειιτίιτλκυιι.

785 5583 964 5654 (Anno
1003 5577 1183 5646 l080.)
1239 5596 1241 5599 '

185 5681 516 5737 Cratnlatur
545 5675 612 5730 de
661 5673 799 5728 beati
856 5673 1097 5727 Matthxi
1141 5667 1364 5740 apostoli
1379 5664 1764 5740 “corporisin-

254 5752 522 5806 oratione.
571 5745 833 5800 Hortatur
863 5735 1183 5813 episcopum,
1213 5750 1269 5792 ut
1314 5735 1762 5813 reliquias‘debila

255 5805 598 5877 ueneratione
620 5805 981 5883 prosequatur,
1016 5805 1077 5864 ac
1105 5819 1311 5864 moneat
1341 5809 1521 5859 tlttt‘t’ttt
1555 5805 1684 5857 IL...
1715 5814 1760 5856 rt
1805 5862 1807 5865 ι

1215 402 1416 460 LIBER
1453 399 1798 457 OCTAVUS.
1837 428 1911 441 —-
1945 397 2163 454 EPIST.
2203 396 2294 452 IX.

3284 393 3390 449 583

1889 513 2003 584 ejus
2035 512 2329 584 conjugent,
2357 516 2416 564 ut
2447 515 2555 563 tam
2577 506 2774 584 insigni
2802 515 3024 584 patrono
3053 509 3391 560 reverentiam

1891 578 1944 638 et
1962 578 2212 637 honoreni
2236 582 2477 635 decenter
2501 579 2795 643 exhibeant,
2817 587 2867 630 et
2887 578 3001 646 ejus
3023 592 3168 646 opem
3188 594 3393 647 promc-

1893 655 1999 709 reri
2019 650 2354 706 contendant.

1844 770 1847 773 -
1894 743 2201 799 GREGORIUS
2225 741 2533 810 episcopus,
2557 753 2748 793 servus
2783 749 3064 792 servorum
3092 734 3207 801 Dei,
3240 736 3395 793 fratri

1825 843 1880 889 et
1895 835 2218 904 coepiscOpo
2234 830 2578 886 Salernitano
2597 829 2848 884 Atrium
2869 828 3099 884 salutem
3109 838 3163 884 ct
3178 838 3398 899 aposto-

1827 926 1988 981 licam
2016 923 2467 980 benedictionem.

1898 1016 2104 1072 Divinze
2138 1014 2354 1086 pietatis
2393 1010 2660 1085 respectui
2688 1011 2892 1082 gratias
2932 1009 3174 1082 ingentes
3210 1009 3399 1064 refcri‘
3467 1051 3469 1053 .

1829 1125 1974 1175 mus,
2021 1108 2179 1178 cujus
2216 1106 2456 1178 dignatio
2507 1107 2826 1172 thesaurum
2879 1117 3132 1174 magnum
3194 1101 3400 1171 totique

1831 1200 2035 1255 mundo
2064 1197 2410 1269 profuturum
2442 1195 2644 1251 nostris
2669 1193 3005 1263 temporibus
3030 1191 3401 1247 misericordi-

1833 1299 1914 1346 ter
1940 1290 2213 1346 revelavit.
2252 1288 2371 1344 Non
2410 1287 2682 1342 immerito
2723 1294 2830 1339 tua:
2859 1285 3077 1354 quoque
3121 1283 3401 1338 dilectioni

1832 1384 2190 1454 gratulamur,
2217 1396 2340 1451 quae
2361 1389 2524 1434 tantm
2551 1377 2747 1454 laetitia:
2770 1375 2983 1431 coalitus
3003 1390 3187 1430 revera
3214 1382 3402 1446 osten-

1833 1490 1909 1530 sae
1935 1475 2222 1545 participes
2251 1487 2352 1526 nos
2379 1469 2585 1525 ellicere
2607 1467 2833 1523 sollicite
2860 1465 3190 1535 procuravit.
3217 1464 3406 1519 Credi-

1833 1581 1958 1621 mus
2004 1565 2274 1635 siquidem
2306 1571 2361 1618 et
2397 1562 2774 1616 incunctanter
2812 1557 3134 1623 asserimus,
3163 1557 3229 1610 dc
3269 1556 3404 1610 tanti

1834 1657 2078 1727 corporis
2105 1655 2436 1721 inventione,
2468 1668 2574 1707 non
2610 1650 2786 1705 solum
2819 1648 2996 1718 ipsum
3018 1649 3236 1702 beatum
3269 1645 3407 1700 Mat-

1836 1749 2036 1804 tlneum
2065 1746 2393 1817 apostolum,
2424 1758 2613 1798 verum
2635 1741 2797 1795 etiam
2825 1747 3048 1794 caeteros
3066 1738 3407 1808 coapostolos
3471 1729 3474 1731 Α

1835 1855 1961 1896 cum
1983 1839 2187 1895 sanctis
2226 1836 2501 1900 omnibus,
2530 1833 2771 1902 ipsisque
2794 1831 3104 1886 caelestibus
3129 1830 3409 1900 spiritibus

1769 1901 1812 1955 Β
1836 1941 1890 1986 et
1911 1931 2142 2002 gloriosa
2161 1927 2257 1982 Dei
2279 1925 2535 1997 genitrice
2552 1901 2744 1986 Maria,
2769 1921 3089 1975 mortalibus
3103 1921 3411 1991 congaude—

1819 2040 1915 2089 ‘re,
1949 2033 2108 2091 atque
2128 2022 2371 2089 ipsorum
2420 2015 2664 2072 omnium
2713 2012 2892 2067 studia
2920 2010 3065 2065 circa
3106 2010 3410 2065 humanum

1837 2130 2005 2185 genus
2057 2114 2159 2167 hoc
2193 2122 2433 2179 tempore
2483 2123 2648 2177 quam
2691 2105 2812 2160 aliis
2857 2105 3029 2158 multo
3059 2104 3429 2173 propensiora

1839 2207 2182 2274 multumque
2217 2216 2339 2256 esse
2374 2197 2726 2254 uberautiora
2765 2195 2828 2268 [Ῑ.
2869 2195 3304 2260 exuberantiora,
3333 2196 3415 2248 sic

1838 2307 1886 2350 et
1916 2299 1973 2350 in
1998 2294 2112 2349 cod.
2147 2289 2387 2363 ﬁlatim].
2419 2286 2477 2344 Si
2504 2289 2650 2343 enim
2681 2286 2890 2342 ueteris
2922 2286 3256 2356 temporibus
3282 2301 3412 2340 san-

1841 2397 2050 2442 ctorum
2089 2400 2188 2439 uos
2209 2383 2508 2453 patrocinia
2545 2381 2630 2450 pia
2658 2394 2763 2432 non
2794 2379 3073 2443 deserunt,
3109 2376 3416 2432 certissima

1840 2487 1970 2534 tunc
2001 2467 2344 2547 potissimum
2368 2473 2634 2544 speranda
2661 2479 2790 2547 sunt
2821 2485 3008 2523 eorum
3041 2470 3262 2534 auxilia,
3286 2483 3414 2524 cum

1842 2568 2184 2625 sanctissima
2209 2581 2398 2620 eorum
2435 2578 2661 2631 corpora
2700 2543 2858 2615 nobis
2881 2559 3039 2629 quasi
3064 2559 3302 2613 rediviva
3331 2558 3418 2613 di-

1841 2661 1969 2715 vino
1992 2665 2123 2713 nutu
2149 2654 2597 2720 uianilestantur;
2626 2661 2680 2706 et
2706 2651 2848 2706 sicut
2874 2666 2969 2720 per
2987 2649 3234 2720 corporei
3253 2663 3415 2718 aspe-

1845 2760 1965 2808 ctus
1989 2747 2244 2804 intuitum
2274 2755 2533 2815 tanquam
2555 2744 2690 2798 ﬁdes
2709 2741 2968 2808 cernitur,
2993 2756 3117 2811 spes
3135 2740 3248 2810 jam
3273 2748 3420 2795 tene-

1845 2853 1954 2911 tur,
1985 2845 2057 2897 ita
2078 2856 2270 2897 eorum
2301 2837 2561 2894 benelicia
2604 2843 2733 2890 tunc
2752 2848 2881 2906 erga
2910 2833 3133 2888 devotos
3164 2831 3419 2886 renovari

1845 2936 2178 3003 uberiusque
2217 2931 2519 2986 redundare
2547 2927 2874 2983 credendum
2904 2933 3005 2979 est.
3037 2923 3192 2979 Unde
3215 2932 3270 2978 et
3302 2923 3418 2992 jam

1847 3034 2034 3082 sancta
2064 3017 2388 3080 universalis
2417 3020 2681 3085 Ecclesia,
2706 3015 2912 3073 dudum
2941 3015 3152 3084 magnis
3183 3014 3418 3068 turbini-

1845 3121 1950 3175 bus
1962 3119 2235 3188 variisque
2255 3123 2638 3184 tempestatum
2663 3109 2916 3181 procellis
2939 3106 3196 3177 impulsa,
3221 3105 3425 3160 clamo-

1776 3234 1819 3290 ρ
1851 3228 1962 3266 rem
1985 3225 2143 3265 suum
2179 3225 2209 3263 a
2236 3206 2466 3260 Domino
2486 3203 2800 3258 exauditum
2839 3215 2946 3256 non
2978 3198 3205 3264 dubitet,
3231 3197 3324 3252 sed
3353 3198 3422 3253 ad

1849 3305 2017 3374 quieti
2041 3303 2235 3357 littoris
2265 3304 2612 3356 securitatem
2635 3297 2842 3351 alacres
2861 3293 3049 3349 oculos
3075 3307 3107 3347 e
3126 3293 3305 3347 vicino
3333 3291 3424 3345 in-

1845 3395 2094 3459 tendens,
2144 3394 2285 3446 beati
2340 3390 2577 3444 Matthzei
2629 3387 2858 3458 apostoli
2913 3385 3222 3455 praesidium
3265 3383 3423 3450 juxta

1850 3484 2242 3554 contempletur
2255 3481 2511 3551 quoniam
2536 3479 2649 3548 jam
2683 3493 2827 3531 nunc
2853 3476 3016 3530 dubie
3042 3475 3151 3544 agit
3179 3475 3232 3527 in
3260 3484 3422 3543 portu

1852 3579 1937 3632 cui
1969 3592 2122 3631 suam
2151 3573 2492 3644 prmsentiam
2520 3569 2758 3626 ostendit
2782 3554 3110 3638 gubernator
3139 3565 3421 3635 antiquus.

1853 3669 2191 3739 Quapropter
2230 3667 2295 3721 de
2319 3665 2453 3719 tanti
2483 3661 2726 3718 thesauri
2754 3661 3079 3716 revelatione
3102 3667 3196 3713 tua
3224 3656 3426 3713 frater-

1853 3763 1995 3816 nitas
2049 3761 2283 3814 exsultet
2332 3757 2385 3811 in
2448 3755 2700 3820 Domino,
2759 3753 3104 3807 beatissimus
3167 3751 3429 3822 reliquias

1853 3852 2047 3905 debita:
2058 3849 2420 3905 venerationis
2442 3845 2718 3914 obsequiis
2738 3844 2915 3914 dignis
2942 3845 3292 3912 amplectens,
3317 3843 3430 3912 glo-

1853 3943 2061 3997 riosum
2089 3941 2281 3996 ducem
2321 3938 2458 3993 IL...
2489 3937 2770 4007 ipsiusque
2807 3935 3203 3991 nobilissimam
3237 3935 3431 4004 conju-

1855 4049 1974 4105 gcm
2011 4033 2259 4088 hortetur
2281 4039 2337 4087 et
2370 4037 2607 4096 moneat,
2636 4035 2906 4100 quatenus
2934 4037 3043 4082 tam
3094 4027 3291 4098 insigni
3327 4042 3430 4096 pa-

1860 4134 2038 4192 trono,
2063 4126 2156 4195 qui
2173 4140 2232 4181 se
2258 4124 2339 4180 eis
2363 4122 2739 4178 demonstrare
2766 4118 3020 4190 dignatus
3043 4128 3146 4182 est,
3176 4133 3429 4171 reveren-
3522 4181 3526 4186 '

1859 4220 1986 4272 tiam
2007 4227 2061 4272 et
2084 4219 2345 4272 honorem
2368 4215 2616 4268 decenter
2633 4211 2968 4274 exhibentes,
2998 4209 3169 4277 ipsius
3197 4207 3427 4277 gratiam

1855 4318 1910 4365 et
1935 4309 2197 4363 auxilium
2233 4306 2335 4361 sibi
2365 4304 2590 4373 suisque
2633 4299 2933 4372 promereri
2963 4299 3175 4354 nisibus
3202 4311 3433 4353 summm

1857 4399 2160 4456 devotionis
2179 4395 2537 4453 contendant.

1928 4492 2059 4547 Data
2108 4487 2295 4546 Roma:
2315 4531 2330 4558 ,
2379 4488 2590 4544 decimo
2630 4494 2827 4556 quarto
2861 4483 3133 4541 Kalendas
3160 4483 3432 4540 Octobris.

2413 4622 2751 4680 EPISTOLA
2784 4621 2880 4677 IX.

2457 4733 2522 4770 AD
2547 4730 2840 4770 GEBXANOS.

2437 4809 2618 4880 (Anno
2662 4806 2848 4879 l080.)

1861 4903 2244 4960 Calamitatnm
2287 4901 2538 4956 Ecclesia:
2585 4917 2800 4954 causam
2819 4897 3059 4969 peccatis
3081 4895 3321 4969 ascribit;
3342 4894 3436 4948 sed

1931 4975 2187 5044 patientia
2215 4983 2264 5026 et
2293 4990 2381 5043 spe
2412 4977 2540 5044 opus
2562 4989 2672 5025 esse
2692 4965 2935 5044 ostendit.
2971 4965 3237 5044 Hertatur
3257 4967 3439 5044 itaque

1931 5037 2159 5114 primum
2203 5037 2526 5108 sacerdotes,
2568 5052 2625 5094 ut
2656 5039 2994 5114 subditorum
3009 5039 3241 5114 actiones
3267 5037 3439 5114 coiri-

1934 5106 2090 5186 'gant;
2132 5115 2315 5168 deinde
2364 5106 2577 5167 cwteros
2619 5125 2824 5174 omnes,
2869 5116 2928 5162 ut
2951 5107 3211 5186 ﬁduciam
3244 5109 3299 5186 in
3325 5106 3439 5174 Do-

1934 5178 2079 5240 ;nino
2119 5187 2471 5246 constituant;
2511 5189 2685 5250 sperat
2719 5189 2893 5232 tamen
2917 5179 3194 5233 nonnullos
3221 5178 3290 5230 ad
3318 5192 3437 5243 gre-

1838 5316 1840 5318 τ
1935 5257 2099 5309 mium
2122 5253 2307 5306 ma'tris
2346 5251 2598 5305 Ecclesia:
2630 5267 2932 5304 conversum
2955 5250 3046 5304 iri.

1934 5345 2241 5401 GREGORIL‘S
2281 5343 2592 5414 episcopus,
2621 5359 2812 5400 servus
2853 5356 3134 5396 servorum
3168 5335 3284 5400 Dei,
3313 5348 3436 5388 om-

1863 5437 2029 5495 nibus
2064 5437 2490 5507 archiepiscopis
2508 5479 2522 5504 ,
2551 5435 2822 5507 episcopis
2840 5475 2856 5501 ,
2883 5431 3206 5498 diversique
3224 5415 3461 5509 ordinis.

1863 5545 1949 5587 ac.
1975 5529 2260 5601 potestatis
2305 5528 2521 5584 clericis
2559 5536 2614 5582 et
2653 5526 2807 5582 laicis
2839 5525 2896 5578 in
2937 5521 3238 5576 Teutonico
3265 5536 3436 5588 regno

1864 5621 2238 5686 morantibus,
2309 5621 2418 5675 illis
2465 5621 2728 5675 duntaxat
2771 5616 2866 5686 qui
2921 5623 3125 5671 sanctae
3174 5612 3433 5667 Romanis:

1865 5712 2115 5768 Ecciesia'
2158 5711 2384 5764 lnlelitcr
2412 5711 2666 5766 obediuut
2692 5751 2706 5775 ,
2740 5709 2967 5764 salutem
2998 5716 3050 5761 et
3078 5702 3431 5775 apostolicam

1866 5804 2309 5860 benedictionem.
