3952 6408
466 442 571 497 583

1100 442 1155 496 S.
1199 440 1525 497 GREGORII
1559 439 1650 496 ιἰι
1684 437 1884 496 ΡΛΡιΕ
1923 440 2055 498 OPE

2160 441 2207 496 ii
2232 438 2505 524 must.
2545 474 2617 484 —
2657 442 3075 501 nscisrntsii.

3612 452 3715 510 εει

533 550 805 622 Quoniam
856 552 991 608 nihil
1033 555 1086 608 in
1135 564 1277 609 terra
1307 556 1423 611 sine
1462 572 1624 610 causa
1661 557 1721 625 ﬁt
1757 554 1899 628 (Job.
1945 556 2034 627 v),
2066 561 2110 615 Α
2137 558 2401 613 honorem
2440 566 2495 612 et
2530 558 2886 615 reverentiam
2914 560 3091 631 lcgato
3113 568 3302 616 nostro
3326 559 3715 632 Populonicnsi

466 646 609 703 sicut
634 634 894 715 sapientis
922 646 1084 700 verba
1115 633 1420 731 testantur,
1449 647 1597 715 quod
1622 646 1827 701 dudum
1850 656 2035 701 sancta
2139 651 2394 721 episcopo
2426 649 2520 705 \‘u.
2603 690 2631 707 ..
2682 650 2713 706 ’.
2793 691 2809 705 .

2897 691 2914 707 ,
2985 652 3233 708 exhibuit
3266 669 3365 710 :ac
3384 656 3613 725 proinde
3639 658 3716 715 ita

467 728 710 792 Ecclesia
749 735 1025 819 ﬂuctuum
1081 728 1552 806 procellarumque
1597 737 1741 792 mole
1787 737 2038 792 conculi-
2139 742 2478 801 devotionem
2522 751 2671 799 tuam
2721 743 2779 798 in
2826 738 2920 799 illo
2960 745 3320 816 suscipimus,
3344 749 3503 819 quasi
3526 750 3714 815 nobis.

467 834 595 891 tur,
661 826 919 896 quodque
952 816 1271 897 tyrannica:
1330 826 1702 896 percussionis
1777 826 2041 883 hactenus

467 916 674 970 rabiem
721 910 956 986 patitur,
1011 931 1120 971 non
1172 917 1279 972 nisi
1317 918 1558 988 peccatis
1592 916 1795 973 nostris
1820 918 2044 989 exigen-

469 1007 614 1063 tibus
656 1008 877 1062 evenire
912 1008 1244 1063 credendum
1280 1015 1386 1063 est.
1427 1007 1564 1063 Nam
1586 1008 1793 1077 judicia
1820 1008 2041 1078 quidem

468 1096 561 1152 Dei
591 1098 874 1154 verissime
902 1098 1089 1152 omnia
1114 1098 1263 1168 justa
1299 1107 1459 1165 sunt;
1497 1098 1590 1155 sed
1620 1099 1761 1154 inter
1787 1098 1903 1154 haec
1931 1115 2045 1154 om-

466 1188 554 1243 nia
572 1229 589 1254 ,
618 1189 928 1256 clarissimi,
950 1189 1327 1260 dispositionis
1354 1190 1553 1244 divinae
1579 1190 1851 1261 patientiae
1869 1191 2045 1245 virtus

468 1281 712 1335 habenda
740 1289 824 1337 est
851 1289 905 1335 et
930 1281 1043 1351 spei
1072 1280 1342 1336 certitudo
1373 1281 1440 1335 ad
1463 1282 1701 1336 cmlestis
1729 1281 2043 1337 misericor-

465 1371 568 1426 diic
596 1382 849 1442 respectu
874 1371 1105 1427 ﬁrmiter
1131 1380 1215 1425 est
1251 1363 1588 1427 ostendenda
1615 1391 1629 1440 ;
1661 1373 1821 1442 cujus
1850 1388 2046 1427 manus

467 1478 569 1517 nec
596 1463 663 1516 ad
690 1463 1035 1517 exaltandam
1061 1464 1301 1518 ﬁdelium
1326 1464 1690 1518 humilitatem
1720 1463 2007 1519 imbecillis
2026 1504 2043 1530 ,

468 1570 568 1608 nec
607 1554 674 1608 ad
711 1554 1069 1625 dejiciendam
1107 1555 1327 1610 hostilis
1353 1555 1603 1610 elationis
1626 1555 1933 1624 superbiam
1969 1555 2049 1610 in-

466 1646 683 1701 venitur
729 1645 986 1701 invalida.
1038 1645 1195 1713 Quod
1243 1647 1290 1700 si
1322 1646 1607 1715 culparum
1636 1646 1840 1702 morbis
1867 1646 2045 1716 pumi-

468 1737 649 1792 tentizc
710 1734 1047 1793 medicamen
1101 1737 1546 1801 adliibucrimns,
1573 1745 1634 1791 et
1673 1752 1932 1792 excessus
1983 1751 2049 1792 ac

467 1828 822 1898 negligentias
851 1837 1070 1883 nostras
1094 1828 1195 1898 ipsi
1227 1828 1473 1883 districta
1513 1827 1836 1899 corrigendo
1869 1827 1933 1882 ad
1964 1828 2049 1898 ju-

388 1906 391 1907 ν
467 1919 627 1975 stitia:
645 1919 876 1973 formam
892 1925 1076 1979 mores
1098 1928 1318 1974 nostros
1341 1918 1762 1985 instituerimus,
1781 1917 2046 1988 profecto,

468 2025 705 2082 superna
748 2011 953 2065 virtute
993 1994 1330 2077 auxiliante,
1377 2018 1433 2064 et
1480 2009 1827 2063 inimicorum
1867 2008 2049 2063 rabies

466 2101 577 2154 cito
611 2099 808 2170 peribit
835 2109 889 2153 et
916 2100 1010 2155 diu
1036 2100 1403 2155 desideratam
1438 2114 1625 2169 pacem
1655 2106 1820 2168 atque
1848 2099 2051 2154 securi-

469 2201 635 2247 tatem
664 2190 904 2246 Eeclcsia
942 2200 1132 2245 sancta
1170 2191 1410 2260 recipiet.
1442 2190 1624 2257 Quare
1652 2190 1808 2245 vobis
1835 2190 2048 2260 Specia-

467 2282 609 2347 liter,
639 2282 734 2352 qui
765 2282 820 2335 in
848 2281 1204 2335 sacerdotalis
1236 2281 1529 2351 regiminis
1547 2280 1700 2350 apice
1726 2280 2047 2350 pricsidctis,

469 2384 617 2427 nunc
642 2373 918 2443 loquimur
939 2412 953 2438 ,
983 2372 1050 2426 ad
1098 2373 1331 2442 quorum
1355 2372 1775 2427 sollicitudinem
1812 2372 2054 2428 subdito-

470 2479 591 2519 rum
617 2464 725 2517 vita
753 2463 1024 2534 pertinere
1050 2463 1423 2534 dignoscitur,
1442 2474 1496 2519 ct
1510 2478 1650 2534 quos
1677 2463 1745 2520 dc
1770 2464 2050 2520 commissi

470 2555 649 2625 gregis
691 2570 824 2609 cura
874 2553 930 2608 in
976 2564 1209 2608 venturo
1250 2555 1501 2608 examine
1530 2549 1796 2608 rationem
1828 2554 2052 2609 reddere

469 2646 754 2708 convenit,
789 2653 851 2699 ut
882 2644 1255 2715 subjectorum
1287 2654 1443 2699 actus
1467 2654 1522 2699 et
1542 2644 2049 2711 conversationem,

471 2739 618 2793 nulla
654 2730 827 2808 gratia
864 2737 947 2792 vel
979 2737 1175 2791 timore
1199 2737 1594 2806 pricpcdiente,
1641 2736 1929 2808 diligenter
1968 2736 2053 2790 in-

470 2828 732 2899 Spit-iatis,
744 2830 1055 2885 ctdiscreta:
1072 2827 1428 2883 correctionis
1447 2828 1565 2882 acie
1582 2843 1704 2898 quae
1724 2826 2052 2897 amputanda

472 2930 601 2975 sunt
621 2935 891 2986 resecare,
921 2919 1223 2976 secundum
1245 2918 1391 2988 quod
1414 2934 1445 2973 a
1469 2927 1643 2975 matre
1655 2927 1837 2973 vestra
1864 2925 2053 2973 sancta

473 3012 717 3068 Romana
755 3011 995 3067 Ecclesia
1041 3010 1351 3080 accepistis,
1402 3024 1511 3064 non
1552 3010 1865 3081 negligatis;
1920 3010 2054 3065 illud

471 3104 850 3175 propheticum
892 3103 949 3158 in
977 3102 1241 3157 memoria
1279 3116 1495 3171 semper
1524 3102 1788 3156 habentes
1818 3120 1831 3155 :
1865 3100 2052 3156 Sacri-

2142 834 2253 890 imo
2294 828 2453 913 beato
2492 832 2655 889 Petro
2688 834 3029 906 praestiteris,
3059 836 3273 893 dicente
3306 836 3578 896 Domino:
3608 841 3716 908 Qui

2142 941 2229 979 ros
2270 923 2484 996 recipit,
2510 943 2590 982 me
2620 929 2807 999 recipit
2830 929 3047 1001 (Matth.
3083 931 3165 1004 ι).
3204 931 3716 1008 Βίιοοίὶῡιιθιιιρνκο

2142 1026 2290 1072 tuam
2332 1034 2645 1087 monemus,
2680 1030 2738 1075 ut
2766 1036 2831 1075 ea
2860 1036 2983 1091 quin
3008 1037 3038 1076 a
3061 1021 3288 1094 praefato
3314 1026 3492 1098 legato
3526 1039 3719 1084 nostro

2143 1117 2306 1180 atque
2352 1110 2536 1167 Azone
2574 1112 2824 1184 prudenti
2853 1113 2974 1169 viro
3003 1116 3295 1184 audivisti,
3324 1118 3433 1173 alta
3452 1123 3718 1177 memoria

2144 1215 2354 1272 semper
2392 1203 2650 1270 retineas,
2675 1204 2723 1258 si
2751 1204 2829 1264 tui
2851 1205 3168 1261 memoriam
3192 1207 3247 1261 in
3276 1209 3432 1265 nobis
3457 1221 3581 1267 ante
3609 1211 3719 1265 Do-

2144 1293 2351 1349 minum
2390 1294 2594 1366 jugiter
2632 1310 2756 1360 esse
2786 1295 3083 1353 desideras.
3114 1295 3227 1353 Nos
3253 1300 3400 1353 enim
3429 1305 3717 1359 memorati

2144 1386 2383 1455 episcOpi
2425 1386 2642 1441 hortatu
2671 1395 2727 1483 F1
2752 1388 3007 1458 precibus
3031 1430 3045 1455 ,
3068 1390 3247 1459 quise
3275 1407 3305 1445 a
3333 1399 3386 1446 tc
3406 1404 3720 1450 reverenter

2146 1486 2462 1547 susceptum
2508 1476 2915 1549 honoriﬁceque
2953 1487 3245 1547 tractatum
3288 1488 3548 1549 testatur,
3572 1486 3719 1555 apud

2146 1569 2341 1637 illum,
2391 1570 2551 1641 cujus
2594 1569 2715 1626 vice
2761 1569 2890 1626 licet
2937 1570 3145 1642 indigni
3199 1571 3515 1644 fungimur,
3565 1583 3621 1632 te
3658 1576 3719 1631 in

2147 1670 2326 1734 mente
2347 1662 2650 1733 specialiter
2668 1661 2920 1733 deinceps
2942 1663 3142 1720 habere
3155 1672 3429 1736 optamus.
3452 1664 3724 1725 Nolumus

2147 1762 2328 1810 autem
2374 1753 2717 1824 prudentiam
2756 1761 2907 1809 tuam
2947 1754 3174 1811 moleste
3193 1756 3438 1828 accipere
3457 1759 3604 1830 quod
3624 1776 3724 1815 ar-

2149 1845 2555 1915 chiepiscopum
2574 1853 2815 1913 vestrum
2836 1844 3097 1900 Jacobum
3119 1849 3497 1905 consuetudini
3518 1862 3729 1909 sancte

2151 1936 2408 1991 Romana:
2446 1934 2733 2002 Ecclesiae,
2776 1936 2968 1992 matris
3011 1936 3257 1992 omnium
3304 1937 3672 1998 Ecelesisrum
3706 1984 3727 2011 ,

2146 2036 2448 2098 vestraeque
2479 2027 2783 2098 specialiter
2820 2028 3043 2084 obedire
3063 2029 3361 2101 coegimus,
3397 2032 3605 2088 scilicet
3637 2043 3730 2101 ut,

2148 2120 2604 2191 quemadmodum
2633 2118 2802 2175 totius
2833 2118 3183 2175 occidentalis
3210 2118 3466 2177 Ecclesia:
3500 2122 3681 2178 clerus
3708 2117 3761 2190 ,’

2149 2211 2218 2267 ab
2239 2211 2373 2282 ipsis
2393 2211 2517 2267 ﬁdei
2541 2210 2867 2266 Christianae
2887 2210 3223 2281 primordiis,
3245 2211 3469 2271 barbam
3496 2196 3730 2271 radendi

2150 2316 2359 2356 morem
2373 2303 2547 2356 tenuit
2562 2343 2577 2367 ,
2608 2300 2681 2355 ita
2700 2309 2754 2355 et
2780 2301 2896 2370 ipse
2920 2299 3088 2357 frater
3116 2311 3303 2357 noster
3324 2314 3504 2360 vester
3534 2308 3707 2362 .archi

2149 2393 2440 2465 episcopus
2459 2392 2689 2448 raderet.
2720 2390 2874 2447 Unde
2892 2391 3198 2449 eminentia:
3223 2408 3443 2465 quoque
3461 2405 3568 2452 tute
3591 2414 3733 2469 pra:-

2151 2485 2385 2556 cipimus
2424 2494 2483 2541 ut
2516 2486 2718 2555 ipsum,
2752 2498 2850 2539 ceu
2886 2492 3163 2555 pastorem
3183 2492 3238 2541 et
3252 2486 3594 2556 ,spiritualem
3624 2505 3731 2560 pa-

2150 2586 2317 2644 trem,
2357 2576 2662 2648 suscipiens
2701 2584 2757 2631 et
2796 2576 3113 2632 auscultans
3137 2616 3154 2643 ,
3186 2592 3311 2633 cum
3346 2578 3574 2635 consilio
3604 2582 3737 2652 ejus

2152 2684 2370 2725 omnem
2415 2678 2527 2723 tua:
2565 2667 2850 2738 potestatis
2882 2667 3089 2723 clerum
3111 2665 3311 2723 barbas
3335 2668 3529 2725 radere
3550 2669 3735 2731 facias

2151 2770 2318 2832 atque
2351 2759 2683 2831 eompellas;
2725 2773 2815 2821 res
2847 2771 3068 2829 quoque
3104 2757 3329 2814 omnino
3350 2762 3729 2830 rcnuentium,

2153 2852 2257 2909 nisi
2291 2852 2511 2908 demum
2533 2850 2934 2917 consenserint,
2959 2850 3226 2921 publiees,
3256 2850 3312 2906 id
3333 2859 3419 2906 est
3436 2852 3552 2922 juri
3575 2851 3737 2908 Calas

2153 2944 2346 2998 ritanae
2364 2942 2620 2998 Ecclesia:
2646 2941 2851 3007 tradas,
2881 2949 2936 2997 et
2960 2957 3028 2996 ne
3048 2942 3277 2999 ulteriu‘s
3306 2943 3431 2999 inde
3459 2959 3520 3000 se
3550 2944 3732 3001 introc

2155 3036 2371 3091 mittant
2416 3034 2758 3107 constringas
2778 3075 2795 3101 ,
2846 3049 2949 3089 nec
2992 3048 3100 3088 non
3139 3034 3317 3104 ipsum
3356 3035 3425 3091 ad
3463 3036 3733 3094 honorem

2154 3128 2523 3185 Ecclesiarum
2572 3125 2970 3182 defendendum
3018 3124 3423 3197 promptissime
3481 3128 3731 3198 adjuves.

472 3196 632 3266 ﬁcate
686 3195 1015 3265 sacriﬁcium
1055 3193 1327 3263 justitite,
1380 3201 1430 3247 et
1474 3201 1681 3262 sperate
1726 3193 1796 3272 in.
1826 3191 2051 3261 Domino

2157 3218 2423 3273 Praeterea
2489 3216 2746 3271 nolumus
2817 3191 3104 3269 scientiam
3160 3191 3310 3269 tuam
3362 3215 3531 3272 latere
3547 3191 3736 3273 'nobis

475 3286 650 3357 (Psal.
691 3286 787 3357 iv).
829 3285 907 3342 De
934 3293 1142 3339 .czctcro
1169 3283 1513 3340 dilectionem
1536 3284 1781 3338 omnium
1809 3290 2051 3338 vestrum

473 3468 707 3525 Doniino
745 3478 799 3524 et
831 3470 885 3523 in
913 3467 1154 3539 potentia
1188 3466 1411 3520 virtutis
1436 3464 1555 3534 ejus
1577 3464 1891 3519 constituite
1917 3478 2055 3533 quo-

476 3563 623 3617 niam
667 3560 763 3615 ﬁni
821 3557 1280 3630 appropinquavit
1318 3554 1763 3612 adversariorum
1804 3555 2053 3623 malitia,

476 3656 549 3723 ita
572 3663 633 3709 ut
664 3653 759 3723 qui
800 3639 1156 3721 desperantes
1180 3650 1234 3704 in
1265 3647 1557 3702 Dominum
1583 3656 1637 3702 et
1660 3655 1906 3702 sanetam
1941 3646 2055 3702 Ro-

476 3758 716 3808 manam,
738 3741 999 3796 .omnium
1021 3748 1276 3805 matrem,
1301 3738 1599 3792 Ecclesium
1624 3753 1683 3792 se
1702 3738 2018 3792 extulerunt
2037 3778 2054 3802 ,

476 3833 796 3891 temeritatis
844 3846 1072 3903 pinnas,
1116 3830 1260 3885 haud
1309 3815 1559 3884 multum.
1580 3828 1829 3887 tardante
1866 3827 2056 3883 merita

477 3928 637 3999 ruina
657 3968 674 3991 ,
693 3924 1021 3995 persolvant.
1051 3920 1308 3977 Nonnulli
1336 3930 1538 3987 tamen,
1574 3920 1727 3997 quod
1747 3920 1815 3975 de
1847 3918 2060 3976 cunctis

440 4043 445 4048 -
476 4026 794 4088 optaremus
815 4056 831 4083 ,
858 4030 954 4085 per
985 4008 1542 4069 miscricordianiDei
1568 4010 1635 4065 de
1654 4024 1842 4065 errore
1878 4025 1982 4064 suo
2006 4019 2061 4066 et

479 4108 785 4185 iniquitatis
818 4106 905 4161 via
946 4103 1272 4176 pmnitcntes
1309 4102 1378 4157 ad
1413 4101 1680 4175 gremium
1709 4101 1901 4158 matris
1923 4116 2059 4157 con-

475 4208 765 4256 vertuntur
798 4196 1076 4258 Ecclesiae.

550 4291 683 4347 Data
714 4305 747 4345 ι
783 4286 902 4343 Kal.
938 4283 1211 4343 Octobris.

982 4360 985 4364 ‘
1043 4372 1383 4451 cristam
1426 4372 1498 4429 Χ.

717 4461 811 4527 an
839 4480 1118 4526 onz‘occuu
1144 4450 1371 4522 subiecit
1397 4479 1796 4520 CALARITASUI.

481 4565 817 4629 Derotianem
842 4561 954 4631 ejus
983 4576 1111 4631 erga,
1149 4559 1355 4612 beatum
1380 4555 1600 4610 Petrum
1621 4556 1677 4607 in
1711 4555 1903 4607 honore
1925 4568 2064 4631 praef

555 4638 678 4689 s'ito
701 4623 880 4704 legati;
908 4623 1196 4704 aposiolica
1226 4643 1543 4704 agnoscens,
1569 4631 1741 4678 monet
1776 4632 1834 4677 ut
1865 4623 2063 4704 quceab

553 4707 663 4760 ipsa
687 4690 867 4773 «legato
897 4690 1116 4773 ‘a'udirit
1144 4690 1399 4773 ηιειιῖοήα
1435 4690 1607 4773 teneat
1632 4735 1649 4761 ,
1689 4708 1812 4747 nece
1851 4690 2067 4773 moleste

563 4778 701 4847 [erat
745 4762 906 4847 "quod
948 4769 1261 4847 quemdam
1338 4767 1805 4847 archiepiscopum
1849 4762 2067 4847 {iarbam

553 4830 740 4900 indere
760 4830 927 4912 c'oegit
947 4856 966 4906 ;
989 4830 1079 4894 Sed
1100 4840 1272 4909 ipsum
1294 4846 1353 4891 ut
1372 4830 1638 4912 pastorem
1659 4830 1973 4912 suscipiens,
2003 4830 2067 4884 de

552 4916 669 4987 ejus
708 4902 1172 4987 tansivliomenein
1196 4902 1470 4987 potestatis
1493 4919 1604 4959 sua!
1623 4902 1822 4957 clerum
1845 4902 2070 4987 bardum

553 4971 738 5042 riidere
756 4981 1056 5052 compellat.
1082 4978 1151 5035 Sc
1187 4971 1359 5052 noluit
1393 4976 1471 5052 ait
1517 4988 1796 5052 assensum
1817 4973 1908 5052 _iis
1938 4971 2066 5052 dare

553 5041 655 5128 qui,
668 5065 862 5118 terram
873 5041 1048 5123 ipsius
1076 5046 1360 5128 invadendi
1383 5044 1707 5128 facultatem
1727 5042 1830 5095 sibi
1852 5041 2066 5128 otiandi

555 5111 811 5199 petierunt
825 5165 841 5189 ,
864 5111 1032 5199 neque
1052 5121 1325 5181 daturum,
1348 5111 1572 5199 si‘ﬁdem
1591 5111 2066 5199 servare

556 5181 662 5251 imo
684 5238 702 5262 ,
730 5196 777 5251 si
816 5181 951 5265 quis'
977 5192 1032 5265 id
1060 5181 1430 5265 attentare-erit,
1463 5201 1495 5237 a
1526 5181 2063 5265 «prohibiturus-iri,

554 5250 774 5336 eumque
804 5250 944 5336 b'eati
981 5259 1136 5336 Petri
1163 5250 1428 5310 auxilium
1450 5296 1467 5320 ,
1494 5253 1541 5309 si
1580 5250 1636 5308 iit
1672 5252 1788 5323 ejus
1808 5250 2068 5323 ﬁdelitate

555 5329 936 5408 permanserit,
971 5329 1297 5383 habiturum.

492 5484 497 5487 _
556 5428 868 5484 Caesonius
905 5421 1199 5491 episcopus
1224 5460 1240 5486 ,
1275 5429 1472 5473 servus
1497 5428 1781 5470 servorum
1816 5410 1914 5467 Dei

487 5521 640 5579 riosd
655 5516 825 5588 judici
850 5511 1167 5570 Calaritano
1188 5506 1436 5564 Onzocco
1461 5504 1624 5579 [forte
1651 5503 1825 5560 verius
1856 5498 2066 5556 Onzo’c—

483 5619 686 5679 con,ut
715 5609 809 5663 lib.
841 5622 860 5660 ι
885 5646 901 5671 ,
933 5599 1018 5675 cp.
1046 5596 1352 5685 4i.liann.]
1374 5597 1606 5653 salutem
1629 5603 1685 5650 et
1711 5591 2066 5665 apostolicam

480 5698 946 5761 benedictionem.

559 5754 785 5831 iii-itii;
818 5764 1177 5837 omnipotenti
1211 5763 1324 5819 Deo
1369 5757 1658 5841 referimus
1691 5754 1834 5827 quod
1861 5763 1953 5809 tua
1976 5769 2069 5809 su-

491 5860 767 5931 blimitas,
814 5862 1031 5918 beatum
1076 5856 1301 5913 Petrum
1340 5848 1769 5926 recognoscens,
1824 5846 2065 5901 debitum

475 3306 650 3357 trsat.
691 3306 787 3357 IV).
831 3306 1142 3342 3013313er
1169 3306 1513 3340 (ιιιεειιυῐιιεω
1536 3306 1781 3338 υωιιιιιιιι
1811 3306 2051 3338 ιἐδιιίιιιι
2096 3358 2103 3363 ι
2155 3318 2354 3364 terram
2418 3314 2653 3363 vestram
2706 3321 2739 3361 ἃ
2781 3306 2967 3361 multis
3014 3306 3269 3379 gentibus
3310 3321 3434 3366 esse

475 3377 764 3435 monemus
791 3379 990 3448 {atque
1035 3376 1364 3442 hortamur,
1406 3374 1664 3430 fiduciam
1712 3382 1949 3430 vestram
1997 3373 2050 3429 in
2099 3386 2102 3389 '
2154 3401 2393 3448 maxima
2449 3398 2711 3448 mwiliL
2764 3398 2812 3448 si
2866 3394 2988 3448 em
3038 3398 3476 3448 mmimmmus
3515 3400 3733 3448 imm“-

2154 3401 2394 3456 maxima
2449 3398 2670 3454 servitia
2695 3438 2711 3464 ,
2764 3398 2812 3454 si
2866 3394 2989 3454 eam
3038 3398 3476 3469 permitteremus
3515 3400 3734 3468 invadi,

2156 3491 2326 3549 fuisse
2375 3490 2667 3561 promissa.
2705 3488 2780 3544 ita
2843 3498 2906 3545 ut
2960 3489 3305 3545 medietatem
3361 3490 3531 3547 totius
3576 3501 3739 3547 terra-

2155 3592 2345 3640 nostro
2390 3581 2515 3636 usui
2557 3581 2759 3636 vellent
2796 3581 3104 3649 relinquere
3143 3589 3467 3651 partemque
3503 3582 3737 3656 alterum

2156 3675 2225 3729 ad
2271 3672 2583 3736 fidelitatem
2623 3681 2868 3726 nostram
2900 3669 3029 3726 ‘sibi
3077 3661 3590 3744 habereXCu‘mque
3630 3673 3740 3730 hoc

2157 3783 2267 3824 non
2323 3764 2502 3821 solum
2546 3778 2578 3819 a
2624 3761 3016 3830 Nortmannis,
3056 3770 3110 3817 et
3136 3778 3166 3817 a
3197 3761 3391 3819 Tuscis
3418 3780 3482 3820 ac
3518 3763 3740 3835 Longo—

2156 3859 2341 3916 hardis
2358 3898 2373 3924 ,
2396 3856 2491 3913 sed
2508 3855 2673 3910 etiam
2690 3869 2723 3910 a
2744 3852 3071 3925 quibusdam
3088 3852 3521 3909 Ultramontanis
3540 3854 3741 3909 crebro

2104 3976 2115 3988 -
2156 3968 2226 4010 ex
2280 3949 2442 4005 nobis
2489 3954 2634 4002 esset
2679 3944 3016 4015 postulatum
3039 3984 3055 4009 ,
3092 3943 3299 3999 nemini
3339 3943 3393 3998 in
3435 3960 3500 3999 ea
3544 3958 3608 3999 rc
3636 3961 3743 3999 un-

2158 4057 2324 4115 quam
2352 4051 2642 4095 assensum
2664 4035 2797 4091 dare
2822 4030 3167 4117 decrevimus
3183 4075 3199 4102 ,
3234 4035 3408 4092 donec
3431 4036 3502 4091 sd
3529 4049 3632 4099 vos
3659 4035 3740 4093 le-

2159 4142 2345 4207 gatum
2383 4128 2947 4186 nostrum-mittentes
2977 4128 3219 4183 animum
3263 4124 3507 4184 vestrum
3541 4127 3741 4203 depre-

2161 4221 2545 4284 henderemus.
2609 4218 2780 4291 Igitur
2828 4218 2957 4289 quia
2998 4218 3343 4273 devotionem
3375 4218 3537 4274 beato
3575 4215 3743 4274 Petro

2163 4326 2215 4373 te
2262 4315 2464 4372 habere
2504 4311 2560 4367 in
2596 4309 2775 4382 legato
2801 4324 2904 4365 suo
2937 4308 3292 4377 monstrasti,
3323 4307 3371 4364 si
3405 4323 3558 4378 eam,
3596 4308 3747 4366 sicut

2162 4413 2404 4480 oportet,
2450 4418 2669 4471 servare
2700 4400 2941 4458 volueris
2957 4442 2975 4469 ,
3016 4415 3126 4457 non
3154 4398 3331 4457 solum
3361 4414 3456 4471 per
3476 4414 3581 4455 nos
3606 4400 3744 4454 nulli

2164 4511 2367 4558 terram
2394 4494 2724 4565 vestramﬁi
2757 4489 3094 4564 ingrediendi
3119 4490 3334 4546 licentia
3361 4486 3581 4544 dabitur
3599 4530 3614 4554 ,
3644 4490 3743 4545 sed

2094 4585 2141 4640 Ι)
2164 4595 2358 4657 etiam,
2396 4590 2443 4647 si
2483 4587 2607 4660 quis
2634 4583 3007 4651 attentaverit,
3046 4579 3458 4638 etsaaculariter
3488 4586 3545 4634 et
3581 4579 3749 4650 spiri-

2165 4687 2383 4744 tualiter
2410 4682 2788 4756 prohibebitur
2813 4694 2845 4734 a
2875 4675 3037 4734 nobis
3072 4689 3137 4730 ac
3160 4670 3546 4744 repul'sabitu‘r.
3577 4669 3751 4727 Auxi-

2164 4780 2298 4837 lium
2332 4778 2569 4849 dcnique
2599 4773 2662 4831 B.
2692 4769 2870 4838 Petri,
2900 4767 2950 4825 si
2983 4767 3039 4823 in
3068 4764 3242 4839 ipsius
3271 4764 3529 4822 ﬁdelitate
3550 4779 3749 4837 perse-

2163 4870 2513 4937 veraveritis.
2555 4865 2747 4940 procul
2787 4861 2990 4927 dubio,
3024 4857 3172 4930 quod
3195 4872 3306 4913 non
3342 4854 3516 4912 deerit
3547 4853 3748 4922 vobis,

2164 4976 2220 5022 ct
2245 4966 2334 5021 hic
2361 4963 2489 5019 etin
2518 4960 2765 5016 futurum
2786 4951 3176 5025 promittimus.

2236 5057 2371 5112 Data
2413 5053 2574 5110 tertio
2604 5048 2792 5105 Nonas
2824 5042 3098 5101 Octobris.

2691 5197 2700 5208 '
2728 5176 3068 5277 EPISTOEA
3092 5174 3187 5230 XI.

2673 5291 2751 5343 an
2780 5286 2955 5327 item
3000 5281 3223 5325 susum.

2755 5372 2937 5445 (Anno
2958 5365 3143 5438 1080.)

2169 5444 2385 5544 Gaudet.
2418 5476 2675 5538 auasdm
2717 5444 2863 5530 sacri
2888 5464 3342 5544 rurbiministras
3369 5460 3749 5544 illiusdiei-rum

2214 5531 2539 5626 tigris—osi,—
2554 5531 2729 5619 seque
2757 5545 2822 5600 de
2844 5543 2959 5623 ejus
2987 5538 3158 5593 salute
3183 5551 3330 5618 spent
3355 5546 3604 5602 magna
3645 5531 3750 5615 ιφ.

2238 5627 2355 5680 bere
2394 5619 2619 5684 asserit,
2654 5631 2776 5671 cum
2813 5606 3366 5684 Gallicanaﬂcrlesta
3390 5602 3456 5655 de
3479 5600 3749 5684 ἔμαρψα

2198 5715 2204 5719 ’
2236 5669 2671 5751 ξᾶιιὶιῖνῆιᾶξιῖἕέ
2700 5685 2952 5739 Romana:
2984 5677 3234 5751 Ecclesia:
3261 5670 3538 5741 acceperit.
3574 5669 3753 5751 Atque

2235 5738 2682 5821 STEYEbé'r'in'éa
2702 5738 2979 5824 religionis
3003 5748 3242 5824 fgratiam
3279 5738 3611 5824 assignatur,
3632 5738 3751 5824 vult

2240 5811 2548 5909 ἵὼῖἱὸὶὸ
2600 5811 2835 5897 αιὶᾳιιρηῖ
2876 5811 3047 5886 mitti",
3080 5814 3169 5888 qui
3197 5812 3363 5895 gentis
3390 5811 3540 5868 illius
3573 5823 3752 5866 ..σου
