3952 6368
147 491 242 545 585

1181 483 1375 540 LIBER
1411 482 1750 539 OCTAVUS.
1791 512 1858 520 -
1898 481 2110 537 EPIST.
2153 481 2285 534 XIII.

3263 479 3364 528 i386

203 600 302 654 sibi
327 609 626 661 recenseat,
665 608 712 652 et
749 599 996 650 mandata
1025 595 1312 662 apostolica
1339 595 1406 645 ad
1427 609 1544 645 cum
1583 593 1714 653 refe-
1745 595 1788 647 Λ
1815 606 1897 644 me
1925 589 2177 644 Ecclesia:
2215 605 2312 658 pro
2349 590 2568 642 audacia
2601 605 2696 641 sua
2728 591 2956 643 fecisset.
3017 589 3213 643 Verum
3243 605 3362 644 cum

204 676 306 720 rat.
327 665 557 720 Interim
575 669 904 720 commissum
916 665 1014 717 sibi
1031 679 1239 731 regnum
1252 662 1527 728 injustitia
1543 668 1702 728 regat.

200 757 519 810 GIEGOIIIUS
572 759 892 825 episcopus,
941 767 1132 819 servus
1162 765 1442 805 servorum
1466 749 1560 802 Dei
1586 748 1699 800 I....

140 844 374 914 glorioso
440 843 722 898 Sueonum
781 839 1130 914 [Suetonum]
1179 839 1327 908 regi,
1373 839 1600 892 salutem
1652 845 1706 890 ct

137 933 496 1002 apostolicam
530 931 978 987 benedictionem.

194 1021 477 1087 Quoniam
516 1020 667 1092 regni
703 1016 791 1073 "tui
835 1028 1032 1072 terram
1080 1016 1344 1084 quosdam
1377 1014 1520 1068 sacri
1554 1015 1701 1067 verbi

136 1112 416 1165 ministros
438 1110 618 1164 ’Iuisse
641 1110 915 1178 ingressos
945 1107 1269 1167 audivimus,
1298 1105 1503 1157 noverit
1528 1105 1704 1156 excel-

137 1201 291 1252 lentia
341 1208 443 1252 tua
479 1213 581 1253 nos
620 1199 675 1251 in
708 1197 938 1250 Domino
963 1195 1191 1248 multum
1218 1193 1420 1256 uetari;
1451 1193 1702 1260 deinceps

136 1303 346 1357 quoque
370 1328 386 1352 ,
440 1288 508 1341 de
558 1287 744 1340 salutis
793 1293 987 1338 vestra:
1030 1283 1365 1352 reparatione
1407 1283 1701 1350 plurimum

134 1378 239 1445 Spei
286 1376 660 1430 indubitanter
708 1374 923 1428 habere.
967 1371 1244 1426 Gallicana
1285 1372 1551 1439 siquidem
1595 1369 1698 1424 Ec-

134 1464 290 1518 clesia
350 1459 468 1518 non
513 1478 612 1518 vos
664 1461 856 1516 alienis
891 1459 1230 1515 documentis
1273 1460 1555 1525 instruxit,
1607 1459 1698 1513 sed

129 1553 287 1620 (μιαι-
315 1545 396 1606 de"
425 1551 696 1606 thesauris
723 1551 922 1608 matris
945 1564 1060 1604 suae
1085 1556 1285 1604 sancta:
1308 1547 1568 1602 Romanae
1594 1546 1699 1602 Ec-

127 1639 302 1694 clesiae
328 1638 584 1707 'accepit,
612 1635 818 1692 salubri
843 1637 995 1691 vobis
1023 1636 1326 1707 eruditione
1352 1633 1693 1689 contradidit.

128 1729 507 1796 Quapropter,
544 1733 607 1779 ut
644 1723 972 1779 Christianae
1019 1723 1296 1794 religionis
1331 1731 1387 1777 et
1439 1723 1698 1777 doctrinae

131 1817 350 1885 gratiam
375 1815 666 1875 obtineatis
687 1815 1022 1878 uberiorem,
1047 1814 1296 1868 volumus
1322 1813 1694 1867 celsitudinem

1809 685 2002 728 ctetera
2032 675 2172 730 facta
2197 677 2338 729 illius
2362 677 2785 743 perpenduntur,
2811 677 2926 731 haec
2954 692 3059 730 non
3088 686 3368 746 tantopere

1811 765 2056 818 miranda
2087 766 2352 817 videntur.
2386 765 2592 832 Quippe
2619 766 2712 832 qui
2744 765 3041 834 perjurium
3073 766 3139 818 de
3179 767 3364 820 inobo-

1807 853 2007 906 dicutia
2041 862 2095 906 et
2120 853 2432 906 inlldelitate
2467 854 2804 906 committere
2849 870 2955 910 non
2996 855 3196 920 timuit,
3244 857 3367 924 qui-

1805 957 1912 1010 que
1933 951 2118 996 eontra
2149 942 2323 1010 ipsam
2350 943 2701 1012 apostolicam
2729 943 2931 1007 sedem,
2973 947 3059 997 cui
3087 945 3362 1012 pejorave-

1805 1038 1908 1091 rat,
1941 1029 2252 1098 conspirare
2298 1045 2396 1097 pro
2447 1031 2672 1084 minimo
2700 1030 2906 1094 habuit,
2954 1047 3182 1098 eamque.
3213 1032 3365 1084 inva-

1804 1116 1929 1170 dere
1955 1119 2220 1187 cogitans,
2245 1119 2431 1172 eodem
2461 1120 2621 1172 modo
2659 1120 2926 1187 dissipare
2950 1121 3366 1175 vehementissi-

1805 1221 1889 1257 me
1912 1207 2097 1274 cupiit,
2129 1207 2290 1261 homo
2310 1208 2750 1275 superbissimus,
2794 1207 3146 1262 nefandorum
3197 1212 3361 1263 sale;

1802 1312 1923 1350 rum
1949 1297 2052 1351 sibi
2074 1299 2358 1362 conscius;
2387 1299 2473 1352 cui
2501 1300 2696 1352 mirum
2747 1300 2899 1354 debet
2926 1301 3116 1363 videri,
3146 1301 3212 1366 si,
3239 1301 3364 1353 ade-

1801 1392 1889 1450 pta
1925 1391 2207 1451 potestate,
2231 1385 2321 1438 ubi
2343 1384 2497 1438 licuit
2515 1384 2588 1438 ita
2611 1399 2670 1438 se
2718 1385 2946 1438 habuit?
2986 1383 3088 1438 Sed
3115 1386 3257 1439 illius
3286 1387 3365 1438 t'a-

1800 1470 1983 1524 cinora
2028 1487 2451 1526 commemorare
2503 1473 2850 1542 supersedeo,
2883 1487 3006 1542 qua:
3049 1489 3144 1541 per
3192 1484 3360 1528 totum

1799 1553 1910 1610 fere
1934 1557 2239 1613 Romanum
2289 1562 2472 1614 orbem
2499 1576 2556 1614 sc
2583 1560 2956 1629 prodiderunt,
3009 1577 3107 1630 pro
3161 1563 3360 1630 quibus

1799 1644 1911 1713 ipse
1949 1646 2003 1700 in
2044 1659 2230 1703 sancta
2273 1650 2478 1720 synodo
2532 1649 2717 1705 Romae
2768 1651 3058 1714 celebrata,
3115 1653 3358 1708 omnium

1795 1735 2170 1804 episcoporum
2194 1739 2286 1808 qui
2313 1741 2537 1793 aderant
2555 1755 2791 1795 consona
2818 1744 3104 1808 sententia,
3143 1743 3252 1811 jam
3294 1760 3360 1801 cx

1802 1825 2036 1880 triennio
2057 1828 2233 1897 gladio
2257 1830 2617 1884 anathematis
2643 1830 2760 1885 sine
2796 1847 2891 1900 spe
2935 1835 3362 1902 recuperatisnis

129 1914 271 1960 tuam
305 1904 546 1973 aliquem
584 1904 939 1997 episcopum,
984 1903 1068 1956 vel
1113 1902 1366 1997 idoneum
1412 1902 1697 1965 clericum.
1735 1889 1779 1943 Β
1804 1931 2094 1983 percussus
2109 1929 2190 1974 est
2215 1938 2228 1985 ;
2255 1935 2438 1974 eanon
2453 1922 2827 1988 praeterierunt
2842 1889 3083 1978 notitiam
3103 1935 3356 1997 vestram.

130 1994 573 2062 adrapostoiicam
609 1994 788 2048 sedem
821 1993 1072 2063 dirigere,
1099 1993 1193 2060 qui
1216 1999 1272 2045 et
1306 1999 1464 2045 terrae
1506 2001 1700 2046 vestra:

132 2083 470 2138 habitudines
487 2082 766 2152 gentisque
777 2097 955 2136 mores
979 2081 1134 2135 nobis
1164 2095 1470 2150 suggerere,
1495 2089 1548 2134 et
1569 2097 1699 2150 apo-

130 2173 312 2226 stolica
340 2172 597 2226 mandata
619 2171 684 2226 de
699 2171 910 2245 cunctis
933 2170 1159 2240 pleniter
1187 2171 1482 2224 instructus
1507 2169 1575 2224 ad
1600 2186 1698 2224 vos

131 2261 325 2315 certius
371 2269 537 2329 queat
598 2259 815 2314 referre.
861 2259 1078 2314 Interim
1125 2274 1254 2314 vero
1309 2273 1592 2314 monemus
1639 2270 1697 2314 ut

129 2351 410 2418 prudentia
438 2359 530 2404 tua
553 2349 901 2404 commissum
933 2349 1034 2403 sibi
1064 2364 1287 2420 regnum
1311 2350 1364 2402 in
1394 2350 1696 2404 concordia:

127 2430 455 2508 justitiaque
498 2439 743 2493 custodia
779 2439 976 2510 dirigat
1010 2447 1172 2506 atque
1215 2439 1468 2508 disponat
1489 2480 1502 2502 ,
1532 2455 1597 2493 ac
1623 2440 1695 2494 ita

132 2531 267 2583 circa
289 2529 563 2597 subjectos
582 2529 731 2597 pacis
759 2527 884 2597 jura
919 2535 973 2582 et
999 2527 1274 2596 aequitatis
1302 2528 1692 2582 districtionem

131 2610 357 2672 servare'
388 2619 528 2672 inter
560 2626 752 2672 caetera
786 2617 1046 2672 virtutum
1077 2617 1252 2672 studia
1293 2626 1525 2688 satagat,
1554 2632 1694 2687 qua-
1733 2658 1739 2664 .

129 2717 283 2761 mnus
325 2723 424 2776 per
464 2708 774 2783 temporalis
807 2708 1084 2778 regiminis
1120 2707 1538 2762 sollicitudinem
1576 2723 1691 2762 me-

131 2805 311 2850 reatur
354 2797 542 2851 aeterni
580 2798 854 2866 percipere
881 2798 1224 2852 securitatem
1249 2839 1264 2863 ,
1302 2805 1357 2852 et
1383 2813 1506 2852 cum
1529 2798 1695 2867 justis

130 2900 340 2950 vocem,
374 2885 539 2939 totius
560 2885 912 2954 iucunditatis
937 2887 1147 2956 plenam
1166 2928 1181 2952 ,
1212 2887 1268 2942 in
1293 2897 1534 2942 extremo
1565 2903 1696 2943 exa-

128 2973 270 3029 mine
310 2974 477 3044 digne
512 2974 685 3043 possit
717 2975 902 3028 audire
943 2994 956 3028 :
998 2975 1486 3041 Venite,benedicti
1508 2976 1692 3030 Patris

131 3063 264 3127 mei,
305 3063 557 3132 percipite
603 3079 814 3132 regnum
859 3064 996 3134 quod
1045 3066 1185 3128 nobis
1223 3074 1469 3136 paratum
1503 3075 1584 3119 est
1625 3067 1690 3118 ab

125 3152 326 3220 origine
353 3152 536 3205 mundi
573 3151 786 3221 (Matth.
818 3151 974 3224 ml).
1113 3150 1119 3156 ’

194 3238 328 3295 Data
357 3248 554 3310 quarto
579 3240 758 3296 Nonas
779 3239 1046 3298 Octobris.
1079 3301 1082 3303 λ

659 3347 994 3406 EPISTOLA
1017 3350 1130 3406 XII.

356 3455 427 3496 AD
455 3455 736 3506 ινιιιιωιοε,
766 3454 1104 3494 ιιλνεκιυτεε
1127 3479 1142 3504 ,
1169 3454 1238 3493 Ετ
1261 3454 1470 3496 1⁵08601.

709 3529 890 3601 (Anno
926 3527 1107 3598 I080.)

129 3632 390 3711 Duritan
415 3620 790 3711 ΔῙῗᾱιῖνξιυιςιεειυι
839 3638 1129 3711 Ecclesium
1154 3623 1394 3711 _ah_ejus
1433 3641 1690 3711 sacrilego

193 3706 584 3777 archiepiscopo
623 3708 970 3777 desudatam.
995 3705 1120 3777 Quo
1146 3708 1203 3759 in
1230 3705 1465 3777 Romana
1490 3705 1686 3776 synodo

178 3774 638 3831 excomtnunit'ato
688 3791 750 3828 ac
795 3775 1060 3843 deposito,
1102 3775 1266 3842 ipsam
1305 3774 1594 3828 Ecciesiem
1625 3777 1686 3829 in

183 3847 475 3915 pristinum
502 3854 701 3915 statum
724 3843 980 3915 reducere,
1009 3845 1154 3915 eique
1173 3844 1235 3915 de
1252 3844 1440 3915 idonea
1467 3861 1685 3912 persona

189 3911 464 3984 providere
517 3913 726 3984 cupiens
753 3953 768 3977 ,
808 3911 1045 3980 praecipit
1073 3911 1135 3965 ut
1161 3912 1262 3965 sibi
1299 3912 1353 3964 in
1380 3928 1441 3964 ea
1474 3929 1526 3964 re
1552 3929 1684 3964 una-

511 3982 828 4048 adjumento.
1117 4003 1120 4006 ~

190 4064 500 4125 ῦιιῦσιιὼ
521 4069 825 4138 θρεεονυδ.
869 4073 1058 4122 servus
1085 4084 1362 4122 servorum
1417 4068 1530 4134 Dei,
1567 4085 1684 4124 om-

128 4146 286 4214 nibtis
305 4156 592 4228 epis‘wpi‘s,
619 4156 923 4221 abbatibus,
970 4156 1178 4209 clericis
1227 4164 1385 4224 atque
1425 4156 1579 4211 laicis
1624 4160 1678 4211 in

129 4247 366 4301 ma'rcbia
393 4243 962 4312 Firmana‘,='_l‘uscana,
989 4252 1042 4298 et
1063 4244 1120 4298 in
1150 4245 1444 4298 exarchatu
1466 4244 1679 4298 Bareno

129 4339 234 4392 nati
261 4337 600 4401 constitutis,
629 4335 724 4405 qui
751 4343 951 4389 sanctae
981 4333 1236 4388 Romanae
1268 4332 1538 4397 Ecclesiae,
1573 4333 1678 4387 sic-

129 4427 552 4482 mChristianos
569 4434 800 4496 oportet,
851 4427 1127 4492 obediunt,
1172 4426 1396 4480 salutem
1448 4436 1501 4480 et
1540 4443 1672 4496 apo-
1738 4487 1746 4491 _

1706 4509 1750 4562 ι)
1843 4502 2145 4558 Caesonius
2177 4505 2487 4573 episcopus,
2512 4520 2700 4558 servus
2742 4519 3021 4559 servorum
3051 4504 3167 4570 Dei,
3212 4524 3331 4562 ουτ-

128 4518 372 4571 stolicam
399 4509 840 4570 benedictionem.

193 4605 502 4660 Prudentia;
535 4614 727 4660 vestrae
777 4610 964 4657 notum
1007 4617 1128 4656 esse
1164 4616 1270 4655 non
1320 4602 1630 4657 dubitamus
1656 4644 1670 4666 ,

1799 2003 2080 2060 Prmfatam
2137 2009 2300 2078 igitur
2349 2008 2711 2064 Ravennatem
2766 2011 3058 2066 Ecclesiam
3093 1998 3159 2067 de
3186 2016 3361 2069 mani-

1799 2095 1900 2149 bus
1935 2097 2184 2153 violentis
2229 2098 2457 2168 eripere,
2509 2109 2560 2152 et
2589 2100 2655 2152 ad
2703 2101 2990 2169 pristinum
3033 2111 3230 2156 statum
3262 2121 3359 2173 pro

1798 2184 2183 2256 oﬂicioquod,
2231 2187 2351 2242 licet
2416 2188 2640 2257 indigni,
2699 2191 2939 2258 gerimus
2982 2192 3236 2245 reducere
3264 2209 3358 2245 cu-

1797 2273 2023 2342 pientes,
2075 2277 2234 2331 talem
2279 2292 2568 2347 personam
2619 2280 2917 2349 eligendam
2979 2291 3142 2350 atque
3200 2284 3253 2335 in
3293 2299 3355 2338 ea

1797 2365 2190 2431 praeiicicndam
2249 2365 2364 2421 fore
2401 2368 2752 2433 censuimus,
2810 2370 2966 2438 cujus
3025 2371 3212 2440 religio
3257 2387 3358 2425 nec

1796 2467 1904 2506 non
1931 2455 2232 2522 prudentia,
2266 2455 2376 2510 Deo
2419 2455 2648 2522 favente,
2687 2467 2740 2511 et
2764 2459 3189 2513 interiuslumen
3215 2462 3266 2513 in
3292 2477 3352 2517 ra

1795 2541 2098 2596 sanctitatis
2145 2542 2458 2607 reformare,
2489 2553 2540 2597 ct
2573 2545 2901 2600 exteriorum
2944 2563 3121 2600 rerum
3158 2548 3352 2604 damna

1794 2631 1938 2683 norit
1966 2632 2286 2702 studeatque
2340 2633 2578 2687 reﬁcere.
2611 2631 2973 2698 Quamobrem
3018 2653 3138 2700 nos,
3169 2639 3221 2690 in
3253 2638 3354 2689 Im-

1787 2718 1880 2785 jus
1921 2727 2120 2774 nostra:
2155 2722 2472 2777 necessaria
2513 2723 2884 2792 dispositionis
2917 2726 3130 2791 cnect",
3173 2737 3354 2781 vestro

1793 2804 2326 2880 plurimum'egentcs
2352 2811 2575 2875 auxilio,
2625 2813 2939 2880 invitamus,
2998 2833 3252 2886 regamus
3272 2830 3353 2872 at.

1793 2911 1899 2965 que
1929 2900 2224 2966 apostolica
2247 2901 2568 2956 auctoritate
2615 2903 2768 2959 vobis
2791 2905 3136 2973 prmcipimus
3179 2918 3255 2970 ut,
3281 2890 3349 2964 in

1792 2989 2186 3042 restauratione
2215 2991 2360 3044 illius
2395 2991 2693 3060 antiquitus
2713 3002 2914 3047 sancta:
2939 2993 3211 3059 Ερριρείιιξ,
3233 2978 3351 3049 om-

1792 3091 1890 3130 nes
1930 3079 2259 3133 unanimiter
2297 3094 2624 3135 consensum
2671 3091 2726 3136 et
2782 3099 2880 3152 pro
2907 3100 3068 3153 posse
3139 3087 3352 3155 adjuto-

1718 3199 1760 3253 ε
1792 3166 1934 3220 rium
1959 3168 2282 3236 tribuentes,
2308 3184 2429 3224 eam
2451 3171 2517 3225 de
2538 3171 2719 3225 servili
2737 3175 3106 3244 oppressione,
3132 3177 3241 3230 imo
3272 3188 3351 3249 ty.

1793 3258 2014 3312 rannica
2059 3259 2337 3326 servitute,
2384 3261 2588 3331 eripere
2612 3270 2666 3315 et
2693 3263 2883 3332 prisca:
2918 3265 3039 3319 libez
3055 3267 3148 3320 tati
3196 3271 3350 3323 resti.

1792 3354 1944 3400 tuere
1989 3348 2271 3404 nobiscum
2319 3352 2640 3418 procuretis,
2690 3368 2755 3406 ae
2784 3353 2838 3407 in
2868 3357 3185 3424 reperienda
3234 3357 3348 3408 ido-

1787 3449 1945 3488 neam
1983 3435 2057 3489 illi
2093 3437 2340 3506 regimini
2386 3454 2670 3512 personam
2725 3447 3070 3513 summopere
3095 3447 3347 3500 laboranv

1787 3528 1868 3575 tes
1896 3523 2202 3594 invigilctis.
2243 3526 2563 3600 Quicunque
2611 3530 2754 3583 enim
2804 3531 2859 3584 in
2897 3533 2998 3586 hac
3025 3550 3082 3588 re
3107 3537 3342 3590 studium

1787 3610 2089 3669 devotionis
2120 3615 2500 3685 impenderint,
2531 3635 2639 3672 non
2662 3619 2824 3674 dubie
2849 3625 3119 3679 credimus
3157 3642 3252 3680 eos
3293 3636 3346 3683 ct
3374 3684 3378 3688 .

1788 3703 2139 3768 apostolicam
2180 3708 2409 3775 gratiam
2455 3710 2878 3776 promerituros,
2934 3722 2989 3766 et
3019 3716 3158 3783 apud
3203 3703 3367 3769 divi?

1788 3804 1910 3843 nam
1951 3794 2290 3849 clementiam
2335 3807 2622 3866 patronum
2669 3800 2770 3853 sibi
2811 3802 3025 3856 beatum
3063 3805 3342 3872 Apollina-

1786 3893 1918 3942 rem,
1944 3881 1989 3933 si
2018 3881 2070 3933 in
2089 3882 2245 3937 bonis
2275 3887 2755 3952 perseveraverint,
2807 3891 3107 3946 certissime
3157 3895 3344 3966 aequi-

1783 3967 2002 4023 situros.

1854 4059 1984 4114 Data
2025 4061 2202 4117 Idibus
2228 4062 2497 4119 Octobris.

2307 4173 2638 4228 EPISTOLA
2681 4175 2814 4231 XIII.

2331 4277 2398 4314 ΑΙ)
2416 4278 2772 4316 BAVENNATES.

2364 4338 2546 4407 (Anno
2573 4339 2750 4408 1080.)

2236 4438 2244 4449 ο
2266 4415 2511 4484 Ejusdem
2541 4419 2850 4485 argumenti.

1777 4591 1938 4646 nibus
1967 4593 2177 4646 doricis
2201 4602 2255 4646 et
2304 4594 2457 4647 Iaicis
2497 4593 2769 4645 Ravennae
2818 4595 3178 4660 morantibus,
3235 4601 3331 4667 qui

127 4699 336 4776 quam
368 4693 640 4762 religibnis
673 4694 817 4748 cultu
872 4701 1056 4763 sancta
1109 4689 1391 4743 Ravennas
1436 4689 1673 4768 Ecclesia
1770 4679 1992 4776 Ῑξξξξίυηι
2050 4679 2267 4734 Petrum
2325 4681 2563 4776 [biﬁlum
2594 4680 2982 4776 Apollinarem]
3030 4689 3332 4776 apostolum

128 4763 351 4852 MN,
379 4779 1372 4849 (datisque're‘rnm-necessariarum
1401 4763 1570 4845 c0piis
1587 4792 1676 4830 so—

110 4872 217 4926 -lita
247 4871 320 4926 sit
336 4867 627 4939 "pneteritis
646 4866 801 4920 annis
827 4865 1063 4928 aﬂuere,
1099 4866 1352 4933 quodque
1391 4865 1562 4934 magis
1613 4857 1680 4918 il;

117 4945 241 5016 ilius
267 4961 512 5022 interest,
548 4970 708 5027 quam
760 4953 979 5023 speciali
1017 4953 1302 5007 dilectione
1353 4954 1513 5007 matri
1562 4970 1677 5009 sua:

129 5056 339 5102 sanctas
352 5045 607 5099 Romanae
657 5039 910 5096 Ecclesia:
945 5041 1016 5094 ab
1054 5039 1174 5108 ipso
1203 5036 1321 5092 ﬁdei
1356 5037 1676 5094 Christiana;

130 5131 397 5201 principio
425 5147 636 5201 semper
669 5128 978 5184 adhteserit.
997 5126 1168 5194 Cujus
1186 5125 1469 5193 antiquum
1512 5125 1678 5179 decus

130 5220 182 5272 in
212 5218 648 5288 spiritualibuset
675 5212 1285 5283 secularibus'profecto
1311 5227 1432 5266 cum
1456 5210 1674 5265 remini-

131 5309 356 5379 scimur,
378 5320 485 5358 non
512 5307 630 5360 sine
660 5302 1069 5376 gravi-maerore
1095 5316 1215 5356 eam
1237 5300 1292 5353 in
1327 5307 1477 5355 tanta
1512 5300 1674 5353 deva-

130 5390 364 5468 statione
383 5390 714 5450 [abeuntem
740 5408 886 5451 nunc
912 5393 1205 5456 cernimus,
1258 5395 1312 5443 et
1338 5395 1400 5442 ut
1434 5388 1694 5456 apertius.

132 5485 463 5556 inteIligatis,
492 5491 637 5538 certe
656 5489 1029 5551 persuasorem
1073 5482 1566 5546 destructaremque
1595 5478 1675 5547 ip-

131 5577 244 5632 sius
278 5571 499 5628 Ἥκω...
529 5571 732 5639 dictum
760 5572 1223 5644 archiepiscopum
1244 5570 1326 5628 ita
1359 5567 1671 5636 religionem

127 5667 248 5737 ejus
273 5658 674 5732 disperdidisse,
703 5667 756 5712 et
795 5660 936 5712 bona
977 5661 1316 5728 dilapidasse,
1346 5671 1451 5710 non
1481 5654 1676 5708 minori

134 5755 241 5812 fere
269 5754 455 5810 dolore
473 5747 798 5810 suﬂ'erimus,
829 5763 989 5814 quam
1018 5749 1063 5801 si
1091 5749 1229 5802 idem
1253 5755 1451 5801 sancta:
1477 5743 1671 5794 Roma-

445 5842 715 5901 Ρηιιοι.
749 5835 1073 5897 CXLVIII.

1775 4767 2023 4836 diligunt,
2050 4777 2104 4822 ct
2124 4778 2328 4824 sancta:
2377 4769 2637 4825 Romanae
2686 4769 2958 4836 Ecclesiae,
3009 4775 3148 4826 sicut
3172 4774 3332 4828 Chri-

1776 4857 1981 4911 stianos
2015 4867 2247 4926 oportet,
2272 4860 2550 4927 obediunt,
2600 4860 2826 4915 salutem
2877 4869 2934 4914 et
2981 4863 3330 4932 apostolicam

1779 4945 2225 5005 benedictionem.

1842 5033 2127 5091 Credimus
2148 5053 2255 5091 non
2277 5038 2444 5090 latere
2475 5045 2710 5090 vestram
2741 5038 3021 5092 scientiam
3047 5038 3330 5098 Ravenna-

1775 5131 1881 5179 tem
1937 5122 2227 5177 Ecelesiam
2280 5126 2392 5178 sedi
2451 5126 2757 5194 apostolica:
2794 5142 2903 5196 pra:
2944 5129 3152 5184 ceteris
3198 5130 3329 5184 vici—

1776 5213 1900 5264 nius
1927 5211 2127 5266 haerere
2154 5212 2368 5267 solitam
2401 5213 2589 5276 fuisse,
2648 5231 2877 5286 eamque
2927 5218 3228 5286 specialiter
3256 5219 3329 5271 ab

1775 5299 1890 5366 ipsa
1917 5298 2187 5365 dilectam,
2215 5302 2478 5371 quidquid
2523 5305 2798 5373 dignitatis
2841 5312 2895 5356 et
2922 5305 3145 5358 honoris
3188 5307 3328 5360 anti-

1773 5387 1957 5454 quitus
1988 5403 2084 5456 per
2101 5389 2316 5444 beatum
2345 5393 2390 5445 Α
2417 5433 2430 5445 .
2462 5432 2475 5445 .
2510 5435 2520 5443 .
2549 5433 2562 5446 .
2593 5392 3002 5464 (Apollinarem,
3026 5392 3220 5460 Iliam,
3247 5398 3328 5449 sit

1773 5479 1897 5530 etin
1919 5480 2031 5531 cod.
2058 5478 2274 5550 latim]
2298 5480 2487 5540 tenuit,
2513 5494 2733 5533 munere
2755 5480 2961 5536 scilicet
2984 5483 3215 5552 praefatae
3240 5499 3325 5538 se-

1775 5568 1860 5620 dis
1883 5581 2200 5621 concessum
2231 5567 2503 5621 habuisse.
2538 5564 2832 5636 Postquam
2885 5585 3031 5628 vero.
3061 5571 3324 5638 superbire
3360 5561 3362 5563 b

1778 5663 1967 5708 auctor
1981 5663 2036 5707 et
2062 5654 2344 5707 discordim
2366 5654 2678 5720 seminator,
2705 5657 2972 5720 diabolus,
3022 5674 3116 5727 per
3151 5672 3321 5710 mem-

1777 5743 1871 5795 bra
1916 5757 2010 5794 sua
2064 5740 2302 5805 eamdem
2347 5737 2657 5807 Ecclesiam,
2719 5743 3054 5795 contumacia
3093 5744 3322 5796 intenco

2937 5833 3012 5889 19
