3952 6432
520 581 621 634 (337

1136 570 1191 634 Si
1228 576 1547 635 GRECORll
1583 573 1670 627 Vll
1708 570 1908 628 ΡΑΡᾹΞ
1945 567 2222 626 OPERUM
2261 566 2441 622 PARS
2479 567 2518 620 l.
2563 597 2628 604 —
2667 562 3081 619 ltEClSTRL’ll.

3619 554 3738 611 588

509 697 706 757 niente,
742 709 770 746 a
794 692 1033 744 Romana
1058 690 1260 752 divisit,
1301 703 1421 756 quae
1469 689 1686 748 damna,
1731 700 1852 753 quae
1900 683 2063 737 detri—
2093 685 2134 737 Α
2164 681 2320 732 nibus
2349 679 2636 746 episcopis,
2684 676 2988 739 abbatibus,
3041 672 3348 752 comitibus,
3387 679 3548 738 atque
3578 666 3736 721 mili-

479 801 484 806 ·
509 793 690 838 tnenta
715 795 822 836 non
843 781 1002 834 modo
1027 778 1321 847 religionis,
1346 776 1439 829 sed
1459 776 1621 828 etiam
1645 775 1913 827 bonorum
1935 783 2072 823 suo-

506 889 630 928 rum
660 881 834 926 vestra
891 869 1128 937 pertulit,
1184 866 1526 932 maximeque
1585 878 1679 930 per
1723 859 2058 930 tyrannidem

507 961 590 1016 Vn
611 1002 624 1014 .
649 1003 660 1014 .
685 1001 697 1013 .
726 1001 738 1012 .
783 957 1054 1030 [\Vibei'ti,
1082 955 1274 1019 llum,
1311 954 1387 1005 sic
1427 962 1474 1004 et
1502 953 1555 1003 in
1579 951 1696 1002 cod.
1726 947 1947 1016 Malim]
1973 947 2058 1000 di-

508 1053 579 1106 cti
604 1047 1012 1116 archiepiscopi,
1037 1053 1295 1114 quantam
1324 1043 1378 1094 in
1406 1051 1634 1108 utraque
1657 1054 1716 1092 re
1739 1035 2064 1091 destructio-

507 1156 633 1194 nem
670 1152 919 1207 perpcssa
945 1135 1015 1189 sit
1056 1133 1190 1187 satis
1226 1146 1324 1184 vos
1351 1129 1454 1198 ipsi
1502 1125 1748 1181 nevistis.
1804 1123 1869 1178 Et
1901 1123 2064 1191 hujus

507 1229 724 1296 quidem
735 1233 880 1280 tante
902 1222 1236 1278 vesaniorem
1251 1216 1653 1273 dilacerationis
1673 1228 1915 1268 morsum
1937 1226 2063 1264 sus-

507 1318 693 1379 tinuit,
741 1321 944 1383 quanto
985 1326 1108 1365 eum
1153 1307 1572 1377 desperatiorem
1625 1297 1891 1380 impurior
1930 1314 2063 1353 con-

504 1405 729 1461 scientia
750 1410 1044 1457 retrorsum
1060 1399 1207 1453 abirc
1227 1395 1453 1464 subegit.
1479 1393 1717 1461 Denique
1740 1389 2088 1456 scelerosust

505 1495 802 1562 sacrilegus
827 1473 987 1558 atqde
1011 1488 1280 1558 perjurus,
1303 1493 1587 1554 postquam
1616 1479 1733 1551 [ob]
1753 1477 2065 1547 hujusmodi

506 1583 711 1638 nefaria
738 1582 792 1634 in
823 1577 1111 1632 universali
1151 1575 1356 1645 synodo
1379 1573 1565 1643 [infra,
1591 1571 1646 1624 in
1674 1568 1880 1640 synodo
1904 1566 2062 1620 Rom.

506 1672 596 1743 ll],
643 1669 854 1726 cunctis
885 1665 1001 1738 qui
1029 1667 1255 1719 aderant
1297 1661 1567 1730 episcopis
1605 1654 2069 1712 consentientibus

506 1772 667 1830 atque
685 1756 1049 1820 laudantibus,
1088 1755 1247 1823 digna
1277 1752 1392 1807 suis
1432 1750 1676 1804 moribus
1703 1745 2068 1821 damnationis

505 1846 973 1904 animadversione
1002 1844 1263 1908 multatus
1304 1850 1408 1905 est,
1438 1855 1547 1894 non
1593 1835 1880 1892 confestim
1927 1834 2066 1888 resi-

502 1940 723 2009 piscens
757 1937 823 1990 ad
856 1934 975 1989 sani
1000 1933 1180 1989 cordis
1211 1931 1495 1985 consilium
1524 1926 1711 1990 rediit,
1739 1926 2064 1992 sed-patrem

506 2043 668 2081 suum
692 2025 966 2102 diabolum
994 2022 1236 2085 imitans,
1253 2019 1464 2087 sibique
1491 2017 1626 2070 iram
1651 2016 1704 2069 in
1727 2015 1813 2069 die
1829 2014 1922 2067 ira:
1948 2012 2066 2065 the-

508 2098 787 2170 saurizans
817 2113 987 2182 (Rom.
1014 2112 1096 2180 ιι),
1113 2107 1372 2179 quidquid
1394 2107 1612 2177 gravius
1635 2098 2067 2179 cogitare,,q’uid-

508 2203 640 2273 quid
683 2200 1129 2270 superbissimum
1172 2197 1346 2265 potuit
1390 2195 1586 2248 audere
1624 2194 1846 2247 molitus
1871 2198 1973 2246 est.
2001 2188 2069 2242 Et

508 2289 636 2359 quia
659 2304 716 2343 se
744 2303 907 2342 unam
930 2302 996 2340 ex
1026 2283 1377 2339 nobilissimis
1406 2281 1701 2336 Ecclesiam
1737 2289 1972 2334 vestram
2001 2293 2066 2332 ex

509 2378 746 2432 maxima
776 2385 926 2446 parte
950 2375 1283 2430 destruxisse
1322 2386 1514 2442 parum
1539 2369 1904 2435 existimabat,
1936 2384 2065 2424 san-

509 2479 656 2521 ctam
679 2465 983 2519 Romanam
1017 2464 1218 2526 sedem,
1249 2462 1389 2516 sicut
1417 2476 1609 2533 omnes
1633 2469 1819 2529 aperte
1841 2464 2062 2514 norunt.

510 2555 782 2620 invadere,
815 2565 1106 2620 secumque
1145 2566 1264 2604 eam
1314 2551 1366 2603 in
1395 2536 1607 2603 ruinam
1640 2557 1694 2602 et
1713 2547 2066 2619 prateipitium

508 2638 725 2698 trahere
762 2650 845 2696 est
881 2641 1190 2696 meditatus.
1235 2637 1467 2693 Proinde
1501 2636 1761 2707 quoniam
1809 2651 1929 2703 nos,
1969 2651 2067 2706 pro

510 2733 802 2787 eminentia
831 2732 937 2785 loci
969 2730 1091 2798 cui,
1117 2729 1228 2783 Deo
1268 2736 1517 2793 auctore,
1559 2727 1811 2797 quamvis
1841 2726 2064 2796 indigni,

509 2807 884 2891 praesidemus,
907 2833 1030 2873 cum
1058 2818 1477 2873 sollicitudinem
1505 2824 1746 2871 nostram
1781 2830 2069 2869 monemur

509 2909 781 2964 universis
808 2909 1116 2974 extendere,
1149 2917 1262 2962 tum
1305 2907 1448 2961 circa
1473 2905 1875 2975 quodammodo
1911 2905 2069 2958 nobis

510 2999 913 3068 conjunctiores
961 2997 1272 3068 diligentius
1323 2996 1698 3065 compellimur
1751 2995 2064 3064 invigilare,

511 3087 766 3142 Ecclesiae
793 3096 986 3141 vestra:
1009 3085 1566 3148 devastationemnon
1603 3085 1834 3138 alienam
1869 3092 2065 3153 putan-

509 3185 615 3240 tes,
653 3175 747 3229 sed
775 3175 933 3242 quasi
958 3184 1181 3240 nostrae,
1211 3175 1368 3243 cujus
1396 3175 1645 3243 specialis
1676 3174 1786 3228 ﬁlia
1805 3183 1909 3239 est,
1931 3188 2065 3227 con-

511 3265 776 3327 dolentes,
802 3278 926 3316 cum
974 3263 1202 3316 consilio
1237 3272 1399 3330 atque
1441 3258 1644 3316 auxilio
1699 3263 1943 3316 omnium
1976 3276 2067 3314 ve—

510 3364 684 3410 strum
709 3353 810 3422 qui
830 3351 998 3406 Deum
1025 3351 1245 3415 timetis,
1267 3351 1516 3405 volumus
1538 3360 1592 3404 et
1611 3351 1978 3404 desideramus
2001 3349 2067 3402 ad

511 3444 794 3510 antiquum
848 3441 1119 3509 specimen
1157 3449 1210 3494 et
1242 3440 1518 3510 religionis
1555 3439 1865 3505 statum,-in
1892 3454 2068 3506 qua:-

512 3541 654 3595 tuin,
684 3529 913 3587 Domino
949 3529 1230 3598 largiente,
1269 3530 1588 3598 poterimus,
1629 3544 1749 3582 eam
1791 3528 2063 3582 reducere.

511 3620 682 3690 lgiter
703 3617 795 3670 illo
824 3618 1038 3684 putrido
1062 3619 1305 3670 membro
1343 3617 1520 3686 gladio
1540 3601 2068 3670 excommunicatio-

512 3710 600 3763 nis
623 3707 825 3772 exciso,
869 3715 1030 3774 atque
1074 3706 1146 3757 ita
1189 3713 1248 3758 ut
1296 3705 1436 3757 inter
1469 3704 1776 3758 sacerdotes
1820 3704 1984 3756 etiam
2014 3703 2068 3755 in

509 3806 775 3850 aeternum
823 3810 932 3848 non
977 3794 1169 3848 debeat
1204 3792 1588 3848 connumerari
1633 3792 1896 3860 deposito,
1945 3787 2079 3845 dileé'

511 3884 747 3936 etionem
771 3891 1003 3936 vestram
1033 3897 1316 3936 monemus
1345 3886 1409 3934 ac
1445 3896 1543 3949 pro
1577 3880 1749 3936 salute
1777 3890 1954 3936 vestra
1975 3895 2067 3934 ro-

512 3985 707 4040 gamus
751 3977 811 4022 ut
851 3978 968 4023 toto
1010 3970 1202 4024 aﬁ‘cctu
1247 3970 1552 4038 mentisque
1581 3971 1882 4025 intentione
1906 3971 2069 4024 talem

509 4073 802 4130 personam
840 4073 948 4110 una
987 4073 1113 4110 cum
1139 4057 1506 4112 confratribus
1542 4060 1745 4112 nostris
1780 4059 2068 4128 episcopis,

507 4158 565 4202 et
588 4146 968 4219 archidiacono
995 4145 1314 4214 eaaterisque
1332 4144 1595 4211 diaconis,
1623 4161 1763 4214 quos
1789 4154 2071 4216 propterea

509 4237 583 4290 ad
608 4251 704 4290 vos
731 4243 918 4288 nostra
941 4235 1056 4289 vice
1085 4235 1383 4294 direximus
1409 4234 1670 4289 studeatis
1703 4235 1919 4306 eligere,
1949 4252 2069 4306 quae

509 4332 664 4376 tanto
703 4323 919 4388 honori,
945 4325 1154 4378 scilicet
1191 4323 1359 4377 vestri
1386 4323 1884 4394 archiepiscopatus
1925 4325 2067 4395 regi-

448 4460 452 4465 .
510 4410 670 4473 mini,
699 4410 992 4462 secundum
1019 4410 1191 4464 Deum
1229 4410 1475 4465 videatur
1491 4421 1816 4482 competere.
1839 4412 1958 4469 Non
1982 4414 2068 4468 ul-

509 4499 684 4554 terius
711 4496 1009 4551 Ecelesiam
1021 4505 1259 4550 vestram
1285 4499 1533 4554 ancillari
1561 4503 1821 4556 servitute
1838 4503 2071 4573 opprimi

2163 771 2304 820 tibus
2329 768 2380 819 in
2416 766 2668 834 paroehia
2696 763 3143 826 Ravennati,etin
3165 748 3465 829 Pentapoli,
3485 776 3583 813 nec
3608 772 3729 812 non

2160 869 2213 911 et
2235 858 2287 909 in
2322 855 2562 909 marcbia
2591 854 2862 919 Firmana,
2889 862 2942 908 et
2969 854 3022 906 in
3047 853 3246 907 ducatu
3271 851 3545 920 Spoletina
3579 865 3735 904 eom-

2163 945 2518 1009 morantibus,
2550 944 2655 998 illis
2693 944 2939 998 videlicet
2966 943 3062 1012 qui
3106 942 3321 995 beatum
3349 939 3570 994 Petrum
3592 939 3731 992 dili-

2162 1043 2316 1103 gunt,
2364 1049 2537 1102 neque
2581 1032 2810 1088 vinculis
2839 1029 3418 1086 exconnnunicationis
3443 1039 3729 1103 tenentur,

2163 1125 2392 1177 salutem
2414 1132 2468 1176 et
2496 1124 2848 1191 apostolicam
2874 1121 3330 1176 benedictionem.

2232 1212 2430 1267 Notum
2460 1211 2613 1266 vobis
2653 1227 2774 1266 esse
2817 1211 3109 1274 credimus,
3147 1207 3345 1262 fratres
3388 1207 3733 1270 eharissimi,

2165 1303 2291 1371 quia
2328 1302 2528 1371 ubique
2575 1309 2842 1354 terrarum
2884 1298 3123 1368 religiosi
3145 1297 3474 1377 viri_clerici
3500 1305 3556 1350 et
3592 1296 3731 1350 laici

2165 1407 2260 1460 per
2280 1391 2509 1460 gratiam
2532 1388 2623 1443 Dei
2651 1404 2752 1444 nos
2772 1389 3021 1458 diligunt,
3037 1395 3091 1441 et
3110 1401 3175 1441 ea
3198 1401 3332 1457 qua:
3347 1385 3578 1441 dicimus
3605 1387 3736 1440 sive

2165 1481 2509 1550 praecipimus
2537 1480 2766 1534 libenter
2783 1478 3086 1548 approbant
3111 1484 3166 1530 et
3197 1476 3509 1530 obedientcr
3540 1476 3735 1529 susci—

2165 1571 2341 1638 piunt,
2390 1570 2467 1622 illi
2513 1568 2760 1623 videlicet
2788 1568 2882 1637 qui
2914 1566 3182 1637 justitiam
3204 1566 3526 1620 discernunt
3556 1573 3610 1618 et
3635 1566 3736 1618 in-

2167 1659 2461 1713 tentionem
2486 1666 2730 1713 nostram
2772 1663 3126 1727 cognoscunt.
3161 1653 3369 1708 Inimici
3392 1661 3569 1707 autem
3595 1670 3740 1708 cru-

2167 1747 2247 1801 eis
2283 1746 2508 1812 Christi,
2550 1747 2661 1800 imo
2708 1747 2891 1801 hostes
2931 1744 3239 1798 animarum
3263 1757 3504 1808 suarum,
3531 1734 3586 1795 in
3624 1757 3743 1796 nos

2167 1837 2467 1906 insurgere,
2488 1844 2561 1900 et,
2584 1835 2866 1889 dementia:
2885 1834 3126 1888 czecitate
3150 1831 3607 1902 pereulsi,contra
3632 1848 3738 1886 sa-

2168 1925 2333 1979 lutem
2364 1940 2538 1990 suam,
2571 1933 2814 1979 sanctam
2853 1922 3151 1977 Ecclesiam
3179 1926 3499 1979 conculcare
3521 1938 3743 1978 conan-

2167 2023 2271 2068 tur.
2328 2014 2483 2080 Quod
2527 2015 2756 2068 multum
2801 2013 3044 2083 profecto
3095 2015 3414 2085 gaudemus,
3449 2014 3742 2067 intuentes

2167 2104 2287 2158 il-los
2312 2104 2404 2172 qui
2427 2102 2596 2157 Deum
2617 2105 2850 2175 diligunt
2881 2105 3045 2159 rebus
3071 2103 3274 2158 nostris
3294 2102 3498 2167 favere;
3530 2111 3585 2155 et
3613 2115 3735 2154 non

2166 2193 2288 2258 hos,
2312 2193 2408 2247 sed
2436 2192 2561 2247 illos
2606 2193 2870 2247 duntaxat
2893 2193 2988 2263 qui
3032 2193 3265 2249 oderunt
3291 2193 3528 2246 animam
3567 2205 3738 2244 suam

2168 2281 2341 2355 (Paul.
2377 2282 2433 2351 χ)
2473 2275 2909 2337 inimicosnobis
2952 2282 3202 2338 existere.
3236 2281 3479 2348 Quorum
3505 2280 3738 2349 quidem

2167 2372 2349 2427 odium
2381 2371 2482 2426 hac
2523 2371 2756 2426 maxime
2782 2372 2851 2426 de
2897 2386 3086 2438 causa,
3118 2372 3259 2426 sicut
3302 2386 3404 2426 vos
3439 2371 3613 2436 scitis,
3644 2369 3739 2422 in-

2165 2461 2461 2528 currimus,
2480 2461 2607 2531 quia
2629 2462 2778 2530 ipsns
2797 2461 2863 2516 de
2882 2461 3093 2531 laqueis
3124 2461 3326 2516 diaboli
3353 2475 3545 2516 eruere
3565 2467 3620 2515 et
3657 2460 3740 2514 ad

2166 2551 2346 2607 sinum
2390 2553 2580 2607 matris
2628 2549 2884 2612 Ecclesia:
2926 2544 3184 2606 reducere
3222 2551 3556 2606 curavimus.
3610 2548 3738 2603 Vos

2166 2641 2367 2710 itaque,
2398 2655 2539 2710 quos
2577 2641 2646 2694 ab
2671 2639 2888 2694 illorum
2925 2640 3148 2710 perﬁdia
3173 2649 3416 2695 remotos
3443 2646 3498 2694 et
3516 2639 3739 2692 alienos

2165 2731 2578 2796 existimamus,
2617 2737 2866 2800 oportere
2905 2739 3036 2784 tunc
3081 2729 3357 2784 credimus
3401 2737 3461 2782 ut
3506 2727 3735 2798 qualem

2168 2819 2412 2874 habeatis
2447 2820 2690 2874 animum
2719 2819 2862 2874 circa
2909 2833 3035 2884 nos,
3065 2805 3174 2871 imo
3201 2816 3263 2871 B.
3297 2815 3538 2884 Petrum,
3567 2817 3736 2887 cujus

2169 2908 2309 2974 vice,
2357 2909 2483 2962 licet
2513 2907 2741 2976 indigni,
2791 2906 3088 2978 fungimur,
3139 2907 3549 2973 demonstretis;
3575 2916 3632 2961 et
3656 2907 3736 2970 si,

2166 2996 2616 3069 quemadmodum
2639 2996 2986 3063 arbitramur,
3010 3011 3109 3051 vos
3129 2996 3355 3051 ﬁdeliter
3381 2996 3586 3067 geritis,
3607 3010 3738 3050 ma-

2167 3087 2377 3142 nifestis
2407 3087 2638 3155 indiciis,
2671 3104 2794 3143 eum
2839 3096 3052 3157 tempus
3078 3087 3232 3140 adest
3262 3095 3316 3140 et
3345 3101 3436 3140 res
3471 3092 3740 3154 expostu-

2167 3178 2261 3242 lat,
2284 3178 2588 3232 declaretis.
2611 3177 2707 3232 Est
2729 3186 2909 3231 autem
2933 3177 2988 3230 in
3008 3190 3118 3245 quo
3129 3175 3468 3240 devotionem
3490 3184 3739 3229 vestram

2166 3267 2378 3336 egregie
2421 3266 2648 3334 potestis
2675 3265 2978 3332 ostendere,
3005 3265 3053 3319 si
3081 3265 3297 3319 decreta
3325 3272 3484 3334 atque
3525 3273 3736 3320 statuta

2169 3356 2312 3410 sedis
2351 3355 2659 3424 apostolica:
2705 3370 2808 3425 pro
2852 3370 3012 3425 posse
3054 3363 3236 3410 vestro
3285 3355 3511 3410 studetis
3563 3364 3739 3425 atque

2166 3446 2410 3515 satagitis
2436 3445 2711 3519 adjuvare.
2761 3444 2930 3516 lgitur
2960 3444 3327 3500 Ravennatem
3361 3446 3740 3514 archiepisco-

2167 3550 2293 3602 pum
2323 3522 2545 3588 fratrem
2561 3531 2977 3590 nostrum’R....
3007 3548 3173 3606 quem
3203 3542 3326 3603 post
3351 3534 3539 3604 longas
3565 3542 3619 3588 et
3648 3535 3740 3589 in-

2168 3638 2422 3677 numeras
2448 3639 2800 3694 pervasorum
2830 3623 3213 3693 occupationes
3233 3624 3561 3694 nuperrime,
3588 3624 3738 3680 sicut

2168 3713 2294 3766 olim
2317 3728 2347 3766 a
2377 3713 2530 3768 beato
2555 3713 2714 3769 Petro
2756 3713 3142 3783 Apollinarem,
3177 3714 3251 3770 ita
3278 3729 3426 3769 nunc
3443 3713 3736 3768 Ravennas

2167 3803 2235 3856 ab
2260 3801 2496 3858 Ecclesia
2525 3803 2768 3858 Romana
2791 3805 2990 3858 meruit
3018 3804 3287 3874 accipere,
3309 3803 3550 3859 studium
3577 3803 3740 3869 vobis

2168 3893 2260 3956 sit,
2281 3901 2395 3946 tum
2422 3901 2654 3961 propter
2669 3903 2918 3960 amorem.
2939 3879 3272 3946 sanctissimi
3295 3891 3553 3962 martyris
3571 3891 3737 3960 cujus

2169 3981 2293 4053 sede
2319 3988 2372 4032 et
2398 3979 2642 4048 reliquiis
2668 3979 2760 4035 illa
2785 3978 3072 4057 deceratur
3090 3968 3354 4047 Ecclesia,
3375 3989 3488 4036 tum
3510 3990 3740 4052 propter

2169 4068 2477 4136 apostolicae
2523 4069 2669 4125 sedis
2695 4070 2930 4125 debitam
2977 4069 3355 4138 reverentiam,
3403 4071 3651 4128 consiliis
3681 4084 3739 4128 et

2169 4157 2384 4212 auxiliis
2432 4160 2630 4215 vestris
2676 4158 3021 4226 conﬁrmare,
3051 4169 3214 4230 atque
3247 4161 3298 4216 ei
3344 4171 3535 4216 contra
3587 4163 3739 4224 illius

2169 4249 2340 4313 sancti
2370 4249 2474 4305 loci
2518 4251 2838 4322 sacrilegum
2881 4245 3306 4322 damnatumque
3335 4251 3739 4309 devastatorem

2149 4338 2340 4394 .Vu...'.
2372 4341 2547 4406 modis
2571 4343 2825 4397 omnibus
2861 4341 3169 4422 Subvenire.
3193 4340 3550 4416 Praecipimus
3577 4360 3740 4400 nam-

2167 4444 2273 4498 que
2303 4439 2380 4495 nt,
2405 4430 2561 4498 juxta
2585 4431 2877 4499 consilium
2913 4429 3076 4498 legati
3089 4430 3276 4492 Tnostri
3301 4430 3394 4499 qui
3427 4430 3606 4487 defert
3633 4433 3741 4491 has

2169 4517 2376 4571 litteras
2400 4557 2415 4581 ,
2469 4517 2726 4593 pradicto
2771 4517 3030 4572 confratri
3074 4525 3264 4572 nostro
3320 4519 3742 4593 archiepiscopo

509 4589 581 4643 ab
614 4587 795 4656 impiis
827 4585 1079 4640 manibus
1105 4585 1407 4654 patiamini,
1450 4588 1566 4652 sed,
1608 4590 1750 4644 sicut
1784 4591 1914 4645 boni
1948 4590 2067 4656 ﬁlii,

2174 4605 2455 4666 consilium
2478 4589 2817 4667 et'auxilium
2858 4615 3102 4662 vestrum
3128 4608 3202 4672 ita
3235 4606 3464 4665 ﬁrmiter
3498 4585 3740 4680 promit-

505 4690 631 4733 eam
661 4675 943 4729 nobiscum
975 4674 1031 4728 in
1075 4682 1394 4742 maternam,
1420 4675 1527 4730 hoc
1552 4685 1638 4730 est
1673 4675 1934 4732 Romana:
1966 4677 2069 4732 Ec-

509 4765 707 4830 clesiae,
746 4765 1046 4818 libertatem
1088 4763 1364 4819 vindicare
1413 4767 1663 4836 satagite,
1707 4777 1979 4837 quatenus
2017 4777 2072 4823 et

507 4853 775 4908 honorem
819 4853 937 4918 Dei,
967 4852 1099 4907 dum
1141 4867 1365 4922 sponsa:
1401 4856 1543 4925 ejus,
1576 4865 1776 4911 sanctae
1799 4857 2068 4925 Ecclesiae,

511 4937 810 4994 libertatem
835 4942 1076 5012 diligitis,
1099 4957 1198 4997 vos
1224 4945 1522 5000 ostendatis
1540 4961 1748 5020 amare,
1775 4956 1831 5001 et
1860 4956 2073 5002 aeternae

510 5029 859 5084 beatitudinis
905 5029 1289 5098 hereditatem,
1311 5034 1473 5104 quasi
1518 5035 1674 5091 liberi
1726 5035 1842 5102 ﬁlii,
1878 5037 2071 5092 merito

510 5117 732 5186 possitis
763 5125 818 5170 et
843 5116 1081 5173 debeatis
1107 5133 1346 5187 sperare.

579 5205 713 5260 Data
740 5197 923 5260 Idibus
949 5203 1221 5263 Octobris.

1029 5314 1364 5371 EPISTOLA
1396 5319 1536 5374 XIV.

669 5398 733 5434 AD
760 5398 1116 5449 RAVSNNL‘I'IS,
1148 5401 1426 5449 FIRIANOS,
1455 5404 1524 5442 ΕΤ
1563 5404 1907 5447 ενοιετικοε.

1004 5429 1028 5499 .'
1037 5429 1482 5526 ’ῩᾸιίΞῖἶόἕὸἇ

510 5534 852 5590 Commendat
881 5538 953 5589 eis
999 5539 1217 5595 electum
1242 5543 1562 5598 Ravennatis
1599 5545 1852 5602 Ecclesiw
1892 5551 2072 5602 archi-
2104 5571 2109 5576 ·

578 5604 892 5671 episcopum.
941 5602 1199 5661 Hortatur
1242 5622 1299 5663 ut
1343 5615 1391 5665 ei
1445 5614 1674 5668 debitam
1729 5619 2070 5671 reverentiam

579 5673 870 5743 exhibeant,
892 5675 1245 5743 praecipueque
1267 5691 1447 5733 contra
1474 5682 1620 5736 illius
1642 5684 1896 5739 Ecclesia:
1915 5686 2070 5738 dam-

570 5749 779 5792 .natum‘
801 5740 1179 5817 devastatorem
1207 5745 1470 5813 adjuvant.

583 5825 882 5885 Caesonius
913 5837 1218 5902 episcopus,
1256 5848 1444 5891 servus
1468 5851 1750 5894 servorum
1791 5841 1905 5908 Dei,
1938 5857 2065 5896 om-

2169 4695 2315 4761 tatis,
2343 4704 2422 4762 ut,
2448 4697 2576 4751 dum
2597 4697 2806 4752 inimici
2827 4697 3117 4766 audierint,
3142 4699 3305 4753 rebus
3325 4700 3444 4756 suis
3465 4712 3740 4773 cogantur

2168 4793 2223 4838 et
2241 4784 2365 4856 jure
2416 4785 2627 4854 possint
2655 4787 2876 4855 timere;
2923 4804 3049 4855 cum
3087 4804 3219 4844 vero
3248 4791 3413 4859 amici
3444 4801 3500 4847 et
3545 4793 3742 4851 ﬁdeles

2170 4873 2342 4928 nostri
2380 4877 2748 4946 cognoverint,
2777 4894 2885 4934 una
2907 4879 3192 4939 nobiscum
3216 4881 3284 4937 de
3319 4871 3744 4954 promissisve-

2143 4962 2298 5017 “stris
2325 4965 2624 5021 certissime
2655 4977 2857 5037 queant
2877 4984 3117 5040 sperare.

2240 5052 2371 5110 Data
2401 5057 2560 5112 tertio
2581 5056 2706 5114 ldus
2733 5057 3062 5117 Decembris.

2701 5169 3038 5227 EPISTOLA
3060 5161 3179 5230 XV.

2741 5257 2807 5295 ΔΙ]
2831 5255 3146 5294 γΑιΑΈκεεε.

2652 5316 2655 5317 ⁷
2751 5328 2931 5399 (Anno
2966 5327 3147 5397 1080.)

2174 5415 2441 5470 Invelzitur
2468 5417 2522 5469 in
2549 5417 2934 5492 Trasmwidum
2975 5418 3272 5492 quemdam,
3299 5424 3390 5492 qui
3415 5440 3450 5477 a
3479 5440 3536 5480 se
3558 5427 3738 5483 incre-

2240 5494 2392 5563 pata:
2425 5487 2569 5563 quod
2586 5488 2941 5563 episcopatum
2961 5487 3656 5563 dimiserinet'monituaje
3683 5513 3739 5551 ac

2240 5552 2292 5631 in
2318 5569 2378 5606 eo
2407 5552 2632 5640 ampla?
2679 5552 2988 5640 ititiltderet2
3023 5556 3182 5640 ausas
3227 5552 3301 5610 sit
3337 5560 3510 5640 ips-am
3547 5561 3742 5618 Eccle-

2239 5621 2375 5672 sium
2416 5619 2711 5688 pervadere.
2757 5619 3013 5690 Prtecipit
3056 5624 3258 5678 nullam
3301 5619 3740 5685 ei'obedietuim

2237 5689 2488 5768 exhiberi,
2512 5689 2601 5740 sed
2631 5689 2765 5768 bona
2805 5689 3035 5768 ecclesia:
3071 5694 3135 5748 de
3162 5696 3402 5768 manioys
3430 5698 3552 5767 ejus
3577 5700 3740 5768 eripi.

2239 5757 2504 5828 legatoque
2525 5755 2826 5840 apostolico;
2839 5761 2974 5813 sedas
2987 5763 3040 5814 in
3054 5778 3115 5814 ea
3133 5755 3737 5833 re'auxilianipueberi.

2243 5843 2544 5897 Caesonius
2586 5836 2888 5918 episcopus,
2938 5866 3123 5906 servus
3150 5867 3428 5916 servorum
3459 5851 3582 5925 Dei,
3617 5869 3740 5911 om—
