3952 6394
134 504 223 560 589

1171 497 1368 550 LIBLli
1407 496 1744 552 OCTAVUS.
1786 526 1852 536 —
1904 495 2128 548 Ei’lST.
2173 494 2330 546 KV“.

3227 496 3330 549 590

134 615 277 666 nibus
305 611 360 664 in
384 609 696 678 episcopatu
723 605 976 662 Valvensi
1012 605 1387 676 [Valvanensil
1441 607 1682 661 habitan-
1710 611 1752 663 A
1781 616 1932 674 parte
1973 606 2114 659 beati
2163 604 2306 658 Petri
2351 604 2691 675 prtecipimus
2719 605 2872 659 vobis
2901 616 2959 660 ut
3001 605 3338 664 Narbonensi

134 703 284 764 tibus,
314 699 612 767 majoribus
654 706 817 766 atque
845 696 1168 758 minoribus,
1199 695 1311 749 sive
1359 701 1678 763 potestatem

135 792 183 843 in
215 805 277 843 eo
319 788 665 848 habentibus,
695 789 788 855 qui
835 786 1065 855 gratiam
1094 784 1236 839 beati
1272 783 1416 837 Petri
1439 784 1679 852 cupiunt,

134 864 350 934 salutem
381 889 435 932 et
456 878 806 948 apostolicam
828 876 1276 931 benedictionem.

197 966 607 1028 Transmundus
627 975 808 1020 vester
847 966 1024 1020 dictus
1048 965 1333 1035 episcopus
1367 964 1433 1018 ad
1461 979 1560 1019 nos
1588 978 1682 1017 vc-

137 1056 226 1121 nit,
260 1071 424 1123 quem
463 1055 719 1108 nimirum
760 1071 861 1108 nos
889 1055 1042 1109 duris
1084 1053 1261 1108 verbis
1298 1054 1684 1122 increpuimus,

138 1154 408 1213 propterea
432 1144 576 1213 quod
613 1144 981 1213 episcopatum
1012 1143 1128 1198 sine
1157 1143 1364 1198 ratione
1385 1143 1682 1198 dimiserat.

138 1235 490 1303 Praecepimus
519 1235 680 1288 etiam
737 1235 838 1299 illi,
868 1243 1086 1304 propter
1118 1235 1277 1288 istam
1299 1233 1602 1298 stultitiam,
1631 1241 1690 1286 ut

139 1326 198 1380 de
220 1325 528 1394 episcopatu
560 1339 618 1378 se
644 1324 836 1378 deinde
879 1340 986 1377 non
1031 1306 1434 1387 intromitteret,
1462 1323 1556 1377 sed
1589 1325 1691 1376 iret

141 1417 201 1469 al
222 1413 454 1468 Montem
475 1413 784 1478 Cassinum,
813 1413 992 1483 ibique
1008 1413 1194 1466 tandiu
1213 1421 1355 1466 esset
1373 1412 1544 1466 donec
1567 1429 1688 1466 cum

143 1505 251 1575 ipso
280 1503 489 1574 prrefati
520 1505 623 1558 loci
667 1504 860 1565 abbate
901 1503 1130 1571 aliisque
1173 1502 1438 1572 religiosis
1479 1511 1533 1556 ct
1565 1518 1688 1570 pru-

141 1594 383 1648 dentibus
413 1593 546 1648 viris
587 1594 871 1648 consilium
916 1606 1232 1660 caperemus
1272 1591 1399 1660 quid
1427 1592 1494 1646 de
1527 1591 1618 1645 illo
1641 1601 1694 1644 et

143 1692 310 1738 vestra
336 1681 576 1737 Ecclesia
594 1691 733 1738 esset
756 1681 1083 1737 faciendum.
1109 1679 1262 1746 Quod
1286 1689 1530 1735 nostrum
1558 1697 1695 1750 pra:-

145 1782 346 1842 rcptum
373 1771 537 1838 (sicut
552 1773 878 1842 audivimus)
910 1780 1280 1837 contemnens,
1306 1780 1354 1826 et
1383 1786 1479 1840 per
1506 1772 1694 1826 inube-

143 1864 389 1918 tlientiam
421 1863 734 1917 idololatriae
764 1863 940 1918 scelus
973 1863 1275 1927 incurrens,
1305 1877 1470 1917 ausus
1499 1870 1581 1919 est
1603 1877 1695 1917 ec—

1784 694 2057 759 Ecclesiie,
2076 695 2188 763 jam
2214 708 2279 747 ex
2304 694 2464 762 longo
2510 702 2749 762 tempore.
2777 710 2808 748 a
2851 695 3108 750 membris
3140 696 3339 753 diaboli

1783 800 2041 853 pervasa,
2088 792 2333 853 prompte
2377 784 2776 850 subvenientes,
2830 783 3054 839 fratrem
3094 794 3339 842 nostrum

1786 861 2109 926 Dalmatium
2138 872 2624 941 archiepiscopum,
2653 887 2812 941 quem
2834 873 3050 927 tandem
3084 875 3342 931 canonice

1785 972 1838 1015 et
1863 961 2160 1016 secundum
2193 961 2477 1016 Dominum
2520 964 2750 1017 electum
2793 971 2845 1016 et
2885 963 3190 1017 ordinatum
3232 981 3345 1019 tne-

1786 1051 1894 1105 ruit
1939 1053 2200 1120 accipere,
2231 1053 2405 1106 modis
2449 1052 2701 1106 omnibus
2748 1052 3009 1106 studeatis
3047 1053 3340 1122 adjuvare;

1789 1140 1864 1194 illi
1905 1156 2030 1195 vero
2071 1142 2366 1210 pervasori,
2419 1143 2510 1210 qui
2540 1156 2644 1194 non
2689 1155 2782 1209 per
2816 1140 3034 1205 ostium,
3060 1150 3120 1194 ut
3140 1152 3345 1210 pastor,

1789 1232 1880 1285 sed
1909 1231 2142 1292 aliunde,
2187 1240 2246 1284 ut
2289 1230 2373 1283 fur
2404 1241 2456 1284 et
2479 1231 2616 1284 latro
2643 1230 2940 1298 ingressus,
2982 1244 3109 1283 oves
3146 1227 3348 1288 Christi

1791 1329 1987 1373 mactat
2009 1328 2062 1372 ct
2083 1319 2257 1388 perdit
2283 1318 2459 1387 (Joan.
2489 1320 2564 1388 χ),
2596 1320 2704 1372 imo
2731 1317 2944 1371 diabolo
2965 1317 3148 1382 tradit,
3175 1318 3352 1372 modis

1791 1409 1990 1475 quibus
2024 1407 2246 1476 potestis
2293 1407 2548 1471 resistite,
2593 1407 2638 1461 si
2687 1407 2916 1476 gratiam
2965 1407 3352 1477 omnipotentis

1794 1497 1887 1550 Dei
1912 1497 2230 1551 desideratis
2246 1497 2504 1550 obtinere.
2539 1495 2691 1566 Agite
2723 1511 2872 1565 ergo,
2900 1504 2954 1550 et
2975 1496 3196 1549 omnino
3229 1513 3355 1566 pro-

1795 1597 1977 1640 curate
2003 1588 2215 1640 beatum
2251 1587 2486 1650 Petrum,
2511 1586 2878 1654 apostolorum
2912 1585 3230 1654 principem,
3260 1603 3358 1640 vo-

1796 1677 1878 1729 bis
1920 1677 2249 1744 adjutorcm,
2301 1677 2410 1729 into
2453 1675 2750 1730 debitorem
2801 1674 3008 1740 facere,
3039 1676 3131 1744 qui
3180 1685 3358 1745 potest

1797 1766 1949 1820 vobis
1975 1766 2138 1834 hujus
2165 1765 2287 1818 vita:
2309 1775 2361 1818 et
2390 1764 2585 1818 futurae
2626 1765 2852 1819 salutem
2875 1772 2926 1818 et
2949 1766 3204 1820 honorem
3230 1765 3360 1820 dare

1799 1856 1880 1908 vel
1903 1855 2105 1919 tollere,
2130 1855 2331 1923 quique
2354 1855 2527 1909 nescit
2554 1855 2738 1908 fideles
2759 1870 2888 1910 suos
2911 1854 3235 1924 relinquere,
3265 1856 3359 1908 sed

146 1954 353 2008 clesiam
401 1953 746 2008 interdictam
798 1953 862 2006 nd
917 1960 1267 2022 augmentum
1320 1951 1537 2004 malitia:
1588 1966 1700 2006 sum
1732 1927 1773 1979 Β
1800 1945 1978 2013 potius
2021 1945 2169 1998 novit
2199 1945 2446 2012 superbis
2484 1945 2755 2008 resistere,
2789 1953 2841 1998 et
2883 1942 3231 2008 confundere,
3259 1945 3361 1997 hu-

143 2044 447 2111 pervadere,
475 2056 704 2111 eamque
731 2056 877 2095 nunc
898 2041 1245 2111 pertinaciter
1269 2055 1376 2094 non
1400 2040 1592 2094 metuit
1615 2055 1700 2096 oc—

145 2147 353 2201 cupare.
402 2130 636 2185 Proinde
678 2131 971 2200 apostolica
1001 2132 1320 2190 auctoritate
1361 2129 1701 2200 prteeipimus

144 2222 286 2276 vobis
309 2229 369 2275 ut
388 2263 404 2286 ,
429 2222 476 2276 si
505 2221 730 2291 gratiam
759 2219 852 2275 Dei
877 2229 929 2275 et
966 2221 1107 2275 beati
1127 2220 1270 2275 Petri
1309 2221 1550 2291 diligitis,
1582 2221 1700 2274 ani-

145 2326 460 2381 tuarumque
505 2319 810 2366 vestrarum
867 2311 1162 2389 periculum
1227 2313 1460 2377 timetis,
1522 2311 1703 2365 nullus

144 2411 377 2456 vestrum
405 2401 764 2470 episcopalem
803 2401 1160 2454 reverentiam
1192 2401 1265 2454 illi
1291 2401 1561 2465 exhibeat,
1586 2403 1700 2466 sed,

145 2492 276 2544 bona
301 2490 545 2545 ecclesia
568 2490 634 2544 de
664 2489 915 2542 manibus
945 2490 1089 2543 illius
1110 2490 1417 2558 eripientcs,
1441 2505 1565 2544 eum
1594 2489 1702 2544 sic—

145 2591 200 2634 ut
252 2581 561 2634 invasorem
594 2578 861 2645 habeatis,
891 2587 944 2633 et
990 2595 1076 2633 res
1116 2580 1358 2634 ecclesia:
1396 2595 1463 2634 ne
1503 2579 1703 2633 distra-

147 2673 270 2726 here
300 2671 483 2725 valeat
518 2686 547 2724 a
576 2677 841 2739 potestate
876 2669 1048 2740 ipsius
1076 2669 1394 2724 defendatis.
1428 2668 1707 2726 Nihilomi-

146 2779 245 2817 nus
281 2775 502 2830 quoque
525 2760 848 2814 mandamus
879 2768 942 2812 ut
961 2760 1089 2813 huic
1109 2761 1283 2830 legato
1310 2768 1496 2814 nostro
1515 2758 1706 2814 Joanni

145 2852 494 2915 subdiacono,
523 2864 685 2918 quem
707 2849 773 2902 ad
801 2849 904 2902 hoc
925 2847 1074 2903 vobis
1098 2849 1418 2915 direximus,
1447 2851 1706 2905 auxilium

144 2942 197 2993 in
240 2940 328 2995 his
354 2953 480 3009 quae
521 2938 831 2994 necessaria
860 2936 1063 2993 fuerint
1105 2939 1412 3008 praabeatis,
1443 2949 1710 3010 quatenus

146 3028 255 3098 ipse
279 3044 393 3083 una
413 3028 694 3084 vobiscum
723 3043 848 3100 quas
867 3027 921 3084 in
953 3028 1055 3083 hac
1089 3043 1149 3082 re
1177 3027 1422 3083 facienda
1446 3036 1572 3083 sunt
1599 3043 1710 3082 mc-

146 3117 248 3174 lius
273 3119 455 3189 possit
485 3119 727 3188 implere.

212 3209 346 3265 Data
376 3209 618 3267 secundo
645 3209 772 3265 Idus
793 3209 1123 3265 Decembris.

675 3319 1010 3375 EPISTOLA
1046 3319 1183 3372 XVI.

819 3426 884 3464 AD
913 3426 963 3464 Ν.
993 3425 1044 3463 Ν.

740 3499 921 3573 (Anno
948 3497 1130 3567 1080.)
1162 3569 1166 3574 η

149 3593 362 3646 Laudat
389 3592 528 3663 quod
554 3601 1076 3663 parentum‘suorum
1105 3590 1320 3663 ves_tigi_a
1344 3590 1539 3663 imitati
1561 3589 1715 3643 devo-

215 3673 331 3714 tum
377 3657 614 3714 animum
655 3675 778 3730 erga
820 3660 1116 3730 Romanam
1158 3657 1457 3730 _Ecd_esiam
1500 3668 1711 3730 gerunt,

215 3741 377 3799 utque
403 3731 462 3782 in
497 3746 554 3782 eo
579 3726 769 3799 indies
799 3728 965 3799 magis
985 3727 1262 3799 proﬁciant
1286 3726 1715 3799 [terminationi-

217 3793 438 3852 méndat
485 3799 561 3851 eis
612 3793 1456 3864 Dalmatium,archiepiscopum
1505 3793 1715 3857 Narbo-

218 3869 399 3922 nensis
442 3866 694 3921 Ecclesia
733 3866 978 3919 canonice
1015 3864 1270 3926 electum,
1316 3874 1372 3916 ut
1413 3879 1550 3928 eum,
1597 3873 1715 3916 tan-

217 3954 383 4008 quam
413 3952 589 3992 verum
611 3945 892 4005 pastorem,
921 3934 1186 4002 adjuvent,
1221 3941 1271 3986 et
1296 3934 1561 4001 pervasori
1588 3935 1718 3987 resi-

217 4015 387 4059 stant.

218 4115 534 4169 Gnnconws
573 4114 877 4182 episcopus,
918 4127 1106 4166 servus
1141 4126 1417 4165 servorum
1457 4111 1568 4176 Dei,
1603 4113 1711 4167 Β...

149 4215 202 4258 et
239 4203 374 4269 8...,
399 4203 672 4258 nobilibus
695 4203 1005 4268 comitibus,
1031 4203 1258 4257 salutem
1283 4209 1338 4255 et
1365 4203 1714 4270 apostolicam

151 4293 606 4349 benedictionem.

220 4385 504 4452 Quantum
539 4382 734 4439 domus
779 4377 958 4439 vestra
979 4383 1195 4438 beatam
1251 4381 1472 4437 Petrum
1509 4383 1720 4453 jamdu-

151 4477 281 4532 dum
331 4475 604 4550 dilexerit,
653 4483 1028 4546 quantumque
1075 4474 1174 4543 ipsi
1226 4473 1400 4529 tldelis
1428 4474 1716 4541 exstiterit,

1799 2035 2018 2088 milibus
2054 2043 2234 2088 autem
2259 2035 2487 2104 gratiam
2519 2035 2646 2089 dare
2672 2033 2812 2104 (Jac.
2857 2034 2952 2104 tv),
2983 2049 3184 2106 eosque
3211 2035 3360 2091 (ἔχεις

1798 2133 1933 2177 tare.

1788 2214 1796 2224 ’
1848 2212 2001 2296 Data
2023 2214 2233 2268 decimo
2255 2211 2524 2270 Kalendas
2549 2213 2810 2268 Januarii.

2319 2305 2653 2376 EPlSTOLA
2686 2322 2842 2376 xvu.

2086 2429 2149 2467 Δῐ)
2185 2429 2390 2466 (ΞΜΞΒΕΜ
2423 2429 2490 2467 ΕΤ
2520 2427 2755 2466 POPVLI?“
2787 2427 3081 2467 REMENSEI.

2377 2501 2568 2571 (Anno
2599 2500 2781 2570 1030.)

1804 2590 1991 2660 Arguit
2043 2590 2338 2645 Manassen:
2389 2592 2513 2645 aliut
2548 2591 2993 2659 archiepiscopum
3045 2591 3366 2660 Remensem,

1872 2659 1961 2741 qui
1982 2660 2140 2741 legati
2168 2659 2444 2741 apostolici
2470 2660 3044 2741 scntentiqdaprnatus
3075 2659 3368 2741 Ecctesiant

1879 2727 2046 2801 ipsani
2096 2727 2337 2801 invadere
2372 2729 2778 2801 praesumpserit.
2816 2727 2990 2801 Quare
3027 2739 3197 2801 monet
3236 2732 3370 2801 utci

1878 2799 2046 2868 modis
2072 2799 2309 2852 ontnibus
2361 2799 2627 2868 resistant,
2651 2807 2699 2851 et
2733 2799 2796 2852 de
2815 2799 3040 2868 episcopi
3067 2799 3276 2853 Diensi:
3295 2799 3371 2852 le-

1877 2867 1990 2986 ἵαιὶ
2035 2881 2287 2948 consensu
2323 2867 2488 2948 alium
2529 2877 2790 2947 pastorem
2819 2866 3036 2935 eligant,
3073 2869 3161 2936 qui
3192 2884 3370 2920 eorum

1899 2936 2138 2986 aberant:
2168 2935 2420 2986 [scelerus
2443 2937 2711 2986 subvenire
2736 2935 2923 2986 Μίδαι.

1899 2936 2139 2988 aboranti
2168 2935 2420 2989 Ecclesia!
2443 2937 2711 2989 subvenire
2736 2935 2923 2988 raleat.

1881 3022 2187 3088 GREGOBlUS
2218 3024 2524 3094 episcopus,
2570 3039 2760 3079 servus
2793 3039 3075 3079 servorum
3111 3023 3226 3090 Dei,
3257 3017 3388 3078 uni-‘

1812 3130 1969 3170 verso
2018 3115 2302 3171 ltemensis
2341 3115 2595 3170 Ecclesiae
2632 3117 2775 3171 clero
2813 3125 2866 3170 et
2900 3117 3115 3186 populo,
3143 3116 3374 3170 salutem

1739 3247 1780 3300 ε
1792 3218 1794 3220 ·
1814 3216 1868 3261 ct
1900 3206 2248 3275 apostolicam
2269 3206 2716 3261 benedictionem.

1879 3299 1995 3354 Non
2030 3301 2340 3355 dubitamus
2380 3299 2729 3356 adnotitiam
2785 3307 3018 3352 vestram
3067 3296 3374 3366 pervenisse

1811 3389 1954 3458 quod
1985 3386 2283 3452 Manasses,
2329 3388 2458 3441 olim
2487 3388 2665 3440 dictus
2706 3387 3146 3455 archiepiscopus
3172 3395 3372 3451 vester,

1795 3481 2121 3552 ‘synodalem
2149 3481 2511 3536 damnationis
2539 3497 2650 3535 sure.
2679 3482 3018 3548 sententiam,
3038 3482 3377 3552 exigentibus

1815 3581 1984 3650 culpis
2011 3580 2146 3646 suis,
2169 3579 2512 3649 adjudicante
2540 3579 2812 3635 confratre
2841 3588 3028 3635 nostro
3055 3579 3236 3635 Diensi
3264 3581 3378 3650 epi-

1815 3689 1996 3742 scopo,
2053 3679 2252 3727 sanctae
2298 3671 2555 3726 Romana:
2603 3671 2858 3726 Ecclesim
2901 3673 3077 3740 legato
3129 3673 3372 3729 subierit.
3438 3682 3452 3694 ‘

1813 3755 1986 3820 Quam
2015 3756 2194 3824 itaque
2222 3756 2503 3824 diligenter
2538 3766 2940 3824 perscrutantes
2966 3767 3018 3811 et
3040 3773 3138 3826 pro
3162 3760 3376 3829 magni-

1814 3850 1998 3905 tudine
2045 3849 2391 3919 iniquitatum
2419 3851 2538 3919 ejus
2560 3851 2923 3920 justissimam
2966 3852 3136 3909 fuisse
3182 3871 3380 3926 appro-

1814 3941 2103 4004 bantes,eo
2124 3948 2307 3995 tenore
2327 3940 2379 3994 in
2409 3939 2651 3995 Romana
2681 3943 2887 4013 synodo
2915 3943 3376 4013 confirmavimus,

1817 4043 2004 4102 rogatu
2025 4033 2317 4086 multorum
2344 4031 2592 4097 fratrum,
2616 4041 2694 4097 ut,
2714 4035 2987 4088 concessis
3005 4035 3108 4088 sibi
3123 4035 3375 4102 induciis.

1818 4118 1864 4171 si
1898 4125 2095 4186 posset,
2130 4116 2195 4170 ad
2224 4115 2630 4184 expurgandum
2670 4130 2728 4169 se
2775 4115 2842 4168 de
2872 4116 3100 4184 objectis
3128 4119 3379 4176 veniendi

1818 4207 2086 4261 licentiam
2130 4207 2350 4260 haberet
2378 4220 2442 4258 ac
2481 4203 2705 4258 liberam
2735 4205 2801 4259 de
2830 4221 2888 4260 se
2928 4207 3117 4276 agendi
3155 4207 3381 4266 faculta-

1819 4304 1957 4360 tem;
1985 4295 2058 4350 ita
2087 4302 2266 4348 tamen
2300 4301 2358 4346 ut
2387 4292 2599 4348 interim
2628 4293 2888 4364 regimine
2924 4295 3097 4365 ipsius
3126 4295 3382 4356 Ecclesia:

1819 4385 2052 4451 cederet,
2087 4393 2141 4440 et
2181 4385 2235 4437 in
2275 4381 2620 4438 Cluniacensi
2659 4384 2744 4437 vel
2795 4384 2848 4437 in
2895 4384 3079 4455 aliquo
3127 4386 3394 4458 religioso.

1822 4477 2152 4534 monasterio
2178 4477 2413 4546 degeret,
2442 4484 2502 4528 ut
2538 4477 2694 4543 cujus
2723 4479 3037 4532 obedientia:
3060 4463 3382 4551 quantaque

152 4567 402 4637 profecto
450 4581 559 4620 non
607 4565 768 4620 modo
794 4565 937 4635 apud
976 4579 1073 4619 vos
1115 4565 1304 4630 scitur,
1336 4565 1430 4620 sal
1467 4566 1722 4630 etiamin
1759 4568 1800 4621 D
1828 4570 2146 4626 humilitatis
2174 4576 2319 4622 esset
2367 4566 2704 4634 probaretur.
2729 4566 2930 4623 Verum
2961 4571 3125 4642 (sicut
3152 4587 3248 4628 vos
3277 4573 3382 4645 ipsi

152 4657 420 4725 pluribus-
437 4655 774 4709 diversarum
803 4655 1041 4724 gentium
1065 4654 1324 4723 .partibus
1345 4663 1531 4708 notum
1554 4655 1723 4708 habe-

151 4755 260 4800 tur.
302 4743 467 4799 Unde
489 4751 546 4798 et
575 4743 642 4798 de
669 4743 903 4798 inimicis
933 4744 1236 4808 victoriam,
1277 4740 1472 4813 et'prze
1514 4746 1724 4797 caeteris

151 4836 382 4904 paribus
398 4833 517 4888 suis
542 4832 802 4888 honorem
818 4840 879 4900 et
902 4832 1127 4902 gloriam
1149 4832 1413 4887 hactenus
1427 4832 1724 4887 obtinuisse

153 4927 311 4997 longe
349 4925 570 4993 lateque
596 4907 947 4997 dignoscitur.
995 4920 1134 4988 Quia
1167 4937 1296 4976 vero
1321 4931 1603 4991 parentum
1633 4937 1724 4976 ve-

153 4985 424 5081 strorum,
456 4985 596 5068 sicut
624 4985 924 5068 nbbilitdtis
946 4985 1168 5078 lineam,
1199 5011 1270 5066 ita
1293 4985 1508 5081 quoque
1537 5012 1722 5082 probi-

153 5119 328 5162 tatum
355 5103 542 5162 studia
556 5117 654 5156 vos
673 5101 875 5160 imitari
895 5102 1264 5172 cognovimus,
1291 5118 1390 5171 pro
1404 5112 1552 5158 certo
1572 5105 1726 5159 valde

154 5197 415 5250 luctamur
463 5203 517 5249 et
560 5201 622 5247 ut
648 5192 900 5247 devotum
936 5191 1177 5244 animum
1214 5191 1358 5246 circa
1391 5194 1604 5248 beatum
1627 5193 1726 5249 Pe-

117 5327 121 5334 .
157 5297 299 5338 trum
329 5292 387 5338 et
425 5292 656 5337 matrem
704 5281 947 5337 omnium
993 5287 1236 5333 sanctam
1292 5279 1590 5337 Romanam
1627 5283 1728 5338 Ec-

156 5375 382 5430 clesiam
421 5386 635 5439 semper
679 5372 898 5441 geratis,
946 5369 1232 5425 salubriter
1261 5369 1542 5425 hortamur
1569 5380 1728 5439 atque

159 5477 473 5526 monemus,
515 5460 672 5528 cujus
698 5474 796 5514 vos
833 5460 1174 5515 dilectionem
1216 5468 1398 5511 tenere
1420 5461 1606 5526 procul
1629 5461 1728 5513 du-

157 5557 246 5609 bio
277 5556 333 5609 in
379 5552 534 5608 nullo
569 5550 763 5604 melius
789 5549 1015 5618 potestis
1048 5549 1329 5603 ostendere
1357 5563 1520 5616 quam
1547 5551 1612 5614 si,
1647 5551 1729 5603 iu-

159 5657 236 5699 ter
283 5653 484 5698 caetera
517 5643 659 5696 bona
683 5655 803 5710 quae
841 5638 1049 5693 debetis
1076 5655 1255 5710 agere,
1282 5648 1523 5694 sanctam
1554 5632 1732 5694 Eccle-

158 5735 296 5787 siam
337 5732 651 5801 procuratis
679 5731 868 5800 juvare
903 5736 1064 5798 atque
1091 5729 1394 5785 defendere.
1429 5729 1612 5799 Itaque
1647 5747 1734 5785 sa-

159 5827 254 5880 luii
299 5833 501 5878 vestrm
553 5823 822 5892 praecipue
867 5820 1242 5892 providentes,
1284 5837 1535 5890 rogamus
1573 5831 1624 5875 et
1669 5836 1734 5877 ex

1826 4662 1998 4729 scitis)
2029 4674 2135 4713 non
2165 4657 2337 4710 solum
2365 4654 2490 4709 huic
2522 4654 2818 4726 definitioni
2849 4674 2955 4714 non
2981 4661 3232 4727 obedlvit,
3264 4665 3380 4731 sed,

1825 4754 1891 4808 ad
1952 4755 2319 4818 contemptum
2369 4746 2762 4803 inter-dictionis
2812 4760 3028 4817 nostrae,
3083 4752 3381 4807 Ecclesium

1823 4850 2058 4897 vestram
2089 4837 2339 4892 invadere
2366 4852 2430 4891 ac
2451 4838 2746 4906 impudenti
2767 4840 3132 4893 devastationc
3146 4839 3379 4897 confun-

1823 4933 1950 4986 dere
1978 4929 2340 5003 praesumpsit,
2371 4936 2555 4996 utpote
2597 4943 2760 4995 quant
2803 4943 2909 4980 non
2940 4944 3036 4997 per
3067 4930 3289 4998 ostium,
3321 4944 3385 4987 ut

1826 5029 2031 5092 pastor,
2068 5020 2160 5074 sed
2188 5019 2422 5081 aliunde,
2451 5026 2510 5068 ut
2543 5016 2630 5069 fur
2654 5024 2708 5069 et
2735 5017 3066 5075 satvissimus
3091 5022 3270 5091 praedo
3298 5023 3399 5079 in-'

1829 5110 2008 5174 travit,
2035 5109 2101 5162 ad
2125 5109 2227 5161 hoc
2253 5107 2458 5158 scilicet
2489 5114 2549 5159 ut
2573 5121 2788 5176 gregem
2815 5105 3155 5166 Dominicum
3184 5122 3382 5169 mactet

1827 5209 1881 5254 et
1909 5197 2115 5266 perdat,
2159 5211 2265 5248 non
2295 5203 2354 5248 ut
2381 5194 2657 5264 vigilantia
2677 5199 2920 5266 pastoris"
2947 5208 3190 5271 protegat
3212 5211 3265 5257 et
3292 5203 3386 5257 de-

1827 5286 2011 5340 fendat
2053 5283 2231 5354 (Joan.
2285 5285 2362 5353 χ).
2415 5285 2689 5355 Siquidem
2761 5287 2894 5341 adeo
2950 5288 3002 5342 in
3061 5291 3383 5348 immensum

1831 5383 2049 5430 actuum
2099 5391 2321 5431 suorum
2374 5375 2597 5427 tetendit
2658 5375 2915 5443 iniquitas
2965 5388 3024 5434 ut
3071 5381 3384 5450 dignissime

1831 5466 2163 5520 damnationi
2211 5473 2372 5531 atque
2415 5466 2958 5521 excommunicationi
2993 5469 3285 5537 subjaeeat,
3309 5472 3382 5530 ita

1834 5563 1895 5610 ut
1916 5555 1970 5607 in
1998 5561 2310 5624 perpetuum
2341 5552 2544 5605 nullam
2566 5555 2924 5608 restitutionis
2944 5571 3054 5609 suae
3073 5572 3220 5626 spem
3247 5575 3383 5615 ceu-

1834 5645 2012 5712 cipere
2039 5642 2246 5696 debeat.
2263 5638 2602 5711 Quapropter
2628 5645 2919 5710 apostolica
2938 5660 3031 5700 vos
3065 5649 3387 5706 auctoritate

1837 5745 2118 5786 monemus
2161 5738 2220 5783 ut
2245 5731 2514 5798 perversis
2556 5731 2763 5784 actibus
2810 5731 2927 5798 ejus
2976 5734 3027 5786 iu
3067 5735 3214 5791 nullo
3242 5753 3386 5792 cont-

1841 5821 2158 5889 municctis;
2190 5820 2317 5888 imo,
2350 5830 2404 5875 ιιι
2444 5821 2658 5874 tollatur
2686 5819 2750 5873 dc
2782 5823 2956 5875 medio
2987 5835 3218 5882 vestrum
3248 5838 3294 5882 et
3325 5829 3380 5885 in
