3952 6370
700 537 1032 595 EPISTOLA
1066 537 1184 593 XX.

455 666 527 705 AD
563 666 845 706 PIILIPPUI
882 665 1055 706 που
1092 666 1421 707 ηλκοοιιωι.

725 771 919 843 (Anno
948 768 1113 824 1080.
1132 771 1153 839 )

135 883 327 954 Rogat
375 899 438 937 ne
477 882 759 954 Allanassa:
791 882 1451 954 Remensiarclriepiscopo
1487 882 1722 954 deposito

217 950 401 1005 ullum
430 952 651 1004 ulterius
678 951 905 1018 favorem
932 950 1186 1018 prtebeat,
1222 950 1312 1003 sed
1343 966 1465 1018 eum,
1499 950 1565 1018 ab,
1586 950 1721 1000 ami—

214 1021 357 1071 citia
394 1035 492 1072 sua
527 1017 762 1087 repellat.
819 1017 995 1071 Horret
1027 1028 1281 1087 prwterea
1330 1035 1392 1071 ne
1419 1017 1722 1071 electionem

211 1088 502 1154 impediat,
532 1103 690 1156 quam
722 1087 989 1156 Remensis
1015 1087 1267 1139 Ecclesia:
1280 1087 1459 1156 clerus
1486 1094 1533 1137 et
1549 1099 1721 1156 popu-

215 1152 313 1207 lus
333 1152 570 1224 facturus
600 1164 713 1224 erat
731 1195 747 1219 ,
773 1155 862 1208 sed
888 1154 971 1207 illi
996 1170 1146 1224 quem
1180 1154 1351 1222 major
1372 1170 1495 1222 pars
1507 1152 1721 1222 elegerit

216 1223 497 1277 auxilium
526 1222 776 1291 prebeat.
1009 1222 1016 1224 “
1266 1232 1269 1237 ’

218 1332 535 1388 Caesonius
560 1334 868 1402 episcopus,
915 1346 1105 1387 servus
1138 1346 1417 1386 servorum
1443 1328 1562 1393 Dei,
1593 1327 1719 1380 Put-

135 1437 330 1487 ωηο,
359 1422 597 1491 glorioso
631 1423 742 1492 regi
771 1422 1138 1487 Francorum,
1170 1422 1396 1476 salutem
1419 1427 1477 1474 et
1504 1426 1721 1486 aposto-

136 1511 319 1565 licam
350 1511 797 1565 benedictionem.
874 1530 893 1537 θ

216 1599 383 1669 Seps
414 1616 509 1670 per
549 1600 769 1655 nuntios
806 1609 913 1654 tua:
945 1598 1281 1655 celsitudinis
1333 1597 1640 1651 audivimus
1669 1605 1721 1651 te

133 1690 385 1757 gratiam
430 1688 491 1742 B.
534 1688 679 1742 Petri
749 1697 1101 1761 nostramque
1151 1688 1444 1743 amicitiam
1492 1700 1717 1755 cupere;

132 1778 301 1846 quod
346 1786 403 1832 et
448 1787 578 1831 tunc
625 1792 726 1832 nos
751 1778 978 1832 libenter
1005 1777 1312 1845 accepisse,
1356 1776 1645 1838 etadbuc,
1674 1774 1721 1829 si

1182 426 1383 483 LIBER
1416 425 1717 485 OCTAVUS

1818 457 1861 469 -
1895 424 2111 484 EPIST.
2152 425 2290 482 χχι.
3198 386 3207 393 κ
3280 426 3385 480 :at

1751 543 1797 598 Α
1822 540 1989 611 ligare
2027 550 2081 595 et
2107 540 2418 603 absolvere,
2444 538 2538 592 tibi
2577 535 2744 591 facias
2788 535 3115 598 debitorem;
3165 545 3224 589 ct
3277 550 3384 588 nun

1824 645 1924 698 pro
1957 628 2277 698 negligentia
2327 636 2422 682 aut
2464 627 2705 681 veritatis
2749 626 3181 679 dissimulatione
3235 624 3381 694 judi—

1817 719 2006 783 cium,
2050 717 2145 772 sed
2196 732 2297 785 pro
2347 716 2622 785 diligentia
2666 715 2997 784 iustitiaeque
3040 714 3386 767 exsecutione

1820 807 1993 875 ipsius
2023 806 2194 876 gratia
2220 815 2484 859 aeternum
2508 806 2669 873 digne
2697 804 2957 857 mercaris
2981 804 3262 857 auxilium.

1891 893 2022 948 Data
2049 903 2205 948 sexto
2236 893 2502 947 Kalendas
2525 892 2788 945 Januarii.

2342 1020 2677 1076 EPISTOLA
2710 1021 2847 1074 XXI.

2042 1127 2110 1165 AD
2148 1126 2489 1166 BEBIIANSUI
2522 1126 2809 1165 EPISCOI‘UI
2849 1126 3146 1167 IIE'I'ENSEI.

2398 1200 2592 1272 (Anno
2622 1198 2815 1267 roso.)

1819 1289 1903 1341 Ad
1937 1288 2139 1342 labores
2179 1298 2229 1342 et
2256 1289 2491 1357 pericula
2517 1305 2612 1357 pro
2640 1289 2875 1341 veritatis
2904 1289 3201 1356 defensione
3223 1305 3383 1356 para-

1892 1366 2002 1409 tum
2016 1358 2231 1411 excitat.
2254 1358 2511 1411 Rescribit
2525 1358 2594 1409 ad
2606 1358 2720 1425 ejus
2734 1359 2956 1425 quaesita
2980 1358 3044 1409 de
3069 1359 3382 1410 auctoritate

1890 1426 2028 1478 sedis
2052 1426 2353 1493 apostolica:
2382 1428 2437 1479 in
2458 1426 2957 1478 mommuuicando
2988 1441 3101 1493 rege
3130 1425 3379 1491 Ileurico,

1889 1502 1939 1547 et
1974 1488 2286 1547 absolvenda
2315 1494 2549 1547 subditos
2578 1510 2609 1545 a
2636 1493 2913 1561 ﬁdelitatis
2950 1488 3296 1546 sacrdmeuto.

1887 1600 2194 1658 Caesonius
2211 1590 2521 1672 episcopus,
2552 1617 2743 1657 servus
2763 1616 3044 1656 servorum
3060 1601 3171 1668 Dei,
3186 1602 3383 1657 dilecto

1822 1692 1876 1745 in
1904 1691 2123 1747 Christo
2148 1691 2303 1745 fratri
2331 1692 2643 1746 "summa
2676 1690 2905 1747 Metensi
2933 1693 3208 1761 episeopo,
3237 1693 3383 1748 salu-

1821 1788 1928 1834 tem
1958 1787 2013 1833 ct
2038 1780 2391 1847 apostolicam
2415 1779 2867 1834 benedictionem.

132 1881 280 1920 eum
301 1866 546 1920 animum
570 1867 733 1936 geris,
756 1867 973 1921 noveris
987 1866 1278 1921 admodum
1307 1865 1464 1919 nobis
1486 1865 1716 1933 placere.
1752 1853 1794 1906 Β
1887 1867 2043 1934 Quod
2068 1868 2135 1922 ad
2161 1867 2508 1937 perferendos
2544 1868 2759 1922 labores
2792 1884 2858 1922 ac
2886 1869 3124 1937 pericula
3152 1885 3250 1939 pro
3288 1870 3385 1924 de~

137 1952 210 2008 In
242 1956 351 2011 huc
402 1955 551 2011 enim
590 1962 647 2008 te
691 1962 798 2009 tua
825 1954 1017 2011 salutis
1042 1953 1278 2010 amicum
1320 1953 1721 2022 sollicitumque

130 2056 272 2099 esse
315 2044 689 2109 demonstras,
758 2043 806 2098 si
855 2043 1206 2111 apostolicam
1272 2042 1718 2106 benevolentiam,

133 2132 295 2186 sicut
317 2130 693 2187 Christianum
720 2146 902 2201 regem
951 2130 1125 2198 decet,
1155 2131 1374 2201 assequi
1396 2138 1452 2186 et
1477 2131 1722 2186 obtinere

135 2222 460 2288 desideras;
509 2237 674 2292 quam
724 2221 942 2291 quidem
984 2222 1089 2277 hoc
1115 2229 1272 2292 pacta
1297 2221 1523 2291 adipisci
1551 2221 1721 2275 multo

136 2310 370 2365 facilius
410 2326 501 2388 ac.
527 2311 743 2382 dignius
798 2310 1034 2381 poteris,
1063 2312 1111 2366 si
1156 2318 1211 2366 te
1238 2311 1295 2365 in
1338 2309 1722 2366 ecclesiasticis

134 2400 388 2468 negotiis
434 2400 746 2469 diligentem
793 2398 1159 2468 devotumque
1210 2407 1523 2454 reverenter
1564 2397 1723 2453 exhi-

135 2486 357 2549 bueris.
389 2485 511 2552 Qua
563 2486 620 2540 in
648 2501 708 2541 re
759 2486 951 2556 procul
1004 2486 1173 2542 dubio
1227 2488 1409 2542 minus
1437 2487 1722 2557 vigilanter

137 2576 499 2645 uultumque
526 2575 881 2646 negligentius
934 2592 1100 2646 quam
1150 2592 1345 2633 unum
1392 2576 1557 2633 fuerit
1587 2577 1720 2630 olim

140 2664 413 2719 habuisse
432 2673 487 2718 te
513 2664 769 2721 eerneris.
802 2664 909 2720 Sed
927 2665 1435 2721 nos'adolescentia:
1459 2675 1567 2721 tua:
1592 2681 1723 2734 prm-

140 2751 317 2820 terita
367 2752 590 2818 delicta,
646 2768 743 2822 spe
788 2752 1142 2808 correctionis
1170 2750 1278 2808 tua:
1304 2762 1612 2824 portantes,
1661 2764 1721 2809 ut

137 2840 413 2909 deinceps
440 2841 719 2911 castigatis
756 2842 1001 2897 moribus
1028 2842 1098 2897 ad
1133 2857 1197 2897 ea
1224 2859 1346 2913 quae
1393 2850 1606 2913 oportet
1632 2843 1718 2897 in-

136 2930 367 2999 vigiles,
391 2945 459 2984 ex
478 2930 659 2985 debito
678 2930 841 2986 ofllcii
870 2932 1043 2987 nostri
1067 2947 1370 2988 monemus.
1400 2931 1564 3007 igitur
1583 2934 1723 2987 inter

136 3027 353 3072 cetera
379 3019 641 3074 virtutum
664 3008 841 3075 studia
869 3020 1027 3090 regia
1052 3022 1377 3076 excellentiae
1398 3023 1720 3077 convenien-

1816 1952 2063 2009 fensione
2106 1954 2352 2010 veritatis
2402 1962 2456 2007 te
2499 1962 2748 2022 paratum
2797 1953 3172 2023 intelligimus,
3214 1955 3383 2010 divini

1818 2043 2058 2096 muneris
2099 2057 2221 2096 esse
2245 2057 2352 2095 non
2374 2042 2715 2107 dubitamus;
2758 2040 2917 2110 cujus
2944 2042 3057 2096 bare
3085 2051 3169 2096 est
3196 2042 3385 2098 ineﬂ'a-

1818 2130 1942 2184 bilis
1963 2130 2139 2199 gratia
2167 2138 2220 2184 et
2252 2130 2433 2184 divina
2462 2129 2746 2185 clementia
2776 2130 2919 2199 quod
2939 2146 3220 2200 nunquam
3269 2133 3381 2187 ele-

1816 2227 1935 2273 ctos
1987 2234 2118 2273 suos
2172 2219 2387 2288 penitus
2442 2219 2697 2279 aberrare
2745 2217 3039 2287 permittit,
3101 2235 3381 2289 nunquam

1818 2304 2065 2360 funditus
2089 2305 2400 2361 labefactari
2452 2314 2547 2359 aut
2585 2304 2744 2373 dejici
2773 2304 2921 2367 sinit,
2951 2304 3081 2359 dum
3106 2319 3223 2371 eos,
3258 2321 3382 2376 per-

1818 2394 2112 2449 secutionis
2133 2403 2371 2463 tempore
2390 2392 2623 2463 quadam
2668 2392 2785 2447 utili
2814 2392 3129 2461 probatione
3169 2394 3383 2449 discus-

1816 2498 1945 2549 sos,
1972 2484 2137 2538 etiam
2183 2493 2305 2554 post
2347 2482 2757 2552 trepidationem
2791 2482 3030 2553 aliquam
3074 2472 3403 2556 semetipsis

1787 2573 2070 2651 “fortiores
2114 2573 2262 2629 facit.
2291 2574 2556 2640 Quoniam
2593 2583 2774 2627 autem
2810 2573 2953 2627 sicut
2987 2573 3128 2628 inter
3157 2578 3379 2645 ignavos

1819 2664 1986 2716 alium
2025 2677 2142 2732 quo
2194 2663 2407 2731 turpius
2434 2662 2540 2715 alio
2584 2659 2754 2730 fugiat
2782 2660 2946 2714 timor
2972 2661 3273 2730 exanimat,
3304 2663 3377 2718 ita

1818 2752 2161 2807 etiam.intcr
2202 2760 2452 2806 strenuos
2496 2751 2663 2805 alium
2692 2756 2802 2820 quo
2852 2750 3047 2805 fortius
3071 2751 3177 2807 alio
3220 2763 3375 2823 agat,

1817 2858 1928 2910 quo
1980 2842 2256 2896 ardentius
2282 2848 2617 2911 prorumpat,
2651 2840 2805 2894 virile
2837 2827 3375 2911 pectus‘inllammat.

1820 2929 1932 2985 Hoc
1980 2930 2228 2984 charitati
2276 2939 2383 2985 tua!
2451 2929 2841 2984 exhortationis
2891 2943 3024 2984 voce
3065 2930 3379 2985 curavimus

1818 3020 2217 3084 commendare,
2264 3028 2323 3073 ut
2355 3033 2421 3072 eo
2456 3018 2630 3087 magis
2655 3018 2709 3070 in
2737 3018 2854 3071 acie
2885 3016 3211 3073 Christianae
3252 3020 3379 3074 reli-

137 3107 247 3170 tia,
276 3122 405 3175 qua
431 3108 527 3160 tibi
552 3108 731 3163 inesse
755 3099 1027 3175 optamus,
1046 3123 1174 3163 cum
1195 3110 1487 3178 tejustitia:
1512 3117 1719 3163 amato-
1746 3155 1785 3179 "
1820 3108 1996 3179 gionis
2029 3115 2172 3161 stare
2199 3116 2250 3161 te
2281 3108 2507 3162 delectet
2539 3106 2681 3161 inter
2720 3107 2945 3176 primos,
2996 3123 3107 3178 quo
3140 3124 3234 3164 eos
3270 3125 3376 3164 non

138 3210 271 3249 rem
324 3193 815 3266 misericordiaque
841 3196 1118 3251 custodem
1160 3197 1421 3263 existere,
1463 3198 1719 3254 ecclesias
1746 3193 1787 3209 ν
1819 3196 2036 3251 dubitas
2082 3196 2273 3250 victori
2326 3195 2448 3265 Deo,
2471 3196 2749 3265 proximos
2788 3204 2950 3267 atque
3006 3197 3371 3267 dignissimos.

133 3282 464 3348 defendere,
493 3284 725 3352 pupillos
747 3284 1046 3354 viduasque
1065 3292 1343 3355 protegere
1371 3288 1443 3341 sit
1470 3302 1722 3341 necessa-

140 3372 302 3425 rium
322 3412 338 3435 ,
374 3387 483 3425 non
512 3373 690 3427 minus
717 3373 784 3427 ad
810 3374 1035 3428 interna:
1063 3374 1255 3429 salutis
1279 3375 1583 3430 custodiam
1624 3376 1719 3430 tibi

134 3473 279 3513 esse
319 3475 608 3527 pravorum
654 3462 879 3518 consilia
921 3464 1243 3532 spernenda,
1265 3465 1603 3533 maximeque
1627 3481 1721 3519 ex-

67 3578 76 3586 ο
136 3547 680 3602 communicaturum
725 3549 1121 3613 lbmiliaritates
1164 3547 1508 3608 detestandas
1526 3593 1542 3619 ,
1571 3554 1718 3606 arbi-

1817 3285 1974 3351 Quod
2024 3294 2205 3340 autem
2272 3285 2560 3355 postulasti
2588 3294 2640 3339 te
2685 3286 2843 3353 quasi
2898 3287 3104 3340 nostris
3160 3286 3378 3357 scriptis
3440 3272 3444 3276 Δ

1811 3374 1991 3444 juvari
2018 3389 2083 3429 ac
2120 3373 2433 3443 praemuniri
2480 3381 2668 3427 contra
2714 3371 2931 3427 illorum
2986 3372 3254 3428 insaniam
3280 3364 3386 3445 qui

1818 3461 2051 3519 nefando
2095 3475 2192 3515 ore
2254 3460 2501 3530 garriunt
2528 3461 2903 3515 auctoritatem
2936 3471 3138 3516 sancta:
3166 3471 3221 3518 et
3245 3478 3376 3534 apo-

1816 3550 2019 3605 stolica:
2051 3550 2195 3604 sedis
2220 3565 2327 3604 non
2374 3549 2617 3619 potuisse
2641 3565 2821 3620 regem
2851 3549 3165 3618 Henricum,
3194 3553 3373 3635 boari-

133 3643 371 3688 tramur
414 3643 582 3704 atque
604 3638 919 3692 asserimus.
955 3628 1111 3692 Unde
1154 3640 1471 3695 sublimitati
1522 3648 1630 3695 tute
1651 3656 1717 3695 ex
1816 3655 1938 3695 nem
1968 3639 2288 3695 Christianae
2328 3639 2462 3709 legis
2508 3647 2953 3710 contemptorem,
3008 3628 3374 3712 Ecclesiaruin

116 3732 313 3792 parte
344 3725 482 3778 beati
512 3724 657 3779 Petri
682 3727 1025 3796 praecipimus
1051 3743 1115 3782 ac
1141 3743 1205 3782 ex
1230 3737 1414 3783 nostra
1464 3743 1720 3798 rogamus
1815 3729 2061 3784 videlicet
2077 3738 2131 3784 et
2153 3728 2364 3797 imperii
2383 3729 2795 3794 destruetorem,
2812 3737 2975 3797 atque
3001 3728 3371 3785 haereticorum

139 3820 215 3867 ut
229 3811 496 3868 lanasste
513 3812 765 3870 Bemensi
790 3817 1196 3889 archiepiscopo
1210 3818 1483 3883 dicto,sed
1501 3826 1720 3887 propter
1804 3827 2090 3873 auctorem
2141 3825 2196 3872 et
2242 3825 2667 3871 consentaneum
2721 3818 3227 3883 excommunicarc,
3276 3834 3376 3874 nec

138 3914 291 3955 suas
340 3900 656 3969 iniquitates
677 3944 691 3969 ,
724 3920 847 3974 quae
897 3922 1003 3961 non
1054 3900 1379 3976 pratereunt
1437 3908 1717 3978 scientiam
1817 3922 2143 3979 quemquam
2176 3921 2207 3961 a
2234 3915 2574 3961 sacramento
2602 3906 2875 3962 fidelitatis
2912 3907 3032 3977 ejus
3059 3908 3371 3981 absolvere;

139 3997 339 4053 suam,
386 3989 874 4059 irrecuperabiliter
917 3995 1185 4062 deposito,
1234 3996 1441 4050 nullum
1491 3997 1719 4053 ulterius
1818 4014 1924 4052 non
1950 3998 2085 4051 adeo
2108 3996 2474 4051 necessarium
2495 3995 2653 4051 nobis
2675 3996 2909 4063 videtur,
2940 4012 3067 4052 cum
3092 3996 3257 4065 hujus
3292 3999 3373 4051 rei

139 4076 361 4131 favoris
393 4078 473 4132 tui
511 4079 767 4135 solatium
806 4081 1079 4152 pradicas,
1110 4083 1205 4137 sed
1229 4099 1354 4138 eum
1382 4084 1455 4139 ita
1486 4087 1555 4140 ab
1581 4087 1717 4141 ami-
1815 4096 1926 4141 tam
1973 4086 2141 4139 multa
2167 4100 2232 4139 ac
2270 4084 2581 4139 certissima
2628 4084 2953 4139 documenta
3006 4086 3062 4138 in
3091 4096 3373 4142 sacrarum

134 4165 282 4220 citia
310 4174 404 4220 tua
432 4167 710 4227 rescindas
727 4178 889 4240 atque
916 4186 947 4225 a
971 4180 1263 4240 conspectu
1291 4174 1591 4241 praesentia:
1610 4183 1717 4229 tua:
1818 4175 2219 4242 Scripturarum
2243 4171 2455 4243 paginis
2477 4171 2835 4242 reperiantur.
2874 4166 3060 4243 Neque
3088 4174 3234 4229 enim
3261 4190 3376 4230 crc-

139 4264 523 4323 contemptum
574 4259 819 4327 repellas,
844 4269 905 4315 ut
937 4269 987 4315 te
1029 4269 1210 4329 pateat
1236 4261 1485 4318 inimicos
1516 4272 1717 4321 sanctae
1815 4264 1995 4318 dimus
2015 4277 2110 4317 eos
2149 4262 2244 4333 qui
2265 4248 2342 4316 ad
2373 4261 2803 4329 cumulumrsute
2829 4261 3195 4319 damnationis
3233 4265 3373 4319 veri-

140 4345 446 4409 Bcclesim.
512 4348 759 4404 videlicet
804 4351 1361 4406 excommunicatione
1402 4351 1711 4419 induratos,
1816 4353 1914 4408 tati
1943 4352 2280 4422 impudenter
2299 4352 2592 4407 detrahunt
2634 4359 2689 4405 et
2714 4352 3114 4417 contradicunt,
3153 4353 3371 4423 haecad

142 4437 482 4505 respuendo,
526 4436 694 4531 Deum
724 4440 973 4531 diligere,
1002 4442 1423 4531 apostolicisque
1450 4444 1716 4500 mandatis
1747 4477 1791 4531 Β
1817 4458 1930 4498 suae
1976 4442 2319 4531 defensionis
2337 4441 2621 4531 audaciam
2646 4480 2698 4531 ,υ
2722 4447 2834 4493 tam
2862 4427 3171 4531 ignorantia
3205 4456 3369 4510 quam

140 4541 365 4582 norem
418 4528 653 4595 gerendo
680 4530 908 4597 gratiam
936 4529 1078 4583 beati
1113 4529 1260 4584 Petri
1285 4532 1548 4588 veraciter
1572 4534 1715 4589 desi-
1747 4526 1780 4531 ⁷
1816 4534 2027 4587 misera:
2058 4529 2448 4599 desperationis
2485 4526 2755 4593 vecordia,
2782 4536 3083 4597 coaptasse.
3126 4527 3373 4589 Neemi-

108 4615 366 4669 ‘derarc.
405 4613 673 4668 Praeterea
722 4617 1005 4681 volumus,
1049 4626 1105 4671 et
1135 4632 1202 4675 ex
1236 4626 1389 4685 parte
1420 4604 1738 4687 apostolica.
1814 4637 1968 4686 rum;
2018 4634 2136 4673 mos
2162 4627 2245 4673 est
2277 4616 2421 4672 enim
2446 4616 2835 4686 reproborum,
2858 4617 2929 4672 ob
2958 4632 3074 4687 sua:
3115 4604 3391 4688 nequitia
3434 4636 3437 4641 ‘

134 4703 408 4773 iubemus
456 4710 518 4755 ut
565 4702 885 4758 electionem
939 4718 1103 4772 quam
1151 4707 1387 4773 przelataa
1430 4706 1711 4773 Remensis
1811 4709 2218 4779 protectionem,
2244 4707 2342 4761 niti
2356 4706 2668 4762 consimiles
2683 4706 2785 4760 sibi
2798 4706 3103 4771 defendere,
3120 4694 3245 4774 quia
3271 4721 3375 4776 pro

142 4790 414 4848 Ecclesiae
440 4782 621 4869 clerus
644 4800 700 4846 et
720 4793 980 4862 populus,
1012 4791 1122 4861 Deo
1148 4804 1438 4861 annuente,
1472 4795 1714 4852 facturus

144 4889 259 4946 est,
288 4880 438 4935 nullo
467 4881 683 4950 ingenio
702 4890 801 4935 aut
813 4880 999 4937 'studio
1022 4884 1313 4950 quominus
1339 4886 1595 4941 canonice
1622 4886 1713 4941 ﬁat

143 4970 450 5039 impedias;
482 4970 577 5025 sed
609 4979 657 5023 et
690 4970 737 5024 si
762 4971 1176 5049 quis‘impcdire
1203 4974 1383 5042 aliquo
1412 4976 1591 5030 studio
1621 4991 1715 5029 sa:-

140 5058 327 5112 eulari
355 5060 662 5125 teutaverit,
689 5059 765 5113 illi
792 5059 940 5113 omni
969 5059 1131 5122 modo
1160 5064 1522 5128 eoutradicas,
1552 5073 1713 5132 atque

146 5145 233 5198 illi
262 5154 581 5216 quem'pa'rs
598 5150 815 5204 ﬁdelior
838 5156 893 5203 et
918 5148 1218 5217 religiosior
1250 5150 1470 5220 degerit
1497 5152 1709 5220 adjuto-

145 5234 298 5287 rium
322 5243 480 5288 tuum
507 5236 806 5306 impendas.
834 5237 948 5309 Age
974 5237 1155 5307 igitur,
1182 5245 1257 5302 et,
1294 5237 1409 5305 jam
1447 5246 1603 5295 aetate
1628 5238 1710 5291 vir

146 5322 351 5386 factus,
382 5321 441 5376 in
468 5322 575 5379 hac
596 5334 913 5393 re'proeura
933 5337 994 5382 ut
1019 5342 1127 5380 non
1156 5324 1359 5382 frustra
1388 5334 1496 5382 tua:
1515 5321 1698 5395 juven-

144 5409 287 5465 tutis
308 5409 488 5479 culpis
509 5414 830 5482 peperci-ss,
850 5432 954 5472 nec
976 5417 1033 5471 in
1062 5430 1261 5471 vanum
1280 5422 1334 5469 te
1361 5416 1430 5470 ad
1452 5415 1706 5471 emenda-

143 5502 357 5559 tionem
386 5511 732 5569 exspectasse
770 5506 1089 5572 videamur;
1124 5522 1188 5562 ac
1225 5494 1467 5561 maxime
1505 5504 1706 5561 enitere

144 5599 209 5645 ut
236 5588 458 5642 beatum
495 5587 736 5656 Petrum,
762 5592 817 5645 in
842 5594 1001 5662 cujus
1046 5605 1307 5665 potestate
1332 5604 1414 5649 est
1440 5604 1592 5648 tuum
1616 5609 1703 5647 re-

138 5694 319 5751 gnum
350 5686 407 5733 et
431 5678 614 5731 anima
638 5686 744 5747 tua,
774 5682 867 5749 qui
897 5690 949 5737 te
973 5694 1147 5750 potest
1174 5684 1227 5738 in
1252 5685 1388 5739 cwlo
1406 5692 1455 5738 et
1488 5684 1538 5736 in
1565 5692 1704 5741 terra

1813 4800 1983 4853 nihilo
2002 4798 2201 4852 habent
2218 4796 2480 4852 mendacii
2510 4796 2863 4867 perditionem
2882 4794 3178 4850 incurrere.
3207 4794 3367 4868 Nam,

1815 4898 1873 4941 ut
1914 4889 1980 4942 de
2027 4887 2210 4941 multis
2256 4902 2424 4955 pauca
2447 4885 2725 4957 dicamus,
2765 4881 2889 4950 quis
2944 4882 3157 4953 ignorat
3180 4872 3368 4941 vocem

1814 4976 2025 5031 Domini
2056 4992 2119 5032 ac
2148 4974 2441 5030 Salvatoris
2473 4971 2642 5026 nostri
2668 4969 2797 5025 Jesu
2822 4970 3023 5026 Christi
3048 4974 3277 5027 dicentis
3311 4976 3368 5028 in

1812 5064 2101 5132 Evangelio
2133 5081 2145 5114 :
2182 5061 2257 5115 Tu
2280 5077 2334 5114 es
2362 5059 2552 5116 Petrus
2580 5070 2629 5113 et
2658 5076 2811 5129 super
2848 5063 2980 5113 hanc
2997 5069 3200 5129 petram
3236 5063 3369 5116 adi-

1808 5151 1977 5219 ﬁcabo
2006 5148 2298 5203 Ecclesium
2329 5164 2523 5213 aream,
2554 5157 2603 5201 et
2628 5144 2790 5217 porta:
2814 5147 2969 5213 inferi
2999 5136 3100 5203 non
3116 5136 3368 5216 prmle.
3424 5135 3428 5137 Α

1810 5240 1934 5293 bunt
1967 5239 2211 5292 adversus
2228 5253 2374 5302 eam;
2391 5246 2442 5291 et
2456 5238 2552 5291 tibi
2572 5236 2707 5290 dabo
2730 5233 2897 5287 claves
2922 5236 3065 5303 regni
3094 5236 3363 5303 caelorum,

1807 5338 1856 5381 ct
1880 5327 2217 5397 quodcunque
2241 5325 2480 5397 ligaveris
2505 5337 2660 5389 super
2689 5329 2901 5387 terram,
2936 5322 3040 5375 erit
3070 5322 3294 5394 ligatum
3313 5335 3365 5377 et

1807 5418 1861 5468 in
1892 5414 2057 5481 cretis,
2079 5422 2129 5466 et
2154 5413 2489 5481 quodcunque
2507 5406 2722 5461 solveris
2736 5414 2893 5477 super
2921 5418 3135 5473 terrast,
3150 5411 3264 5479 erit
3278 5426 3336 5465 so
3352 5439 3363 5451 ι

1805 5506 1974 5558 lutum
1993 5512 2043 5556 et
2067 5490 2131 5563 iis.
2144 5500 2285 5554 catis
2306 5498 2522 5567 (Matth.
2540 5497 2671 5569 xvi).
2684 5496 2936 5567 Nunquid
2966 5488 3091 5551 sunt
3107 5497 3194 5551 hic
3210 5512 3369 5571 reges

1806 5590 2046 5658 excepti?
2078 5588 2185 5639 Aut
2204 5602 2313 5641 non
2345 5596 2471 5641 sunt
2492 5587 2557 5641 de
2595 5587 2787 5641 ovibus
2820 5597 2955 5653 quas
2985 5582 3154 5639 Filius
3183 5584 3274 5639 Dei
3299 5584 3358 5641 Β.

1807 5680 1964 5733 Petro
1981 5676 2276 5753 commisit?
2298 5676 2452 5744 Quis,
2473 5692 2621 5747 rogo,
2646 5666 2698 5729 in
2720 5676 2820 5729 hac
2836 5674 3120 5728 universali
3147 5692 3364 5731 concca-
