3952 6416
538 467 644 523 595

1167 471 1222 550 S.
1262 469 1583 526 GREGORII
1628 462 1712 522 Vll
1745 467 1946 523 PAF/['1
1985 465 2264 523 OPERUM
2301 467 2480 524 PARS
2514 467 2557 524 1.
2595 499 2664 509 —-
2699 468 3115 526 REGISTRL'M.

3653 471 3770 526 596

536 578 687 634 sione
707 579 904 650 ligandi
923 590 1081 648 atque
1103 578 2080 652 solvendiapotestatePetriseexclu-
2107 584 2152 639 Α
2180 581 2327 636 sedis
2361 580 2578 637 decreta
2619 581 2825 638 violare
2869 581 3339 651 praesumpserint,
3387 581 3631 636 scribens
3689 581 3766 634 ad

534 684 659 723 sum
677 685 798 724 esse
835 671 1138 737 existimat,
1161 672 1265 726 nisi
1295 672 1430 726 forte
1449 673 1630 726 infelix
1653 673 1739 726 ille
1763 673 1876 740 qui,
1895 674 2086 743 jugum

537 755 750 809 Domini
768 766 978 826 portare
1000 759 1207 823 nolens,
1238 760 1507 814 diabolise
1522 760 1740 827 subjicit
1766 761 1937 826 oneri,
1961 771 2013 814 et
2032 763 2088 814 in

535 861 762 900 numero
783 847 963 901 ovium
999 847 1200 902 Christi
1229 863 1348 902 esse
1377 850 1624 903 recusat?
1651 849 1737 902 cui
1768 858 1946 904 tamen
1983 851 2088 905 hoc

534 936 599 990 al
629 937 880 991 miseram
921 939 1220 992 libertatem
1247 940 1468 993 minimc
1511 938 1721 1007 proficit
1753 942 1898 1010 quod
1930 949 2085 1009 pote-

533 1034 728 1080 statem
765 1027 929 1092 Petri,
972 1029 1232 1083 divinitus
1268 1029 1371 1083 sibi
1404 1044 1741 1095 concessam,
1777 1045 1810 1084 a
1856 1032 2084 1098 superba

533 1116 740 1170 cervice
764 1119 987 1183 excutit,
1017 1118 1274 1186 quoniam
1318 1127 1521 1187 quanto
1553 1134 1671 1172 eam
1712 1120 1960 1188 quisque,
1989 1136 2086 1188 per

530 1205 838 1271 elationem,
877 1205 1018 1260 ferre
1045 1208 1302 1277 abnegat,
1342 1216 1492 1261 tanto
1527 1209 1716 1263 durius
1750 1209 1817 1262 ad
1855 1210 2082 1263 damna-

531 1293 734 1348 tionem
766 1310 918 1348 suam
959 1295 1012 1348 in
1037 1295 1242 1363 judicio
1274 1305 1469 1364 portat.
1506 1294 1652 1349 [lane
1684 1297 1865 1365 itaque
1890 1296 2084 1351 divina

531 1383 822 1438 voluntatis
852 1383 1266 1464 institutionem,
1297 1388 1397 1439 hoe
1437 1377 1832 1439 firmamentum
1863 1387 2108 1454 ιΙίερριισ.

531 1474 762 1528 sationis
783 1473 1054 1538 Ecclesite,
1080 1477 1182 1530 hoc
1217 1478 1552 1548 privilegium
1581 1478 1738 1532 beato
1766 1478 1925 1533 Petro
1947 1494 2081 1548 apo-

532 1565 795 1618 stolorum
828 1567 1050 1634 principi
1094 1568 1296 1622 ctelesti
1327 1569 1541 1623 decreto
1578 1569 1942 1638 principaliter
1972 1580 2082 1624 tra-

529 1653 702 1707 ditum
747 1665 906 1723 atque
953 1653 1222 1708 ﬁrmatum
1266 1658 1437 1711 sancti
1478 1657 1663 1713 Patres
1706 1674 1830 1713 eum
1887 1673 2082 1730 magna

528 1741 873 1798 veneratione
910 1741 1259 1810 suscipientes
1302 1755 1462 1814 atque
1505 1757 1800 1813 servantes,
1839 1759 2078 1804 sanctam

531 1829 829 1886 Romanam
877 1831 1167 1887 Ecclesiam
1204 1843 1312 1887 tam
1358 1837 1411 1889 in
1455 1839 1794 1905 generalibus
1835 1841 2078 1895 conciliis

529 1936 693 1990 quam
717 1923 879 1976 etiam
903 1923 956 1975 in
988 1925 1196 1978 caeteris
1221 1924 1440 1992 scriptis
1465 1935 1518 1980 et
1547 1927 1710 1995 gestis
1738 1929 1854 1983 suis
1877 1929 2086 1983 univer-

531 2011 697 2064 salem
737 2019 963 2066 matrem
1019 2013 1450 2082 appellaverunt;
1490 2025 1544 2070 et
1585 2019 1726 2073 sicut
1763 2021 1881 2089 ejus
1919 2021 2086 2075 docu-

532 2107 712 2152 menta
737 2101 790 2153 in
818 2102 1225 2157 conﬁrmatione
1258 2104 1380 2158 ﬁdei
1401 2114 1455 2159 et
1475 2108 1968 2166 eruditionesacra:
1996 2128 2082 2166 re-

2190 672 2477 738 quemdam
2509 671 2820 726 Senatorem
2853 673 3097 725 abbatem
3124 671 3207 724 his
3238 671 3450 726 verbis:
3491 690 3509 721 ι
3544 671 3600 722 Si
3623 671 3767 738 quis

2187 774 2316 814 vero
2336 777 2542 831 regum,
2566 762 2925 825 sacerdotum,
2944 761 3185 828 judicum
3219 771 3378 828 atque
3408 760 3762 814 saecularium

2185 839 2570 917 persenarum,
2619 852 2761 906 lianc.
2811 850 3210 904 constitutionis
3259 859 3455 902 nostra!
3496 851 3763 918 paginam

2185 953 2473 1007 agnocens,
2510 951 2693 995 contra
2735 955 2852 996 eam
2896 939 3078 992 venire
3123 938 3422 1002 lentaverit,
3465 940 3764 1006 potestatis

2186 1027 2516 1098 honorisque
2541 1032 2624 1085 sui
2645 1030 2902 1100 dignitate
2932 1037 3135 1095 catt-at,
3172 1042 3433 1096 reumque
3466 1041 3524 1080 se
3563 1027 3763 1080 divino

2178 1115 2384 1183 judicio
2405 1119 2636 1174 existere
2668 1121 2733 1174 de
2765 1131 3066 1191 perpetrata
3107 1112 3388 1190 iniquitate
3419 1125 3756 1186 cognoscat;

2181 1214 2253 1270 et,
2284 1207 2388 1262 nisi
2409 1223 2471 1261 ea
2500 1224 2620 1277 qua:
2653 1211 2720 1264 ab
2749 1211 2840 1264 illo
2869 1221 2995 1265 sunt
3023 1213 3161 1264 male
3193 1214 3371 1266 ablata
3417 1207 3760 1272 restituerit.

2180 1296 2264 1349 vel
2291 1298 2450 1366 digna
2476 1299 2788 1366 pmnitentia
2818 1301 3000 1356 illicite
3038 1311 3156 1356 acta
3189 1302 3478 1366 defleverit,
3510 1317 3541 1355 a
3569 1311 3768 1355 sacra-

2184 1385 2394 1440 tissimo
2438 1402 2662 1455 corpore
2709 1405 2772 1445 ac
2812 1393 3072 1460 sanguine
3117 1390 3328 1444 Domini
3369 1388 3760 1460 Redemptoris

2181 1476 2351 1529 nostri
2387 1474 2515 1531 Jesu
2558 1478 2760 1535 Christi
2803 1481 3010 1534 alienus
3052 1484 3164 1545 fiat,
3206 1492 3367 1548 atque
3403 1463 3465 1534 in.
3483 1491 3756 1535 aeternum

2179 1567 2416 1621 examini
2480 1569 2740 1624 districta:
2799 1571 3019 1624 ultionis
3081 1570 3374 1637 subiaceat.
3421 1590 3440 1621 ι
3490 1570 3643 1635 Quod
3706 1572 3757 1624 si

2177 1656 2243 1719 B.
2276 1659 2583 1731 Gregorius,
2616 1659 2804 1714 doctor
2844 1661 3032 1729 utique
3076 1660 3416 1725 mitissimus,
3450 1675 3618 1729 reges,
3650 1661 3756 1729 qui

2186 1758 2386 1805 statuta
2441 1765 2540 1804 sua
2586 1761 2749 1819 super
2795 1767 2963 1805 unum
3032 1752 3428 1805 xenodoehium
3482 1752 3761 1806 violarent

2182 1857 2287 1894 non
2338 1841 2498 1896 modo
2537 1841 2751 1909 deponi,
2799 1841 2891 1895 sed
2935 1842 3096 1895 ctiam
3141 1843 3620 1907 excommunicari,
3664 1852 3758 1896 at-

2181 1950 2287 2004 que
2333 1934 2384 1987 in
2446 1943 2649 1988 teterno
2703 1933 2952 1988 examine
3006 1934 3252 1988 damnari
3292 1935 3566 2028 \deerevit,
3618 1929 3772 2005 quis

2183 2035 2284 2074 nos
2307 2018 2598 2074 Henricum
2626 2035 2730 2073 non
2775 2021 2948 2074 solum
2978 2018 3393 2089 apostolicor‘um
3415 2021 3754 2089 judiciorum

2181 2117 2627 2178 contemptorem,
2651 2125 2838 2163 verum
2867 2110 3026 2164 etiam
3063 2109 3234 2178 ipsius
3257 2111 3446 2164 matris
3466 2109 3755 2173 Ecclesia;

531 2188 766 2258 ligionis,
803 2191 875 2243 ita
899 2192 1059 2246 etiam
1083 2195 1282 2261 judicia
1322 2207 1692 2265 susceperunt,
1724 2200 1776 2252 in
1817 2202 1921 2256 hoc
1955 2219 2086 2258 con-
2183 2205 2444 2266 quantum
2471 2199 2525 2250 in
2547 2199 2664 2266 ipso
2686 2207 2788 2263 est.
2818 2200 3274 2264 εοηευιείὶῑοτοῐη,
3297 2199 3566 2268 totiusque
3592 2201 3756 2270 regni

530 2279 841 2346 sentientes,
872 2290 925 2335 et
951 2285 1105 2351 quasi
1135 2300 1243 2338 uno
1265 2285 1454 2354 spiritu
1486 2295 1540 2340 ct
1571 2304 1678 2342 una
1704 2305 1834 2345 voce
1860 2306 2085 2347 coneor—
2182 2299 2236 2344 et
2262 2289 2626 2345 Ecelesiarum
2656 2291 3116 2359 improbissimum
3157 2291 3464 2358 prmdonem
3506 2299 3560 2343 et
3595 2300 3757 2344 atro-

529 2367 740 2433 dantcs,
787 2385 974 2426 omnes
1021 2373 1256 2441 majores
1299 2391 1386 2429 res
1425 2385 1479 2430 et
1528 2379 1796 2450 praecipua
1848 2384 2080 2451 negotia,

533 2469 632 2510 nec
652 2471 759 2510 non
795 2460 1036 2513 omnium
1058 2461 1416 2518 Ecclesiarum
1444 2465 1667 2534 judicia,
1691 2470 1756 2523 ad
1781 2485 1901 2525 eam
1926 2475 2081 2540 quasi

532 2545 599 2600 ad
629 2556 853 2600 matrem
881 2557 932 2602 et
968 2560 1128 2619 caput
1165 2552 1358 2606 debere
1389 2554 1598 2620 referri,
1629 2559 1696 2611 ab
1725 2574 1786 2612 ea
1816 2575 2082 2630 nusquam

534 2637 808 2704 appellari,
841 2637 1042 2706 judicia
1085 2641 1203 2710 ejus
1231 2658 1260 2694 a
1304 2643 1518 2697 nemine
1559 2650 1836 2702 retractari
1873 2659 1965 2703 aut
2001 2667 2085 2706 re—

534 2722 642 2776 felli
663 2725 853 2780 debere
875 2728 955 2781 vel
980 2745 1156 2797 posse.
1182 2730 1332 2787 Unde
1359 2734 1546 2789 beatus
1562 2735 1812 2794 Celasius
1835 2739 1923 2791 Vll
1948 2756 2082 2810 papa

537 2813 829 2869 Anastasio
872 2815 1181 2886 imperatori
1223 2822 1463 2876 scribens
1514 2822 1734 2896 (epist.),
1771 2828 1950 2889 divina
1976 2830 2082 2884 ful-

533 2910 621 2956 tus
648 2906 984 2972 auctoritate,
1010 2909 1140 2978 quid
1176 2921 1230 2964 et
1255 2910 1485 2980 qualiter
1521 2915 1588 2968 de
1619 2917 1920 2987 principatu
1961 2935 2085 2973 san-

530 3002 632 3046 cta
675 3003 729 3047 et
761 2998 1067 3064 apostolica:
1110 3001 1252 3055 sedis
1297 3005 1496 3059 sentire
1533 3005 1749 3061 deberet
1784 3009 1887 3063 hoc
1925 3011 2086 3064 modo

533 3097 658 3136 eum
703 3085 952 3142 instruxit
986 3109 997 3141 :
1054 3110 1071 3140 ι
1100 3090 1242 3156 Etsi,
1287 3094 1487 3162 inquit,
1519 3099 1728 3152 cunctis
1767 3101 2084 3168 generaliter

2182 2380 2460 2434 cissimum
2501 2380 2896 2434 destructorem
2937 2380 3252 2448 deposuisse
3287 2388 3340 2433 et
3378 2382 3760 2433 excommuni-

2182 2483 2334 2522 casse
2370 2469 2754 2537 reprehendat,
2788 2469 2893 2522 nisi
2925 2468 3063 2522 forte
3099 2468 3291 2524 similis
3320 2469 3474 2537 ejus?
3499 2469 3640 2522 sicut
3679 2469 3751 2522 Β.

2361 2558 2476 2627 (hoc
2511 2566 2608 2621 est,
2649 2557 2814 2611 Beato
2849 2557 3026 2610 Petro.
3052 2556 3246 2625 llann.)
3274 2557 3498 2611 docente
3536 2573 3751 2626 cogno—

2185 2645 2360 2699 vimus
2389 2646 2445 2698 in
2477 2646 2707 2720 epistola
2745 2646 2811 2699 de
2843 2645 3179 2699 ordinatione
3194 2644 3522 2720 Clementis,
3548 2646 3601 2698 in
3631 2662 3750 2714 qua

2185 2734 2260 2787 sic
2290 2734 2365 2786 ait
2394 2751 2407 2785 :
2439 2753 2456 2784 ι
2478 2715 2544 2786 ⁷δί
2565 2734 2688 2802 quis
2715 2733 2923 2787 amicus
2953 2732 3113 2786 fuerit
3141 2715 3206 2786 iis
3229 2751 3246 2782 ν
3271 2731 3382 2802 [de]
3408 2731 3604 2800 quibus
3625 2732 3750 2800 ipse

2181 2821 2248 2876 de
2269 2823 2457 2877 eodem
2486 2823 2760 2877 Clemente
2787 2823 2971 2876 dicens
2993 2836 3100 2875 non
3132 2823 3392 2889 loquitur,
3431 2840 3449 2871 ι
3485 2836 3628 2875 unus
3653 2831 3750 2874 est

2182 2919 2236 2964 et
2262 2904 2376 2979 ipse
2402 2928 2468 2965 ex
2505 2908 2611 2964 illis
2637 2911 2731 2979 qui
2767 2910 3124 2964 exterminare
3163 2909 3254 2963 Dei
3297 2909 3591 2966 Ecclesiam
3640 2924 3750 2964 vo-

2185 3001 2336 3062 lunt;
2379 3009 2432 3054 et
2471 3001 2517 3054 si
2559 3015 2681 3054 eum
2722 3014 2950 3068 corpore
2994 2999 3277 3071 nobiscum
3318 3014 3442 3052 esse
3470 2999 3747 3063 videatur,

2186 3098 2362 3142 mente
2388 3097 2441 3142 et
2465 3091 2647 3142 animo
2672 3097 2859 3143 contra
2882 3103 2982 3141 nos
3009 3097 3117 3152 est,
3149 3097 3200 3141 ct
3224 3096 3307 3142 est
3329 3087 3497 3140 multo
3511 3089 3750 3156 nequior

532 3173 905 3230 sacerdotibus
938 3187 1081 3232 recte
1106 3179 1282 3234 divina
1309 3187 1665 3242 tractantibus
1689 3189 1923 3243 ﬁdelium
1950 3205 2080 3244 con-
2113 3211 2154 3265 α
2188 3179 2358 3233 Ῠιοεῑίδ
2407 3179 2495 3235 hic
2545 3194 2706 3247 quam
2765 3179 2838 3231 mi
2883 3178 2974 3246 (Ιυί
3010 3176 3143 3231 foris
3184 3185 3309 3231 sum
3370 3184 3425 3231 εί
3467 3178 3751 3232 “mall”

535 3262 682 3315 venit
709 3264 845 3317 colla
871 3265 1135 3331 submitti,
1179 3279 1380 3336 quanto
1404 3274 1582 3341 potius
1613 3277 1753 3330 sedis
1782 3278 1924 3330 illius
1947 3296 2083 3345 prte-

534 3351 638 3404 suli
661 3367 956 3410 consensus
984 3366 1066 3410 est
1100 3357 1452 3423 adhibendus,
1481 3377 1638 3430 quem
1658 3367 1876 3423 cunctis
1906 3382 2085 3420 sacer-

534 3439 751 3497 dotibus
793 3452 847 3497 et
881 3445 1134 3502 divinitas
1180 3463 1389 3504 summa
1426 3452 1594 3505 voluit
1626 3434 2000 3521 'praieminere,
2036 3466 2089 3509 ct

535 3528 869 3618 subsequens
915 3533 1164 3591 Ecclesia:
1205 3541 1468 3608 generalis
1501 3541 1701 3612 jugiter
1743 3545 1911 3614 pietas
1946 3547 2086 3618 cele-

537 3614 741 3690 bravit!
773 3637 790 3669 ι
823 3618 923 3674 Ubi
953 3624 1233 3690 prudentia
1267 3635 1356 3680 tua
1390 3630 1661 3684 evidenter
1693 3634 1921 3687 advertit
1946 3614 2084 3688 nun-

533 3720 722 3774 quam,
747 3710 986 3777 quolibet
1009 3713 1219 3780 penitus
1252 3716 1489 3784 humano
1516 3720 1764 3784 consilio,
1794 3736 2006 3790 aequare
2032 3741 2090 3779 se

539 3811 866 3866 quemquam
920 3815 1078 3868 posse
1123 3803 1265 3857 illius
1311 3807 1589 3876 privilegio
1637 3810 1720 3862 vel
1765 3811 2089 3866 confessioni

535 3901 700 3953 quem
725 3887 924 3957 Christi
954 3906 1055 3944 vox
1081 3894 1312 3959 praetulit
1335 3896 1620 3961 universis,
1660 3914 1820 3967 quem
1853 3899 2089 3955 Ecclesia

536 3979 832 4034 venercnd:
883 3981 1124 4036 confessa
1154 3997 1365 4052 semper
1384 3994 1467 4039 est
1493 3995 1545 4039 et
1579 3988 1736 4043 habet
1762 3991 1949 4044 devota
1977 3992 2080 4058 pri-

542 4073 758 4120 mntem.

612 4197 740 4253 Item
771 4201 946 4258 Julius
969 4223 1125 4274 papa,
1143 4207 1504 4267 Orientalibus
1526 4213 1790 4284 episcopis
1819 4217 2089 4284 scribens,

500 4296 503 4297 '
541 4287 611 4343 de
636 4298 899 4358 potestate
925 4295 1160 4363 ejusdem
1192 4297 1389 4352 sancta:
1405 4309 1459 4354 et
1485 4306 1791 4369 apostolicae
1813 4307 1954 4360 sedis
1980 4309 2053 4359 ait
2078 4327 2089 4360 :

546 4396 568 4428 ι
599 4378 860 4436 Decuerat
880 4397 994 4447 vos,
1021 4382 1230 4450 fratres,
1248 4387 1513 4442 adversus
1533 4403 1772 4447 sanctam
1797 4395 2096 4449 Romanam

2189 3269 2412 3322 inimici.
2467 3267 2563 3321 Hie
2603 3269 2745 3340 enim
2785 3283 2880 3336 per
2932 3267 3288 3320 amicitiarum
3345 3267 3578 3335 speciem
3619 3281 3750 3334 qua:

2188 3358 2408 3412 inimica
2438 3365 2564 3412 sunt
2605 3357 2760 3424 gerit,
2802 3365 2855 3426 et
2897 3355 3192 3409 Ecclesium
3229 3357 3488 3423 dispergit
3536 3369 3600 3408 ac
3646 3370 3749 3406 va-

2187 3456 2311 3501 stat.
2362 3467 2379 3499 ι

2255 3579 2389 3634 Nota
2417 3595 2566 3649 ergo,
2596 3579 2932 3643 charissime,
2961 3577 3006 3632 si
3051 3591 3381 3646 eunLquem
3426 3575 3584 3646 [forte
3614 3591 3744 3630 cum

2183 3671 2298 3739 qui,
2328 3668 2524 3740 Hann]
2546 3668 2779 3722 amicitia
2816 3660 2902 3721 vel
2941 3666 3210 3734 colloquio
3254 3667 3322 3720 iis
3364 3665 3562 3734 quibus
3605 3681 3747 3734 papa

2187 3775 2284 3827 pro
2306 3760 2514 3813 actibus
2541 3759 2656 3812 suis
2683 3758 2942 3810 adversus
2970 3763 3054 3809 est
3084 3755 3351 3817 sociatur,
3375 3764 3483 3806 tam
3511 3755 3749 3822 graviter

2184 3847 2410 3916 judicat,
2438 3854 2639 3914 quanta
2687 3845 2838 3897 illum
2884 3843 3084 3910 ipsum,
3127 3843 3214 3897 eui
3244 3831 3342 3911 pro
3369 3841 3581 3896 actibus
3629 3843 3748 3897 suis

2189 3936 2446 3989 adversus
2477 3925 2594 3994 est',
2634 3933 3103 3996 animadversione
3141 3931 3390 3985 damnat?
3419 3930 3524 3986 Sed
3571 3941 3633 3986 ut
3677 3934 3748 3986 ad

2189 4039 2304 4077 rem
2350 4023 2653 4086 redeamus,
2695 4022 2838 4076 itane
2862 4021 3094 4090 dignitas
3134 4036 3165 4074 a
3192 4022 3542 4076 sarcularibus
3581 4023 3744 4076 etiam

2193 4113 2358 4166 Deum
2409 4113 2786 4183 ignorantibus
2823 4113 3039 4166 inventa
3059 4126 3167 4165 non
3205 4111 3523 4180 subjicietur
3565 4111 3616 4164 ei
3659 4113 3747 4165 di-

2191 4203 2381 4273 gnitati
2445 4219 2609 4271 quam
2677 4201 3064 4270 omnipotentis
3133 4199 3225 4253 Dei
3285 4200 3619 4268 providentia
3678 4201 3748 4253 ad

2196 4293 2454 4346 honorem
2501 4306 2660 4345 suum
2704 4291 2925 4353 invenit,
2977 4290 3288 4357 mundoque
3325 4289 3749 4342 misericorditer

2197 4381 2401 4446 tribuit,
2424 4371 2579 4447 cujus
2600 4379 2789 4441 Filius,
2813 4379 2952 4430 sicut
2984 4375 3126 4430 Deus
3153 4387 3207 4430 et
3237 4378 3399 4429 homo
3439 4377 3748 4430 indubitan-

544 4473 600 4518 et
623 4471 966 4536 apostolicam
982 4473 1272 4528 Ecclesium
1291 4476 1472 4533 limate
1491 4489 1544 4533 et
1566 4495 1671 4534 non
1695 4482 1902 4548 ironice.
1917 4484 2094 4552 loqui;
2131 4514 2172 4566 ι)
2198 4478 2278 4524 ῑετ
2303 4469 2558 4534 (πεδίων,
2595 4468 2668 4520 ita
2699 4482 2959 4566 fummus
2983 4465 3270 4566 §309rd05,
3299 4473 3462 4533 caput
3502 4468 3745 4522 omnium

545 4558 800 4623 quoniam
845 4569 899 4613 et
941 4563 1056 4629 ipse
1105 4566 1365 4623 Dominus
1404 4580 1587 4625 noster
1627 4570 1784 4628 Jesus
1823 4573 2092 4638 Christus,

545 4659 665 4699 eam
693 4646 940 4702 decenter
963 4651 1246 4718 allocutus,
1288 4659 1399 4711 ait:
1437 4658 1511 4711 Tu
1543 4677 1594 4713 es
1629 4659 1840 4726 P‘etrus,
1866 4672 1916 4714 et
1942 4679 2094 4730 super

545 4734 678 4790 hanc
703 4748 900 4807 petram
929 4740 1199 4810 ardi/itabo
1225 4743 1516 4799 Ecclesium
1544 4765 1728 4814 meam,
1759 4760 1807 4803 et
1829 4761 1993 4818 porta:
2023 4755 2096 4804 iu.

546 4826 647 4892 [eri
702 4844 803 4882 non
847 4829 1199 4898 prwvalebunt
1242 4833 1485 4886 adversus
1535 4853 1670 4899 eam,
1711 4848 1760 4889 et
1818 4841 1911 4891 tibi
1961 4841 2094 4894 dabo

544 4912 716 4968 claves
756 4920 896 4986 regni
927 4921 1171 4974 caelorum
1209 4921 1423 4992 (Matth.
1460 4923 1589 4993 xvi).
1629 4923 1796 4977 Habet
1831 4925 1972 4978 enim
2003 4943 2098 4994 po-

549 5008 797 5056 testatem
840 5006 1096 5074 singulari
1123 5011 1414 5081 privilegio
1455 5028 1765 5068 concessam
1806 5013 2013 5081 aperire
2049 5024 2103 5066 et

551 5091 798 5145 claudere
818 5093 1014 5161 januas
1043 5099 1191 5165 regni
1219 5101 1454 5156 caelestis
1487 5104 1685 5172 quibus
1712 5103 1960 5157 voluerit.
2003 5101 2102 5155 Cui

551 5196 680 5250 ergo
707 5182 978 5249 aperiendi
1014 5185 1399 5256 claudendique
1437 5194 1556 5244 οωιὶ
1592 5193 1716 5246 data
1738 5202 1975 5261 potestas
2000 5203 2102 5257 est,

553 5270 620 5323 de
663 5278 804 5324 terra
844 5271 1087 5339 judicare
1130 5288 1239 5328 non
1285 5276 1439 5330 licet?
1474 5277 1626 5331 Absit
1650 5283 1664 5330 ι
1687 5279 1825 5335 Num
1865 5285 2105 5338 retinetis

550 5359 696 5428 quod
740 5360 816 5415 ait
860 5361 1206 5418 beatissimus
1247 5364 1448 5420 Paulus
1495 5369 1815 5435 apostolus:
1875 5370 2102 5426 Nescitis

543 5446 678 5515 'quia
710 5448 915 5520 angelos
939 5451 1334 5519 judicabimus?
1369 5465 1562 5525 quanto
1587 5459 1754 5528 magis
1789 5460 2106 5517 swcularia?

554 5534 610 5602 (Ῑ
635 5535 755 5590 εον.
788 5539 886 5608 vt.)
907 5539 1102 5597 Beatus
1123 5559 1336 5614 quoque
1353 5543 1641 5615 Gregorius
1661 5563 1796 5617 papa
1817 5547 2105 5617 (Epistola-

556 5634 673 5675 rum
700 5625 834 5680 libro
857 5643 915 5690 tt,
948 5629 1002 5683 in
1027 5632 1295 5701 privilegio
1317 5635 1624 5688 monasterii
1649 5634 1827 5689 Sancti
1849 5634 2104 5703 Medardi)

557 5719 711 5778 reges
733 5729 762 5767 a
790 5719 888 5770 sua
923 5718 1177 5787 dignitate
1215 5723 1404 5776 cadere
1441 5725 1623 5777 statuit
1668 5726 1758 5793 qui
1799 5726 2105 5793 apostolica:

2198 4559 2563 4624 sacerdotum,
2591 4557 2657 4610 ad
2683 4556 2956 4610 dexteram
2981 4556 3156 4610 Patris
3177 4557 3370 4610 sedens
3394 4564 3450 4610 et
3475 4572 3573 4625 pro
3593 4559 3749 4616 nobis

2193 4665 2402 4719 semper
2433 4647 2776 4716 interpellans
2809 4647 3037 4701 habetur
3058 4647 3228 4717 (Rom.
3255 4647 3428 4717 vnn);
3461 4649 3555 4718 qui
3575 4663 3748 4706 saecu-

2191 4742 2309 4794 lare
2352 4755 2574 4809 regnum
2601 4778 2617 4803 ,
2660 4738 2808 4791 unde
2861 4739 3042 4793 saeculi
3085 4739 3179 4792 ﬁlii
3222 4747 3454 4805 tument,
3485 4741 3749 4809 despexit,

2193 4839 2247 4884 et
2293 4831 2360 4884 ad
2417 4829 2776 4883 sacerdotium
2815 4829 2996 4882 crucis
3035 4837 3366 4897 spontaneus
3397 4831 3588 4883 venit?
3618 4830 3750 4895 Quis

2199 4919 2404 4972 nesciat
2447 4932 2602 4986 reges
2638 4925 2693 4969 et
2733 4917 2900 4970 duces
2937 4918 3006 4970 ab
3034 4919 3101 4972 iis
3129 4920 3385 4974 habuisse
3403 4919 3749 4988 principium,

2200 5008 2324 5077 qui,
2355 5008 2524 5061 Deum
2570 5009 2902 5077 ignorantes,
2953 5010 3236 5078 superbia,
3264 5009 3492 5077 rapinis,
3531 5010 3748 5077 perﬁdia

2204 5097 2516 5163 homcidiis,
2565 5105 2840 5166 postremo
2896 5098 3166 5152 universis
3221 5110 3358 5164 pene
3423 5099 3750 5169 sceleribus,

2204 5189 2388 5243 mundi
2434 5190 2674 5259 principe
2720 5190 2936 5244 diabolo
2986 5188 3233 5242 videlicet
3272 5187 3536 5257 agitante,
3590 5207 3750 5262 super

2203 5292 2380 5347 pares,
2416 5281 2622 5334 scilicet
2653 5280 2930 5343 homines,
2967 5277 3232 5331 dominari
3277 5295 3417 5334 eaea
3461 5283 3751 5352 cupiditate

2203 5379 2257 5424 et
2316 5369 2638 5424 intolerabili
2693 5367 3114 5439 praesumptione
3175 5367 3597 5426 aﬁ‘ectaverunt?
3649 5372 3749 5440 Qui

2205 5461 2481 5526 videlicet,
2519 5461 2646 5515 dum
2675 5458 2982 5513 sacerdotes
3019 5457 3232 5514 Domini
3277 5460 3343 5515 ad
3390 5462 3616 5532 vestigia
3653 5479 3750 5517 sua

2203 5551 2465 5606 inclinare
2530 5549 2892 5616 contendunt,
2959 5552 3047 5605 cui
3105 5553 3304 5607 rectius
3371 5561 3753 5624 comparentur

2206 5656 2368 5707 quam
2409 5642 2457 5694 ei
2498 5641 2591 5708 qui
2639 5648 2721 5692 est
2761 5649 2924 5710 caput
2971 5658 3132 5712 super
3159 5659 3350 5698 omnes
3375 5643 3518 5706 ﬁlios
3561 5657 3751 5712 super.

2210 5731 2308 5784 biae
2378 5729 2495 5797 (Job
2558 5730 2696 5798 xu),
2747 5731 2838 5798 qui
2891 5733 3065 5802 ipsum
3119 5750 3392 5789 summum
3446 5732 3750 5802 pontiﬁcali
