3952 6360
145 411 238 466 597

1261 409 1462 470 LIBER
1498 383 1841 472 ocravus.‘
1877 449 1944 459 —
1979 420 2194 477 EPIST.
2239 419 2372 476 xxi.

3251 427 3351 482 εςςγε

145 523 485 577 sacerdotum
516 532 683 602 caput
719 518 981 578 Altissimi
1011 523 1204 578 Filium
1245 534 1477 593 tentans,
1507 537 1560 582 et
1585 544 1672 582 om
1737 531 1921 586 Arius
1960 549 2121 600 quam
2181 535 2225 588 si
2269 535 2468 601 plumbi
2503 534 2771 586 ttlt'ialltttlt
2819 535 2884 586 ad
2930 537 3044 588 auri
3095 537 3353 606 l‘nlgoreau

143 612 228 666 nia
268 613 348 665 illi
389 615 581 668 mundi
624 631 789 684 regna
843 615 1182 684 promittens,
1224 617 1298 669 ait
1323 616 1489 669 :illwc
1529 621 1703 670 omnia

146 702 234 754 tibi
272 703 438 766 dabo,
479 700 525 756 si
549 703 838 773 procidcns
879 705 1184 758 adorat'eris
1212 709 1330 758 me?
1361 707 1573 773 (Matth.
1611 709 1704 774 Iv.)

143 791 271 856 Quis
293 793 510 848 dubitet
531 795 840 848 sacerdotes
863 795 1066 848 Christi
1094 811 1301 863 regum,
1325 806 1376 850 et
1407 798 1706 866 principum
1737 813 1744 818 '

144 883 502 954 omniumque
548 885 785 960 ﬁdelium
819 893 999 953 patres
1044 893 1097 938 et
1149 888 1436 956 magistros
1472 889 1710 941 censeri?

148 972 328 1028 Nonne
348 976 678 1030 miserabilis
699 975 926 1029 insaniae
949 990 1069 1029 esse
1102 977 1467 1045 cognoscitur,
1496 978 1542 1029 si
1568 977 1710 1032 filius

143 1074 372 1133 patrem,
403 1065 708 1134 discipulus
752 1065 1068 1135 magistrum
1111 1065 1214 1119 sibi
1260 1077 1483 1121 conetur
1519 1068 1710 1136 subju-

146 1170 286 1224 gare,
325 1164 383 1208 et
413 1156 619 1225 iniquis
659 1156 1076 1227 obligationibus
1116 1155 1269 1210 illum
1307 1157 1556 1227 potestati
1599 1174 1713 1211 sua:

143 1243 432 1318 subjicere,
475 1263 506 1300 a
545 1262 654 1316 quo
696 1247 866 1300 credit
912 1262 1019 1301 non
1068 1247 1244 1322 solum
1288 1248 1344 1301 in
1401 1258 1573 1312 terra,
1617 1249 1710 1302 sed

145 1334 302 1388 etiam
330 1337 386 1388 in
432 1338 586 1392 caelis
627 1353 685 1392 se
724 1338 880 1408 ligari
911 1353 1068 1406 posse
1108 1325 1161 1391 et
1190 1339 1359 1392 solvi?
1393 1337 1544 1403 Haec,
1573 1339 1712 1392 sicut

146 1424 332 1480 beatus
361 1426 658 1498 Gregorius
705 1429 759 1482 in
805 1427 1030 1496 epistola
1075 1428 1191 1502 (lib.
1229 1445 1301 1493 tv,
1342 1431 1494 1497 epist.
1533 1427 1621 1498 '5!)
1646 1430 1713 1482 ad

147 1513 470 1572 Mauricium
501 1519 874 1588 imperatorem
902 1517 1103 1572 directa
1135 1528 1546 1583 commemorat,
1578 1518 1716 1572 Con-

150 1608 449 1674 stantinus,
491 1625 720 1680 magnus
761 1609 1078 1677 imperator,
1130 1610 1372 1662 omnium
1424 1626 1633 1681 regunt
1663 1621 1716 1664 et

150 1697 458 1766 principum
509 1697 620 1754 fere
677 1699 844 1752 totius
905 1699 1052 1753 orbis
1105 1700 1394 1763 dominus,
1441 1700 1716 1752 evidenter

151 1786 476 1856 intelligens,
515 1788 570 1842 in
614 1799 799 1844 sancta
850 1788 1064 1844 Nicaena
1117 1789 1321 1859 synodo
1367 1800 1486 1858 post
1528 1805 1716 1843 omnes

150 1877 430 1946 episcOpos
466 1880 690 1934 ultimus
732 1880 998 1947 residens,
1037 1879 1240 1932 nullam
1272 1880 1464 1948 jlltiit'ii
1501 1891 1716 1933 senten-

150 1967 274 2020 tiam
310 1984 479 2036 super
527 1985 622 2023 eos
658 1970 788 2024 dare
831 1969 1206 2037 praesumpsit;
1250 1970 1340 2022 sed
1391 1971 1511 2024 illos
1554 1972 1716 2024 etiam

152 2056 272 2110 deos
294 2073 521 2122 vocans,
549 2074 656 2113 non
687 2074 787 2113 suo
807 2059 1002 2113 debere
1033 2058 1256 2112 subesse
1277 2058 1504 2125 judicio,
1530 2075 1715 2111 verum

154 2163 211 2200 se
251 2148 315 2202 ad
365 2150 585 2203 illorum
618 2150 849 2219 pendere
879 2149 1163 2202 arbitrium
1205 2147 1486 2217 judicavit.
1519 2148 1718 2218 Supra-

154 2237 290 2291 dieto
310 2254 534 2309 quoque
557 2238 848 2294 Anastasio
885 2238 1197 2308 imperatori
1234 2239 1544 2306 praelibatus
1583 2255 1718 2308 papa

157 2327 399 2383 Gelasius
425 2330 783 2398 persuadens,
824 2345 892 2382 ne
939 2329 1026 2383 ille
1047 2329 1348 2381 intimatam
1398 2334 1514 2382 suis
1549 2330 1722 2382 sensi-

156 2416 252 2470 bus
309 2419 595 2472 veritatem
653 2419 1007 2472 arbitraretur
1066 2417 1361 2484 iniuriam,
1417 2418 1719 2482 subintulit,

157 2506 372 2561 dicens:
419 2527 437 2559 ι
483 2507 602 2561 Duo
651 2517 780 2562 sunt
827 2509 1054 2578 quippe,
1100 2506 1392 2575 imperator
1449 2507 1719 2577 Auguste,

157 2597 350 2664 quibus
391 2599 767 2668 principaliter
802 2600 1037 2655 mundus
1067 2598 1154 2653 hic
1179 2598 1404 2666 regitur,
1429 2601 1724 2653 auctoritas

159 2699 362 2743 sacrata
421 2691 740 2758 pontificum
782 2699 835 2743 et
881 2690 1076 2761 regalis
1109 2697 1378 2757 potestas,
1426 2688 1479 2741 in
1525 2689 1724 2757 quibus

162 2787 306 2832 tanto
327 2779 555 2849 gravius
582 2779 793 2846 pondus
817 2787 903 2832 est
930 2779 1271 2834 sacerdotum
1313 2787 1516 2846 quanto
1561 2781 1724 2834 ctiam

161 2883 255 2936 pro
295 2870 431 2938 ipsis
458 2869 678 2938 regibus
720 2870 962 2924 omnium
986 2871 1042 2923 in
1083 2869 1266 2923 divino
1309 2868 1569 2923 reddituri
1600 2881 1727 2924 sunt

161 2961 405 3013 examine
433 2960 720 3014 rationem.
773 2981 789 3011 ι
823 2961 908 3027 Ει,
934 2961 1122 3029 paucis
1145 2959 1494 3028 interpositis,
1520 2962 1720 3028 inquit:

169 3070 186 3100 ι
227 3049 376 3105 Nosti
409 3051 595 3120 itaque
621 3052 761 3106 inter
783 3053 896 3106 hth
917 3051 1132 3104 illorum
1160 3059 1212 3102 te
1240 3049 1470 3116 pendere
1495 3050 1722 3118 judicio,

1807 636 2106 690 compares.
2132 623 2340 691 Quippe
2381 640 2502 677 eum
2546 625 2728 678 videas
2760 641 2943 693 regum
2969 627 3101 678 colla
3133 637 3182 682 ct
3207 629 3354 694 prin-

1807 707 1986 780 cipum
2039 715 2281 768 submitti
2322 715 2550 783 genibus
2589 715 2947 779 sacerdotum,
2975 726 3026 768 et.
3053 719 3357 770 exosculata

1805 817 1994 858 eorum
2035 803 2253 860 dextera
2293 807 2624 859 orationibus
2651 821 2834 858 eorum
2865 807 3082 860 credant
3115 823 3170 861 se
3209 824 3352 858 eom-

1808 895 2028 948 muniri.
2050 915 2068 946 ›
2091 893 2295 965 Et‘post
2319 912 2484 963 pauca
2515 915 2525 948 :
2559 916 2575 942 ι
2616 895 2738 949 llaec
2767 905 2979 958 cuncta,
3005 897 3218 960 fratres,
3244 898 3360 949 ideo

1810 1001 1908 1039 nos
1935 987 2252 1053 promisisse
2276 987 2479 1040 debetis
2519 1002 2840 1054 cognoscere
2871 996 2929 1039 ut
2959 987 3362 1041 ostenderemus

1811 1074 1943 1126 nihil
1984 1091 2103 1128 esse
2143 1076 2195 1128 in
2245 1076 2348 1128 hoc
2369 1076 2566 1129 szccnlo
2596 1076 2944 1128 excellentius
2974 1077 3357 1138 sacerdotibus,

1812 1165 1944 1218 nihil
1997 1166 2284 1220 sublimius
2347 1166 2611 1235 episc0pis
2675 1166 2916 1233 reperiri.
2975 1187 2990 1214 ι
3065 1167 3364 1218 Μυιιιὶιιίθιρυ.

1812 1255 1972 1308 etiam
2020 1257 2178 1310 debet
2233 1256 2540 1311 fraternitas
2597 1265 2687 1309 tua
2731 1256 2854 1323 quia
2911 1256 3080 1323 major
3132 1267 3366 1323 potestas

1812 1347 2092 1400 exorcista:
2120 1347 2452 1409 conceditur,
2480 1361 2602 1398 cum
2642 1345 2936 1412 Spiritualis
2973 1345 3260 1413 imperator
3300 1346 3364 1396 ad
3396 1407 3402 1412 _

1813 1435 2147 1503 abjicicndos
2174 1436 2445 1489 daemones
2481 1434 2843 1496 constituitur,
2873 1451 3034 1501 quam
3070 1435 3226 1486 alieni
3271 1434 3364 1486 lai-

1816 1539 2002 1579 corum
2032 1542 2193 1580 causa
2237 1525 2512 1578 smculat'is
2549 1524 2930 1578 dominationis
2974 1524 3135 1576 tribui
3179 1524 3364 1591 possit.

1816 1613 2079 1669 Omnibus
2117 1631 2306 1682 nempe
2345 1604 2563 1684 regibus
2594 1624 2644 1667 ct
2692 1613 3021 1680 principibus
3063 1622 3216 1671 terra:
3273 1614 3364 1679 qui

1819 1705 2063 1773 religiose
2102 1720 2206 1757 non
2249 1707 2433 1756 vivunt
2472 1713 2526 1756 ct
2573 1704 2624 1755 in
2665 1702 2876 1755 actibus
2921 1703 3052 1763 suis,
3083 1701 3267 1763 Deum,
3314 1713 3371 1752 ut

1819 1804 2046 1863 oportet,
2078 1812 2183 1847 non
2227 1803 2496 1857 metuunt,
2534 1793 2822 1854 danuones,
2869 1793 2971 1844 heu
3015 1793 3148 1860 prob
3191 1791 3367 1844 dolor!

1817 1885 2184 1950 dominantur,
2217 1895 2267 1938 et
2297 1886 2493 1937 misera
2530 1883 2787 1936 servitute
2829 1881 3184 1934 confundunt.
3215 1881 3372 1934 Tales

1818 1992 1922 2030 non
1967 1976 2150 2027 divino
2189 1975 2334 2028 ducti
2366 1989 2568 2036 amore,
2613 1971 3004 2040 sicutreligiosi
3046 1972 3374 2033 sacerdotes,

1819 2067 1883 2119 a-l
1925 2067 2182 2119 honorem
2232 2064 2323 2115 Dei
2368 2075 2420 2117 ct
2465 2064 2748 2116 utilitatem
2802 2061 3105 2114 animarum
3148 2076 3378 2128 prrcesse

1820 2154 2062 2222 cupiunt,
2123 2152 2212 2205 sed
2279 2162 2335 2204 ut
2397 2151 2786 2204 intolerabilem
2853 2150 3156 2218 superbiam
3224 2166 3376 2202 suam

1821 2252 2113 2306 ostentent,
2143 2242 2414 2310 animique
2449 2241 2722 2304 libidinem
2755 2240 3021 2307 expleant,
3049 2239 3255 2292 cartcris
3285 2240 3380 2292 do-

1822 2334 2017 2388 minari
2053 2333 2324 2387 all‘ectant.
2372 2332 2445 2386 De
2479 2331 2677 2400 quibus
2719 2329 2910 2384 beatus
2956 2329 3286 2398 Augustinus
3329 2331 3380 2380 in

1823 2425 1961 2476 libro
2000 2423 2175 2490 primo
2221 2420 2293 2474 De
2337 2422 2582 2476 doctrina
2624 2419 2932 2473 Christiana
2975 2419 3134 2471 dicit:
3184 2437 3199 2467 ι
3243 2416 3378 2469 Cum

1824 2530 1950 2568 vero
1973 2514 2133 2567 etiam
2164 2512 2244 2566 eis
2268 2512 2358 2580 qui
2408 2511 2508 2564 sibi
2552 2511 2868 2563 naturaliter
2902 2524 3058 2576 pares
3101 2519 3244 2570 stitit,
3283 2506 3385 2558 hoe

1823 2614 1907 2657 est
1941 2603 2270 2666 hominibus,
2303 2601 2526 2670 quilibet
2553 2599 2819 2652 dominari
2857 2599 3095 2661 affectat,
3139 2597 3386 2649 intolera-

1827 2697 1947 2750 bilis
1989 2694 2211 2749 omnino
2247 2693 2498 2762 superbia
2543 2700 2641 2744 cst.
2693 2709 2710 2739 ι
2759 2690 2928 2743 Porro
2972 2689 3284 2751 cvorcistre,
3330 2701 3387 2739 ut

1827 2787 2084 2848 diximus,
2114 2800 2274 2852 super
2302 2784 2572 2836 dzcmones
2598 2798 2627 2834 a
2667 2780 2775 2833 Deo
2823 2780 3104 2848 imperium
3149 2779 3382 2832 habent:

1827 2885 2041 2944 quanto
2071 2874 2237 2943 igitur
2263 2873 2435 2941 magis
2459 2887 2622 2939 super
2649 2885 2744 2924 eos
2771 2870 2860 2938 qui
2891 2869 3223 2923 daemonibus
3257 2867 3383 2920 sub-

1823 2965 1950 3032 jecti
1975 2973 2029 3019 et
2052 2963 2293 3017 membra
2320 2969 2446 3014 sunt
2472 2961 2798 3014 dazmonum.
2831 2959 2885 3009 Si
2916 2972 3045 3025 ergo
3067 2957 3150 3010 his
3181 2965 3386 3009 tantum

1831 3055 2180 3125 prmemincnt
2213 3041 2526 3115 exorcisue,
2558 3057 2762 3118 quanto
2791 3047 3022 3115 amplius
3050 3047 3391 3100 sacerdotes?

163 3157 265 3195 non
289 3144 411 3196 illos
443 3143 512 3195 ad
535 3150 680 3195 tuam
706 3143 838 3196 velle
859 3142 1028 3211 redigi
1052 3141 1401 3202 voluntatem.
1445 3159 1463 3189 ι
1509 3138 1728 3195 Talibus
1756 3157 1798 3215 ο
1832 3146 2094 3200 Praeterea
2115 3141 2293 3196 omnis
2316 3156 2409 3193 rex
2433 3138 2777 3192 Christianus
2813 3138 2878 3191 ad
2913 3138 3112 3192 exitum
3151 3137 3385 3199 veniens,

163 3247 289 3303 ergo
328 3233 595 3286 institutis
639 3234 946 3301 talibusque
983 3231 1102 3286 fulti
1147 3231 1579 3294 auctoritatibus,
1613 3232 1727 3299 plc-

165 3323 316 3391 rique
345 3322 667 3391 pontificum
707 3323 798 3376 alii
819 3337 996 3393 reges,
1021 3322 1112 3374 alii
1141 3323 1496 3388 imperatores
1515 3335 1732 3373 excom-

166 3413 600 3469 municaverunt.
633 3411 766 3466 Nam
803 3413 849 3467 si
889 3413 1121 3483 speciale
1159 3409 1375 3478 aliquod
1398 3409 1462 3462 de
1487 3412 1734 3478 personis

168 3505 474 3574 principum
520 3505 830 3574 requiratur
864 3503 1192 3572 exemplum,
1230 3501 1422 3555 beatus
1468 3499 1730 3554 Innocen-

169 3596 273 3650 tius
297 3611 438 3664 papa
479 3594 767 3648 Arcadium
805 3596 1213 3662 imperatorem,
1235 3593 1327 3662 qui
1361 3593 1635 3646 consensit
1679 3603 1735 3647 ut

170 3695 386 3739 sanctus
426 3684 665 3737 Joannes
704 3684 1125 3754 Chrysostomus
1166 3698 1196 3734 a
1245 3681 1370 3735 sede
1421 3681 1733 3750 pelleretur,

170 3774 676 3830 excommunicavit.

240 3867 393 3921 Alius
417 3867 548 3920 item
573 3865 849 3918 Romanus
869 3863 1130 3933 pontifex,
1152 3862 1447 3918 Zacharias
1469 3862 1733 3926 videlicet,

174 3974 346 4028 regem
394 3958 750 4019 Francorum,
794 3971 899 4009 non
929 3964 1038 4007 tam
1081 3970 1178 4021 pro
1205 3955 1320 4006 suis
1366 3953 1736 4020 iniquitatibus

173 4064 332 4117 quam
379 4063 445 4101 eo
492 4046 637 4115 quod
690 4055 852 4098 tantae
897 4043 1148 4112 potestati
1192 4057 1297 4095 non
1340 4049 1455 4094 erat
1488 4041 1664 4104 utilis,
1707 4057 1735 4092 a

175 4153 336 4210 regno
365 4127 640 4206 deposuit,
669 4146 722 4189 ct
747 4135 1055 4203 Pippinum,
1091 4132 1272 4186 Caroli
1300 4130 1476 4202 Magni
1510 4131 1738 4199 impera-

175 4229 306 4282 toris
367 4237 602 4298 patrem,
660 4225 714 4278 in
772 4225 891 4293 ejus
928 4223 1049 4278 loco
1113 4222 1412 4288 substituit,
1443 4226 1739 4291 omnesque

174 4317 539 4390 Francigcnas
573 4333 602 4371 a
637 4317 949 4386 juramento
989 4314 1260 4368 fidelitatis
1293 4313 1436 4380 quod
1477 4312 1553 4364 illi
1597 4311 1737 4364 fece-

174 4421 292 4465 rant
331 4409 582 4466 absdvit.
617 4408 770 4473 Quod
813 4407 974 4460 etiam
1010 4419 1076 4457 ex
1108 4401 1374 4469 frequenti
1419 4399 1736 4453 auctoritate

1836 3243 1894 3289 ut
1918 3233 2113 3288 inferni
2140 3245 2412 3285 carcerem
2444 3229 2656 3291 evadat,
2685 3237 2745 3281 ut
2765 3228 2830 3281 de
2869 3228 3104 3280 tenebris
3140 3228 3193 3280 in
3219 3227 3391 3279 lucem

1834 3324 2036 3385 tendat,
2069 3328 2129 3374 ut
2175 3321 2241 3374 de
2280 3326 2623 3388 peccatorum
2673 3316 2904 3368 vinculis
2949 3316 3001 3368 in
3050 3315 3143 3367 Dei
3185 3315 3389 3381 judicio

1834 3414 2116 3467 absolutus
2167 3417 2452 3478 appareat,
2507 3405 2805 3459 sacerdotis
2851 3420 3005 3472 opem
3059 3404 3279 3472 supplex
3329 3419 3394 3455 at:

1836 3502 2176 3558 miserandus
2211 3499 2455 3567 requirit.
2495 3497 2629 3561 Quis
2667 3504 2845 3548 autem
2874 3509 2981 3546 non
3015 3495 3174 3546 modo
3212 3509 3392 3547 sacer—

1835 3594 2045 3654 dotmn,
2072 3598 2260 3643 verum
2287 3589 2448 3642 etiam
2494 3587 2784 3648 laicorum,
2817 3584 2870 3637 iu
2901 3568 3159 3636 extremis
3189 3583 3395 3651 positus

1840 3699 1938 3753 pro
2001 3697 2114 3735 sua:
2175 3679 2367 3732 animae
2418 3678 2590 3731 salute
2646 3674 2840 3728 terreni
2902 3675 3040 3742 regis
3097 3674 3400 3742 imploravit

1836 3772 2134 3826 auxilium?
2165 3769 2298 3832 Quis
2330 3782 2458 3820 vero
2503 3781 2688 3832 regum
2738 3765 2817 3816 vel
2862 3764 3249 3830 imperatorum
3296 3765 3396 3817 ali-

1837 3876 1998 3930 quem
2049 3858 2420 3911 Christianum
2471 3871 2540 3907 ex-
2592 3853 2846 3921 imposito
2895 3854 2995 3906 sibi
3048 3855 3220 3908 oﬂicio
3261 3855 3400 3906 valet

1837 3963 1995 4011 sacro
2037 3947 2355 4016 baptismate
2401 3960 2466 3997 ex
2511 3944 2714 3997 diaboli
2766 3939 3027 4012 potestat'e
3073 3945 3308 4011 eripere,
3345 3953 3400 3996 et

1839 4041 1978 4093 inter
2024 4037 2164 4091 ﬁlios
2195 4036 2287 4089 Dei
2332 4048 2746 4098 connumerarc,
2777 4043 3069 4100 sanctoque
3105 4032 3401 4087 chrismate

1841 4129 2195 4200 praemunire?
2224 4136 2298 4191 ct,
2330 4125 2475 4194 quod
2519 4123 2812 4176 maximum
2860 4130 2941 4173 est
2990 4121 3397 4193 in_Christiaua

1843 4220 2119 4288 religione,
2157 4215 2280 4283 quis
2315 4228 2504 4267 eorum
2550 4212 2690 4264 valet
2728 4210 2946 4278 proprio
2990 4224 3083 4263 ore
3113 4226 3310 4279 corpus
3349 4224 3404 4265 et

1840 4306 2158 4376 sanguinem
2203 4301 2416 4355 Domini
2451 4300 2749 4355 conficere?
2786 4301 2896 4363 vel,
2939 4301 3026 4353 cui
3063 4315 3249 4354 eorum
3279 4303 3400 4354 data

1839 4405 1922 4450 est
1943 4401 2184 4464 potestas
2206 4392 2409 4463 ligandi
2443 4389 2794 4459 solvendiquc
2820 4389 2874 4443 in
2903 4391 3040 4443 cmlo
3070 4400 3121 4443 et
3151 4391 3201 4441 in
3236 4391 3404 4442 terra?

175 4516 312 4570 saepe
350 4502 462 4570 agit
503 4508 688 4552 sancta
746 4495 1006 4558 Ecclesia,
1035 4485 1399 4570 cunimilitcs
1439 4491 1665 4544 absolvit
1707 4506 1735 4543 a
1771 4482 1814 4535 Ι)
1843 4488 1919 4540 Ex
1948 4486 2150 4556 quibus
2190 4493 2375 4555 aperte
2415 4481 2685 4552 colligitur
2721 4489 2919 4548 quanta
2965 4487 3226 4545 potestate
3261 4493 3401 4545 prte-

176 4567 410 4646 vineulov
427 4587 754 4660 juramcnti,
797 4585 942 4655 quod
981 4567 1186 4638 factuni
1211 4591 1296 4636 est
1341 4582 1427 4636 his
1473 4582 1739 4651 episcopis

176 4681 265 4748 qui
291 4680 586 4750 apostolica
619 4678 937 4734 auctoritate
958 4691 988 4729 a
1014 4673 1338 4745 ponetificali
1371 4671 1539 4742 gradu
1570 4671 1739 4740 depo-

177 4779 393 4824 nuntur.
438 4768 506 4822 Et
546 4769 736 4822 beatus
775 4767 1123 4831 Ambrosius,
1165 4765 1290 4818 licet
1327 4770 1574 4826 sanctus,
1632 4778 1738 4815 non

179 4867 353 4914 tamen
405 4857 728 4913 universalis
776 4843 1031 4910 Ecclesia;
1083 4855 1396 4924 episcopus,
1441 4867 1539 4920 pro
1581 4854 1735 4921 culpa

181 4965 301 5019 quae
335 4951 460 5006 aliis
487 4946 859 5004 sacerdotibus
900 4962 1008 5002 non
1036 4945 1171 4999 adeo
1213 4943 1391 5014 gravis
1428 4943 1736 5006 videbatur,

183 5040 541 5098 Theodosium
575 5053 830 5108 magnum
858 5038 1235 5112 imperatorem
1265 5035 1740 5090 excommunicans

185 5131 252 5183 ab
279 5131 522 5186 Ecclesia
565 5128 813 5184 exclusit.
871 5126 974 5192 Qui
1023 5127 1184 5182 etiam
1241 5126 1294 5178 in
1349 5125 1464 5179 suis
1525 5123 1742 5192 scriptis

185 5222 414 5275 ostendit
434 5221 581 5291 quod
601 5236 794 5274 aurum
819 5233 925 5272 non
956 5227 1066 5271 tam
1094 5215 1382 5286 pretiosius
1414 5215 1486 5270 sit
1523 5215 1743 5285 plumbo

185 5305 344 5377 quam
373 5312 521 5381 regia
543 5320 806 5378 potestate
833 5310 903 5366 sit
923 5308 1082 5362 altior
1108 5308 1344 5377 dignitas
1373 5303 1742 5367 sacerdotalis,

192 5402 290 5456 hoc
315 5402 475 5456 modo
512 5401 659 5455 circa
684 5401 1005 5471 principium
1027 5398 1110 5454 sui
1140 5397 1432 5452 Pastoralis
1461 5394 1702 5448 scribens
1731 5410 1742 5444 :

197 5510 214 5537 ι
257 5491 459 5558 Honor,
498 5491 726 5555 fratres,
767 5501 821 5545 et
866 5489 1174 5545 sublimitas
1216 5484 1538 5556 episcopalis
1583 5482 1746 5536 nullis

197 5584 389 5649 poterit
414 5579 908 5651 comparationibus
935 5577 1226 5648 adaquari.
1255 5575 1310 5630 Si
1336 5591 1523 5646 regum
1550 5573 1742 5642 fulgori

195 5687 490 5741 compares,
520 5680 575 5726 ct
607 5671 907 5740 principum
943 5668 1250 5733 diademati,
1274 5668 1431 5736 longe
1471 5665 1569 5720 erit
1607 5665 1742 5717 infe-

1843 4578 2002 4633 ccllat
2035 4576 2273 4646 dignitas
2311 4574 2670 4629 sacerdotum.
2705 4571 2811 4622 Aut
2847 4567 2969 4635 quis
3007 4583 3194 4621 eorum
3231 4578 3407 4637 potest

1845 4669 2078 4739 aliquem
2135 4667 2391 4720 clericum
2453 4661 2505 4713 in
2573 4666 2760 4711 sancta
2823 4656 3062 4712 Ecclesia
3119 4659 3402 4721 ordinare,

1844 4765 2047 4827 quanto
2107 4755 2288 4807 minus
2345 4766 2442 4819 pro
2495 4749 2673 4818 aliqua
2721 4749 2879 4816 culpa
2927 4763 3049 4800 eum
3100 4749 3408 4813 deponere?

1837 4847 2086 4914 Namque
2138 4844 2192 4896 in
2245 4841 2633 4924 ecclesiasticis
2690 4838 2968 4892 ordinibus
3037 4834 3258 4902 majoris
3322 4845 3408 4887 est

1844 4935 2128 5005 potestatis
2169 4922 2439 5003 deponere
2482 4926 2956 4999 quamordinare.
2984 4922 3234 4992 Episcopi
3259 4925 3406 4977 enim

1845 5033 2074 5094 possunt
2105 5024 2243 5076 alios
2283 5021 2566 5089 episcopos
2609 5015 2883 5078 ordinare,
2917 5012 3006 5092 sed
3048 5013 3197 5066 nullo
3246 5014 3412 5067 modo

1845 5115 1964 5169 sine
2004 5111 2323 5166 auctoritate
2376 5103 2686 5173 apostolicae
2739 5101 2884 5156 sedis
2942 5101 3228 5175 deponere.
3274 5100 3411 5165 Quis

1844 5204 2036 5272 igitur,
2065 5198 2148 5251 vel
2197 5196 2428 5249 tenuiter
2457 5193 2688 5256 sciolus,
2727 5191 3038 5246 sacerdotes
3079 5190 3285 5245 dubitet
3326 5206 3411 5240 re-

1843 5295 2001 5370 gibus
2040 5288 2328 5369 anteferri?
2371 5286 2524 5351 Quod
2572 5283 2617 5338 si
2646 5299 2801 5352 reges
2828 5297 2927 5351 pro
2955 5282 3186 5350 peccatis
3225 5277 3338 5329 suis
3378 5296 3408 5330 a

1845 5369 2218 5436 Sacerdotibus
2261 5383 2388 5428 sunt
2408 5372 2686 5441 indicandi
2707 5413 2722 5436 ,
2767 5387 2795 5424 a
2825 5383 2936 5438 quo
2965 5369 3161 5421 rectius
3185 5379 3346 5432 quam
3378 5382 3410 5418 a

1819 5513 1823 5517 .
1852 5471 2096 5525 Romano
2128 5464 2379 5536 pontifice
2403 5463 2635 5532 judicari
2662 5459 2888 5515 debent?

1921 5571 1998 5624 Ad
2027 5580 2298 5622 summum
2341 5563 2611 5632 quoslibet
2654 5560 2826 5612 bonos
2861 5554 3200 5607 (lln'istlauos
3238 5551 3410 5602 multo

1853 5656 2256 5713 convcnicntins
2308 5670 2469 5722 quam
2505 5651 2674 5704 tnalos
2714 5643 3146 5712 print-ipesrcgcs
3185 5638 3406 5705 intelligi
