  <div class='ocr_page' id='page_1' title='image "/cluster/home/n/w/nwhite01/storage/ocr_20150623/148/uva.x000829792/307.png"; bbox 0 0 3952 6440; ppageno 0'>
   <div class='ocr_carea' id='block_1_1' title="bbox 499 399 603 450">
    <p class='ocr_par' dir='ltr' id='par_1_1' title="bbox 499 399 603 450">
     <span class='ocr_line' id='line_1_1' title="bbox 499 399 603 450; baseline 0 0"><span class='ocrx_word' id='word_1_1' title='bbox 499 399 603 450; x_wconf 65' lang='grc'><strong>599</strong></span> 
     </span>
    </p>
   </div>
   <div class='ocr_carea' id='block_1_2' title="bbox 1136 395 2084 453">
    <p class='ocr_par' dir='ltr' id='par_1_2' title="bbox 1136 396 2084 453">
     <span class='ocr_line' id='line_1_2' title="bbox 1136 396 2084 453; baseline 0 -3"><span class='ocrx_word' id='word_1_2' title='bbox 1136 397 1190 451; x_wconf 80' lang='lat' dir='ltr'><strong>S.</strong></span> <span class='ocrx_word' id='word_1_3' title='bbox 1234 396 1555 453; x_wconf 66' lang='grc' dir='ltr'>σιιεοοιιιι</span> <span class='ocrx_word' id='word_1_4' title='bbox 1599 397 1684 450; x_wconf 72' lang='lat' dir='ltr'><strong>\ll</strong></span> <span class='ocrx_word' id='word_1_5' title='bbox 1720 396 1919 450; x_wconf 67' lang='lat' dir='ltr'><strong>PAPAS</strong></span> <span class='ocrx_word' id='word_1_6' title='bbox 1956 397 2084 451; x_wconf 76' lang='lat' dir='ltr'><strong>OPE</strong></span> 
     </span>
    </p>
   </div>
   <div class='ocr_carea' id='block_1_3' title="bbox 2185 395 3075 453">
    <p class='ocr_par' dir='ltr' id='par_1_3' title="bbox 2189 395 3075 452">
     <span class='ocr_line' id='line_1_3' title="bbox 2189 395 3075 452; baseline -0.001 -2"><span class='ocrx_word' id='word_1_7' title='bbox 2189 399 2234 450; x_wconf 66' lang='lat' dir='ltr'><strong>Li</strong></span> <span class='ocrx_word' id='word_1_8' title='bbox 2266 398 2444 451; x_wconf 78' lang='lat' dir='ltr'><strong>PARS</strong></span> <span class='ocrx_word' id='word_1_9' title='bbox 2481 398 2518 452; x_wconf 90' lang='grc' dir='ltr'><strong>Ι.</strong></span> <span class='ocrx_word' id='word_1_10' title='bbox 2555 428 2621 437; x_wconf 90' lang='lat'><strong>-—</strong></span> <span class='ocrx_word' id='word_1_11' title='bbox 2662 395 3075 451; x_wconf 78' lang='lat' dir='ltr'><strong>RECISTRUM.</strong></span> 
     </span>
    </p>
   </div>
   <div class='ocr_carea' id='block_1_4' title="bbox 3606 390 3721 443">
    <p class='ocr_par' dir='ltr' id='par_1_4' title="bbox 3606 390 3721 443">
     <span class='ocr_line' id='line_1_4' title="bbox 3606 390 3721 443; baseline 0 0"><span class='ocrx_word' id='word_1_12' title='bbox 3606 390 3721 443; x_wconf 78' lang='grc' dir='ltr'><strong>σου</strong></span> 
     </span>
    </p>
   </div>
   <div class='ocr_carea' id='block_1_5' title="bbox 499 475 3720 578">
    <p class='ocr_par' dir='ltr' id='par_1_5' title="bbox 499 475 3720 578">
     <span class='ocr_line' id='line_1_5' title="bbox 499 475 3720 578; baseline -0.003 -15"><span class='ocrx_word' id='word_1_13' title='bbox 499 511 668 563; x_wconf 78' lang='lat' dir='ltr'><strong>decet.</strong></span> <span class='ocrx_word' id='word_1_14' title='bbox 726 508 814 562; x_wconf 72' lang='lat' dir='ltr'><strong>lsli</strong></span> <span class='ocrx_word' id='word_1_15' title='bbox 863 511 1007 562; x_wconf 80' lang='lat' dir='ltr'><strong>enim</strong></span> <span class='ocrx_word' id='word_1_16' title='bbox 1070 508 1294 578; x_wconf 80' lang='lat' dir='ltr'><strong>glmiam</strong></span> <span class='ocrx_word' id='word_1_17' title='bbox 1357 508 1448 560; x_wconf 88' lang='lat' dir='ltr'><strong>Dei</strong></span> <span class='ocrx_word' id='word_1_18' title='bbox 1503 509 1792 575; x_wconf 73' lang='lat' dir='ltr'><strong>quaerendo</strong></span> <span class='ocrx_word' id='word_1_19' title='bbox 1847 510 2057 577; x_wconf 90' lang='lat' dir='ltr'><strong>seipsos</strong></span> <span class='ocrx_word' id='word_1_20' title='bbox 2084 511 2131 565; x_wconf 77' lang='grc' dir='ltr'><strong>Δ</strong></span> <span class='ocrx_word' id='word_1_21' title='bbox 2157 518 2302 563; x_wconf 90' lang='lat' dir='ltr'><strong>terea</strong></span> <span class='ocrx_word' id='word_1_22' title='bbox 2328 511 2395 563; x_wconf 93' lang='lat' dir='ltr'><strong>ad</strong></span> <span class='ocrx_word' id='word_1_23' title='bbox 2438 518 2570 577; x_wconf 87' lang='lat' dir='ltr'><strong>quot</strong></span> <span class='ocrx_word' id='word_1_24' title='bbox 2608 510 2824 562; x_wconf 89' lang='lat' dir='ltr'><strong>nomina</strong></span> <span class='ocrx_word' id='word_1_25' title='bbox 2860 522 3047 577; x_wconf 85' lang='lat' dir='ltr'><strong>regum</strong></span> <span class='ocrx_word' id='word_1_26' title='bbox 3076 504 3159 559; x_wconf 89' lang='lat' dir='ltr'><strong>vel</strong></span> <span class='ocrx_word' id='word_1_27' title='bbox 3197 475 3581 571; x_wconf 85' lang='lat' dir='ltr'><strong>imperatorum</strong></span> <span class='ocrx_word' id='word_1_28' title='bbox 3609 501 3720 555; x_wconf 85' lang='lat' dir='ltr'><strong>ba-</strong></span> 
     </span>
    </p>
   </div>
   <div class='ocr_carea' id='block_1_6' title="bbox 500 595 2098 668">
    <p class='ocr_par' dir='ltr' id='par_1_6' title="bbox 500 595 2098 668">
     <span class='ocr_line' id='line_1_6' title="bbox 500 595 2098 668; baseline -0.001 -17"><span class='ocrx_word' id='word_1_29' title='bbox 500 609 719 652; x_wconf 80' lang='lat' dir='ltr'><strong>strcnue</strong></span> <span class='ocrx_word' id='word_1_30' title='bbox 758 606 978 666; x_wconf 81' lang='lat' dir='ltr'><strong>regunt;</strong></span> <span class='ocrx_word' id='word_1_31' title='bbox 1006 607 1060 650; x_wconf 92' lang='lat' dir='ltr'><strong>at</strong></span> <span class='ocrx_word' id='word_1_32' title='bbox 1089 598 1191 660; x_wconf 86' lang='lat' dir='ltr'><strong>illi,</strong></span> <span class='ocrx_word' id='word_1_33' title='bbox 1228 612 1335 651; x_wconf 88' lang='lat' dir='ltr'><strong>non</strong></span> <span class='ocrx_word' id='word_1_34' title='bbox 1362 612 1483 665; x_wconf 72' lang='lat' dir='ltr'><strong>qua:</strong></span> <span class='ocrx_word' id='word_1_35' title='bbox 1512 595 1603 650; x_wconf 85' lang='lat' dir='ltr'><strong>Dei</strong></span> <span class='ocrx_word' id='word_1_36' title='bbox 1650 606 1775 649; x_wconf 90' lang='lat' dir='ltr'><strong>sunt</strong></span> <span class='ocrx_word' id='word_1_37' title='bbox 1817 598 1909 651; x_wconf 84' lang='lat' dir='ltr'><strong>sed</strong></span> <span class='ocrx_word' id='word_1_38' title='bbox 1958 612 2057 651; x_wconf 87' lang='lat' dir='ltr'><strong>sua</strong></span> <span class='ocrx_word' id='word_1_39' title='bbox 2088 658 2098 668; x_wconf 37' lang='grc' dir='ltr'>ι</span> 
     </span>
    </p>
   </div>
   <div class='ocr_carea' id='block_1_7' title="bbox 502 672 2117 757">
    <p class='ocr_par' dir='ltr' id='par_1_7' title="bbox 502 672 2117 757">
     <span class='ocr_line' id='line_1_7' title="bbox 502 672 2117 757; baseline -0.002 -16"><span class='ocrx_word' id='word_1_40' title='bbox 502 697 805 757; x_wconf 71' lang='grc' dir='ltr'>(ιιιίιιιριιιρε</span> <span class='ocrx_word' id='word_1_41' title='bbox 845 686 1065 755; x_wconf 79' lang='lat' dir='ltr'><strong>(Philip.</strong></span> <span class='ocrx_word' id='word_1_42' title='bbox 1114 687 1205 754; x_wconf 93' lang='grc' dir='ltr'>ιι),</span> <span class='ocrx_word' id='word_1_43' title='bbox 1233 687 1447 739; x_wconf 92' lang='lat' dir='ltr'><strong>sibimet</strong></span> <span class='ocrx_word' id='word_1_44' title='bbox 1486 687 1672 739; x_wconf 86' lang='lat' dir='ltr'><strong>hostes</strong></span> <span class='ocrx_word' id='word_1_45' title='bbox 1705 686 1839 739; x_wconf 84' lang='lat' dir='ltr'><strong>alios</strong></span> <span class='ocrx_word' id='word_1_46' title='bbox 1875 695 2059 757; x_wconf 82' lang='lat' dir='ltr'><strong>tyran-</strong></span> 
     </span>
    </p>
   </div>
   <div class='ocr_carea' id='block_1_8' title="bbox 504 772 2062 843">
    <p class='ocr_par' dir='ltr' id='par_1_8' title="bbox 504 772 2062 843">
     <span class='ocr_line' id='line_1_8' title="bbox 504 772 2062 843; baseline -0.001 -14"><span class='ocrx_word' id='word_1_47' title='bbox 504 779 623 830; x_wconf 89' lang='lat' dir='ltr'><strong>niee</strong></span> <span class='ocrx_word' id='word_1_48' title='bbox 666 776 1016 843; x_wconf 87' lang='lat' dir='ltr'><strong>opprimunt;</strong></span> <span class='ocrx_word' id='word_1_49' title='bbox 1062 775 1116 826; x_wconf 92' lang='lat' dir='ltr'><strong>hi</strong></span> <span class='ocrx_word' id='word_1_50' title='bbox 1158 788 1296 827; x_wconf 54' lang='lat' dir='ltr'><strong>«vero</strong></span> <span class='ocrx_word' id='word_1_51' title='bbox 1337 775 1478 842; x_wconf 78' lang='lat' dir='ltr'><strong>regis</strong></span> <span class='ocrx_word' id='word_1_52' title='bbox 1523 772 1756 838; x_wconf 86' lang='lat' dir='ltr'><strong>Christi,</strong></span> <span class='ocrx_word' id='word_1_53' title='bbox 1806 774 1881 827; x_wconf 88' lang='lat' dir='ltr'><strong>illi</strong></span> <span class='ocrx_word' id='word_1_54' title='bbox 1931 788 2062 827; x_wconf 87' lang='lat' dir='ltr'><strong>vero</strong></span> 
     </span>
    </p>
   </div>
   <div class='ocr_carea' id='block_1_9' title="bbox 504 861 2064 931">
    <p class='ocr_par' dir='ltr' id='par_1_9' title="bbox 504 861 2064 931">
     <span class='ocr_line' id='line_1_9' title="bbox 504 861 2064 931; baseline -0.002 -14"><span class='ocrx_word' id='word_1_55' title='bbox 504 864 705 917; x_wconf 87' lang='lat' dir='ltr'><strong>diaboli</strong></span> <span class='ocrx_word' id='word_1_56' title='bbox 751 879 950 931; x_wconf 83' lang='lat' dir='ltr'><strong>corpus</strong></span> <span class='ocrx_word' id='word_1_57' title='bbox 985 870 1129 917; x_wconf 90' lang='lat' dir='ltr'><strong>sunt.</strong></span> <span class='ocrx_word' id='word_1_58' title='bbox 1161 861 1252 916; x_wconf 91' lang='lat' dir='ltr'><strong>lsti</strong></span> <span class='ocrx_word' id='word_1_59' title='bbox 1284 864 1353 916; x_wconf 88' lang='lat' dir='ltr'><strong>ad</strong></span> <span class='ocrx_word' id='word_1_60' title='bbox 1380 862 1484 915; x_wconf 86' lang='lat' dir='ltr'><strong>hoc</strong></span> <span class='ocrx_word' id='word_1_61' title='bbox 1533 862 1637 915; x_wconf 88' lang='lat' dir='ltr'><strong>sibi</strong></span> <span class='ocrx_word' id='word_1_62' title='bbox 1688 862 1955 931; x_wconf 89' lang='lat' dir='ltr'><strong>imperant</strong></span> <span class='ocrx_word' id='word_1_63' title='bbox 2003 870 2064 915; x_wconf 92' lang='lat' dir='ltr'><strong>ut</strong></span> 
     </span>
    </p>
   </div>
   <div class='ocr_carea' id='block_1_10' title="bbox 506 952 2066 1021">
    <p class='ocr_par' dir='ltr' id='par_1_10' title="bbox 506 952 2066 1021">
     <span class='ocr_line' id='line_1_10' title="bbox 506 952 2066 1021; baseline -0.002 -14"><span class='ocrx_word' id='word_1_64' title='bbox 506 970 628 1007; x_wconf 87' lang='lat' dir='ltr'><strong>cum</strong></span> <span class='ocrx_word' id='word_1_65' title='bbox 668 968 883 1007; x_wconf 84' lang='lat' dir='ltr'><strong>summo</strong></span> <span class='ocrx_word' id='word_1_66' title='bbox 922 952 1248 1020; x_wconf 89' lang='lat' dir='ltr'><strong>lmperatore</strong></span> <span class='ocrx_word' id='word_1_67' title='bbox 1292 952 1617 1006; x_wconf 84' lang='lat' dir='ltr'><strong>:etcrnaliter</strong></span> <span class='ocrx_word' id='word_1_68' title='bbox 1656 961 1905 1021; x_wconf 78' lang='lat' dir='ltr'><strong>regnent,</strong></span> <span class='ocrx_word' id='word_1_69' title='bbox 1950 952 2066 1005; x_wconf 88' lang='lat' dir='ltr'><strong>illo-</strong></span> 
     </span>
    </p>
   </div>
   <div class='ocr_carea' id='block_1_11' title="bbox 507 1040 2067 1110">
    <p class='ocr_par' dir='ltr' id='par_1_11' title="bbox 507 1040 2067 1110">
     <span class='ocr_line' id='line_1_11' title="bbox 507 1040 2067 1110; baseline -0.002 -14"><span class='ocrx_word' id='word_1_70' title='bbox 507 1059 628 1096; x_wconf 85' lang='lat' dir='ltr'><strong>rum</strong></span> <span class='ocrx_word' id='word_1_71' title='bbox 657 1057 783 1095; x_wconf 83' lang='lat' dir='ltr'><strong>vero</strong></span> <span class='ocrx_word' id='word_1_72' title='bbox 808 1042 860 1095; x_wconf 83' lang='lat' dir='ltr'><strong>id</strong></span> <span class='ocrx_word' id='word_1_73' title='bbox 887 1050 1127 1109; x_wconf 83' lang='lat' dir='ltr'><strong>potestas</strong></span> <span class='ocrx_word' id='word_1_74' title='bbox 1151 1043 1259 1109; x_wconf 82' lang='lat' dir='ltr'><strong>agit</strong></span> <span class='ocrx_word' id='word_1_75' title='bbox 1283 1050 1341 1094; x_wconf 92' lang='lat' dir='ltr'><strong>ut</strong></span> <span class='ocrx_word' id='word_1_76' title='bbox 1361 1057 1483 1094; x_wconf 90' lang='lat' dir='ltr'><strong>cum</strong></span> <span class='ocrx_word' id='word_1_77' title='bbox 1508 1042 1849 1094; x_wconf 79' lang='lat' dir='ltr'><strong>tenebrarum</strong></span> <span class='ocrx_word' id='word_1_78' title='bbox 1870 1040 2067 1110; x_wconf 88' lang='lat' dir='ltr'><strong>princi-</strong></span> 
     </span>
    </p>
   </div>
   <div class='ocr_carea' id='block_1_12' title="bbox 506 1129 2062 1201">
    <p class='ocr_par' dir='ltr' id='par_1_12' title="bbox 506 1129 2062 1201">
     <span class='ocr_line' id='line_1_12' title="bbox 506 1129 2062 1201; baseline -0.002 -16"><span class='ocrx_word' id='word_1_79' title='bbox 506 1146 593 1200; x_wconf 84' lang='lat' dir='ltr'><strong>pe,</strong></span> <span class='ocrx_word' id='word_1_80' title='bbox 617 1132 707 1201; x_wconf 92' lang='lat' dir='ltr'><strong>qui</strong></span> <span class='ocrx_word' id='word_1_81' title='bbox 745 1148 833 1185; x_wconf 74' lang='lat' dir='ltr'><strong>rex</strong></span> <span class='ocrx_word' id='word_1_82' title='bbox 857 1142 933 1185; x_wconf 84' lang='lat' dir='ltr'><strong>est</strong></span> <span class='ocrx_word' id='word_1_83' title='bbox 956 1148 1109 1199; x_wconf 80' lang='lat' dir='ltr'><strong>super</strong></span> <span class='ocrx_word' id='word_1_84' title='bbox 1131 1147 1303 1183; x_wconf 84' lang='lat' dir='ltr'><strong>omnes</strong></span> <span class='ocrx_word' id='word_1_85' title='bbox 1327 1131 1466 1198; x_wconf 78' lang='lat' dir='ltr'><strong>ﬁlios</strong></span> <span class='ocrx_word' id='word_1_86' title='bbox 1487 1130 1777 1200; x_wconf 66' lang='grc' dir='ltr'><strong>δίψει-ἰήιε(</strong></span> <span class='ocrx_word' id='word_1_87' title='bbox 1792 1129 1892 1182; x_wconf 81' lang='lat' dir='ltr'><strong>Job</strong></span> <span class='ocrx_word' id='word_1_88' title='bbox 1928 1130 2062 1199; x_wconf 77' lang='lat' dir='ltr'><strong>xu),</strong></span> 
     </span>
    </p>
   </div>
   <div class='ocr_carea' id='block_1_13' title="bbox 507 1219 2065 1289">
    <p class='ocr_par' dir='ltr' id='par_1_13' title="bbox 507 1219 2065 1289">
     <span class='ocr_line' id='line_1_13' title="bbox 507 1219 2065 1289; baseline -0.001 -15"><span class='ocrx_word' id='word_1_89' title='bbox 507 1231 707 1275; x_wconf 75' lang='lat' dir='ltr'><strong>:etcrna</strong></span> <span class='ocrx_word' id='word_1_90' title='bbox 745 1223 1092 1275; x_wconf 78' lang='lat' dir='ltr'><strong>damnatione</strong></span> <span class='ocrx_word' id='word_1_91' title='bbox 1126 1220 1448 1289; x_wconf 87' lang='lat' dir='ltr'><strong>dispcrcant.</strong></span> <span class='ocrx_word' id='word_1_92' title='bbox 1479 1219 1586 1273; x_wconf 84' lang='lat' dir='ltr'><strong>Nec</strong></span> <span class='ocrx_word' id='word_1_93' title='bbox 1613 1220 1765 1274; x_wconf 83' lang='lat' dir='ltr'><strong>valde</strong></span> <span class='ocrx_word' id='word_1_94' title='bbox 1805 1234 1934 1274; x_wconf 83' lang='lat' dir='ltr'><strong>sane</strong></span> <span class='ocrx_word' id='word_1_95' title='bbox 1965 1220 2065 1273; x_wconf 88' lang='lat' dir='ltr'><strong>mi—</strong></span> 
     </span>
    </p>
   </div>
   <div class='ocr_carea' id='block_1_14' title="bbox 510 1308 2065 1379">
    <p class='ocr_par' dir='ltr' id='par_1_14' title="bbox 510 1308 2065 1379">
     <span class='ocr_line' id='line_1_14' title="bbox 510 1308 2065 1379; baseline -0.001 -16"><span class='ocrx_word' id='word_1_96' title='bbox 510 1311 737 1365; x_wconf 86' lang='lat' dir='ltr'><strong>randum</strong></span> <span class='ocrx_word' id='word_1_97' title='bbox 766 1321 844 1364; x_wconf 91' lang='lat' dir='ltr'><strong>est</strong></span> <span class='ocrx_word' id='word_1_98' title='bbox 871 1312 1016 1379; x_wconf 87' lang='lat' dir='ltr'><strong>quod</strong></span> <span class='ocrx_word' id='word_1_99' title='bbox 1043 1310 1171 1363; x_wconf 91' lang='lat' dir='ltr'><strong>mali</strong></span> <span class='ocrx_word' id='word_1_100' title='bbox 1207 1309 1489 1378; x_wconf 85' lang='lat' dir='ltr'><strong>pontifices</strong></span> <span class='ocrx_word' id='word_1_101' title='bbox 1509 1309 1696 1377; x_wconf 91' lang='lat' dir='ltr'><strong>iniquo</strong></span> <span class='ocrx_word' id='word_1_102' title='bbox 1736 1308 1876 1377; x_wconf 89' lang='lat' dir='ltr'><strong>regi,</strong></span> <span class='ocrx_word' id='word_1_103' title='bbox 1904 1321 2065 1377; x_wconf 87' lang='lat' dir='ltr'><strong>quem</strong></span> 
     </span>
    </p>
   </div>
   <div class='ocr_carea' id='block_1_15' title="bbox 511 1397 2070 1468">
    <p class='ocr_par' dir='ltr' id='par_1_15' title="bbox 511 1397 2070 1468">
     <span class='ocr_line' id='line_1_15' title="bbox 511 1397 2070 1468; baseline -0.002 -15"><span class='ocrx_word' id='word_1_104' title='bbox 511 1401 719 1467; x_wconf 86' lang='lat' dir='ltr'><strong>adeptis</strong></span> <span class='ocrx_word' id='word_1_105' title='bbox 744 1400 883 1453; x_wconf 88' lang='lat' dir='ltr'><strong>male</strong></span> <span class='ocrx_word' id='word_1_106' title='bbox 921 1416 1016 1468; x_wconf 91' lang='lat' dir='ltr'><strong>per</strong></span> <span class='ocrx_word' id='word_1_107' title='bbox 1054 1415 1178 1453; x_wconf 90' lang='lat' dir='ltr'><strong>eum</strong></span> <span class='ocrx_word' id='word_1_108' title='bbox 1217 1399 1515 1452; x_wconf 84' lang='lat' dir='ltr'><strong>honoribus</strong></span> <span class='ocrx_word' id='word_1_109' title='bbox 1542 1397 1772 1467; x_wconf 84' lang='lat' dir='ltr'><strong>diligunt</strong></span> <span class='ocrx_word' id='word_1_110' title='bbox 1804 1405 2070 1451; x_wconf 87' lang='lat' dir='ltr'><strong>metuunt—</strong></span> 
     </span>
    </p>
   </div>
   <div class='ocr_carea' id='block_1_16' title="bbox 509 1487 2070 1557">
    <p class='ocr_par' dir='ltr' id='par_1_16' title="bbox 509 1487 2070 1557">
     <span class='ocr_line' id='line_1_16' title="bbox 509 1487 2070 1557; baseline 0 -17"><span class='ocrx_word' id='word_1_111' title='bbox 509 1504 635 1557; x_wconf 83' lang='lat' dir='ltr'><strong>quc,</strong></span> <span class='ocrx_word' id='word_1_112' title='bbox 661 1490 1024 1551; x_wconf 81' lang='lat' dir='ltr'><strong>consentiunt,</strong></span> <span class='ocrx_word' id='word_1_113' title='bbox 1043 1490 1133 1557; x_wconf 82' lang='lat' dir='ltr'><strong>qui</strong></span> <span class='ocrx_word' id='word_1_114' title='bbox 1162 1487 1466 1540; x_wconf 87' lang='lat' dir='ltr'><strong>Simoniace</strong></span> <span class='ocrx_word' id='word_1_115' title='bbox 1486 1487 1750 1555; x_wconf 89' lang='lat' dir='ltr'><strong>quoslibet</strong></span> <span class='ocrx_word' id='word_1_116' title='bbox 1771 1487 2070 1540; x_wconf 89' lang='lat' dir='ltr'><strong>ordinando</strong></span> 
     </span>
    </p>
   </div>
   <div class='ocr_carea' id='block_1_17' title="bbox 512 1574 2072 1647">
    <p class='ocr_par' dir='ltr' id='par_1_17' title="bbox 512 1574 2072 1647">
     <span class='ocr_line' id='line_1_17' title="bbox 512 1574 2072 1647; baseline 0 -19"><span class='ocrx_word' id='word_1_117' title='bbox 512 1578 683 1631; x_wconf 84' lang='lat' dir='ltr'><strong>Deum</strong></span> <span class='ocrx_word' id='word_1_118' title='bbox 725 1595 826 1647; x_wconf 85' lang='lat' dir='ltr'><strong>pro</strong></span> <span class='ocrx_word' id='word_1_119' title='bbox 874 1579 964 1631; x_wconf 89' lang='lat' dir='ltr'><strong>vili</strong></span> <span class='ocrx_word' id='word_1_120' title='bbox 1018 1579 1179 1632; x_wconf 86' lang='lat' dir='ltr'><strong>etiam</strong></span> <span class='ocrx_word' id='word_1_121' title='bbox 1229 1577 1400 1644; x_wconf 88' lang='lat' dir='ltr'><strong>pretio</strong></span> <span class='ocrx_word' id='word_1_122' title='bbox 1451 1576 1704 1629; x_wconf 86' lang='lat' dir='ltr'><strong>vendunt.</strong></span> <span class='ocrx_word' id='word_1_123' title='bbox 1748 1574 1881 1628; x_wconf 82' lang='lat' dir='ltr'><strong>Nam</strong></span> <span class='ocrx_word' id='word_1_124' title='bbox 1931 1576 2072 1629; x_wconf 90' lang='lat' dir='ltr'><strong>sicut</strong></span> 
     </span>
    </p>
   </div>
   <div class='ocr_carea' id='block_1_18' title="bbox 510 1664 2069 1738">
    <p class='ocr_par' dir='ltr' id='par_1_18' title="bbox 510 1664 2069 1738">
     <span class='ocr_line' id='line_1_18' title="bbox 510 1664 2069 1738; baseline -0.001 -20"><span class='ocrx_word' id='word_1_125' title='bbox 510 1668 666 1721; x_wconf 79' lang='lat' dir='ltr'><strong>electi</strong></span> <span class='ocrx_word' id='word_1_126' title='bbox 710 1668 1077 1738; x_wconf 12' lang='lat' dir='ltr'><strong>insolulilitcr‘</strong></span> <span class='ocrx_word' id='word_1_127' title='bbox 1110 1681 1213 1719; x_wconf 90' lang='lat' dir='ltr'><strong>suo</strong></span> <span class='ocrx_word' id='word_1_128' title='bbox 1247 1664 1419 1734; x_wconf 66' lang='lat' dir='ltr'><strong>Capiti</strong></span> <span class='ocrx_word' id='word_1_129' title='bbox 1461 1666 1744 1735; x_wconf 89' lang='lat' dir='ltr'><strong>uniuntur,</strong></span> <span class='ocrx_word' id='word_1_130' title='bbox 1778 1665 1849 1717; x_wconf 89' lang='lat' dir='ltr'><strong>ita</strong></span> <span class='ocrx_word' id='word_1_131' title='bbox 1892 1673 1945 1716; x_wconf 88' lang='lat' dir='ltr'><strong>et</strong></span> <span class='ocrx_word' id='word_1_132' title='bbox 1983 1680 2069 1717; x_wconf 82' lang='lat' dir='ltr'><strong>re-</strong></span> 
     </span>
    </p>
   </div>
   <div class='ocr_carea' id='block_1_19' title="bbox 2164 592 3721 661">
    <p class='ocr_par' dir='ltr' id='par_1_19' title="bbox 2164 592 3721 661">
     <span class='ocr_line' id='line_1_19' title="bbox 2164 592 3721 661; baseline -0.006 -10"><span class='ocrx_word' id='word_1_133' title='bbox 2164 600 2346 653; x_wconf 89' lang='lat' dir='ltr'><strong>silieas</strong></span> <span class='ocrx_word' id='word_1_134' title='bbox 2380 614 2473 653; x_wconf 90' lang='lat' dir='ltr'><strong>seu</strong></span> <span class='ocrx_word' id='word_1_135' title='bbox 2503 598 2693 651; x_wconf 88' lang='lat' dir='ltr'><strong>altaria</strong></span> <span class='ocrx_word' id='word_1_136' title='bbox 2720 596 2986 661; x_wconf 90' lang='lat' dir='ltr'><strong>dedicari,</strong></span> <span class='ocrx_word' id='word_1_137' title='bbox 3021 595 3105 648; x_wconf 88' lang='lat' dir='ltr'><strong>vel</strong></span> <span class='ocrx_word' id='word_1_138' title='bbox 3141 593 3207 647; x_wconf 89' lang='lat' dir='ltr'><strong>ad</strong></span> <span class='ocrx_word' id='word_1_139' title='bbox 3234 608 3422 646; x_wconf 89' lang='lat' dir='ltr'><strong>eorum</strong></span> <span class='ocrx_word' id='word_1_140' title='bbox 3449 592 3721 643; x_wconf 84' lang='lat' dir='ltr'><strong>honorem</strong></span> 
     </span>
    </p>
   </div>
   <div class='ocr_carea' id='block_1_20' title="bbox 2162 679 3725 742">
    <p class='ocr_par' dir='ltr' id='par_1_20' title="bbox 2162 679 3725 742">
     <span class='ocr_line' id='line_1_20' title="bbox 2162 679 3725 742; baseline -0.008 0"><span class='ocrx_word' id='word_1_141' title='bbox 2162 697 2349 742; x_wconf 89' lang='lat' dir='ltr'><strong>sancta</strong></span> <span class='ocrx_word' id='word_1_142' title='bbox 2400 685 2637 741; x_wconf 87' lang='lat' dir='ltr'><strong>Ecclesia</strong></span> <span class='ocrx_word' id='word_1_143' title='bbox 2678 687 2873 740; x_wconf 89' lang='lat' dir='ltr'><strong>missas</strong></span> <span class='ocrx_word' id='word_1_144' title='bbox 2908 685 3096 739; x_wconf 84' lang='lat' dir='ltr'><strong>statuit</strong></span> <span class='ocrx_word' id='word_1_145' title='bbox 3129 682 3422 737; x_wconf 79' lang='lat' dir='ltr'><strong>celebrari?</strong></span> <span class='ocrx_word' id='word_1_146' title='bbox 3466 679 3725 731; x_wconf 83' lang='lat' dir='ltr'><strong>Timeant</strong></span> 
     </span>
    </p>
   </div>
   <div class='ocr_carea' id='block_1_21' title="bbox 2161 765 3721 847">
    <p class='ocr_par' dir='ltr' id='par_1_21' title="bbox 2161 765 3721 847">
     <span class='ocr_line' id='line_1_21' title="bbox 2161 765 3721 847; baseline -0.01 -15"><span class='ocrx_word' id='word_1_147' title='bbox 2161 792 2316 847; x_wconf 89' lang='lat' dir='ltr'><strong>reges</strong></span> <span class='ocrx_word' id='word_1_148' title='bbox 2336 776 2537 845; x_wconf 87' lang='lat' dir='ltr'><strong>aliique</strong></span> <span class='ocrx_word' id='word_1_149' title='bbox 2570 774 2858 844; x_wconf 86' lang='lat' dir='ltr'><strong>principes,</strong></span> <span class='ocrx_word' id='word_1_150' title='bbox 2884 790 2951 828; x_wconf 93' lang='lat' dir='ltr'><strong>ne</strong></span> <span class='ocrx_word' id='word_1_151' title='bbox 2976 766 3179 843; x_wconf 85' lang='lat' dir='ltr'><strong>quanto</strong></span> <span class='ocrx_word' id='word_1_152' title='bbox 3205 786 3261 826; x_wconf 90' lang='lat' dir='ltr'><strong>se</strong></span> <span class='ocrx_word' id='word_1_153' title='bbox 3288 770 3498 824; x_wconf 65' lang='lat' dir='ltr'><strong>caneris</strong></span> <span class='ocrx_word' id='word_1_154' title='bbox 3532 765 3721 821; x_wconf 82' lang='lat' dir='ltr'><strong>homi-</strong></span> 
     </span>
    </p>
   </div>
   <div class='ocr_carea' id='block_1_22' title="bbox 2164 856 3727 932">
    <p class='ocr_par' dir='ltr' id='par_1_22' title="bbox 2164 856 3727 932">
     <span class='ocr_line' id='line_1_22' title="bbox 2164 856 3727 932; baseline -0.008 -13"><span class='ocrx_word' id='word_1_155' title='bbox 2164 865 2323 919; x_wconf 88' lang='lat' dir='ltr'><strong>nibus</strong></span> <span class='ocrx_word' id='word_1_156' title='bbox 2352 866 2405 918; x_wconf 90' lang='lat' dir='ltr'><strong>in</strong></span> <span class='ocrx_word' id='word_1_157' title='bbox 2434 866 2539 919; x_wconf 84' lang='lat' dir='ltr'><strong>hac</strong></span> <span class='ocrx_word' id='word_1_158' title='bbox 2577 865 2685 918; x_wconf 86' lang='lat' dir='ltr'><strong>vita</strong></span> <span class='ocrx_word' id='word_1_159' title='bbox 2726 862 2967 932; x_wconf 63' lang='lat' dir='ltr'><strong>praeferri</strong></span> <span class='ocrx_word' id='word_1_160' title='bbox 3009 862 3270 932; x_wconf 89' lang='lat' dir='ltr'><strong>gaudent,</strong></span> <span class='ocrx_word' id='word_1_161' title='bbox 3312 868 3457 913; x_wconf 87' lang='lat' dir='ltr'><strong>tanto</strong></span> <span class='ocrx_word' id='word_1_162' title='bbox 3483 856 3727 925; x_wconf 80' lang='lat' dir='ltr'><strong>amplius</strong></span> 
     </span>
    </p>
   </div>
   <div class='ocr_carea' id='block_1_23' title="bbox 2163 940 3721 1020">
    <p class='ocr_par' dir='ltr' id='par_1_23' title="bbox 2163 940 3721 1020">
     <span class='ocr_line' id='line_1_23' title="bbox 2163 940 3721 1020; baseline -0.008 -12"><span class='ocrx_word' id='word_1_163' title='bbox 2163 953 2381 1008; x_wconf 61' lang='lat' dir='ltr'><strong>internis</strong></span> <span class='ocrx_word' id='word_1_164' title='bbox 2416 940 2678 1007; x_wconf 84' lang='lat' dir='ltr'><strong>incendiis</strong></span> <span class='ocrx_word' id='word_1_165' title='bbox 2713 951 3089 1020; x_wconf 73' lang='lat' dir='ltr'><strong>subiiciantur.</strong></span> <span class='ocrx_word' id='word_1_166' title='bbox 3118 947 3272 1002; x_wconf 88' lang='lat' dir='ltr'><strong>Unde</strong></span> <span class='ocrx_word' id='word_1_167' title='bbox 3306 946 3566 1015; x_wconf 91' lang='lat' dir='ltr'><strong>scriptum</strong></span> <span class='ocrx_word' id='word_1_168' title='bbox 3591 951 3721 997; x_wconf 81' lang='lat' dir='ltr'><strong>est:</strong></span> 
     </span>
    </p>
   </div>
   <div class='ocr_carea' id='block_1_24' title="bbox 2164 1032 3727 1112">
    <p class='ocr_par' dir='ltr' id='par_1_24' title="bbox 2164 1032 3727 1112">
     <span class='ocr_line' id='line_1_24' title="bbox 2164 1032 3727 1112; baseline -0.007 -17"><span class='ocrx_word' id='word_1_169' title='bbox 2164 1042 2408 1096; x_wconf 74' lang='lat' dir='ltr'><strong>Potentes</strong></span> <span class='ocrx_word' id='word_1_170' title='bbox 2436 1050 2672 1112; x_wconf 83' lang='lat' dir='ltr'><strong>potenter</strong></span> <span class='ocrx_word' id='word_1_171' title='bbox 2693 1049 2948 1094; x_wconf 82' lang='lat' dir='ltr'><strong>tormenta</strong></span> <span class='ocrx_word' id='word_1_172' title='bbox 2968 1039 3234 1108; x_wconf 77' lang='lat' dir='ltr'><strong>patientur</strong></span> <span class='ocrx_word' id='word_1_173' title='bbox 3249 1034 3396 1106; x_wconf 86' lang='lat' dir='ltr'><strong>(Sap.</strong></span> <span class='ocrx_word' id='word_1_174' title='bbox 3425 1035 3520 1103; x_wconf 87' lang='lat' dir='ltr'><strong>vt).</strong></span> <span class='ocrx_word' id='word_1_175' title='bbox 3541 1032 3616 1087; x_wconf 88' lang='lat' dir='ltr'><strong>De</strong></span> <span class='ocrx_word' id='word_1_176' title='bbox 3634 1038 3727 1085; x_wconf 73' lang='lat' dir='ltr'><strong>tot</strong></span> 
     </span>
    </p>
   </div>
   <div class='ocr_carea' id='block_1_25' title="bbox 2163 1127 3727 1193">
    <p class='ocr_par' dir='ltr' id='par_1_25' title="bbox 2163 1127 3727 1193">
     <span class='ocr_line' id='line_1_25' title="bbox 2163 1127 3727 1193; baseline -0.006 -8"><span class='ocrx_word' id='word_1_177' title='bbox 2163 1132 2308 1185; x_wconf 91' lang='lat' dir='ltr'><strong>enim</strong></span> <span class='ocrx_word' id='word_1_178' title='bbox 2348 1131 2661 1185; x_wconf 89' lang='lat' dir='ltr'><strong>hominibus</strong></span> <span class='ocrx_word' id='word_1_179' title='bbox 2701 1129 2809 1185; x_wconf 87' lang='lat' dir='ltr'><strong>Deo</strong></span> <span class='ocrx_word' id='word_1_180' title='bbox 2839 1128 3099 1183; x_wconf 88' lang='lat' dir='ltr'><strong>reddituri</strong></span> <span class='ocrx_word' id='word_1_181' title='bbox 3125 1135 3252 1180; x_wconf 89' lang='lat' dir='ltr'><strong>sunt</strong></span> <span class='ocrx_word' id='word_1_182' title='bbox 3281 1127 3543 1179; x_wconf 88' lang='lat' dir='ltr'><strong>rationem</strong></span> <span class='ocrx_word' id='word_1_183' title='bbox 3584 1131 3727 1193; x_wconf 86' lang='lat' dir='ltr'><strong>quot</strong></span> 
     </span>
    </p>
   </div>
   <div class='ocr_carea' id='block_1_26' title="bbox 2165 1211 3728 1318">
    <p class='ocr_par' dir='ltr' id='par_1_26' title="bbox 2165 1211 3728 1318">
     <span class='ocr_line' id='line_1_26' title="bbox 2165 1211 3728 1318; baseline -0.004 -44"><span class='ocrx_word' id='word_1_184' title='bbox 2165 1235 2279 1318; x_wconf 62' lang='lat' dir='ltr'><strong>sua;</strong></span> <span class='ocrx_word' id='word_1_185' title='bbox 2304 1220 2927 1318; x_wconf 69' lang='lat' dir='ltr'><strong>dominationilsubditos</strong></span> <span class='ocrx_word' id='word_1_186' title='bbox 2951 1217 3274 1270; x_wconf 88' lang='lat' dir='ltr'><strong>habuerunt.</strong></span> <span class='ocrx_word' id='word_1_187' title='bbox 3295 1214 3448 1280; x_wconf 86' lang='lat' dir='ltr'><strong>Quod</strong></span> <span class='ocrx_word' id='word_1_188' title='bbox 3483 1214 3531 1267; x_wconf 88' lang='lat' dir='ltr'><strong>si</strong></span> <span class='ocrx_word' id='word_1_189' title='bbox 3557 1211 3728 1267; x_wconf 84' lang='lat' dir='ltr'><strong>alicui</strong></span> 
     </span>
    </p>
   </div>
   <div class='ocr_carea' id='block_1_27' title="bbox 2167 1306 3727 1379">
    <p class='ocr_par' dir='ltr' id='par_1_27' title="bbox 2167 1306 3727 1379">
     <span class='ocr_line' id='line_1_27' title="bbox 2167 1306 3727 1379; baseline -0.006 -16"><span class='ocrx_word' id='word_1_190' title='bbox 2167 1306 2418 1378; x_wconf 80' lang='lat' dir='ltr'><strong>religioso</strong></span> <span class='ocrx_word' id='word_1_191' title='bbox 2460 1306 2673 1379; x_wconf 77' lang='lat' dir='ltr'><strong>privato</strong></span> <span class='ocrx_word' id='word_1_192' title='bbox 2703 1325 2807 1362; x_wconf 90' lang='lat' dir='ltr'><strong>non</strong></span> <span class='ocrx_word' id='word_1_193' title='bbox 2842 1321 3040 1377; x_wconf 88' lang='lat' dir='ltr'><strong>parvus</strong></span> <span class='ocrx_word' id='word_1_194' title='bbox 3070 1306 3221 1359; x_wconf 89' lang='lat' dir='ltr'><strong>labor</strong></span> <span class='ocrx_word' id='word_1_195' title='bbox 3243 1313 3326 1358; x_wconf 88' lang='lat' dir='ltr'><strong>est</strong></span> <span class='ocrx_word' id='word_1_196' title='bbox 3364 1317 3528 1378; x_wconf 88' lang='lat' dir='ltr'><strong>unam</strong></span> <span class='ocrx_word' id='word_1_197' title='bbox 3562 1314 3727 1356; x_wconf 83' lang='lat' dir='ltr'><strong>suam</strong></span> 
     </span>
    </p>
   </div>
   <div class='ocr_carea' id='block_1_28' title="bbox 2169 1389 3730 1465">
    <p class='ocr_par' dir='ltr' id='par_1_28' title="bbox 2169 1389 3730 1465">
     <span class='ocr_line' id='line_1_28' title="bbox 2169 1389 3730 1465; baseline -0.006 -14"><span class='ocrx_word' id='word_1_198' title='bbox 2169 1400 2404 1452; x_wconf 90' lang='lat' dir='ltr'><strong>animam</strong></span> <span class='ocrx_word' id='word_1_199' title='bbox 2445 1397 2733 1461; x_wconf 80' lang='lat' dir='ltr'><strong>custodire,</strong></span> <span class='ocrx_word' id='word_1_200' title='bbox 2776 1406 3011 1465; x_wconf 91' lang='lat' dir='ltr'><strong>quantus</strong></span> <span class='ocrx_word' id='word_1_201' title='bbox 3058 1395 3208 1448; x_wconf 87' lang='lat' dir='ltr'><strong>labor</strong></span> <span class='ocrx_word' id='word_1_202' title='bbox 3242 1394 3485 1446; x_wconf 87' lang='lat' dir='ltr'><strong>imminet</strong></span> <span class='ocrx_word' id='word_1_203' title='bbox 3515 1389 3730 1460; x_wconf 85' lang='lat' dir='ltr'><strong>princi—</strong></span> 
     </span>
    </p>
   </div>
   <div class='ocr_carea' id='block_1_29' title="bbox 2170 1483 3349 1557">
    <p class='ocr_par' dir='ltr' id='par_1_29' title="bbox 2170 1483 3349 1557">
     <span class='ocr_line' id='line_1_29' title="bbox 2170 1483 3349 1557; baseline -0.006 -15"><span class='ocrx_word' id='word_1_204' title='bbox 2170 1489 2329 1557; x_wconf 88' lang='lat' dir='ltr'><strong>pibus</strong></span> <span class='ocrx_word' id='word_1_205' title='bbox 2354 1504 2516 1557; x_wconf 86' lang='lat' dir='ltr'><strong>super</strong></span> <span class='ocrx_word' id='word_1_206' title='bbox 2532 1487 2717 1541; x_wconf 87' lang='lat' dir='ltr'><strong>multis</strong></span> <span class='ocrx_word' id='word_1_207' title='bbox 2741 1487 2975 1540; x_wconf 89' lang='lat' dir='ltr'><strong>millibus</strong></span> <span class='ocrx_word' id='word_1_208' title='bbox 3007 1483 3349 1539; x_wconf 84' lang='lat' dir='ltr'><strong>animarum?</strong></span> 
     </span>
    </p>
   </div>
   <div class='ocr_carea' id='block_1_30' title="bbox 2242 1568 3735 1645">
    <p class='ocr_par' dir='ltr' id='par_1_30' title="bbox 2242 1568 3735 1645">
     <span class='ocr_line' id='line_1_30' title="bbox 2242 1568 3735 1645; baseline -0.006 -15"><span class='ocrx_word' id='word_1_209' title='bbox 2242 1578 2503 1632; x_wconf 65' lang='lat' dir='ltr'><strong>Praeterea</strong></span> <span class='ocrx_word' id='word_1_210' title='bbox 2546 1578 2590 1631; x_wconf 91' lang='lat' dir='ltr'><strong>si</strong></span> <span class='ocrx_word' id='word_1_211' title='bbox 2616 1577 2880 1645; x_wconf 88' lang='lat' dir='ltr'><strong>judicium</strong></span> <span class='ocrx_word' id='word_1_212' title='bbox 2910 1583 3110 1629; x_wconf 67' lang='lat' dir='ltr'><strong>sanctae</strong></span> <span class='ocrx_word' id='word_1_213' title='bbox 3143 1571 3395 1627; x_wconf 66' lang='lat' dir='ltr'><strong>Ecclesiae</strong></span> <span class='ocrx_word' id='word_1_214' title='bbox 3420 1568 3572 1623; x_wconf 84' lang='lat' dir='ltr'><strong>valde</strong></span> <span class='ocrx_word' id='word_1_215' title='bbox 3591 1582 3735 1622; x_wconf 84' lang='lat' dir='ltr'><strong>con-</strong></span> 
     </span>
    </p>
   </div>
   <div class='ocr_carea' id='block_1_31' title="bbox 2173 1654 3736 1737">
    <p class='ocr_par' dir='ltr' id='par_1_31' title="bbox 2173 1654 3736 1737">
     <span class='ocr_line' id='line_1_31' title="bbox 2173 1654 3736 1737; baseline -0.01 -15"><span class='ocrx_word' id='word_1_216' title='bbox 2173 1669 2390 1737; x_wconf 79' lang='lat' dir='ltr'><strong>stringit</strong></span> <span class='ocrx_word' id='word_1_217' title='bbox 2433 1676 2766 1737; x_wconf 88' lang='lat' dir='ltr'><strong>peccatorem</strong></span> <span class='ocrx_word' id='word_1_218' title='bbox 2827 1680 2924 1734; x_wconf 90' lang='lat' dir='ltr'><strong>pro</strong></span> <span class='ocrx_word' id='word_1_219' title='bbox 2980 1663 3146 1717; x_wconf 91' lang='lat' dir='ltr'><strong>unius</strong></span> <span class='ocrx_word' id='word_1_220' title='bbox 3180 1659 3440 1737; x_wconf 32' lang='lat' dir='ltr'><strong>lbominis</strong></span> <span class='ocrx_word' id='word_1_221' title='bbox 3506 1654 3736 1710; x_wconf 50' lang='lat' dir='ltr'><strong>interfe:</strong></span> 
     </span>
    </p>
   </div>
   <div class='ocr_carea' id='block_1_32' title="bbox 513 1731 3736 1825">
    <p class='ocr_par' dir='ltr' id='par_1_32' title="bbox 513 1731 3736 1825">
     <span class='ocr_line' id='line_1_32' title="bbox 513 1731 3736 1825; baseline -0.003 -15"><span class='ocrx_word' id='word_1_222' title='bbox 513 1758 668 1825; x_wconf 83' lang='lat' dir='ltr'><strong>probi</strong></span> <span class='ocrx_word' id='word_1_223' title='bbox 694 1758 928 1811; x_wconf 70' lang='lat' dir='ltr'><strong>maxime</strong></span> <span class='ocrx_word' id='word_1_224' title='bbox 955 1736 1140 1811; x_wconf 84' lang='lat' dir='ltr'><strong>contra</strong></span> <span class='ocrx_word' id='word_1_225' title='bbox 1172 1731 1345 1809; x_wconf 82' lang='lat' dir='ltr'><strong>bonos</strong></span> <span class='ocrx_word' id='word_1_226' title='bbox 1364 1757 1413 1808; x_wconf 92' lang='lat' dir='ltr'><strong>ei</strong></span> <span class='ocrx_word' id='word_1_227' title='bbox 1448 1731 1541 1823; x_wconf 85' lang='lat' dir='ltr'><strong>qui</strong></span> <span class='ocrx_word' id='word_1_228' title='bbox 1567 1754 1781 1808; x_wconf 71' lang='lat' dir='ltr'><strong>malitia:</strong></span> <span class='ocrx_word' id='word_1_229' title='bbox 1806 1762 1966 1821; x_wconf 91' lang='lat' dir='ltr'><strong>caput</strong></span> <span class='ocrx_word' id='word_1_230' title='bbox 1988 1762 2071 1807; x_wconf 90' lang='lat' dir='ltr'><strong>est</strong></span> <span class='ocrx_word' id='word_1_231' title='bbox 2104 1822 2131 1825; x_wconf 71' lang='lat'><strong><em>_</em></strong></span> <span class='ocrx_word' id='word_1_232' title='bbox 2174 1731 2367 1822; x_wconf 54' lang='lat' dir='ltr'><strong>ctione,</strong></span> <span class='ocrx_word' id='word_1_233' title='bbox 2400 1731 2529 1825; x_wconf 69' lang='lat' dir='ltr'><strong>quid</strong></span> <span class='ocrx_word' id='word_1_234' title='bbox 2579 1755 2678 1810; x_wconf 83' lang='lat' dir='ltr'><strong>erit</strong></span> <span class='ocrx_word' id='word_1_235' title='bbox 2729 1755 2795 1809; x_wconf 86' lang='lat' dir='ltr'><strong>de</strong></span> <span class='ocrx_word' id='word_1_236' title='bbox 2830 1731 2911 1806; x_wconf 75' lang='lat' dir='ltr'><strong>iis</strong></span> <span class='ocrx_word' id='word_1_237' title='bbox 2961 1751 3058 1821; x_wconf 85' lang='lat' dir='ltr'><strong>qui</strong></span> <span class='ocrx_word' id='word_1_238' title='bbox 3114 1731 3284 1804; x_wconf 79' lang='lat' dir='ltr'><strong>multa</strong></span> <span class='ocrx_word' id='word_1_239' title='bbox 3344 1747 3510 1802; x_wconf 84' lang='lat' dir='ltr'><strong>millia</strong></span> <span class='ocrx_word' id='word_1_240' title='bbox 3563 1744 3736 1799; x_wconf 77' lang='grc' dir='ltr'>ωσι-ιι</span> 
     </span>
    </p>
   </div>
   <div class='ocr_carea' id='block_1_33' title="bbox 513 1822 3738 1915">
    <p class='ocr_par' dir='ltr' id='par_1_33' title="bbox 513 1822 3738 1915">
     <span class='ocr_line' id='line_1_33' title="bbox 513 1822 3738 1915; baseline -0.004 -16"><span class='ocrx_word' id='word_1_241' title='bbox 513 1848 862 1915; x_wconf 76' lang='lat' dir='ltr'><strong>pertinaciter</strong></span> <span class='ocrx_word' id='word_1_242' title='bbox 896 1846 1261 1911; x_wconf 83' lang='lat' dir='ltr'><strong>foederantur;</strong></span> <span class='ocrx_word' id='word_1_243' title='bbox 1293 1822 1481 1899; x_wconf 85' lang='lat' dir='ltr'><strong>contra</strong></span> <span class='ocrx_word' id='word_1_244' title='bbox 1523 1859 1661 1913; x_wconf 90' lang='lat' dir='ltr'><strong>quos</strong></span> <span class='ocrx_word' id='word_1_245' title='bbox 1689 1842 1929 1913; x_wconf 79' lang='lat' dir='ltr'><strong>profecto</strong></span> <span class='ocrx_word' id='word_1_246' title='bbox 1965 1860 2072 1898; x_wconf 92' lang='lat' dir='ltr'><strong>non</strong></span> <span class='ocrx_word' id='word_1_247' title='bbox 2104 1822 2147 1876; x_wconf 75' lang='grc' dir='ltr'>Β</span> <span class='ocrx_word' id='word_1_248' title='bbox 2174 1848 2393 1901; x_wconf 87' lang='lat' dir='ltr'><strong>tradunt</strong></span> <span class='ocrx_word' id='word_1_249' title='bbox 2419 1822 2534 1914; x_wconf 79' lang='lat' dir='ltr'><strong>pro</strong></span> <span class='ocrx_word' id='word_1_250' title='bbox 2579 1843 2743 1912; x_wconf 87' lang='lat' dir='ltr'><strong>hujus</strong></span> <span class='ocrx_word' id='word_1_251' title='bbox 2798 1841 2983 1896; x_wconf 90' lang='lat' dir='ltr'><strong>mundi</strong></span> <span class='ocrx_word' id='word_1_252' title='bbox 3027 1836 3268 1893; x_wconf 76' lang='lat' dir='ltr'><strong>honore?</strong></span> <span class='ocrx_word' id='word_1_253' title='bbox 3308 1836 3424 1906; x_wconf 90' lang='lat' dir='ltr'><strong>qui,</strong></span> <span class='ocrx_word' id='word_1_254' title='bbox 3468 1834 3593 1889; x_wconf 87' lang='lat' dir='ltr'><strong>licet</strong></span> <span class='ocrx_word' id='word_1_255' title='bbox 3628 1848 3738 1888; x_wconf 85' lang='lat' dir='ltr'><strong>ore</strong></span> 
     </span>
    </p>
   </div>
   <div class='ocr_carea' id='block_1_34' title="bbox 514 1935 2075 2004">
    <p class='ocr_par' dir='ltr' id='par_1_34' title="bbox 514 1935 2075 2004">
     <span class='ocr_line' id='line_1_34' title="bbox 514 1935 2075 2004; baseline 0 -17"><span class='ocrx_word' id='word_1_256' title='bbox 514 1946 625 1989; x_wconf 82' lang='lat' dir='ltr'><strong>tam</strong></span> <span class='ocrx_word' id='word_1_257' title='bbox 676 1937 1046 1991; x_wconf 87' lang='lat' dir='ltr'><strong>disserendum</strong></span> <span class='ocrx_word' id='word_1_258' title='bbox 1098 1951 1260 2004; x_wconf 88' lang='lat' dir='ltr'><strong>quam</strong></span> <span class='ocrx_word' id='word_1_259' title='bbox 1319 1950 1417 2003; x_wconf 93' lang='lat' dir='ltr'><strong>pro</strong></span> <span class='ocrx_word' id='word_1_260' title='bbox 1478 1936 1557 1989; x_wconf 91' lang='lat' dir='ltr'><strong>eis</strong></span> <span class='ocrx_word' id='word_1_261' title='bbox 1595 1943 1701 1990; x_wconf 69' lang='lat' dir='ltr'><strong>~cst</strong></span> <span class='ocrx_word' id='word_1_262' title='bbox 1758 1935 2075 2004; x_wconf 73' lang='lat' dir='ltr'><strong>lacrymosis</strong></span> 
     </span>
    </p>
   </div>
   <div class='ocr_carea' id='block_1_35' title="bbox 513 2023 2075 2095">
    <p class='ocr_par' dir='ltr' id='par_1_35' title="bbox 513 2023 2075 2095">
     <span class='ocr_line' id='line_1_35' title="bbox 513 2023 2075 2095; baseline -0.001 -18"><span class='ocrx_word' id='word_1_263' title='bbox 513 2026 819 2094; x_wconf 88' lang='lat' dir='ltr'><strong>planetibus</strong></span> <span class='ocrx_word' id='word_1_264' title='bbox 861 2026 1269 2095; x_wconf 86' lang='lat' dir='ltr'><strong>ingemendum,</strong></span> <span class='ocrx_word' id='word_1_265' title='bbox 1296 2034 1357 2078; x_wconf 94' lang='lat' dir='ltr'><strong>ut</strong></span> <span class='ocrx_word' id='word_1_266' title='bbox 1393 2026 1735 2093; x_wconf 89' lang='lat' dir='ltr'><strong>omnipotens</strong></span> <span class='ocrx_word' id='word_1_267' title='bbox 1764 2023 1907 2075; x_wconf 85' lang='lat' dir='ltr'><strong>Deus</strong></span> <span class='ocrx_word' id='word_1_268' title='bbox 1954 2023 2075 2076; x_wconf 91' lang='lat' dir='ltr'><strong>illos</strong></span> 
     </span>
    </p>
   </div>
   <div class='ocr_carea' id='block_1_36' title="bbox 515 2112 2073 2185">
    <p class='ocr_par' dir='ltr' id='par_1_36' title="bbox 515 2112 2073 2185">
     <span class='ocr_line' id='line_1_36' title="bbox 515 2112 2073 2185; baseline -0.003 -16"><span class='ocrx_word' id='word_1_269' title='bbox 515 2133 544 2169; x_wconf 93' lang='lat' dir='ltr'><strong>a</strong></span> <span class='ocrx_word' id='word_1_270' title='bbox 569 2117 776 2185; x_wconf 87' lang='lat' dir='ltr'><strong>laqueis</strong></span> <span class='ocrx_word' id='word_1_271' title='bbox 819 2115 1051 2178; x_wconf 69' lang='lat' dir='ltr'><strong>Satanae,</strong></span> <span class='ocrx_word' id='word_1_272' title='bbox 1091 2116 1290 2185; x_wconf 89' lang='lat' dir='ltr'><strong>quibus</strong></span> <span class='ocrx_word' id='word_1_273' title='bbox 1318 2115 1514 2184; x_wconf 82' lang='lat' dir='ltr'><strong>captivi</strong></span> <span class='ocrx_word' id='word_1_274' title='bbox 1548 2121 1817 2175; x_wconf 88' lang='lat' dir='ltr'><strong>tenentur,</strong></span> <span class='ocrx_word' id='word_1_275' title='bbox 1858 2112 2073 2180; x_wconf 89' lang='lat' dir='ltr'><strong>eripiat,</strong></span> 
     </span>
    </p>
   </div>
   <div class='ocr_carea' id='block_1_37' title="bbox 513 2200 2074 2276">
    <p class='ocr_par' dir='ltr' id='par_1_37' title="bbox 513 2200 2074 2276">
     <span class='ocr_line' id='line_1_37' title="bbox 513 2200 2074 2276; baseline -0.003 -18"><span class='ocrx_word' id='word_1_276' title='bbox 513 2215 567 2259; x_wconf 79' lang='lat' dir='ltr'><strong>et</strong></span> <span class='ocrx_word' id='word_1_277' title='bbox 589 2208 669 2259; x_wconf 85' lang='lat' dir='ltr'><strong>vel</strong></span> <span class='ocrx_word' id='word_1_278' title='bbox 700 2215 820 2275; x_wconf 92' lang='lat' dir='ltr'><strong>post</strong></span> <span class='ocrx_word' id='word_1_279' title='bbox 842 2208 1078 2276; x_wconf 88' lang='lat' dir='ltr'><strong>pericula</strong></span> <span class='ocrx_word' id='word_1_280' title='bbox 1104 2207 1167 2261; x_wconf 88' lang='lat' dir='ltr'><strong>ad</strong></span> <span class='ocrx_word' id='word_1_281' title='bbox 1200 2206 1561 2275; x_wconf 84' lang='lat' dir='ltr'><strong>cognitionem</strong></span> <span class='ocrx_word' id='word_1_282' title='bbox 1591 2202 1835 2256; x_wconf 84' lang='lat' dir='ltr'><strong>veritatis</strong></span> <span class='ocrx_word' id='word_1_283' title='bbox 1859 2200 2074 2255; x_wconf 89' lang='lat' dir='ltr'><strong>tandem</strong></span> 
     </span>
    </p>
   </div>
   <div class='ocr_carea' id='block_1_38' title="bbox 439 2293 2074 2367">
    <p class='ocr_par' dir='ltr' id='par_1_38' title="bbox 439 2293 2074 2367">
     <span class='ocr_line' id='line_1_38' title="bbox 439 2293 2074 2367; baseline -0.002 -19"><span class='ocrx_word' id='word_1_284' title='bbox 439 2309 443 2312; x_wconf 77' lang='lat'><strong><em>&#39;</em></strong></span> <span class='ocrx_word' id='word_1_285' title='bbox 516 2296 808 2367; x_wconf 84' lang='lat' dir='ltr'><strong>aliquando</strong></span> <span class='ocrx_word' id='word_1_286' title='bbox 853 2297 1130 2365; x_wconf 83' lang='lat' dir='ltr'><strong>perducat.</strong></span> <span class='ocrx_word' id='word_1_287' title='bbox 1164 2294 1287 2349; x_wconf 64' lang='lat' dir='ltr'><strong>Haec</strong></span> <span class='ocrx_word' id='word_1_288' title='bbox 1321 2295 1387 2349; x_wconf 89' lang='lat' dir='ltr'><strong>de</strong></span> <span class='ocrx_word' id='word_1_289' title='bbox 1426 2294 1644 2363; x_wconf 84' lang='lat' dir='ltr'><strong>regibus</strong></span> <span class='ocrx_word' id='word_1_290' title='bbox 1683 2302 1735 2346; x_wconf 86' lang='lat' dir='ltr'><strong>et</strong></span> <span class='ocrx_word' id='word_1_291' title='bbox 1782 2293 2074 2360; x_wconf 87' lang='lat' dir='ltr'><strong>imperato-</strong></span> 
     </span>
    </p>
   </div>
   <div class='ocr_carea' id='block_1_39' title="bbox 516 2380 2073 2456">
    <p class='ocr_par' dir='ltr' id='par_1_39' title="bbox 516 2380 2073 2456">
     <span class='ocr_line' id='line_1_39' title="bbox 516 2380 2073 2456; baseline -0.004 -17"><span class='ocrx_word' id='word_1_292' title='bbox 516 2387 688 2448; x_wconf 86' lang='lat' dir='ltr'><strong>ribus,</strong></span> <span class='ocrx_word' id='word_1_293' title='bbox 726 2387 819 2455; x_wconf 92' lang='lat' dir='ltr'><strong>qui</strong></span> <span class='ocrx_word' id='word_1_294' title='bbox 850 2386 1096 2441; x_wconf 71' lang='lat' dir='ltr'><strong>saeculari</strong></span> <span class='ocrx_word' id='word_1_295' title='bbox 1121 2386 1223 2456; x_wconf 78' lang='lat' dir='ltr'><strong>gloi</strong></span> <span class='ocrx_word' id='word_1_296' title='bbox 1237 2385 1288 2439; x_wconf 89' lang='lat' dir='ltr'><strong>ia</strong></span> <span class='ocrx_word' id='word_1_297' title='bbox 1312 2384 1537 2438; x_wconf 91' lang='lat' dir='ltr'><strong>nimium</strong></span> <span class='ocrx_word' id='word_1_298' title='bbox 1564 2384 1780 2446; x_wconf 65' lang='lat' dir='ltr'><strong>tumidi,</strong></span> <span class='ocrx_word' id='word_1_299' title='bbox 1809 2396 1918 2437; x_wconf 86' lang='lat' dir='ltr'><strong>non</strong></span> <span class='ocrx_word' id='word_1_300' title='bbox 1943 2380 2073 2445; x_wconf 89' lang='lat' dir='ltr'><strong>Deo,</strong></span> 
     </span>
    </p>
   </div>
   <div class='ocr_carea' id='block_1_40' title="bbox 517 2471 2077 2545">
    <p class='ocr_par' dir='ltr' id='par_1_40' title="bbox 517 2471 2077 2545">
     <span class='ocr_line' id='line_1_40' title="bbox 517 2471 2077 2545; baseline -0.003 -16"><span class='ocrx_word' id='word_1_301' title='bbox 517 2476 610 2529; x_wconf 89' lang='lat' dir='ltr'><strong>sed</strong></span> <span class='ocrx_word' id='word_1_302' title='bbox 634 2475 738 2529; x_wconf 88' lang='lat' dir='ltr'><strong>sibi</strong></span> <span class='ocrx_word' id='word_1_303' title='bbox 754 2484 996 2545; x_wconf 90' lang='lat' dir='ltr'><strong>regnant.</strong></span> <span class='ocrx_word' id='word_1_304' title='bbox 1024 2475 1127 2529; x_wconf 89' lang='lat' dir='ltr'><strong>Sed</strong></span> <span class='ocrx_word' id='word_1_305' title='bbox 1149 2476 1275 2544; x_wconf 87' lang='lat' dir='ltr'><strong>quia</strong></span> <span class='ocrx_word' id='word_1_306' title='bbox 1300 2474 1470 2528; x_wconf 89' lang='lat' dir='ltr'><strong>nostri</strong></span> <span class='ocrx_word' id='word_1_307' title='bbox 1503 2482 1582 2527; x_wconf 90' lang='lat' dir='ltr'><strong>est</strong></span> <span class='ocrx_word' id='word_1_308' title='bbox 1606 2471 1763 2526; x_wconf 81' lang='lat' dir='ltr'><strong>ollicii</strong></span> <span class='ocrx_word' id='word_1_309' title='bbox 1788 2471 2077 2539; x_wconf 88' lang='lat' dir='ltr'><strong>unicuique</strong></span> 
     </span>
    </p>
   </div>
   <div class='ocr_carea' id='block_1_41' title="bbox 519 2562 2079 2633">
    <p class='ocr_par' dir='ltr' id='par_1_41' title="bbox 519 2562 2079 2633">
     <span class='ocr_line' id='line_1_41' title="bbox 519 2562 2079 2633; baseline -0.002 -14"><span class='ocrx_word' id='word_1_310' title='bbox 519 2566 819 2619; x_wconf 80' lang='lat' dir='ltr'><strong>secundum</strong></span> <span class='ocrx_word' id='word_1_311' title='bbox 870 2566 1144 2629; x_wconf 89' lang='lat' dir='ltr'><strong>ordinem,</strong></span> <span class='ocrx_word' id='word_1_312' title='bbox 1204 2566 1287 2618; x_wconf 90' lang='lat' dir='ltr'><strong>vel</strong></span> <span class='ocrx_word' id='word_1_313' title='bbox 1337 2564 1652 2633; x_wconf 81' lang='lat' dir='ltr'><strong>dignitatem</strong></span> <span class='ocrx_word' id='word_1_314' title='bbox 1705 2578 1812 2631; x_wconf 92' lang='lat' dir='ltr'><strong>qua</strong></span> <span class='ocrx_word' id='word_1_315' title='bbox 1868 2562 2079 2617; x_wconf 84' lang='lat' dir='ltr'><strong>videtur</strong></span> 
     </span>
    </p>
   </div>
   <div class='ocr_carea' id='block_1_42' title="bbox 518 2651 2079 2725">
    <p class='ocr_par' dir='ltr' id='par_1_42' title="bbox 518 2651 2079 2725">
     <span class='ocr_line' id='line_1_42' title="bbox 518 2651 2079 2725; baseline -0.003 -17"><span class='ocrx_word' id='word_1_316' title='bbox 518 2657 718 2725; x_wconf 83' lang='lat' dir='ltr'><strong>vigere,</strong></span> <span class='ocrx_word' id='word_1_317' title='bbox 741 2655 1172 2709; x_wconf 78' lang='lat' dir='ltr'><strong>exhortationem</strong></span> <span class='ocrx_word' id='word_1_318' title='bbox 1201 2654 1543 2716; x_wconf 88' lang='lat' dir='ltr'><strong>distribuere,</strong></span> <span class='ocrx_word' id='word_1_319' title='bbox 1575 2651 1991 2719; x_wconf 89' lang='lat' dir='ltr'><strong>imperatoribus</strong></span> <span class='ocrx_word' id='word_1_320' title='bbox 2025 2660 2079 2705; x_wconf 93' lang='lat' dir='ltr'><strong>ct</strong></span> 
     </span>
    </p>
   </div>
   <div class='ocr_carea' id='block_1_43' title="bbox 518 2740 2078 2814">
    <p class='ocr_par' dir='ltr' id='par_1_43' title="bbox 518 2740 2078 2814">
     <span class='ocr_line' id='line_1_43' title="bbox 518 2740 2078 2814; baseline -0.003 -17"><span class='ocrx_word' id='word_1_321' title='bbox 518 2745 768 2814; x_wconf 81' lang='lat' dir='ltr'><strong>regibus,</strong></span> <span class='ocrx_word' id='word_1_322' title='bbox 814 2746 1131 2813; x_wconf 58' lang='lat' dir='ltr'><strong>ceterisque</strong></span> <span class='ocrx_word' id='word_1_323' title='bbox 1161 2743 1523 2813; x_wconf 88' lang='lat' dir='ltr'><strong>principibus,</strong></span> <span class='ocrx_word' id='word_1_324' title='bbox 1558 2750 1618 2794; x_wconf 90' lang='lat' dir='ltr'><strong>ut</strong></span> <span class='ocrx_word' id='word_1_325' title='bbox 1658 2740 1914 2794; x_wconf 89' lang='lat' dir='ltr'><strong>elationes</strong></span> <span class='ocrx_word' id='word_1_326' title='bbox 1958 2755 2078 2793; x_wconf 86' lang='lat' dir='ltr'><strong>ma-</strong></span> 
     </span>
    </p>
   </div>
   <div class='ocr_carea' id='block_1_44' title="bbox 519 2829 2080 2903">
    <p class='ocr_par' dir='ltr' id='par_1_44' title="bbox 519 2829 2080 2903">
     <span class='ocr_line' id='line_1_44' title="bbox 519 2829 2080 2903; baseline -0.003 -16"><span class='ocrx_word' id='word_1_327' title='bbox 519 2834 599 2887; x_wconf 87' lang='lat' dir='ltr'><strong>ris</strong></span> <span class='ocrx_word' id='word_1_328' title='bbox 638 2833 811 2901; x_wconf 77' lang='lat' dir='ltr'><strong>(Psal.</strong></span> <span class='ocrx_word' id='word_1_329' title='bbox 864 2834 1026 2901; x_wconf 77' lang='lat' dir='ltr'><strong>xcn),</strong></span> <span class='ocrx_word' id='word_1_330' title='bbox 1076 2842 1130 2887; x_wconf 90' lang='lat' dir='ltr'><strong>et</strong></span> <span class='ocrx_word' id='word_1_331' title='bbox 1176 2831 1440 2903; x_wconf 69' lang='lat' dir='ltr'><strong>superbia:</strong></span> <span class='ocrx_word' id='word_1_332' title='bbox 1483 2830 1679 2884; x_wconf 89' lang='lat' dir='ltr'><strong>fluctus</strong></span> <span class='ocrx_word' id='word_1_333' title='bbox 1725 2829 2080 2898; x_wconf 74' lang='lat' dir='ltr'><strong>comprimere</strong></span> 
     </span>
    </p>
   </div>
   <div class='ocr_carea' id='block_1_45' title="bbox 519 2919 2079 2988">
    <p class='ocr_par' dir='ltr' id='par_1_45' title="bbox 519 2919 2079 2988">
     <span class='ocr_line' id='line_1_45' title="bbox 519 2919 2079 2988; baseline -0.003 -12"><span class='ocrx_word' id='word_1_334' title='bbox 519 2921 753 2985; x_wconf 80' lang='lat' dir='ltr'><strong>valeant,</strong></span> <span class='ocrx_word' id='word_1_335' title='bbox 798 2938 949 2977; x_wconf 89' lang='lat' dir='ltr'><strong>arma</strong></span> <span class='ocrx_word' id='word_1_336' title='bbox 990 2923 1329 2987; x_wconf 87' lang='lat' dir='ltr'><strong>humilitatis,</strong></span> <span class='ocrx_word' id='word_1_337' title='bbox 1373 2922 1482 2975; x_wconf 86' lang='lat' dir='ltr'><strong>Deo</strong></span> <span class='ocrx_word' id='word_1_338' title='bbox 1519 2930 1766 2983; x_wconf 89' lang='lat' dir='ltr'><strong>auctore,</strong></span> <span class='ocrx_word' id='word_1_339' title='bbox 1798 2919 2079 2988; x_wconf 83' lang='lat' dir='ltr'><strong>providere</strong></span> 
     </span>
    </p>
   </div>
   <div class='ocr_carea' id='block_1_46' title="bbox 521 3004 2081 3080">
    <p class='ocr_par' dir='ltr' id='par_1_46' title="bbox 521 3004 2081 3080">
     <span class='ocr_line' id='line_1_46' title="bbox 521 3004 2081 3080; baseline -0.003 -15"><span class='ocrx_word' id='word_1_340' title='bbox 521 3027 799 3067; x_wconf 89' lang='lat' dir='ltr'><strong>curamus.</strong></span> <span class='ocrx_word' id='word_1_341' title='bbox 853 3004 1072 3068; x_wconf 76' lang='lat' dir='ltr'><strong>Scimus</strong></span> <span class='ocrx_word' id='word_1_342' title='bbox 1125 3014 1270 3067; x_wconf 87' lang='lat' dir='ltr'><strong>enim</strong></span> <span class='ocrx_word' id='word_1_343' title='bbox 1326 3011 1451 3080; x_wconf 85' lang='lat' dir='ltr'><strong>quia</strong></span> <span class='ocrx_word' id='word_1_344' title='bbox 1507 3010 1777 3063; x_wconf 89' lang='lat' dir='ltr'><strong>mundana</strong></span> <span class='ocrx_word' id='word_1_345' title='bbox 1834 3009 2001 3077; x_wconf 83' lang='lat' dir='ltr'><strong>gloria</strong></span> <span class='ocrx_word' id='word_1_346' title='bbox 2027 3016 2081 3061; x_wconf 87' lang='lat' dir='ltr'><strong>et</strong></span> 
     </span>
    </p>
   </div>
   <div class='ocr_carea' id='block_1_47' title="bbox 2172 1921 3741 2006">
    <p class='ocr_par' dir='ltr' id='par_1_47' title="bbox 2172 1921 3741 2006">
     <span class='ocr_line' id='line_1_47' title="bbox 2172 1921 3741 2006; baseline -0.009 -15"><span class='ocrx_word' id='word_1_347' title='bbox 2172 1936 2461 2006; x_wconf 86' lang='lat' dir='ltr'><strong>aliquando</strong></span> <span class='ocrx_word' id='word_1_348' title='bbox 2509 1935 2731 1990; x_wconf 89' lang='lat' dir='ltr'><strong>dicant:</strong></span> <span class='ocrx_word' id='word_1_349' title='bbox 2766 1931 2881 1986; x_wconf 74' lang='lat' dir='ltr'><strong>Mea</strong></span> <span class='ocrx_word' id='word_1_350' title='bbox 2919 1930 3075 1999; x_wconf 88' lang='lat' dir='ltr'><strong>culpa</strong></span> <span class='ocrx_word' id='word_1_351' title='bbox 3109 1942 3209 1998; x_wconf 91' lang='lat' dir='ltr'><strong>pro</strong></span> <span class='ocrx_word' id='word_1_352' title='bbox 3246 1926 3540 1981; x_wconf 84' lang='lat' dir='ltr'><strong>multorum</strong></span> <span class='ocrx_word' id='word_1_353' title='bbox 3581 1921 3741 1978; x_wconf 72' lang='lat' dir='ltr'><strong>occi-</strong></span> 
     </span>
    </p>
   </div>
   <div class='ocr_carea' id='block_1_48' title="bbox 2172 2013 3741 2092">
    <p class='ocr_par' dir='ltr' id='par_1_48' title="bbox 2172 2013 3741 2092">
     <span class='ocr_line' id='line_1_48' title="bbox 2172 2013 3741 2092; baseline -0.008 -11"><span class='ocrx_word' id='word_1_354' title='bbox 2172 2028 2342 2090; x_wconf 87' lang='lat' dir='ltr'><strong>sione,</strong></span> <span class='ocrx_word' id='word_1_355' title='bbox 2371 2035 2546 2079; x_wconf 90' lang='lat' dir='ltr'><strong>tamen</strong></span> <span class='ocrx_word' id='word_1_356' title='bbox 2592 2023 2752 2078; x_wconf 86' lang='lat' dir='ltr'><strong>corde</strong></span> <span class='ocrx_word' id='word_1_357' title='bbox 2797 2021 3030 2092; x_wconf 88' lang='lat' dir='ltr'><strong>gaudent</strong></span> <span class='ocrx_word' id='word_1_358' title='bbox 3075 2020 3130 2072; x_wconf 92' lang='lat' dir='ltr'><strong>in</strong></span> <span class='ocrx_word' id='word_1_359' title='bbox 3175 2018 3260 2073; x_wconf 90' lang='lat' dir='ltr'><strong>sui</strong></span> <span class='ocrx_word' id='word_1_360' title='bbox 3302 2016 3460 2087; x_wconf 87' lang='lat' dir='ltr'><strong>quasi</strong></span> <span class='ocrx_word' id='word_1_361' title='bbox 3505 2013 3741 2069; x_wconf 71' lang='lat' dir='ltr'><strong>honoris</strong></span> 
     </span>
    </p>
   </div>
   <div class='ocr_carea' id='block_1_49' title="bbox 2171 2103 3737 2177">
    <p class='ocr_par' dir='ltr' id='par_1_49' title="bbox 2171 2103 3737 2177">
     <span class='ocr_line' id='line_1_49' title="bbox 2171 2103 3737 2177; baseline -0.01 -9"><span class='ocrx_word' id='word_1_362' title='bbox 2171 2113 2512 2175; x_wconf 81' lang='lat' dir='ltr'><strong>extensione,</strong></span> <span class='ocrx_word' id='word_1_363' title='bbox 2557 2111 2851 2177; x_wconf 89' lang='lat' dir='ltr'><strong>noluntque</strong></span> <span class='ocrx_word' id='word_1_364' title='bbox 2902 2119 3009 2163; x_wconf 90' lang='lat' dir='ltr'><strong>non</strong></span> <span class='ocrx_word' id='word_1_365' title='bbox 3055 2105 3248 2160; x_wconf 78' lang='lat' dir='ltr'><strong>fecisse</strong></span> <span class='ocrx_word' id='word_1_366' title='bbox 3292 2103 3437 2173; x_wconf 90' lang='lat' dir='ltr'><strong>quod</strong></span> <span class='ocrx_word' id='word_1_367' title='bbox 3484 2107 3737 2173; x_wconf 85' lang='lat' dir='ltr'><strong>egerunt,</strong></span> 
     </span>
    </p>
   </div>
   <div class='ocr_carea' id='block_1_50' title="bbox 2175 2189 3741 2270">
    <p class='ocr_par' dir='ltr' id='par_1_50' title="bbox 2175 2189 3741 2270">
     <span class='ocr_line' id='line_1_50' title="bbox 2175 2189 3741 2270; baseline -0.011 -13"><span class='ocrx_word' id='word_1_368' title='bbox 2175 2216 2348 2270; x_wconf 90' lang='lat' dir='ltr'><strong>neque</strong></span> <span class='ocrx_word' id='word_1_369' title='bbox 2375 2199 2557 2254; x_wconf 84' lang='lat' dir='ltr'><strong>dolent</strong></span> <span class='ocrx_word' id='word_1_370' title='bbox 2582 2196 2728 2266; x_wconf 90' lang='lat' dir='ltr'><strong>quod</strong></span> <span class='ocrx_word' id='word_1_371' title='bbox 2752 2193 2946 2248; x_wconf 80' lang='lat' dir='ltr'><strong>fratres</strong></span> <span class='ocrx_word' id='word_1_372' title='bbox 2975 2191 3174 2251; x_wconf 86' lang='lat' dir='ltr'><strong>suosin</strong></span> <span class='ocrx_word' id='word_1_373' title='bbox 3196 2189 3480 2243; x_wconf 86' lang='lat' dir='ltr'><strong>Tartarum</strong></span> <span class='ocrx_word' id='word_1_374' title='bbox 3505 2202 3741 2255; x_wconf 83' lang='lat' dir='ltr'><strong>compu-</strong></span> 
     </span>
    </p>
   </div>
   <div class='ocr_carea' id='block_1_51' title="bbox 2173 2275 3738 2357">
    <p class='ocr_par' dir='ltr' id='par_1_51' title="bbox 2173 2275 3738 2357">
     <span class='ocr_line' id='line_1_51' title="bbox 2173 2275 3738 2357; baseline -0.013 -10"><span class='ocrx_word' id='word_1_375' title='bbox 2173 2293 2369 2347; x_wconf 90' lang='lat' dir='ltr'><strong>lerunt.</strong></span> <span class='ocrx_word' id='word_1_376' title='bbox 2422 2288 2668 2357; x_wconf 87' lang='lat' dir='ltr'><strong>Cumque</strong></span> <span class='ocrx_word' id='word_1_377' title='bbox 2712 2300 2781 2340; x_wconf 84' lang='lat' dir='ltr'><strong>ex</strong></span> <span class='ocrx_word' id='word_1_378' title='bbox 2823 2292 2934 2339; x_wconf 88' lang='lat' dir='ltr'><strong>toto</strong></span> <span class='ocrx_word' id='word_1_379' title='bbox 2973 2280 3133 2337; x_wconf 84' lang='lat' dir='ltr'><strong>corde</strong></span> <span class='ocrx_word' id='word_1_380' title='bbox 3163 2294 3259 2335; x_wconf 90' lang='lat' dir='ltr'><strong>eos</strong></span> <span class='ocrx_word' id='word_1_381' title='bbox 3307 2292 3416 2332; x_wconf 91' lang='lat' dir='ltr'><strong>non</strong></span> <span class='ocrx_word' id='word_1_382' title='bbox 3473 2275 3738 2346; x_wconf 63' lang='lat' dir='ltr'><strong>poenitet,</strong></span> 
     </span>
    </p>
   </div>
   <div class='ocr_carea' id='block_1_52' title="bbox 2174 2364 3740 2451">
    <p class='ocr_par' dir='ltr' id='par_1_52' title="bbox 2174 2364 3740 2451">
     <span class='ocr_line' id='line_1_52' title="bbox 2174 2364 3740 2451; baseline -0.012 -16"><span class='ocrx_word' id='word_1_383' title='bbox 2174 2395 2347 2451; x_wconf 86' lang='lat' dir='ltr'><strong>neque</strong></span> <span class='ocrx_word' id='word_1_384' title='bbox 2378 2379 2565 2433; x_wconf 90' lang='lat' dir='ltr'><strong>volunt</strong></span> <span class='ocrx_word' id='word_1_385' title='bbox 2604 2378 2842 2431; x_wconf 89' lang='lat' dir='ltr'><strong>humano</strong></span> <span class='ocrx_word' id='word_1_386' title='bbox 2885 2371 3146 2443; x_wconf 91' lang='lat' dir='ltr'><strong>sanguine</strong></span> <span class='ocrx_word' id='word_1_387' title='bbox 3190 2368 3456 2438; x_wconf 79' lang='lat' dir='ltr'><strong>acquisita</strong></span> <span class='ocrx_word' id='word_1_388' title='bbox 3501 2365 3583 2419; x_wconf 91' lang='lat' dir='ltr'><strong>vel</strong></span> <span class='ocrx_word' id='word_1_389' title='bbox 3628 2364 3740 2419; x_wconf 83' lang='lat' dir='ltr'><strong>de-</strong></span> 
     </span>
    </p>
   </div>
   <div class='ocr_carea' id='block_1_53' title="bbox 2176 2455 3742 2531">
    <p class='ocr_par' dir='ltr' id='par_1_53' title="bbox 2176 2455 3742 2531">
     <span class='ocr_line' id='line_1_53' title="bbox 2176 2455 3742 2531; baseline -0.012 -5"><span class='ocrx_word' id='word_1_390' title='bbox 2176 2480 2321 2527; x_wconf 87' lang='lat' dir='ltr'><strong>tenta</strong></span> <span class='ocrx_word' id='word_1_391' title='bbox 2350 2468 2616 2530; x_wconf 88' lang='lat' dir='ltr'><strong>omittere,</strong></span> <span class='ocrx_word' id='word_1_392' title='bbox 2646 2466 2860 2519; x_wconf 92' lang='lat' dir='ltr'><strong>illorum</strong></span> <span class='ocrx_word' id='word_1_393' title='bbox 2898 2460 3209 2531; x_wconf 76' lang='lat' dir='ltr'><strong>puznitentia</strong></span> <span class='ocrx_word' id='word_1_394' title='bbox 3251 2457 3391 2528; x_wconf 89' lang='lat' dir='ltr'><strong>apud</strong></span> <span class='ocrx_word' id='word_1_395' title='bbox 3413 2456 3580 2511; x_wconf 85' lang='lat' dir='ltr'><strong>Deum</strong></span> <span class='ocrx_word' id='word_1_396' title='bbox 3611 2455 3742 2510; x_wconf 84' lang='lat' dir='ltr'><strong>sine</strong></span> 
     </span>
    </p>
   </div>
   <div class='ocr_carea' id='block_1_54' title="bbox 2175 2544 3741 2632">
    <p class='ocr_par' dir='ltr' id='par_1_54' title="bbox 2175 2544 3741 2632">
     <span class='ocr_line' id='line_1_54' title="bbox 2175 2544 3741 2632; baseline -0.013 -16"><span class='ocrx_word' id='word_1_397' title='bbox 2175 2561 2338 2632; x_wconf 81' lang='lat' dir='ltr'><strong>digno</strong></span> <span class='ocrx_word' id='word_1_398' title='bbox 2396 2554 2728 2627; x_wconf 73' lang='lat' dir='ltr'><strong>pcnnitentite</strong></span> <span class='ocrx_word' id='word_1_399' title='bbox 2788 2552 2969 2606; x_wconf 70' lang='lat' dir='ltr'><strong>fluctu</strong></span> <span class='ocrx_word' id='word_1_400' title='bbox 3021 2557 3220 2602; x_wconf 88' lang='lat' dir='ltr'><strong>manet.</strong></span> <span class='ocrx_word' id='word_1_401' title='bbox 3279 2546 3432 2600; x_wconf 85' lang='lat' dir='ltr'><strong>Unde</strong></span> <span class='ocrx_word' id='word_1_402' title='bbox 3490 2544 3741 2614; x_wconf 81' lang='lat' dir='ltr'><strong>profecto</strong></span> 
     </span>
    </p>
   </div>
   <div class='ocr_carea' id='block_1_55' title="bbox 2174 2636 3768 2711">
    <p class='ocr_par' dir='ltr' id='par_1_55' title="bbox 2174 2636 3768 2711">
     <span class='ocr_line' id='line_1_55' title="bbox 2174 2636 3768 2711; baseline -0.012 -6"><span class='ocrx_word' id='word_1_403' title='bbox 2174 2649 2329 2705; x_wconf 85' lang='lat' dir='ltr'><strong>valde</strong></span> <span class='ocrx_word' id='word_1_404' title='bbox 2375 2656 2458 2702; x_wconf 90' lang='lat' dir='ltr'><strong>est</strong></span> <span class='ocrx_word' id='word_1_405' title='bbox 2495 2644 2826 2709; x_wconf 90' lang='lat' dir='ltr'><strong>timendum,</strong></span> <span class='ocrx_word' id='word_1_406' title='bbox 2864 2648 3026 2711; x_wconf 88' lang='lat' dir='ltr'><strong>atque</strong></span> <span class='ocrx_word' id='word_1_407' title='bbox 3070 2638 3136 2693; x_wconf 87' lang='lat' dir='ltr'><strong>ad</strong></span> <span class='ocrx_word' id='word_1_408' title='bbox 3182 2636 3496 2692; x_wconf 86' lang='lat' dir='ltr'><strong>memoriam</strong></span> <span class='ocrx_word' id='word_1_409' title='bbox 3537 2648 3768 2689; x_wconf 87' lang='lat' dir='ltr'><strong>eorum.</strong></span> 
     </span>
    </p>
   </div>
   <div class='ocr_carea' id='block_1_56' title="bbox 2177 2725 3740 2801">
    <p class='ocr_par' dir='ltr' id='par_1_56' title="bbox 2177 2725 3740 2801">
     <span class='ocr_line' id='line_1_56' title="bbox 2177 2725 3740 2801; baseline -0.011 -6"><span class='ocrx_word' id='word_1_410' title='bbox 2177 2739 2364 2794; x_wconf 90' lang='lat' dir='ltr'><strong>crebro</strong></span> <span class='ocrx_word' id='word_1_411' title='bbox 2405 2735 2766 2791; x_wconf 86' lang='lat' dir='ltr'><strong>revocandum</strong></span> <span class='ocrx_word' id='word_1_412' title='bbox 2806 2730 2983 2801; x_wconf 90' lang='lat' dir='ltr'><strong>quod,</strong></span> <span class='ocrx_word' id='word_1_413' title='bbox 3025 2728 3167 2784; x_wconf 85' lang='lat' dir='ltr'><strong>sicut</strong></span> <span class='ocrx_word' id='word_1_414' title='bbox 3209 2725 3418 2797; x_wconf 62' lang='lat' dir='ltr'><strong>praefati</strong></span> <span class='ocrx_word' id='word_1_415' title='bbox 3455 2738 3669 2789; x_wconf 89' lang='lat' dir='ltr'><strong>sumus,</strong></span> <span class='ocrx_word' id='word_1_416' title='bbox 3703 2738 3740 2778; x_wconf 86' lang='lat' dir='ltr'><strong>a</strong></span> 
     </span>
    </p>
   </div>
   <div class='ocr_carea' id='block_1_57' title="bbox 2178 2817 3741 2896">
    <p class='ocr_par' dir='ltr' id='par_1_57' title="bbox 2178 2817 3741 2896">
     <span class='ocr_line' id='line_1_57' title="bbox 2178 2817 3741 2896; baseline -0.012 -13"><span class='ocrx_word' id='word_1_417' title='bbox 2178 2828 2366 2883; x_wconf 91' lang='lat' dir='ltr'><strong>mundi</strong></span> <span class='ocrx_word' id='word_1_418' title='bbox 2413 2824 2681 2896; x_wconf 88' lang='lat' dir='ltr'><strong>principio</strong></span> <span class='ocrx_word' id='word_1_419' title='bbox 2717 2819 3034 2891; x_wconf 81' lang='lat' dir='ltr'><strong>paucissimi</strong></span> <span class='ocrx_word' id='word_1_420' title='bbox 3080 2833 3174 2895; x_wconf 84' lang='lat' dir='ltr'><strong>per</strong></span> <span class='ocrx_word' id='word_1_421' title='bbox 3207 2817 3420 2871; x_wconf 86' lang='lat' dir='ltr'><strong>diversa</strong></span> <span class='ocrx_word' id='word_1_422' title='bbox 3462 2823 3741 2868; x_wconf 86' lang='lat' dir='ltr'><strong>terrarum</strong></span> 
     </span>
    </p>
   </div>
   <div class='ocr_carea' id='block_1_58' title="bbox 2177 2902 3743 2989">
    <p class='ocr_par' dir='ltr' id='par_1_58' title="bbox 2177 2902 3743 2989">
     <span class='ocr_line' id='line_1_58' title="bbox 2177 2902 3743 2989; baseline -0.011 -17"><span class='ocrx_word' id='word_1_423' title='bbox 2177 2934 2340 2989; x_wconf 86' lang='lat' dir='ltr'><strong>regna</strong></span> <span class='ocrx_word' id='word_1_424' title='bbox 2379 2930 2532 2985; x_wconf 88' lang='lat' dir='ltr'><strong>reges</strong></span> <span class='ocrx_word' id='word_1_425' title='bbox 2562 2911 2734 2968; x_wconf 86' lang='lat' dir='ltr'><strong>sancti</strong></span> <span class='ocrx_word' id='word_1_426' title='bbox 2767 2925 2833 2964; x_wconf 79' lang='lat' dir='ltr'><strong>ex</strong></span> <span class='ocrx_word' id='word_1_427' title='bbox 2861 2906 3237 2963; x_wconf 90' lang='lat' dir='ltr'><strong>innumerabili</strong></span> <span class='ocrx_word' id='word_1_428' title='bbox 3263 2919 3450 2959; x_wconf 91' lang='lat' dir='ltr'><strong>eorum</strong></span> <span class='ocrx_word' id='word_1_429' title='bbox 3486 2902 3743 2979; x_wconf 82' lang='lat' dir='ltr'><strong>multitu—</strong></span> 
     </span>
    </p>
   </div>
   <div class='ocr_carea' id='block_1_59' title="bbox 2178 2990 3743 3075">
    <p class='ocr_par' dir='ltr' id='par_1_59' title="bbox 2178 2990 3743 3075">
     <span class='ocr_line' id='line_1_59' title="bbox 2178 2990 3743 3075; baseline -0.013 -13"><span class='ocrx_word' id='word_1_430' title='bbox 2178 3008 2305 3062; x_wconf 89' lang='lat' dir='ltr'><strong>dine</strong></span> <span class='ocrx_word' id='word_1_431' title='bbox 2346 3004 2719 3075; x_wconf 88' lang='lat' dir='ltr'><strong>reperiuntur,</strong></span> <span class='ocrx_word' id='word_1_432' title='bbox 2751 3015 2875 3055; x_wconf 91' lang='lat' dir='ltr'><strong>cum</strong></span> <span class='ocrx_word' id='word_1_433' title='bbox 2915 2998 2970 3051; x_wconf 93' lang='lat' dir='ltr'><strong>in</strong></span> <span class='ocrx_word' id='word_1_434' title='bbox 3016 3011 3123 3050; x_wconf 90' lang='lat' dir='ltr'><strong>una</strong></span> <span class='ocrx_word' id='word_1_435' title='bbox 3168 3002 3378 3048; x_wconf 88' lang='lat' dir='ltr'><strong>tantum</strong></span> <span class='ocrx_word' id='word_1_436' title='bbox 3418 2990 3743 3061; x_wconf 81' lang='lat' dir='ltr'><strong>pontiﬁcum</strong></span> 
     </span>
    </p>
   </div>
   <div class='ocr_carea' id='block_1_60' title="bbox 521 3080 3744 3187">
    <p class='ocr_par' dir='ltr' id='par_1_60' title="bbox 521 3080 3744 3187">
     <span class='ocr_line' id='line_1_60' title="bbox 521 3080 3744 3187; baseline -0.008 -30"><span class='ocrx_word' id='word_1_437' title='bbox 521 3102 800 3158; x_wconf 68' lang='lat' dir='ltr'><strong>saecularis</strong></span> <span class='ocrx_word' id='word_1_438' title='bbox 825 3118 957 3156; x_wconf 89' lang='lat' dir='ltr'><strong>cura</strong></span> <span class='ocrx_word' id='word_1_439' title='bbox 992 3117 1087 3157; x_wconf 91' lang='lat' dir='ltr'><strong>eos</strong></span> <span class='ocrx_word' id='word_1_440' title='bbox 1113 3101 1443 3171; x_wconf 78' lang='lat' dir='ltr'><strong>permaximc</strong></span> <span class='ocrx_word' id='word_1_441' title='bbox 1482 3098 1575 3168; x_wconf 90' lang='lat' dir='ltr'><strong>qui</strong></span> <span class='ocrx_word' id='word_1_442' title='bbox 1601 3106 1839 3167; x_wconf 65' lang='lat' dir='ltr'><strong>praesunt</strong></span> <span class='ocrx_word' id='word_1_443' title='bbox 1869 3097 1935 3150; x_wconf 91' lang='lat' dir='ltr'><strong>ad</strong></span> <span class='ocrx_word' id='word_1_444' title='bbox 1965 3097 2077 3151; x_wconf 85' lang='lat' dir='ltr'><strong>ela-</strong></span> <span class='ocrx_word' id='word_1_445' title='bbox 2106 3132 2147 3187; x_wconf 63' lang='grc' dir='ltr'><em>ε</em></span> <span class='ocrx_word' id='word_1_446' title='bbox 2180 3096 2420 3153; x_wconf 90' lang='lat' dir='ltr'><strong>seriatim</strong></span> <span class='ocrx_word' id='word_1_447' title='bbox 2464 3090 2864 3147; x_wconf 88' lang='lat' dir='ltr'><strong>succedentium</strong></span> <span class='ocrx_word' id='word_1_448' title='bbox 2906 3086 3052 3151; x_wconf 88' lang='lat' dir='ltr'><strong>sede,</strong></span> <span class='ocrx_word' id='word_1_449' title='bbox 3102 3083 3349 3140; x_wconf 80' lang='lat' dir='ltr'><strong>videlicet</strong></span> <span class='ocrx_word' id='word_1_450' title='bbox 3393 3080 3661 3144; x_wconf 82' lang='lat' dir='ltr'><strong>Romana,</strong></span> <span class='ocrx_word' id='word_1_451' title='bbox 3707 3092 3744 3132; x_wconf 85' lang='lat' dir='ltr'><strong>a</strong></span> 
     </span>
    </p>
   </div>
   <div class='ocr_carea' id='block_1_61' title="bbox 520 3187 2079 3261">
    <p class='ocr_par' dir='ltr' id='par_1_61' title="bbox 520 3187 2079 3261">
     <span class='ocr_line' id='line_1_61' title="bbox 520 3187 2079 3261; baseline -0.004 -15"><span class='ocrx_word' id='word_1_452' title='bbox 520 3193 725 3246; x_wconf 86' lang='lat' dir='ltr'><strong>tionem</strong></span> <span class='ocrx_word' id='word_1_453' title='bbox 772 3192 987 3246; x_wconf 90' lang='lat' dir='ltr'><strong>trahere</strong></span> <span class='ocrx_word' id='word_1_454' title='bbox 1044 3192 1206 3255; x_wconf 90' lang='lat' dir='ltr'><strong>solet,</strong></span> <span class='ocrx_word' id='word_1_455' title='bbox 1255 3206 1362 3261; x_wconf 91' lang='lat' dir='ltr'><strong>qua</strong></span> <span class='ocrx_word' id='word_1_456' title='bbox 1393 3202 1632 3256; x_wconf 89' lang='lat' dir='ltr'><strong>semper,</strong></span> <span class='ocrx_word' id='word_1_457' title='bbox 1683 3187 1921 3257; x_wconf 90' lang='lat' dir='ltr'><strong>neglecta</strong></span> <span class='ocrx_word' id='word_1_458' title='bbox 1978 3187 2079 3240; x_wconf 87' lang='lat' dir='ltr'><strong>hu—</strong></span> 
     </span>
    </p>
   </div>
   <div class='ocr_carea' id='block_1_62' title="bbox 526 3276 2082 3350">
    <p class='ocr_par' dir='ltr' id='par_1_62' title="bbox 526 3276 2082 3350">
     <span class='ocr_line' id='line_1_62' title="bbox 526 3276 2082 3350; baseline -0.003 -15"><span class='ocrx_word' id='word_1_459' title='bbox 526 3283 780 3346; x_wconf 89' lang='lat' dir='ltr'><strong>militate,</strong></span> <span class='ocrx_word' id='word_1_460' title='bbox 829 3282 1103 3350; x_wconf 89' lang='lat' dir='ltr'><strong>propriam</strong></span> <span class='ocrx_word' id='word_1_461' title='bbox 1158 3279 1448 3349; x_wconf 59' lang='lat' dir='ltr'><strong>quaerendo</strong></span> <span class='ocrx_word' id='word_1_462' title='bbox 1512 3277 1765 3347; x_wconf 80' lang='lat' dir='ltr'><strong>gloriam,</strong></span> <span class='ocrx_word' id='word_1_463' title='bbox 1826 3276 2082 3330; x_wconf 87' lang='lat' dir='ltr'><strong>fratribus</strong></span> 
     </span>
    </p>
   </div>
   <div class='ocr_carea' id='block_1_63' title="bbox 522 3364 2084 3441">
    <p class='ocr_par' dir='ltr' id='par_1_63' title="bbox 522 3364 2084 3441">
     <span class='ocr_line' id='line_1_63' title="bbox 522 3364 2084 3441; baseline -0.005 -15"><span class='ocrx_word' id='word_1_464' title='bbox 522 3371 744 3441; x_wconf 89' lang='lat' dir='ltr'><strong>cupiant</strong></span> <span class='ocrx_word' id='word_1_465' title='bbox 770 3370 1135 3439; x_wconf 59' lang='lat' dir='ltr'><strong>praeminere.</strong></span> <span class='ocrx_word' id='word_1_466' title='bbox 1178 3368 1405 3421; x_wconf 89' lang='lat' dir='ltr'><strong>Proinde</strong></span> <span class='ocrx_word' id='word_1_467' title='bbox 1436 3366 1648 3420; x_wconf 90' lang='lat' dir='ltr'><strong>videtur</strong></span> <span class='ocrx_word' id='word_1_468' title='bbox 1687 3365 1816 3419; x_wconf 91' lang='lat' dir='ltr'><strong>utile</strong></span> <span class='ocrx_word' id='word_1_469' title='bbox 1849 3364 2084 3420; x_wconf 84' lang='lat' dir='ltr'><strong>maxime</strong></span> 
     </span>
    </p>
   </div>
   <div class='ocr_carea' id='block_1_64' title="bbox 524 3456 2085 3530">
    <p class='ocr_par' dir='ltr' id='par_1_64' title="bbox 524 3456 2085 3530">
     <span class='ocr_line' id='line_1_64' title="bbox 524 3456 2085 3530; baseline -0.004 -16"><span class='ocrx_word' id='word_1_470' title='bbox 524 3460 944 3530; x_wconf 88' lang='lat' dir='ltr'><strong>imperatoribus</strong></span> <span class='ocrx_word' id='word_1_471' title='bbox 964 3469 1019 3514; x_wconf 89' lang='lat' dir='ltr'><strong>et</strong></span> <span class='ocrx_word' id='word_1_472' title='bbox 1041 3459 1257 3529; x_wconf 78' lang='lat' dir='ltr'><strong>regibus</strong></span> <span class='ocrx_word' id='word_1_473' title='bbox 1299 3467 1378 3523; x_wconf 91' lang='lat' dir='ltr'><strong>ut,</strong></span> <span class='ocrx_word' id='word_1_474' title='bbox 1412 3472 1534 3511; x_wconf 91' lang='lat' dir='ltr'><strong>cum</strong></span> <span class='ocrx_word' id='word_1_475' title='bbox 1574 3470 1730 3509; x_wconf 91' lang='lat' dir='ltr'><strong>mens</strong></span> <span class='ocrx_word' id='word_1_476' title='bbox 1766 3456 1982 3509; x_wconf 91' lang='lat' dir='ltr'><strong>illorum</strong></span> <span class='ocrx_word' id='word_1_477' title='bbox 2025 3468 2085 3508; x_wconf 91' lang='lat' dir='ltr'><strong>se</strong></span> 
     </span>
    </p>
   </div>
   <div class='ocr_carea' id='block_1_65' title="bbox 525 3546 2082 3619">
    <p class='ocr_par' dir='ltr' id='par_1_65' title="bbox 525 3546 2082 3619">
     <span class='ocr_line' id='line_1_65' title="bbox 525 3546 2082 3619; baseline -0.005 -14"><span class='ocrx_word' id='word_1_478' title='bbox 525 3552 593 3605; x_wconf 90' lang='lat' dir='ltr'><strong>ad</strong></span> <span class='ocrx_word' id='word_1_479' title='bbox 625 3551 732 3605; x_wconf 91' lang='lat' dir='ltr'><strong>alta</strong></span> <span class='ocrx_word' id='word_1_480' title='bbox 758 3550 968 3619; x_wconf 84' lang='lat' dir='ltr'><strong>erigere</strong></span> <span class='ocrx_word' id='word_1_481' title='bbox 987 3559 1038 3603; x_wconf 91' lang='lat' dir='ltr'><strong>et</strong></span> <span class='ocrx_word' id='word_1_482' title='bbox 1067 3564 1167 3617; x_wconf 89' lang='lat' dir='ltr'><strong>pro</strong></span> <span class='ocrx_word' id='word_1_483' title='bbox 1192 3548 1452 3617; x_wconf 85' lang='lat' dir='ltr'><strong>singulari</strong></span> <span class='ocrx_word' id='word_1_484' title='bbox 1472 3546 1775 3613; x_wconf 61' lang='lat' dir='ltr'><strong>vultfgloria</strong></span> <span class='ocrx_word' id='word_1_485' title='bbox 1796 3546 2082 3607; x_wconf 87' lang='lat' dir='ltr'><strong>oblectare,</strong></span> 
     </span>
    </p>
   </div>
   <div class='ocr_carea' id='block_1_66' title="bbox 527 3633 2087 3709">
    <p class='ocr_par' dir='ltr' id='par_1_66' title="bbox 527 3633 2087 3709">
     <span class='ocr_line' id='line_1_66' title="bbox 527 3633 2087 3709; baseline -0.006 -13"><span class='ocrx_word' id='word_1_486' title='bbox 527 3641 767 3696; x_wconf 86' lang='lat' dir='ltr'><strong>inveniat</strong></span> <span class='ocrx_word' id='word_1_487' title='bbox 821 3640 1022 3709; x_wconf 81' lang='lat' dir='ltr'><strong>quibus</strong></span> <span class='ocrx_word' id='word_1_488' title='bbox 1067 3653 1126 3693; x_wconf 88' lang='lat' dir='ltr'><strong>se</strong></span> <span class='ocrx_word' id='word_1_489' title='bbox 1177 3638 1354 3691; x_wconf 87' lang='lat' dir='ltr'><strong>modis</strong></span> <span class='ocrx_word' id='word_1_490' title='bbox 1408 3635 1687 3699; x_wconf 89' lang='lat' dir='ltr'><strong>humiliet,</strong></span> <span class='ocrx_word' id='word_1_491' title='bbox 1737 3642 1899 3702; x_wconf 90' lang='lat' dir='ltr'><strong>atque</strong></span> <span class='ocrx_word' id='word_1_492' title='bbox 1945 3633 2087 3687; x_wconf 91' lang='lat' dir='ltr'><strong>unde</strong></span> 
     </span>
    </p>
   </div>
   <div class='ocr_carea' id='block_1_67' title="bbox 525 3722 2088 3801">
    <p class='ocr_par' dir='ltr' id='par_1_67' title="bbox 525 3722 2088 3801">
     <span class='ocr_line' id='line_1_67' title="bbox 525 3722 2088 3801; baseline -0.006 -17"><span class='ocrx_word' id='word_1_493' title='bbox 525 3732 757 3801; x_wconf 87' lang='lat' dir='ltr'><strong>gaudeat</strong></span> <span class='ocrx_word' id='word_1_494' title='bbox 811 3730 1009 3785; x_wconf 88' lang='lat' dir='ltr'><strong>sentiat</strong></span> <span class='ocrx_word' id='word_1_495' title='bbox 1057 3729 1180 3798; x_wconf 89' lang='lat' dir='ltr'><strong>plus</strong></span> <span class='ocrx_word' id='word_1_496' title='bbox 1236 3726 1555 3781; x_wconf 89' lang='lat' dir='ltr'><strong>timendum.</strong></span> <span class='ocrx_word' id='word_1_497' title='bbox 1608 3722 1906 3792; x_wconf 86' lang='lat' dir='ltr'><strong>Perspieiat</strong></span> <span class='ocrx_word' id='word_1_498' title='bbox 1959 3737 2088 3793; x_wconf 90' lang='lat' dir='ltr'><strong>ergo</strong></span> 
     </span>
    </p>
   </div>
   <div class='ocr_carea' id='block_1_68' title="bbox 525 3812 2089 3891">
    <p class='ocr_par' dir='ltr' id='par_1_68' title="bbox 525 3812 2089 3891">
     <span class='ocr_line' id='line_1_68' title="bbox 525 3812 2089 3891; baseline -0.006 -15"><span class='ocrx_word' id='word_1_499' title='bbox 525 3823 814 3891; x_wconf 87' lang='lat' dir='ltr'><strong>diligenter</strong></span> <span class='ocrx_word' id='word_1_500' title='bbox 862 3835 1026 3889; x_wconf 89' lang='lat' dir='ltr'><strong>quam</strong></span> <span class='ocrx_word' id='word_1_501' title='bbox 1072 3818 1405 3888; x_wconf 82' lang='lat' dir='ltr'><strong>periculosa,</strong></span> <span class='ocrx_word' id='word_1_502' title='bbox 1459 3829 1691 3883; x_wconf 88' lang='lat' dir='ltr'><strong>quamve</strong></span> <span class='ocrx_word' id='word_1_503' title='bbox 1734 3812 1973 3867; x_wconf 88' lang='lat' dir='ltr'><strong>timenda</strong></span> <span class='ocrx_word' id='word_1_504' title='bbox 2019 3813 2089 3867; x_wconf 90' lang='lat' dir='ltr'><strong>sit</strong></span> 
     </span>
    </p>
   </div>
   <div class='ocr_carea' id='block_1_69' title="bbox 528 3900 2088 3979">
    <p class='ocr_par' dir='ltr' id='par_1_69' title="bbox 528 3900 2088 3979">
     <span class='ocr_line' id='line_1_69' title="bbox 528 3900 2088 3979; baseline -0.008 -14"><span class='ocrx_word' id='word_1_505' title='bbox 528 3910 879 3979; x_wconf 89' lang='lat' dir='ltr'><strong>imperatoria</strong></span> <span class='ocrx_word' id='word_1_506' title='bbox 918 3908 1001 3961; x_wconf 87' lang='lat' dir='ltr'><strong>vel</strong></span> <span class='ocrx_word' id='word_1_507' title='bbox 1043 3907 1187 3977; x_wconf 88' lang='lat' dir='ltr'><strong>regia</strong></span> <span class='ocrx_word' id='word_1_508' title='bbox 1232 3902 1495 3975; x_wconf 85' lang='lat' dir='ltr'><strong>dignitas,</strong></span> <span class='ocrx_word' id='word_1_509' title='bbox 1531 3902 1585 3956; x_wconf 91' lang='lat' dir='ltr'><strong>in</strong></span> <span class='ocrx_word' id='word_1_510' title='bbox 1631 3917 1737 3969; x_wconf 89' lang='lat' dir='ltr'><strong>qua</strong></span> <span class='ocrx_word' id='word_1_511' title='bbox 1774 3900 2088 3970; x_wconf 87' lang='lat' dir='ltr'><strong>paucissimi</strong></span> 
     </span>
    </p>
   </div>
   <div class='ocr_carea' id='block_1_70' title="bbox 526 3990 2089 4066">
    <p class='ocr_par' dir='ltr' id='par_1_70' title="bbox 526 3990 2089 4066">
     <span class='ocr_line' id='line_1_70' title="bbox 526 3990 2089 4066; baseline -0.008 -9"><span class='ocrx_word' id='word_1_512' title='bbox 526 4002 826 4065; x_wconf 88' lang='lat' dir='ltr'><strong>salvantur,</strong></span> <span class='ocrx_word' id='word_1_513' title='bbox 863 4006 934 4053; x_wconf 86' lang='lat' dir='ltr'><strong>et-</strong></span> <span class='ocrx_word' id='word_1_514' title='bbox 958 3998 1037 4052; x_wconf 91' lang='lat' dir='ltr'><strong>illi</strong></span> <span class='ocrx_word' id='word_1_515' title='bbox 1084 3996 1199 4066; x_wconf 91' lang='lat' dir='ltr'><strong>qui,</strong></span> <span class='ocrx_word' id='word_1_516' title='bbox 1241 3994 1353 4048; x_wconf 88' lang='lat' dir='ltr'><strong>Deo</strong></span> <span class='ocrx_word' id='word_1_517' title='bbox 1390 3994 1712 4055; x_wconf 87' lang='lat' dir='ltr'><strong>miserante,</strong></span> <span class='ocrx_word' id='word_1_518' title='bbox 1753 3990 1820 4044; x_wconf 91' lang='lat' dir='ltr'><strong>ad</strong></span> <span class='ocrx_word' id='word_1_519' title='bbox 1860 3990 2089 4044; x_wconf 86' lang='lat' dir='ltr'><strong>salutem</strong></span> 
     </span>
    </p>
   </div>
   <div class='ocr_carea' id='block_1_71' title="bbox 527 4080 2090 4155">
    <p class='ocr_par' dir='ltr' id='par_1_71' title="bbox 527 4080 2090 4155">
     <span class='ocr_line' id='line_1_71' title="bbox 527 4080 2090 4155; baseline -0.006 -11"><span class='ocrx_word' id='word_1_520' title='bbox 527 4091 782 4155; x_wconf 87' lang='lat' dir='ltr'><strong>veniunt,</strong></span> <span class='ocrx_word' id='word_1_521' title='bbox 832 4105 939 4143; x_wconf 89' lang='lat' dir='ltr'><strong>non</strong></span> <span class='ocrx_word' id='word_1_522' title='bbox 992 4102 1164 4155; x_wconf 54' lang='lat' dir='ltr'><strong>aeque,</strong></span> <span class='ocrx_word' id='word_1_523' title='bbox 1209 4093 1269 4139; x_wconf 91' lang='lat' dir='ltr'><strong>ut</strong></span> <span class='ocrx_word' id='word_1_524' title='bbox 1310 4083 1464 4138; x_wconf 90' lang='lat' dir='ltr'><strong>multi</strong></span> <span class='ocrx_word' id='word_1_525' title='bbox 1511 4096 1838 4152; x_wconf 91' lang='lat' dir='ltr'><strong>pauperum,</strong></span> <span class='ocrx_word' id='word_1_526' title='bbox 1884 4080 2090 4148; x_wconf 84' lang='lat' dir='ltr'><strong>judicio</strong></span> 
     </span>
    </p>
   </div>
   <div class='ocr_carea' id='block_1_72' title="bbox 528 4169 2091 4247">
    <p class='ocr_par' dir='ltr' id='par_1_72' title="bbox 528 4169 2091 4247">
     <span class='ocr_line' id='line_1_72' title="bbox 528 4169 2091 4247; baseline -0.008 -13"><span class='ocrx_word' id='word_1_527' title='bbox 528 4179 703 4235; x_wconf 86' lang='lat' dir='ltr'><strong>sancti</strong></span> <span class='ocrx_word' id='word_1_528' title='bbox 744 4177 1001 4247; x_wconf 89' lang='lat' dir='ltr'><strong>Spiritus,</strong></span> <span class='ocrx_word' id='word_1_529' title='bbox 1039 4178 1096 4230; x_wconf 91' lang='lat' dir='ltr'><strong>in</strong></span> <span class='ocrx_word' id='word_1_530' title='bbox 1134 4183 1321 4229; x_wconf 84' lang='lat' dir='ltr'><strong>sancta</strong></span> <span class='ocrx_word' id='word_1_531' title='bbox 1362 4173 1603 4227; x_wconf 90' lang='lat' dir='ltr'><strong>Ecclesia</strong></span> <span class='ocrx_word' id='word_1_532' title='bbox 1639 4171 2020 4226; x_wconf 89' lang='lat' dir='ltr'><strong>clariticantur.</strong></span> <span class='ocrx_word' id='word_1_533' title='bbox 2046 4169 2091 4222; x_wconf 84' lang='lat' dir='ltr'><strong>A</strong></span> 
     </span>
    </p>
   </div>
   <div class='ocr_carea' id='block_1_73' title="bbox 532 4260 2088 4336">
    <p class='ocr_par' dir='ltr' id='par_1_73' title="bbox 532 4260 2088 4336">
     <span class='ocr_line' id='line_1_73' title="bbox 532 4260 2088 4336; baseline -0.008 -12"><span class='ocrx_word' id='word_1_534' title='bbox 532 4269 717 4323; x_wconf 90' lang='lat' dir='ltr'><strong>mundi</strong></span> <span class='ocrx_word' id='word_1_535' title='bbox 738 4268 882 4322; x_wconf 90' lang='lat' dir='ltr'><strong>enim</strong></span> <span class='ocrx_word' id='word_1_536' title='bbox 908 4264 1176 4336; x_wconf 91' lang='lat' dir='ltr'><strong>principio</strong></span> <span class='ocrx_word' id='word_1_537' title='bbox 1204 4276 1378 4331; x_wconf 91' lang='lat' dir='ltr'><strong>usque</strong></span> <span class='ocrx_word' id='word_1_538' title='bbox 1392 4261 1458 4315; x_wconf 89' lang='lat' dir='ltr'><strong>ad</strong></span> <span class='ocrx_word' id='word_1_539' title='bbox 1481 4260 1595 4314; x_wconf 69' lang='lat' dir='ltr'><strong>haec</strong></span> <span class='ocrx_word' id='word_1_540' title='bbox 1616 4268 1799 4313; x_wconf 90' lang='lat' dir='ltr'><strong>nostra</strong></span> <span class='ocrx_word' id='word_1_541' title='bbox 1826 4262 2088 4327; x_wconf 84' lang='lat' dir='ltr'><strong>tempora,</strong></span> 
     </span>
    </p>
   </div>
   <div class='ocr_carea' id='block_1_74' title="bbox 531 4346 2093 4422">
    <p class='ocr_par' dir='ltr' id='par_1_74' title="bbox 531 4346 2093 4422">
     <span class='ocr_line' id='line_1_74' title="bbox 531 4346 2093 4422; baseline -0.01 -9"><span class='ocrx_word' id='word_1_542' title='bbox 531 4361 586 4413; x_wconf 91' lang='lat' dir='ltr'><strong>in</strong></span> <span class='ocrx_word' id='word_1_543' title='bbox 609 4366 719 4412; x_wconf 87' lang='lat' dir='ltr'><strong>tota</strong></span> <span class='ocrx_word' id='word_1_544' title='bbox 740 4356 1051 4411; x_wconf 89' lang='lat' dir='ltr'><strong>authentica</strong></span> <span class='ocrx_word' id='word_1_545' title='bbox 1074 4353 1352 4422; x_wconf 88' lang='lat' dir='ltr'><strong>Scriptura</strong></span> <span class='ocrx_word' id='word_1_546' title='bbox 1376 4365 1484 4404; x_wconf 92' lang='lat' dir='ltr'><strong>non</strong></span> <span class='ocrx_word' id='word_1_547' title='bbox 1520 4346 1828 4402; x_wconf 84' lang='lat' dir='ltr'><strong>invenimus</strong></span> <span class='ocrx_word' id='word_1_548' title='bbox 1862 4346 2093 4413; x_wconf 90' lang='lat' dir='ltr'><strong>impera-</strong></span> 
     </span>
    </p>
   </div>
   <div class='ocr_carea' id='block_1_75' title="bbox 2183 3169 3746 3253">
    <p class='ocr_par' dir='ltr' id='par_1_75' title="bbox 2183 3169 3746 3253">
     <span class='ocr_line' id='line_1_75' title="bbox 2183 3169 3746 3253; baseline -0.013 -12"><span class='ocrx_word' id='word_1_549' title='bbox 2183 3197 2422 3253; x_wconf 87' lang='lat' dir='ltr'><strong>tempore</strong></span> <span class='ocrx_word' id='word_1_550' title='bbox 2468 3180 2609 3236; x_wconf 89' lang='lat' dir='ltr'><strong>beati</strong></span> <span class='ocrx_word' id='word_1_551' title='bbox 2654 3178 2796 3232; x_wconf 88' lang='lat' dir='ltr'><strong>Petri</strong></span> <span class='ocrx_word' id='word_1_552' title='bbox 2848 3176 3073 3246; x_wconf 83' lang='lat' dir='ltr'><strong>apostoli</strong></span> <span class='ocrx_word' id='word_1_553' title='bbox 3124 3174 3293 3228; x_wconf 87' lang='lat' dir='ltr'><strong>ferme</strong></span> <span class='ocrx_word' id='word_1_554' title='bbox 3330 3180 3545 3227; x_wconf 85' lang='lat' dir='ltr'><strong>centum</strong></span> <span class='ocrx_word' id='word_1_555' title='bbox 3596 3169 3746 3222; x_wconf 85' lang='lat' dir='ltr'><strong>inter</strong></span> 
     </span>
    </p>
   </div>
   <div class='ocr_carea' id='block_1_76' title="bbox 2191 3258 3745 3337">
    <p class='ocr_par' dir='ltr' id='par_1_76' title="bbox 2191 3258 3745 3337">
     <span class='ocr_line' id='line_1_76' title="bbox 2191 3258 3745 3337; baseline -0.012 -8"><span class='ocrx_word' id='word_1_556' title='bbox 2191 3272 2563 3329; x_wconf 84' lang='lat' dir='ltr'><strong>sanctissimos</strong></span> <span class='ocrx_word' id='word_1_557' title='bbox 2608 3272 3011 3337; x_wconf 87' lang='lat' dir='ltr'><strong>computentur.</strong></span> <span class='ocrx_word' id='word_1_558' title='bbox 3067 3263 3177 3319; x_wconf 90' lang='lat' dir='ltr'><strong>Cur</strong></span> <span class='ocrx_word' id='word_1_559' title='bbox 3231 3270 3411 3316; x_wconf 89' lang='lat' dir='ltr'><strong>autem</strong></span> <span class='ocrx_word' id='word_1_560' title='bbox 3465 3262 3595 3323; x_wconf 88' lang='lat' dir='ltr'><strong>hoc,</strong></span> <span class='ocrx_word' id='word_1_561' title='bbox 3627 3258 3745 3312; x_wconf 90' lang='lat' dir='ltr'><strong>nisi</strong></span> 
     </span>
    </p>
   </div>
   <div class='ocr_carea' id='block_1_77' title="bbox 2183 3348 3745 3436">
    <p class='ocr_par' dir='ltr' id='par_1_77' title="bbox 2183 3348 3745 3436">
     <span class='ocr_line' id='line_1_77' title="bbox 2183 3348 3745 3436; baseline -0.012 -17"><span class='ocrx_word' id='word_1_562' title='bbox 2183 3366 2310 3436; x_wconf 89' lang='lat' dir='ltr'><strong>quia</strong></span> <span class='ocrx_word' id='word_1_563' title='bbox 2357 3377 2512 3433; x_wconf 88' lang='lat' dir='ltr'><strong>reges</strong></span> <span class='ocrx_word' id='word_1_564' title='bbox 2556 3370 2715 3415; x_wconf 75' lang='lat' dir='ltr'><strong>terra:</strong></span> <span class='ocrx_word' id='word_1_565' title='bbox 2764 3366 2820 3413; x_wconf 91' lang='lat' dir='ltr'><strong>et</strong></span> <span class='ocrx_word' id='word_1_566' title='bbox 2843 3356 3114 3426; x_wconf 88' lang='lat' dir='ltr'><strong>principes</strong></span> <span class='ocrx_word' id='word_1_567' title='bbox 3163 3368 3301 3407; x_wconf 88' lang='lat' dir='ltr'><strong>vana</strong></span> <span class='ocrx_word' id='word_1_568' title='bbox 3347 3350 3513 3422; x_wconf 87' lang='lat' dir='ltr'><strong>gloria</strong></span> <span class='ocrx_word' id='word_1_569' title='bbox 3552 3348 3745 3413; x_wconf 85' lang='lat' dir='ltr'><strong>illecti,</strong></span> 
     </span>
    </p>
   </div>
   <div class='ocr_carea' id='block_1_78' title="bbox 2184 3436 3748 3520">
    <p class='ocr_par' dir='ltr' id='par_1_78' title="bbox 2184 3436 3748 3520">
     <span class='ocr_line' id='line_1_78' title="bbox 2184 3436 3748 3520; baseline -0.012 -12"><span class='ocrx_word' id='word_1_570' title='bbox 2184 3455 2325 3508; x_wconf 90' lang='lat' dir='ltr'><strong>sicut</strong></span> <span class='ocrx_word' id='word_1_571' title='bbox 2369 3452 2708 3520; x_wconf 76' lang='lat' dir='ltr'><strong>praelibatum</strong></span> <span class='ocrx_word' id='word_1_572' title='bbox 2754 3452 2868 3510; x_wconf 91' lang='lat' dir='ltr'><strong>est,</strong></span> <span class='ocrx_word' id='word_1_573' title='bbox 2904 3458 3027 3513; x_wconf 63' lang='lat' dir='ltr'><strong>quae</strong></span> <span class='ocrx_word' id='word_1_574' title='bbox 3067 3456 3168 3496; x_wconf 89' lang='lat' dir='ltr'><strong>sua</strong></span> <span class='ocrx_word' id='word_1_575' title='bbox 3206 3449 3334 3495; x_wconf 90' lang='lat' dir='ltr'><strong>sunt</strong></span> <span class='ocrx_word' id='word_1_576' title='bbox 3367 3436 3748 3507; x_wconf 82' lang='lat' dir='ltr'><strong>spiritualibus</strong></span> 
     </span>
    </p>
   </div>
   <div class='ocr_carea' id='block_1_79' title="bbox 2184 3527 3742 3610">
    <p class='ocr_par' dir='ltr' id='par_1_79' title="bbox 2184 3527 3742 3610">
     <span class='ocr_line' id='line_1_79' title="bbox 2184 3527 3742 3610; baseline -0.013 -13"><span class='ocrx_word' id='word_1_577' title='bbox 2184 3543 2345 3597; x_wconf 87' lang='lat' dir='ltr'><strong>rebus</strong></span> <span class='ocrx_word' id='word_1_578' title='bbox 2369 3537 2692 3610; x_wconf 61' lang='lat' dir='ltr'><strong>praeferunt?</strong></span> <span class='ocrx_word' id='word_1_579' title='bbox 2727 3533 2963 3605; x_wconf 80' lang='lat' dir='ltr'><strong>religiosi</strong></span> <span class='ocrx_word' id='word_1_580' title='bbox 2995 3539 3175 3586; x_wconf 89' lang='lat' dir='ltr'><strong>autem</strong></span> <span class='ocrx_word' id='word_1_581' title='bbox 3213 3527 3495 3599; x_wconf 78' lang='lat' dir='ltr'><strong>pontifices</strong></span> <span class='ocrx_word' id='word_1_582' title='bbox 3536 3538 3742 3578; x_wconf 86' lang='lat' dir='ltr'><strong>vanam</strong></span> 
     </span>
    </p>
   </div>
   <div class='ocr_carea' id='block_1_80' title="bbox 2184 3611 3750 3702">
    <p class='ocr_par' dir='ltr' id='par_1_80' title="bbox 2184 3611 3750 3702">
     <span class='ocr_line' id='line_1_80' title="bbox 2184 3611 3750 3702; baseline -0.012 -19"><span class='ocrx_word' id='word_1_583' title='bbox 2184 3630 2409 3702; x_wconf 82' lang='lat' dir='ltr'><strong>gloriam</strong></span> <span class='ocrx_word' id='word_1_584' title='bbox 2442 3625 2818 3695; x_wconf 88' lang='lat' dir='ltr'><strong>despicientes,</strong></span> <span class='ocrx_word' id='word_1_585' title='bbox 2838 3636 2961 3690; x_wconf 68' lang='lat' dir='ltr'><strong>quae</strong></span> <span class='ocrx_word' id='word_1_586' title='bbox 2981 3617 3075 3672; x_wconf 84' lang='lat' dir='ltr'><strong>Dei</strong></span> <span class='ocrx_word' id='word_1_587' title='bbox 3095 3625 3222 3672; x_wconf 89' lang='lat' dir='ltr'><strong>sunt</strong></span> <span class='ocrx_word' id='word_1_588' title='bbox 3247 3613 3554 3702; x_wconf 83' lang='lat' dir='ltr'><strong>carnalibus</strong></span> <span class='ocrx_word' id='word_1_589' title='bbox 3575 3611 3750 3666; x_wconf 68' lang='lat' dir='ltr'><strong>rebus</strong></span> 
     </span>
    </p>
   </div>
   <div class='ocr_carea' id='block_1_81' title="bbox 2184 3700 3746 3791">
    <p class='ocr_par' dir='ltr' id='par_1_81' title="bbox 2184 3700 3746 3791">
     <span class='ocr_line' id='line_1_81' title="bbox 2184 3700 3746 3791; baseline -0.016 -17"><span class='ocrx_word' id='word_1_590' title='bbox 2184 3700 2519 3791; x_wconf 68' lang='lat' dir='ltr'><strong>praeponunt.</strong></span> <span class='ocrx_word' id='word_1_591' title='bbox 2558 3713 2637 3767; x_wconf 88' lang='lat' dir='ltr'><strong>[lli</strong></span> <span class='ocrx_word' id='word_1_592' title='bbox 2662 3715 2714 3766; x_wconf 91' lang='lat' dir='ltr'><strong>iu</strong></span> <span class='ocrx_word' id='word_1_593' title='bbox 2742 3726 2800 3764; x_wconf 90' lang='lat' dir='ltr'><strong>se</strong></span> <span class='ocrx_word' id='word_1_594' title='bbox 2824 3710 3209 3783; x_wconf 80' lang='lat' dir='ltr'><strong>delinquentes</strong></span> <span class='ocrx_word' id='word_1_595' title='bbox 3232 3703 3389 3791; x_wconf 84' lang='lat' dir='ltr'><strong>facile</strong></span> <span class='ocrx_word' id='word_1_596' title='bbox 3418 3700 3746 3791; x_wconf 71' lang='lat' dir='ltr'><strong>puniuntur,</strong></span> 
     </span>
    </p>
   </div>
   <div class='ocr_carea' id='block_1_82' title="bbox 2186 3784 3750 3870">
    <p class='ocr_par' dir='ltr' id='par_1_82' title="bbox 2186 3784 3750 3870">
     <span class='ocr_line' id='line_1_82' title="bbox 2186 3784 3750 3870; baseline -0.013 -10"><span class='ocrx_word' id='word_1_597' title='bbox 2186 3784 2241 3860; x_wconf 80' lang='lat' dir='ltr'><strong>in</strong></span> <span class='ocrx_word' id='word_1_598' title='bbox 2281 3784 2448 3857; x_wconf 55' lang='lat' dir='ltr'><strong>[leum</strong></span> <span class='ocrx_word' id='word_1_599' title='bbox 2497 3807 2784 3870; x_wconf 85' lang='lat' dir='ltr'><strong>peccantes</strong></span> <span class='ocrx_word' id='word_1_600' title='bbox 2824 3807 2983 3865; x_wconf 61' lang='lat' dir='ltr'><strong>aquo</strong></span> <span class='ocrx_word' id='word_1_601' title='bbox 3021 3792 3200 3847; x_wconf 85' lang='lat' dir='ltr'><strong>animo</strong></span> <span class='ocrx_word' id='word_1_602' title='bbox 3229 3788 3437 3852; x_wconf 89' lang='lat' dir='ltr'><strong>ferunt;</strong></span> <span class='ocrx_word' id='word_1_603' title='bbox 3467 3784 3557 3841; x_wconf 88' lang='lat' dir='ltr'><strong>isti</strong></span> <span class='ocrx_word' id='word_1_604' title='bbox 3586 3787 3636 3837; x_wconf 90' lang='lat' dir='ltr'><strong>in</strong></span> <span class='ocrx_word' id='word_1_605' title='bbox 3684 3799 3750 3839; x_wconf 86' lang='lat' dir='ltr'><strong>se</strong></span> 
     </span>
    </p>
   </div>
   <div class='ocr_carea' id='block_1_83' title="bbox 2188 3872 3751 3962">
    <p class='ocr_par' dir='ltr' id='par_1_83' title="bbox 2188 3872 3751 3962">
     <span class='ocr_line' id='line_1_83' title="bbox 2188 3872 3751 3962; baseline -0.014 -15"><span class='ocrx_word' id='word_1_606' title='bbox 2188 3890 2535 3962; x_wconf 88' lang='lat' dir='ltr'><strong>peccantibus</strong></span> <span class='ocrx_word' id='word_1_607' title='bbox 2588 3887 2697 3942; x_wconf 88' lang='lat' dir='ltr'><strong>cito</strong></span> <span class='ocrx_word' id='word_1_608' title='bbox 2746 3886 3066 3955; x_wconf 87' lang='lat' dir='ltr'><strong>ignoscunt,</strong></span> <span class='ocrx_word' id='word_1_609' title='bbox 3129 3878 3297 3934; x_wconf 85' lang='lat' dir='ltr'><strong>Deum</strong></span> <span class='ocrx_word' id='word_1_610' title='bbox 3350 3872 3751 3962; x_wconf 72' lang='lat' dir='ltr'><strong>oﬂ&#39;endentibus</strong></span> 
     </span>
    </p>
   </div>
   <div class='ocr_carea' id='block_1_84' title="bbox 2188 3960 3748 4043">
    <p class='ocr_par' dir='ltr' id='par_1_84' title="bbox 2188 3960 3748 4043">
     <span class='ocr_line' id='line_1_84' title="bbox 2188 3960 3748 4043; baseline -0.014 -10"><span class='ocrx_word' id='word_1_611' title='bbox 2188 3960 2296 4033; x_wconf 80' lang='lat' dir='ltr'><strong>non</strong></span> <span class='ocrx_word' id='word_1_612' title='bbox 2339 3977 2527 4031; x_wconf 89' lang='lat' dir='ltr'><strong>leviter</strong></span> <span class='ocrx_word' id='word_1_613' title='bbox 2562 3980 2813 4043; x_wconf 89' lang='lat' dir='ltr'><strong>parcunt.</strong></span> <span class='ocrx_word' id='word_1_614' title='bbox 2858 3970 2938 4023; x_wconf 91' lang='lat' dir='ltr'><strong>Illi</strong></span> <span class='ocrx_word' id='word_1_615' title='bbox 2980 3967 3211 4023; x_wconf 87' lang='lat' dir='ltr'><strong>terrenis</strong></span> <span class='ocrx_word' id='word_1_616' title='bbox 3257 3963 3467 4018; x_wconf 86' lang='lat' dir='ltr'><strong>actibus</strong></span> <span class='ocrx_word' id='word_1_617' title='bbox 3514 3960 3748 4013; x_wconf 88' lang='lat' dir='ltr'><strong>nimium</strong></span> 
     </span>
    </p>
   </div>
   <div class='ocr_carea' id='block_1_85' title="bbox 2187 4051 3749 4133">
    <p class='ocr_par' dir='ltr' id='par_1_85' title="bbox 2187 4051 3749 4133">
     <span class='ocr_line' id='line_1_85' title="bbox 2187 4051 3749 4133; baseline -0.012 -11"><span class='ocrx_word' id='word_1_618' title='bbox 2187 4066 2351 4121; x_wconf 90' lang='lat' dir='ltr'><strong>dediti</strong></span> <span class='ocrx_word' id='word_1_619' title='bbox 2401 4052 2699 4133; x_wconf 85' lang='lat' dir='ltr'><strong>spiritualia</strong></span> <span class='ocrx_word' id='word_1_620' title='bbox 2752 4056 3173 4129; x_wconf 88' lang='lat' dir='ltr'><strong>parvipendunt;</strong></span> <span class='ocrx_word' id='word_1_621' title='bbox 3209 4052 3299 4107; x_wconf 89' lang='lat' dir='ltr'><strong>isti</strong></span> <span class='ocrx_word' id='word_1_622' title='bbox 3356 4051 3594 4110; x_wconf 64' lang='lat' dir='ltr'><strong>caelestia</strong></span> <span class='ocrx_word' id='word_1_623' title='bbox 3653 4064 3749 4104; x_wconf 82' lang='lat' dir='ltr'><strong>se-</strong></span> 
     </span>
    </p>
   </div>
   <div class='ocr_carea' id='block_1_86' title="bbox 2189 4147 3603 4219">
    <p class='ocr_par' dir='ltr' id='par_1_86' title="bbox 2189 4147 3603 4219">
     <span class='ocr_line' id='line_1_86' title="bbox 2189 4147 3603 4219; baseline -0.013 -8"><span class='ocrx_word' id='word_1_624' title='bbox 2189 4156 2318 4211; x_wconf 91' lang='lat' dir='ltr'><strong>dulo</strong></span> <span class='ocrx_word' id='word_1_625' title='bbox 2348 4154 2667 4208; x_wconf 84' lang='lat' dir='ltr'><strong>meditantes</strong></span> <span class='ocrx_word' id='word_1_626' title='bbox 2689 4165 2812 4219; x_wconf 73' lang='lat' dir='ltr'><strong>qua:</strong></span> <span class='ocrx_word' id='word_1_627' title='bbox 2841 4154 2971 4202; x_wconf 87' lang='lat' dir='ltr'><strong>sunt</strong></span> <span class='ocrx_word' id='word_1_628' title='bbox 3000 4154 3212 4201; x_wconf 87' lang='lat' dir='ltr'><strong>terrena</strong></span> <span class='ocrx_word' id='word_1_629' title='bbox 3233 4147 3603 4198; x_wconf 86' lang='lat' dir='ltr'><strong>contemnunt.</strong></span> 
     </span>
    </p>
   </div>
   <div class='ocr_carea' id='block_1_87' title="bbox 2259 4227 3750 4310">
    <p class='ocr_par' dir='ltr' id='par_1_87' title="bbox 2259 4227 3750 4310">
     <span class='ocr_line' id='line_1_87' title="bbox 2259 4227 3750 4310; baseline -0.014 -11"><span class='ocrx_word' id='word_1_630' title='bbox 2259 4242 2595 4299; x_wconf 78' lang='lat' dir='ltr'><strong>Admonendi</strong></span> <span class='ocrx_word' id='word_1_631' title='bbox 2634 4255 2764 4310; x_wconf 85' lang='lat' dir='ltr'><strong>ergo</strong></span> <span class='ocrx_word' id='word_1_632' title='bbox 2803 4246 2930 4293; x_wconf 89' lang='lat' dir='ltr'><strong>sunt</strong></span> <span class='ocrx_word' id='word_1_633' title='bbox 2956 4248 3146 4290; x_wconf 87' lang='lat' dir='ltr'><strong>omnes</strong></span> <span class='ocrx_word' id='word_1_634' title='bbox 3172 4229 3465 4307; x_wconf 81' lang='lat' dir='ltr'><strong>Christiani</strong></span> <span class='ocrx_word' id='word_1_635' title='bbox 3502 4227 3597 4297; x_wconf 90' lang='lat' dir='ltr'><strong>qui</strong></span> <span class='ocrx_word' id='word_1_636' title='bbox 3619 4240 3750 4310; x_wconf 72' lang='lat' dir='ltr'><strong>cum</strong></span> 
     </span>
    </p>
   </div>
   <div class='ocr_carea' id='block_1_88' title="bbox 2190 4306 3752 4400">
    <p class='ocr_par' dir='ltr' id='par_1_88' title="bbox 2190 4306 3752 4400">
     <span class='ocr_line' id='line_1_88' title="bbox 2190 4306 3752 4400; baseline -0.012 -12"><span class='ocrx_word' id='word_1_637' title='bbox 2190 4336 2408 4389; x_wconf 83' lang='lat' dir='ltr'><strong>Christo</strong></span> <span class='ocrx_word' id='word_1_638' title='bbox 2450 4345 2677 4400; x_wconf 88' lang='lat' dir='ltr'><strong>regnare</strong></span> <span class='ocrx_word' id='word_1_639' title='bbox 2700 4306 2982 4396; x_wconf 44' lang='lat' dir='ltr'><strong>&#39;cupiunt,</strong></span> <span class='ocrx_word' id='word_1_640' title='bbox 3027 4338 3096 4378; x_wconf 87' lang='lat' dir='ltr'><strong>ne</strong></span> <span class='ocrx_word' id='word_1_641' title='bbox 3137 4320 3427 4375; x_wconf 87' lang='lat' dir='ltr'><strong>ambitione</strong></span> 
     </span>
    </p>
   </div>
   <div class='ocr_carea' id='block_1_89' title="bbox 533 4398 3753 4513">
    <p class='ocr_par' dir='ltr' id='par_1_89' title="bbox 533 4398 3753 4513">
     <span class='ocr_line' id='line_1_89' title="bbox 533 4398 3753 4513; baseline -0.015 -12"><span class='ocrx_word' id='word_1_642' title='bbox 533 4457 678 4501; x_wconf 81' lang='lat' dir='ltr'><strong>tores</strong></span> <span class='ocrx_word' id='word_1_643' title='bbox 722 4445 805 4497; x_wconf 89' lang='lat' dir='ltr'><strong>vel</strong></span> <span class='ocrx_word' id='word_1_644' title='bbox 845 4457 1020 4513; x_wconf 85' lang='lat' dir='ltr'><strong>reges,</strong></span> <span class='ocrx_word' id='word_1_645' title='bbox 1047 4398 1277 4509; x_wconf 65' lang='lat' dir='ltr'><strong>quoer</strong></span> <span class='ocrx_word' id='word_1_646' title='bbox 1318 4440 1428 4492; x_wconf 58' lang='lat' dir='ltr'><strong>vim</strong></span> <span class='ocrx_word' id='word_1_647' title='bbox 1467 4438 1603 4492; x_wconf 65' lang='lat' dir='ltr'><strong>adeo</strong></span> <span class='ocrx_word' id='word_1_648' title='bbox 1623 4434 1805 4490; x_wconf 62' lang='grc' dir='ltr'><strong>-ίυθτίι</strong></span> <span class='ocrx_word' id='word_1_649' title='bbox 1837 4398 2094 4504; x_wconf 47' lang='lat' dir='ltr'><strong>religione</strong></span> <span class='ocrx_word' id='word_1_650' title='bbox 2124 4445 2169 4507; x_wconf 70' lang='grc' dir='ltr'>ι)</span> <span class='ocrx_word' id='word_1_651' title='bbox 2194 4420 2477 4492; x_wconf 88' lang='lat' dir='ltr'><strong>potestatis</strong></span> <span class='ocrx_word' id='word_1_652' title='bbox 2508 4430 2734 4487; x_wconf 84' lang='lat' dir='ltr'><strong>regnare</strong></span> <span class='ocrx_word' id='word_1_653' title='bbox 2780 4413 3054 4513; x_wconf 67' lang='lat' dir='ltr'><strong>affectent,</strong></span> <span class='ocrx_word' id='word_1_654' title='bbox 3078 4408 3188 4513; x_wconf 67' lang='lat' dir='ltr'><strong>sed</strong></span> <span class='ocrx_word' id='word_1_655' title='bbox 3224 4407 3404 4477; x_wconf 85' lang='lat' dir='ltr'><strong>potius</strong></span> <span class='ocrx_word' id='word_1_656' title='bbox 3435 4418 3547 4513; x_wconf 52' lang='lat' dir='ltr'><strong>prie</strong></span> <span class='ocrx_word' id='word_1_657' title='bbox 3572 4398 3753 4503; x_wconf 60' lang='lat' dir='ltr'><strong>oculi</strong></span> 
     </span>
    </p>
   </div>
   <div class='ocr_carea' id='block_1_90' title="bbox 536 4522 2091 4604">
    <p class='ocr_par' dir='ltr' id='par_1_90' title="bbox 536 4522 2091 4604">
     <span class='ocr_line' id='line_1_90' title="bbox 536 4522 2091 4604; baseline -0.008 -16"><span class='ocrx_word' id='word_1_658' title='bbox 536 4536 807 4604; x_wconf 68' lang='lat' dir='ltr'><strong>prtecipua</strong></span> <span class='ocrx_word' id='word_1_659' title='bbox 833 4542 889 4586; x_wconf 90' lang='lat' dir='ltr'><strong>et</strong></span> <span class='ocrx_word' id='word_1_660' title='bbox 910 4532 1108 4584; x_wconf 90' lang='lat' dir='ltr'><strong>virtute</strong></span> <span class='ocrx_word' id='word_1_661' title='bbox 1138 4529 1418 4599; x_wconf 86' lang='lat' dir='ltr'><strong>signorum</strong></span> <span class='ocrx_word' id='word_1_662' title='bbox 1444 4526 1719 4587; x_wconf 86' lang='lat' dir='ltr'><strong>decorata,</strong></span> <span class='ocrx_word' id='word_1_663' title='bbox 1753 4522 1907 4577; x_wconf 79' lang='lat' dir='ltr'><strong>sicut</strong></span> <span class='ocrx_word' id='word_1_664' title='bbox 1933 4522 2091 4576; x_wconf 85' lang='lat' dir='ltr'><strong>innu-</strong></span> 
     </span>
    </p>
   </div>
   <div class='ocr_carea' id='block_1_91' title="bbox 533 4611 2095 4682">
    <p class='ocr_par' dir='ltr' id='par_1_91' title="bbox 533 4611 2095 4682">
     <span class='ocr_line' id='line_1_91' title="bbox 533 4611 2095 4682; baseline -0.009 -4"><span class='ocrx_word' id='word_1_665' title='bbox 533 4623 809 4678; x_wconf 87' lang='lat' dir='ltr'><strong>merabilis</strong></span> <span class='ocrx_word' id='word_1_666' title='bbox 838 4619 1195 4674; x_wconf 86' lang='lat' dir='ltr'><strong>multitudinis</strong></span> <span class='ocrx_word' id='word_1_667' title='bbox 1240 4616 1421 4673; x_wconf 67' lang='lat' dir='ltr'><strong>saeculi</strong></span> <span class='ocrx_word' id='word_1_668' title='bbox 1469 4621 1927 4682; x_wconf 88' lang='lat' dir='ltr'><strong>contemptorum,</strong></span> <span class='ocrx_word' id='word_1_669' title='bbox 1970 4611 2095 4665; x_wconf 86' lang='lat' dir='ltr'><strong>licet</strong></span> 
     </span>
    </p>
   </div>
   <div class='ocr_carea' id='block_1_92' title="bbox 538 4700 2090 4783">
    <p class='ocr_par' dir='ltr' id='par_1_92' title="bbox 538 4700 2090 4783">
     <span class='ocr_line' id='line_1_92' title="bbox 538 4700 2090 4783; baseline -0.008 -18"><span class='ocrx_word' id='word_1_670' title='bbox 538 4716 718 4783; x_wconf 83' lang='lat' dir='ltr'><strong>plures</strong></span> <span class='ocrx_word' id='word_1_671' title='bbox 747 4726 936 4766; x_wconf 90' lang='lat' dir='ltr'><strong>eorum</strong></span> <span class='ocrx_word' id='word_1_672' title='bbox 970 4707 1258 4762; x_wconf 89' lang='lat' dir='ltr'><strong>credamus</strong></span> <span class='ocrx_word' id='word_1_673' title='bbox 1294 4707 1435 4774; x_wconf 77' lang='lat' dir='ltr'><strong>apud</strong></span> <span class='ocrx_word' id='word_1_674' title='bbox 1464 4706 1883 4773; x_wconf 89' lang='lat' dir='ltr'><strong>omnipotentem</strong></span> <span class='ocrx_word' id='word_1_675' title='bbox 1924 4700 2090 4754; x_wconf 88' lang='lat' dir='ltr'><strong>Deum</strong></span> 
     </span>
    </p>
   </div>
   <div class='ocr_carea' id='block_1_93' title="bbox 540 4789 2093 4862">
    <p class='ocr_par' dir='ltr' id='par_1_93' title="bbox 540 4789 2093 4862">
     <span class='ocr_line' id='line_1_93' title="bbox 540 4789 2093 4862; baseline -0.007 -8"><span class='ocrx_word' id='word_1_676' title='bbox 540 4801 925 4856; x_wconf 75' lang='lat' dir='ltr'><strong>misericordia:</strong></span> <span class='ocrx_word' id='word_1_677' title='bbox 976 4798 1203 4852; x_wconf 88' lang='lat' dir='ltr'><strong>salutem</strong></span> <span class='ocrx_word' id='word_1_678' title='bbox 1253 4795 1544 4850; x_wconf 90' lang='lat' dir='ltr'><strong>invenisse.</strong></span> <span class='ocrx_word' id='word_1_679' title='bbox 1572 4792 1867 4862; x_wconf 75' lang='lat' dir='ltr'><strong>Namque,</strong></span> <span class='ocrx_word' id='word_1_680' title='bbox 1918 4798 1978 4844; x_wconf 91' lang='lat' dir='ltr'><strong>ut</strong></span> <span class='ocrx_word' id='word_1_681' title='bbox 2025 4789 2093 4844; x_wconf 90' lang='lat' dir='ltr'><strong>de</strong></span> 
     </span>
    </p>
   </div>
   <div class='ocr_carea' id='block_1_94' title="bbox 538 4874 2092 4963">
    <p class='ocr_par' dir='ltr' id='par_1_94' title="bbox 538 4874 2092 4963">
     <span class='ocr_line' id='line_1_94' title="bbox 538 4874 2092 4963; baseline -0.009 -16"><span class='ocrx_word' id='word_1_682' title='bbox 538 4890 799 4963; x_wconf 83' lang='lat' dir='ltr'><strong>apostolis</strong></span> <span class='ocrx_word' id='word_1_683' title='bbox 818 4897 871 4941; x_wconf 91' lang='lat' dir='ltr'><strong>et</strong></span> <span class='ocrx_word' id='word_1_684' title='bbox 892 4887 1217 4957; x_wconf 86' lang='lat' dir='ltr'><strong>martyribus</strong></span> <span class='ocrx_word' id='word_1_685' title='bbox 1238 4893 1533 4948; x_wconf 63' lang='lat' dir='ltr'><strong>tamamus,</strong></span> <span class='ocrx_word' id='word_1_686' title='bbox 1556 4882 1679 4951; x_wconf 90' lang='lat' dir='ltr'><strong>quis</strong></span> <span class='ocrx_word' id='word_1_687' title='bbox 1706 4874 2092 4949; x_wconf 79' lang='lat' dir='ltr'><strong>imperatorum</strong></span> 
     </span>
    </p>
   </div>
   <div class='ocr_carea' id='block_1_95' title="bbox 538 4968 2097 5049">
    <p class='ocr_par' dir='ltr' id='par_1_95' title="bbox 538 4968 2097 5049">
     <span class='ocr_line' id='line_1_95' title="bbox 538 4968 2097 5049; baseline -0.008 -17"><span class='ocrx_word' id='word_1_688' title='bbox 538 4983 622 5034; x_wconf 75' lang='lat' dir='ltr'><strong>vel</strong></span> <span class='ocrx_word' id='word_1_689' title='bbox 676 4992 867 5049; x_wconf 88' lang='lat' dir='ltr'><strong>regum</strong></span> <span class='ocrx_word' id='word_1_690' title='bbox 917 4989 1071 5043; x_wconf 64' lang='lat' dir='ltr'><strong>eque</strong></span> <span class='ocrx_word' id='word_1_691' title='bbox 1116 4983 1178 5028; x_wconf 88' lang='lat' dir='ltr'><strong>ut</strong></span> <span class='ocrx_word' id='word_1_692' title='bbox 1215 4974 1405 5028; x_wconf 88' lang='lat' dir='ltr'><strong>beatus</strong></span> <span class='ocrx_word' id='word_1_693' title='bbox 1455 4968 1749 5033; x_wconf 67' lang='lat' dir='ltr'><strong>lanians,</strong></span> <span class='ocrx_word' id='word_1_694' title='bbox 1804 4968 2097 5033; x_wconf 78' lang='lat' dir='ltr'><strong>Antenius,</strong></span> 
     </span>
    </p>
   </div>
   <div class='ocr_carea' id='block_1_96' title="bbox 546 5056 2101 5132">
    <p class='ocr_par' dir='ltr' id='par_1_96' title="bbox 546 5056 2101 5132">
     <span class='ocr_line' id='line_1_96' title="bbox 546 5056 2101 5132; baseline -0.007 -11"><span class='ocrx_word' id='word_1_695' title='bbox 546 5070 888 5132; x_wconf 80' lang='lat' dir='ltr'><strong>Benedictus,</strong></span> <span class='ocrx_word' id='word_1_696' title='bbox 915 5064 1193 5120; x_wconf 87' lang='lat' dir='ltr'><strong>miraculis</strong></span> <span class='ocrx_word' id='word_1_697' title='bbox 1214 5063 1441 5117; x_wconf 73' lang='lat' dir='ltr'><strong>claruit’</strong></span> <span class='ocrx_word' id='word_1_698' title='bbox 1465 5060 1602 5128; x_wconf 83' lang='lat' dir='ltr'><strong>Quis</strong></span> <span class='ocrx_word' id='word_1_699' title='bbox 1629 5059 1773 5114; x_wconf 90' lang='lat' dir='ltr'><strong>enim</strong></span> <span class='ocrx_word' id='word_1_700' title='bbox 1808 5056 2101 5127; x_wconf 87' lang='lat' dir='ltr'><strong>imperator</strong></span> 
     </span>
    </p>
   </div>
   <div class='ocr_carea' id='block_1_97' title="bbox 544 5145 2097 5218">
    <p class='ocr_par' dir='ltr' id='par_1_97' title="bbox 544 5145 2097 5218">
     <span class='ocr_line' id='line_1_97' title="bbox 544 5145 2097 5218; baseline -0.01 -5"><span class='ocrx_word' id='word_1_701' title='bbox 544 5168 638 5213; x_wconf 91' lang='lat' dir='ltr'><strong>aut</strong></span> <span class='ocrx_word' id='word_1_702' title='bbox 689 5170 782 5211; x_wconf 79' lang='lat' dir='ltr'><strong>rex</strong></span> <span class='ocrx_word' id='word_1_703' title='bbox 840 5164 1086 5211; x_wconf 91' lang='lat' dir='ltr'><strong>mortuos</strong></span> <span class='ocrx_word' id='word_1_704' title='bbox 1140 5151 1451 5214; x_wconf 84' lang='lat' dir='ltr'><strong>suscitavit,</strong></span> <span class='ocrx_word' id='word_1_705' title='bbox 1493 5152 1739 5218; x_wconf 90' lang='lat' dir='ltr'><strong>leprosos</strong></span> <span class='ocrx_word' id='word_1_706' title='bbox 1792 5145 2097 5209; x_wconf 79' lang='lat' dir='ltr'><strong>mandavit,</strong></span> 
     </span>
    </p>
   </div>
   <div class='ocr_carea' id='block_1_98' title="bbox 544 5235 2104 5305">
    <p class='ocr_par' dir='ltr' id='par_1_98' title="bbox 544 5235 2104 5305">
     <span class='ocr_line' id='line_1_98' title="bbox 544 5235 2104 5305; baseline -0.012 1"><span class='ocrx_word' id='word_1_707' title='bbox 544 5264 717 5305; x_wconf 61' lang='lat' dir='ltr'><strong>caecos</strong></span> <span class='ocrx_word' id='word_1_708' title='bbox 736 5247 1091 5301; x_wconf 86' lang='lat' dir='ltr'><strong>illuminavit?</strong></span> <span class='ocrx_word' id='word_1_709' title='bbox 1118 5242 1255 5298; x_wconf 84' lang='lat' dir='ltr'><strong>Ecce</strong></span> <span class='ocrx_word' id='word_1_710' title='bbox 1267 5240 1682 5296; x_wconf 86' lang='lat' dir='ltr'><strong>Constantinum</strong></span> <span class='ocrx_word' id='word_1_711' title='bbox 1702 5238 1806 5305; x_wconf 70' lang='lat' dir='ltr'><strong>pia:</strong></span> <span class='ocrx_word' id='word_1_712' title='bbox 1832 5235 2104 5289; x_wconf 71' lang='lat' dir='ltr'><strong>memorit&#39;e</strong></span> 
     </span>
    </p>
   </div>
   <div class='ocr_carea' id='block_1_99' title="bbox 548 5322 2100 5407">
    <p class='ocr_par' dir='ltr' id='par_1_99' title="bbox 548 5322 2100 5407">
     <span class='ocr_line' id='line_1_99' title="bbox 548 5322 2100 5407; baseline -0.012 -14"><span class='ocrx_word' id='word_1_713' title='bbox 548 5342 961 5407; x_wconf 89' lang='lat' dir='ltr'><strong>imperatorem,</strong></span> <span class='ocrx_word' id='word_1_714' title='bbox 990 5332 1356 5387; x_wconf 87' lang='lat' dir='ltr'><strong>Theodosium</strong></span> <span class='ocrx_word' id='word_1_715' title='bbox 1400 5337 1454 5384; x_wconf 90' lang='lat' dir='ltr'><strong>et</strong></span> <span class='ocrx_word' id='word_1_716' title='bbox 1494 5326 1820 5387; x_wconf 81' lang='lat' dir='ltr'><strong>Honorium,</strong></span> <span class='ocrx_word' id='word_1_717' title='bbox 1847 5322 2100 5375; x_wconf 89' lang='lat' dir='ltr'><strong>Carolum</strong></span> 
     </span>
    </p>
   </div>
   <div class='ocr_carea' id='block_1_100' title="bbox 547 5410 2105 5493">
    <p class='ocr_par' dir='ltr' id='par_1_100' title="bbox 547 5410 2105 5493">
     <span class='ocr_line' id='line_1_100' title="bbox 547 5410 2105 5493; baseline -0.012 -13"><span class='ocrx_word' id='word_1_718' title='bbox 547 5438 600 5480; x_wconf 81' lang='lat' dir='ltr'><strong>et</strong></span> <span class='ocrx_word' id='word_1_719' title='bbox 635 5427 1001 5488; x_wconf 79' lang='lat' dir='ltr'><strong>LudOvicum,</strong></span> <span class='ocrx_word' id='word_1_720' title='bbox 1035 5420 1261 5493; x_wconf 74' lang='lat' dir='ltr'><strong>iustitia:</strong></span> <span class='ocrx_word' id='word_1_721' title='bbox 1288 5426 1588 5481; x_wconf 87' lang='lat' dir='ltr'><strong>amatores,</strong></span> <span class='ocrx_word' id='word_1_722' title='bbox 1612 5413 1935 5469; x_wconf 73' lang='lat' dir='ltr'><strong>Christiana:</strong></span> <span class='ocrx_word' id='word_1_723' title='bbox 1975 5410 2105 5477; x_wconf 82' lang='lat' dir='ltr'><strong>reli-</strong></span> 
     </span>
    </p>
   </div>
   <div class='ocr_carea' id='block_1_101' title="bbox 551 5504 2105 5586">
    <p class='ocr_par' dir='ltr' id='par_1_101' title="bbox 551 5504 2105 5586">
     <span class='ocr_line' id='line_1_101' title="bbox 551 5504 2105 5586; baseline -0.012 -15"><span class='ocrx_word' id='word_1_724' title='bbox 551 5517 731 5586; x_wconf 77' lang='lat' dir='ltr'><strong>gionis</strong></span> <span class='ocrx_word' id='word_1_725' title='bbox 752 5522 1157 5584; x_wconf 83' lang='lat' dir='ltr'><strong>prepagatores,</strong></span> <span class='ocrx_word' id='word_1_726' title='bbox 1184 5509 1547 5563; x_wconf 88' lang='lat' dir='ltr'><strong>Ecclesiarum</strong></span> <span class='ocrx_word' id='word_1_727' title='bbox 1573 5504 2105 5566; x_wconf 84' lang='lat' dir='ltr'><strong>defensores,sancta</strong></span> 
     </span>
    </p>
   </div>
   <div class='ocr_carea' id='block_1_102' title="bbox 550 5598 2105 5675">
    <p class='ocr_par' dir='ltr' id='par_1_102' title="bbox 550 5598 2105 5675">
     <span class='ocr_line' id='line_1_102' title="bbox 550 5598 2105 5675; baseline -0.012 -15"><span class='ocrx_word' id='word_1_728' title='bbox 550 5607 767 5675; x_wconf 71' lang='lat' dir='ltr'><strong>quidem</strong></span> <span class='ocrx_word' id='word_1_729' title='bbox 811 5602 1051 5657; x_wconf 84' lang='lat' dir='ltr'><strong>Ecclesia</strong></span> <span class='ocrx_word' id='word_1_730' title='bbox 1093 5600 1278 5656; x_wconf 89' lang='lat' dir='ltr'><strong>laudat</strong></span> <span class='ocrx_word' id='word_1_731' title='bbox 1318 5607 1373 5652; x_wconf 90' lang='lat' dir='ltr'><strong>et</strong></span> <span class='ocrx_word' id='word_1_732' title='bbox 1411 5605 1726 5657; x_wconf 85' lang='lat' dir='ltr'><strong>veneratur,</strong></span> <span class='ocrx_word' id='word_1_733' title='bbox 1767 5608 1878 5649; x_wconf 87' lang='lat' dir='ltr'><strong>non</strong></span> <span class='ocrx_word' id='word_1_734' title='bbox 1926 5598 2105 5643; x_wconf 87' lang='lat' dir='ltr'><strong>tamen</strong></span> 
     </span>
    </p>
   </div>
   <div class='ocr_carea' id='block_1_103' title="bbox 553 5678 2105 5749">
    <p class='ocr_par' dir='ltr' id='par_1_103' title="bbox 553 5678 2105 5749">
     <span class='ocr_line' id='line_1_103' title="bbox 553 5678 2105 5749; baseline -0.011 0"><span class='ocrx_word' id='word_1_735' title='bbox 553 5711 646 5749; x_wconf 56' lang='lat' dir='ltr'><strong>eo:</strong></span> <span class='ocrx_word' id='word_1_736' title='bbox 679 5694 893 5749; x_wconf 68' lang='lat' dir='ltr'><strong>fulsisse</strong></span> <span class='ocrx_word' id='word_1_737' title='bbox 923 5700 1067 5745; x_wconf 88' lang='lat' dir='ltr'><strong>tanta</strong></span> <span class='ocrx_word' id='word_1_738' title='bbox 1096 5690 1479 5743; x_wconf 86' lang='lat' dir='ltr'><strong>miraculorum</strong></span> <span class='ocrx_word' id='word_1_739' title='bbox 1508 5684 1675 5747; x_wconf 78' lang='lat' dir='ltr'><strong>gloria</strong></span> <span class='ocrx_word' id='word_1_740' title='bbox 1712 5682 1927 5734; x_wconf 81' lang='lat' dir='ltr'><strong>indicat.</strong></span> <span class='ocrx_word' id='word_1_741' title='bbox 1961 5678 2105 5733; x_wconf 61' lang='lat' dir='ltr'><strong>Prte-</strong></span> 
     </span>
    </p>
   </div>
   <div class='ocr_carea' id='block_1_104' title="bbox 2197 4491 3751 4579">
    <p class='ocr_par' dir='ltr' id='par_1_104' title="bbox 2197 4491 3751 4579">
     <span class='ocr_line' id='line_1_104' title="bbox 2197 4491 3751 4579; baseline -0.017 -10"><span class='ocrx_word' id='word_1_742' title='bbox 2197 4491 2433 4568; x_wconf 84' lang='lat' dir='ltr'><strong>babeant</strong></span> <span class='ocrx_word' id='word_1_743' title='bbox 2455 4510 2598 4579; x_wconf 92' lang='lat' dir='ltr'><strong>quod</strong></span> <span class='ocrx_word' id='word_1_744' title='bbox 2643 4509 2833 4562; x_wconf 90' lang='lat' dir='ltr'><strong>beatus</strong></span> <span class='ocrx_word' id='word_1_745' title='bbox 2873 4499 3163 4572; x_wconf 77' lang='lat' dir='ltr'><strong>Gregorius</strong></span> <span class='ocrx_word' id='word_1_746' title='bbox 3198 4512 3338 4567; x_wconf 88' lang='lat' dir='ltr'><strong>papa</strong></span> <span class='ocrx_word' id='word_1_747' title='bbox 3371 4491 3751 4579; x_wconf 76' lang='lat' dir='ltr'><strong>sanctissinms</strong></span> 
     </span>
    </p>
   </div>
   <div class='ocr_carea' id='block_1_105' title="bbox 2197 4577 3755 4673">
    <p class='ocr_par' dir='ltr' id='par_1_105' title="bbox 2197 4577 3755 4673">
     <span class='ocr_line' id='line_1_105' title="bbox 2197 4577 3755 4673; baseline -0.019 -13"><span class='ocrx_word' id='word_1_748' title='bbox 2197 4606 2251 4659; x_wconf 87' lang='lat' dir='ltr'><strong>in</strong></span> <span class='ocrx_word' id='word_1_749' title='bbox 2287 4603 2450 4657; x_wconf 87' lang='lat' dir='ltr'><strong>Libro</strong></span> <span class='ocrx_word' id='word_1_750' title='bbox 2474 4577 2755 4673; x_wconf 46' lang='lat' dir='ltr'><strong>_Pastor_ali</strong></span> <span class='ocrx_word' id='word_1_751' title='bbox 2809 4586 3092 4654; x_wconf 81' lang='lat' dir='ltr'><strong>admonet,</strong></span> <span class='ocrx_word' id='word_1_752' title='bbox 3138 4587 3361 4647; x_wconf 78' lang='lat' dir='ltr'><strong>dicens:</strong></span> <span class='ocrx_word' id='word_1_753' title='bbox 3396 4601 3415 4673; x_wconf 66' lang='grc' dir='ltr'><strong>ι</strong></span> <span class='ocrx_word' id='word_1_754' title='bbox 3457 4580 3613 4673; x_wconf 31' lang='lat' dir='ltr'><strong>Inter.</strong></span> 
     </span>
    </p>
   </div>
   <div class='ocr_carea' id='block_1_106' title="bbox 2197 4668 3754 4761">
    <p class='ocr_par' dir='ltr' id='par_1_106' title="bbox 2197 4668 3754 4761">
     <span class='ocr_line' id='line_1_106' title="bbox 2197 4668 3754 4761; baseline -0.015 -14"><span class='ocrx_word' id='word_1_755' title='bbox 2197 4693 2381 4761; x_wconf 89' lang='lat' dir='ltr'><strong>itaque</strong></span> <span class='ocrx_word' id='word_1_756' title='bbox 2403 4689 2534 4759; x_wconf 89' lang='lat' dir='ltr'><strong>quid</strong></span> <span class='ocrx_word' id='word_1_757' title='bbox 2574 4669 2906 4754; x_wconf 81' lang='lat' dir='ltr'><strong>sequendum</strong></span> <span class='ocrx_word' id='word_1_758' title='bbox 2934 4684 3039 4742; x_wconf 90' lang='lat' dir='ltr'><strong>est,</strong></span> <span class='ocrx_word' id='word_1_759' title='bbox 3067 4674 3196 4746; x_wconf 84' lang='lat' dir='ltr'><strong>quid</strong></span> <span class='ocrx_word' id='word_1_760' title='bbox 3224 4672 3532 4761; x_wconf 81' lang='lat' dir='ltr'><strong>tenendum,</strong></span> <span class='ocrx_word' id='word_1_761' title='bbox 3561 4668 3754 4761; x_wconf 70' lang='lat' dir='ltr'><strong>nisiut</strong></span> 
     </span>
    </p>
   </div>
   <div class='ocr_carea' id='block_1_107' title="bbox 2197 4756 3753 4846">
    <p class='ocr_par' dir='ltr' id='par_1_107' title="bbox 2197 4756 3753 4846">
     <span class='ocr_line' id='line_1_107' title="bbox 2197 4756 3753 4846; baseline -0.017 -11"><span class='ocrx_word' id='word_1_762' title='bbox 2197 4756 2489 4846; x_wconf 76' lang='lat' dir='ltr'><strong>virtutibus</strong></span> <span class='ocrx_word' id='word_1_763' title='bbox 2525 4775 2735 4845; x_wconf 88' lang='lat' dir='ltr'><strong>pollens</strong></span> <span class='ocrx_word' id='word_1_764' title='bbox 2777 4777 2997 4829; x_wconf 85' lang='lat' dir='ltr'><strong>coactus</strong></span> <span class='ocrx_word' id='word_1_765' title='bbox 3032 4766 3101 4820; x_wconf 88' lang='lat' dir='ltr'><strong>ad</strong></span> <span class='ocrx_word' id='word_1_766' title='bbox 3135 4764 3374 4834; x_wconf 86' lang='lat' dir='ltr'><strong>regimen</strong></span> <span class='ocrx_word' id='word_1_767' title='bbox 3392 4760 3597 4823; x_wconf 85' lang='lat' dir='ltr'><strong>veniat;</strong></span> <span class='ocrx_word' id='word_1_768' title='bbox 3631 4756 3753 4846; x_wconf 33' lang='lat' dir='ltr'><strong>viss</strong></span> 
     </span>
    </p>
   </div>
   <div class='ocr_carea' id='block_1_108' title="bbox 2203 4845 3753 4929">
    <p class='ocr_par' dir='ltr' id='par_1_108' title="bbox 2203 4845 3753 4929">
     <span class='ocr_line' id='line_1_108' title="bbox 2203 4845 3753 4929; baseline -0.018 -2"><span class='ocrx_word' id='word_1_769' title='bbox 2203 4845 2406 4927; x_wconf 86' lang='lat' dir='ltr'><strong>tutibus</strong></span> <span class='ocrx_word' id='word_1_770' title='bbox 2449 4878 2675 4929; x_wconf 85' lang='lat' dir='ltr'><strong>vacuus,</strong></span> <span class='ocrx_word' id='word_1_771' title='bbox 2721 4877 2824 4917; x_wconf 89' lang='lat' dir='ltr'><strong>nec</strong></span> <span class='ocrx_word' id='word_1_772' title='bbox 2862 4869 3084 4913; x_wconf 81' lang='lat' dir='ltr'><strong>coactus</strong></span> <span class='ocrx_word' id='word_1_773' title='bbox 3114 4851 3376 4907; x_wconf 75' lang='lat' dir='ltr'><strong>accedat?</strong></span> <span class='ocrx_word' id='word_1_774' title='bbox 3409 4848 3562 4916; x_wconf 79' lang='lat' dir='ltr'><strong>Quod</strong></span> <span class='ocrx_word' id='word_1_775' title='bbox 3600 4846 3645 4901; x_wconf 81' lang='lat' dir='ltr'><strong>si</strong></span> <span class='ocrx_word' id='word_1_776' title='bbox 3681 4845 3753 4900; x_wconf 80' lang='lat' dir='ltr'><strong>ad</strong></span> 
     </span>
    </p>
   </div>
   <div class='ocr_carea' id='block_1_109' title="bbox 2176 4932 3753 5031">
    <p class='ocr_par' dir='ltr' id='par_1_109' title="bbox 2176 4932 3753 5031">
     <span class='ocr_line' id='line_1_109' title="bbox 2176 4932 3753 5031; baseline -0.019 -14"><span class='ocrx_word' id='word_1_777' title='bbox 2176 4958 2549 5031; x_wconf 84' lang='lat' dir='ltr'><strong>apostolicam</strong></span> <span class='ocrx_word' id='word_1_778' title='bbox 2596 4953 2809 5015; x_wconf 86' lang='lat' dir='ltr'><strong>sedem,</strong></span> <span class='ocrx_word' id='word_1_779' title='bbox 2845 4948 2916 5009; x_wconf 69' lang='lat' dir='ltr'><strong>,in</strong></span> <span class='ocrx_word' id='word_1_780' title='bbox 2970 4959 3079 5013; x_wconf 86' lang='lat' dir='ltr'><strong>qua</strong></span> <span class='ocrx_word' id='word_1_781' title='bbox 3123 4942 3226 5031; x_wconf 87' lang='lat' dir='ltr'><strong>rite</strong></span> <span class='ocrx_word' id='word_1_782' title='bbox 3271 4932 3753 5031; x_wconf 53' lang='lat' dir='ltr'><strong>ordinati»._1p3ritis</strong></span> 
     </span>
    </p>
   </div>
   <div class='ocr_carea' id='block_1_110' title="bbox 2200 5022 3754 5112">
    <p class='ocr_par' dir='ltr' id='par_1_110' title="bbox 2200 5022 3754 5112">
     <span class='ocr_line' id='line_1_110' title="bbox 2200 5022 3754 5112; baseline -0.018 -8"><span class='ocrx_word' id='word_1_783' title='bbox 2200 5022 2343 5103; x_wconf 72' lang='lat' dir='ltr'><strong>beati</strong></span> <span class='ocrx_word' id='word_1_784' title='bbox 2383 5044 2528 5099; x_wconf 87' lang='lat' dir='ltr'><strong>Petri</strong></span> <span class='ocrx_word' id='word_1_785' title='bbox 2562 5039 2787 5112; x_wconf 84' lang='lat' dir='ltr'><strong>apostoli</strong></span> <span class='ocrx_word' id='word_1_786' title='bbox 2826 5033 3078 5090; x_wconf 89' lang='lat' dir='ltr'><strong>meliores</strong></span> <span class='ocrx_word' id='word_1_787' title='bbox 3098 5030 3422 5087; x_wconf 78' lang='lat' dir='ltr'><strong>efﬁciuntur.</strong></span> <span class='ocrx_word' id='word_1_788' title='bbox 3447 5024 3544 5094; x_wconf 82' lang='lat' dir='ltr'><strong>qui</strong></span> <span class='ocrx_word' id='word_1_789' title='bbox 3579 5022 3754 5079; x_wconf 76' lang='lat' dir='ltr'><strong>Deum</strong></span> 
     </span>
    </p>
   </div>
   <div class='ocr_carea' id='block_1_111' title="bbox 2200 5113 3756 5195">
    <p class='ocr_par' dir='ltr' id='par_1_111' title="bbox 2200 5113 3756 5195">
     <span class='ocr_line' id='line_1_111' title="bbox 2200 5113 3756 5195; baseline -0.018 -2"><span class='ocrx_word' id='word_1_790' title='bbox 2200 5139 2393 5193; x_wconf 86' lang='lat' dir='ltr'><strong>timent</strong></span> <span class='ocrx_word' id='word_1_791' title='bbox 2430 5132 2602 5188; x_wconf 90' lang='lat' dir='ltr'><strong>coacti</strong></span> <span class='ocrx_word' id='word_1_792' title='bbox 2655 5142 2779 5184; x_wconf 89' lang='lat' dir='ltr'><strong>cum</strong></span> <span class='ocrx_word' id='word_1_793' title='bbox 2817 5135 3014 5195; x_wconf 87' lang='lat' dir='ltr'><strong>magno</strong></span> <span class='ocrx_word' id='word_1_794' title='bbox 3058 5122 3253 5175; x_wconf 86' lang='lat' dir='ltr'><strong>timore</strong></span> <span class='ocrx_word' id='word_1_795' title='bbox 3287 5116 3537 5195; x_wconf 79' lang='lat' dir='ltr'><strong>veniunt;</strong></span> <span class='ocrx_word' id='word_1_796' title='bbox 3563 5113 3631 5169; x_wconf 86' lang='lat' dir='ltr'><strong>ad</strong></span> <span class='ocrx_word' id='word_1_797' title='bbox 3665 5127 3756 5168; x_wconf 81' lang='lat' dir='ltr'><strong>re-</strong></span> 
     </span>
    </p>
   </div>
   <div class='ocr_carea' id='block_1_112' title="bbox 2204 5191 3754 5299">
    <p class='ocr_par' dir='ltr' id='par_1_112' title="bbox 2204 5191 3754 5299">
     <span class='ocr_line' id='line_1_112' title="bbox 2204 5191 3754 5299; baseline -0.019 -15"><span class='ocrx_word' id='word_1_798' title='bbox 2204 5191 2296 5299; x_wconf 82' lang='lat' dir='ltr'><strong>gni</strong></span> <span class='ocrx_word' id='word_1_799' title='bbox 2341 5224 2538 5279; x_wconf 88' lang='lat' dir='ltr'><strong>solium</strong></span> <span class='ocrx_word' id='word_1_800' title='bbox 2580 5233 2704 5275; x_wconf 88' lang='lat' dir='ltr'><strong>cum</strong></span> <span class='ocrx_word' id='word_1_801' title='bbox 2748 5191 2949 5285; x_wconf 76' lang='lat' dir='ltr'><strong>quanto</strong></span> <span class='ocrx_word' id='word_1_802' title='bbox 2996 5211 3191 5265; x_wconf 88' lang='lat' dir='ltr'><strong>timore</strong></span> <span class='ocrx_word' id='word_1_803' title='bbox 3230 5222 3296 5262; x_wconf 88' lang='lat' dir='ltr'><strong>ac</strong></span> <span class='ocrx_word' id='word_1_804' title='bbox 3324 5191 3558 5261; x_wconf 69' lang='lat' dir='ltr'><strong>tremore</strong></span> <span class='ocrx_word' id='word_1_805' title='bbox 3596 5214 3754 5299; x_wconf 63' lang='lat' dir='ltr'><strong>acce-</strong></span> 
     </span>
    </p>
   </div>
   <div class='ocr_carea' id='block_1_113' title="bbox 2204 5288 3757 5376">
    <p class='ocr_par' dir='ltr' id='par_1_113' title="bbox 2204 5288 3757 5376">
     <span class='ocr_line' id='line_1_113' title="bbox 2204 5288 3757 5376; baseline -0.018 -5"><span class='ocrx_word' id='word_1_806' title='bbox 2204 5288 2440 5371; x_wconf 73' lang='lat' dir='ltr'><strong>dendum</strong></span> <span class='ocrx_word' id='word_1_807' title='bbox 2457 5318 2562 5375; x_wconf 86' lang='lat' dir='ltr'><strong>est,</strong></span> <span class='ocrx_word' id='word_1_808' title='bbox 2585 5309 2642 5363; x_wconf 91' lang='lat' dir='ltr'><strong>in</strong></span> <span class='ocrx_word' id='word_1_809' title='bbox 2663 5320 2774 5376; x_wconf 83' lang='lat' dir='ltr'><strong>quo</strong></span> <span class='ocrx_word' id='word_1_810' title='bbox 2794 5305 2958 5359; x_wconf 88' lang='lat' dir='ltr'><strong>etiam</strong></span> <span class='ocrx_word' id='word_1_811' title='bbox 2982 5298 3113 5355; x_wconf 89' lang='lat' dir='ltr'><strong>boni</strong></span> <span class='ocrx_word' id='word_1_812' title='bbox 3140 5304 3195 5352; x_wconf 87' lang='lat' dir='ltr'><strong>et</strong></span> <span class='ocrx_word' id='word_1_813' title='bbox 3232 5296 3467 5352; x_wconf 85' lang='lat' dir='ltr'><strong>humiles</strong></span> <span class='ocrx_word' id='word_1_814' title='bbox 3510 5292 3678 5363; x_wconf 85' lang='lat' dir='ltr'><strong>(sicut</strong></span> <span class='ocrx_word' id='word_1_815' title='bbox 3698 5288 3757 5347; x_wconf 71' lang='lat' dir='ltr'><strong>in</strong></span> 
     </span>
    </p>
   </div>
   <div class='ocr_carea' id='block_1_114' title="bbox 2208 5384 3760 5465">
    <p class='ocr_par' dir='ltr' id='par_1_114' title="bbox 2208 5384 3760 5465">
     <span class='ocr_line' id='line_1_114' title="bbox 2208 5384 3760 5465; baseline -0.016 -8"><span class='ocrx_word' id='word_1_816' title='bbox 2208 5404 2336 5459; x_wconf 90' lang='lat' dir='ltr'><strong>Saul</strong></span> <span class='ocrx_word' id='word_1_817' title='bbox 2383 5410 2438 5457; x_wconf 91' lang='lat' dir='ltr'><strong>et</strong></span> <span class='ocrx_word' id='word_1_818' title='bbox 2476 5397 2653 5465; x_wconf 34' lang='lat' dir='ltr'><strong>David.</strong></span> <span class='ocrx_word' id='word_1_819' title='bbox 2676 5390 3037 5465; x_wconf 85' lang='lat' dir='ltr'><strong>cognoscitur)</strong></span> <span class='ocrx_word' id='word_1_820' title='bbox 3076 5387 3367 5447; x_wconf 85' lang='lat' dir='ltr'><strong>deteriores</strong></span> <span class='ocrx_word' id='word_1_821' title='bbox 3427 5384 3593 5446; x_wconf 81' lang='lat' dir='ltr'><strong>ﬁunt;</strong></span> <span class='ocrx_word' id='word_1_822' title='bbox 3630 5395 3760 5436; x_wconf 86' lang='lat' dir='ltr'><strong>nam</strong></span> 
     </span>
    </p>
   </div>
   <div class='ocr_carea' id='block_1_115' title="bbox 2207 5474 3762 5563">
    <p class='ocr_par' dir='ltr' id='par_1_115' title="bbox 2207 5474 3762 5563">
     <span class='ocr_line' id='line_1_115' title="bbox 2207 5474 3762 5563; baseline -0.014 -17"><span class='ocrx_word' id='word_1_823' title='bbox 2207 5493 2351 5563; x_wconf 89' lang='lat' dir='ltr'><strong>quod</strong></span> <span class='ocrx_word' id='word_1_824' title='bbox 2394 5492 2462 5547; x_wconf 86' lang='lat' dir='ltr'><strong>de</strong></span> <span class='ocrx_word' id='word_1_825' title='bbox 2487 5486 2786 5557; x_wconf 87' lang='lat' dir='ltr'><strong>apostolica</strong></span> <span class='ocrx_word' id='word_1_826' title='bbox 2808 5480 2942 5545; x_wconf 81' lang='lat' dir='ltr'><strong>sede</strong></span> <span class='ocrx_word' id='word_1_827' title='bbox 2971 5478 3388 5547; x_wconf 70' lang='lat' dir='ltr'><strong>praelibavimus,</strong></span> <span class='ocrx_word' id='word_1_828' title='bbox 3429 5474 3484 5527; x_wconf 89' lang='lat' dir='ltr'><strong>in</strong></span> <span class='ocrx_word' id='word_1_829' title='bbox 3528 5477 3762 5527; x_wconf 70' lang='lat' dir='ltr'><strong>decretis</strong></span> 
     </span>
    </p>
   </div>
   <div class='ocr_carea' id='block_1_116' title="bbox 2206 5563 3763 5650">
    <p class='ocr_par' dir='ltr' id='par_1_116' title="bbox 2206 5563 3763 5650">
     <span class='ocr_line' id='line_1_116' title="bbox 2206 5563 3763 5650; baseline -0.015 -13"><span class='ocrx_word' id='word_1_830' title='bbox 2206 5582 2348 5637; x_wconf 88' lang='lat' dir='ltr'><strong>beati</strong></span> <span class='ocrx_word' id='word_1_831' title='bbox 2381 5576 2691 5650; x_wconf 86' lang='lat' dir='ltr'><strong>Symmachi</strong></span> <span class='ocrx_word' id='word_1_832' title='bbox 2731 5586 2882 5642; x_wconf 65' lang='lat' dir='ltr'><strong>papa</strong></span> <span class='ocrx_word' id='word_1_833' title='bbox 2918 5568 3065 5640; x_wconf 84' lang='lat' dir='ltr'><strong>(licet</strong></span> <span class='ocrx_word' id='word_1_834' title='bbox 3093 5567 3461 5638; x_wconf 80' lang='lat' dir='ltr'><strong>experimento</strong></span> <span class='ocrx_word' id='word_1_835' title='bbox 3498 5563 3763 5650; x_wconf 54' lang='lat' dir='ltr'><strong>sciamus!</strong></span> 
     </span>
    </p>
   </div>
   <div class='ocr_carea' id='block_1_117' title="bbox 2207 5647 3767 5729">
    <p class='ocr_par' dir='ltr' id='par_1_117' title="bbox 2207 5647 3767 5729">
     <span class='ocr_line' id='line_1_117' title="bbox 2207 5647 3767 5729; baseline -0.015 -3"><span class='ocrx_word' id='word_1_836' title='bbox 2207 5673 2286 5726; x_wconf 90' lang='lat' dir='ltr'><strong>sic</strong></span> <span class='ocrx_word' id='word_1_837' title='bbox 2328 5647 2671 5725; x_wconf 77' lang='lat' dir='ltr'><strong>continetur:</strong></span> <span class='ocrx_word' id='word_1_838' title='bbox 2703 5663 2790 5716; x_wconf 89' lang='lat' dir='ltr'><strong>ille</strong></span> <span class='ocrx_word' id='word_1_839' title='bbox 2824 5659 3025 5714; x_wconf 88' lang='lat' dir='ltr'><strong>scilicet</strong></span> <span class='ocrx_word' id='word_1_840' title='bbox 3068 5659 3271 5729; x_wconf 85' lang='lat' dir='ltr'><strong>beatus</strong></span> <span class='ocrx_word' id='word_1_841' title='bbox 3521 5647 3767 5724; x_wconf 51' lang='grc' dir='ltr'><strong>βαι-ηε]</strong></span> 
     </span>
    </p>
   </div>
   <div class='ocr_carea' id='block_1_118' title="bbox 3594 5934 3952 6368">
    <p class='ocr_par' dir='ltr' id='par_1_118' title="bbox 3594 5934 3952 6368">
     <span class='ocr_line' id='line_1_118' title="bbox 3594 5934 3952 6368; baseline -0.011 -77"><span class='ocrx_word' id='word_1_842' title='bbox 3594 5958 3952 6368; x_wconf 45' lang='grc' dir='ltr'>,Α</span> 
     </span>
    </p>
   </div>
  </div>
