3952 6370
153 371 240 424 601

152 568 338 633 centh
360 556 514 619 misit
553 565 619 618 ad
656 573 922 633 posteros.
971 583 989 613 ι
1017 562 1082 617 Et
1114 572 1235 633 post
1253 580 1464 633 pauca:
1505 586 1524 617 ί
1567 566 1700 632 Quis

152 658 290 714 enim
312 663 564 710 sanctum
591 669 713 708 esse
745 654 953 707 dubitet
976 668 1136 722 quem
1159 668 1292 721 apex
1331 662 1494 709 tantae
1524 654 1691 724 digni.

152 748 271 801 tatis
289 739 520 799 attollit?
546 744 602 797 in
621 759 730 813 quo
756 743 804 797 si
830 742 1005 796 desint
1023 742 1163 798 bona
1194 743 1455 812 acquisita
1474 758 1571 813 per
1591 758 1704 797 me-

150 838 333 900 ritum,
360 833 700 888 suiﬁciuntur
718 847 839 902 quae
865 847 896 886 a
934 831 1040 886 loci
1060 832 1341 886 decessore
1359 840 1699 902 praestantur.

151 924 253 979 Aut
281 925 429 979 enim
460 924 636 978 claros
678 922 745 977 ad
772 922 886 976 haec
913 920 1127 992 fastigia
1167 922 1449 991 erigit,aut
1478 937 1573 975 cos
1609 922 1704 991 qui

149 1015 430 1084 eriguntur
442 1014 735 1068 illustrat.)
757 1011 1093 1081 Quapropter
1104 1026 1241 1080 quos
1261 1019 1443 1065 sancta
1466 1006 1703 1065 Ecclesia

152 1118 244 1158 sua
278 1111 474 1171 sponte
498 1103 565 1156 ad
591 1102 829 1171 regimen
847 1102 931 1155 vel
960 1101 1243 1170 imperium
1268 1101 1561 1155 deliberata
1582 1109 1706 1155 c'on—

152 1192 271 1247 silio
296 1193 552 1257 advocat,
598 1191 716 1263 [iis]
737 1207 846 1246 non
881 1207 981 1261 pro
1026 1191 1334 1245 transitoria
1372 1191 1571 1261 gloria,
1610 1191 1704 1245 sed

152 1296 246 1353 pro
270 1283 568 1338 multorum
597 1283 798 1348 salute,
826 1282 1099 1336 humiliter
1118 1281 1391 1348 ohediant,
1419 1290 1473 1336 et
1497 1296 1707 1350 semper

152 1380 374 1425 caveant
397 1372 545 1440 quod
565 1373 755 1427 beatus
778 1371 1069 1441 Gregorius
1099 1371 1153 1424 in
1173 1369 1370 1441 eodem
1387 1369 1551 1425 Libro
1570 1369 1703 1426 Pas-

154 1461 305 1514 torali
330 1469 590 1515 testatur:
626 1463 897 1530 Apostatze
916 1460 1111 1529 quippe
1146 1460 1336 1529 angelo
1370 1459 1566 1515 similis
1590 1460 1705 1515 clli-

153 1550 311 1618 citur,
335 1550 467 1605 dum
497 1550 662 1604 homo
683 1550 994 1607 hominibus
1033 1564 1153 1603 esse
1179 1537 1466 1624 simul_AU.,
1489 1549 1705 1621 similis]

153 1637 489 1710 dedignatur.
546 1638 637 1693 Sic
677 1639 806 1693 Sani
834 1647 955 1708 post
996 1637 1311 1693 humilitatis
1356 1639 1607 1693 meritum
1649 1640 1703 1693 in

155 1738 419 1783 tumorem
453 1729 717 1799 superbiae
740 1729 973 1782 culmine
1002 1728 1285 1797 potestatis
1310 1729 1562 1784 excrevit.
1603 1727 1704 1785 Per

156 1819 509 1873 humilitatem
551 1818 759 1888 quippe
799 1818 1054 1887 praelatus
1098 1825 1209 1883 est,
1257 1834 1353 1887 per
1396 1819 1703 1888 superbiam
1736 1800 1779 1855 Β

152 1908 490 1976 reprobatus,
516 1907 744 1961 Domino
768 1914 1071 1973 attestante,
1099 1906 1193 1975 qui
1217 1906 1330 1960 ait:
1370 1904 1555 1961 Nonne
1586 1924 1705 1962 curn

154 2011 283 2048 esses
314 1995 569 2065 parvulus
610 1995 667 2049 in
698 1994 865 2048 oculis
892 1996 1016 2061 tuis,
1067 2003 1224 2065 caput
1265 2003 1314 2049 te
1360 1997 1607 2050 constitui
1649 1997 1706 2051 in

156 2084 387 2137 tribubus
414 2083 626 2139 Israel?
643 2082 699 2156 (1
724 2084 845 2155 Reg.
874 2082 988 2154 xv.)
1010 2081 1077 2137 Et
1101 2074 1263 2154 paulo
1288 2083 1541 2140 inferius:
1570 2084 1706 2142 Miro

158 2181 334 2228 autem
356 2175 521 2228 modo
547 2189 671 2228 cum
701 2175 841 2244 apud
869 2189 927 2229 se
950 2174 1224 2243 parvulus,
1253 2175 1393 2243 apud
1418 2173 1705 2230 Dominum

159 2248 416 2334 magnus;
444 2281 570 2321 eum
598 2279 727 2320 vero
761 2266 901 2334 apud
932 2280 991 2321 se
1014 2279 1241 2334 magnus
1260 2266 1528 2334 apparuit,
1563 2269 1706 2339 apud

156 2351 439 2408 Dominum
461 2356 717 2424 parvulus
744 2356 864 2411 fuit.
890 2350 1185 2426 Vigilan'ter
1204 2351 1419 2425 quoque
1445 2360 1708 2416 retineant

154 2444 292 2511 quod
320 2443 586 2501 Dominus
635 2447 689 2498 in
752 2445 1039 2516 Evangelio
1093 2443 1222 2499 dicit
1249 2462 1263 2499 :
1292 2444 1429 2516 Ego
1479 2446 1704 2516 gloriam

156 2548 317 2586 meam
354 2550 458 2587 non
487 2550 663 2603 quam
701 2534 879 2605 (Joan.
912 2535 1073 2603 vm);
1122 2541 1211 2589 et:
1264 2534 1369 2599 Qui
1417 2536 1527 2590 vult
1570 2538 1706 2595 inter

154 2639 238 2675 ros
264 2639 374 2677 esse
397 2625 626 2693 primus,
650 2628 717 2679 sit
740 2626 969 2679 omnium
997 2640 1173 2678 servus
1194 2623 1386 2697 (Marc.
1414 2627 1490 2696 ι).
1518 2625 1704 2684 Hono-

155 2728 263 2766 rem
291 2712 385 2767 Dei
408 2728 620 2785 semper
642 2730 742 2769 suo
769 2722 1102 2784 praeponam,
1125 2712 1389 2782 justitiam
1417 2716 1707 2788 unicuique

154 2794 307 2856 suum
337 2805 606 2860 servando
633 2805 724 2874 jus
752 2793 1144 2875 amplectantur
1172 2814 1333 2874 atque
1359 2808 1664 2864 custodiant
1688 2829 1703 2877 ;

154 2908 258 2948 non
287 2902 418 2947 eant
440 2894 495 2947 in
521 2895 749 2950 consilio
777 2895 1087 2964 impiorum,
1128 2896 1223 2950 sed
1267 2896 1531 2965 religiosis
1559 2911 1704 2953 sem-

154 2997 245 3051 per
290 2983 688 3051 acquiescendo
733 2984 895 3038 corde
939 2984 1277 3049 adhaereant;
1320 2992 1561 3038 sanctam
1596 2984 1702 3041 Ec-

152 3072 366 3128 clesiam
391 3068 504 3127 non
530 3083 775 3143 quaram
810 3074 950 3130 sicut
999 3074 1248 3130 ancillam
1280 3075 1382 3129 sibi
1439 3075 1704 3145 subjicere

154 3163 233 3216 vel
269 3156 581 3235 subjugare,
610 3164 703 3219 sed
724 3165 1054 3235 permaxime
1082 3160 1270 3220 oculos
1293 3161 1433 3232 illos,
1459 3165 1704 3222 videlicet

155 3250 363 3307 Domini
416 3252 742 3317 sacerdotes,
794 3254 1080 3324 magistros
1129 3263 1183 3308 et
1231 3264 1412 3323 patres
1447 3272 1705 3327 recogno—

151 3344 348 3397 scendo
373 3343 624 3398 decenter
650 3342 893 3397 studeant
927 3343 1209 3397 honorare.
1235 3342 1368 3397 Nam
1391 3344 1436 3397 si
1465 3345 1706 3400 carnales

152 3441 327 3501 patres
349 3442 407 3489 et
437 3442 637 3510 matres
663 3433 930 3487 honorare
962 3432 1236 3502 jubemur,
1290 3441 1494 3502 quanto
1533 3435 1706 3504 magis

152 3524 512 3591 spirituales'!
543 3522 611 3577 Et
646 3510 701 3578 si
747 3523 836 3578 ille
862 3523 956 3593 qui
1012 3523 1215 3577 carnali
1250 3522 1387 3592 patri
1422 3523 1507 3577 vel
1546 3523 1705 3577 matri

154 3612 486 3666 maledixerit
511 3620 682 3671 morte
703 3611 1012 3668 multandus
1033 3622 1136 3677 est,
1158 3612 1286 3681 quid
1310 3613 1397 3666 ille
1423 3612 1517 3683 qui
1542 3613 1706 3667 male—

152 3700 281 3755 dicit
307 3699 576 3770 spirituali
603 3699 742 3769 patri
768 3699 852 3753 vel
874 3700 1034 3753 matri
1064 3702 1340 3755 meretur?
1363 3700 1479 3756 Non
1506 3702 1707 3756 carnali

126 3803 334 3845 .atnore
384 3790 551 3847 illecti
586 3789 836 3846 studeant
884 3788 1052 3844 ﬁlium
1081 3805 1239 3845 suum
1266 3791 1432 3861 gregi,
1478 3807 1576 3861 pro
1599 3806 1708 3862 quo

151 3877 404 3934 Christus
452 3880 767 3949 sanguinem
816 3895 975 3934 suum
1023 3878 1161 3955 fudit
1183 3919 1199 3945 ,
1253 3891 1604 3949 praponére,
1658 3880 1753 3938 εἰ..

153 3967 431 4022 meliorem
458 3966 551 4020 illo
573 3974 629 4020 et
652 3966 917 4021 utiliorem
937 3973 1166 4035 possunt
1184 3966 1453 4034 invenire;
1476 3984 1565 4035 ne,
1585 3970 1708 4039 plus

152 4054 260 4111 Deo
303 4055 580 4126 diligendo
625 4055 816 4121 lilium,
867 4056 1162 4110 maximum
1213 4064 1413 4111 sanctae
1454 4056 1707 4113 Ecclesiae

150 4145 383 4201 inferant
403 4145 805 4200 detrimentum.
828 4144 1077 4199 Patenter
1096 4145 1238 4200 enim
1260 4144 1427 4199 Deum
1448 4154 1501 4200 et
1522 4148 1706 4216 proxi-

110 4268 115 4273 ~
152 4252 300 4291 mum
323 4236 492 4307 (sicut
526 4234 897 4291 Christianum
942 4234 1172 4305 oportet)
1207 4251 1315 4295 non
1352 4252 1534 4291 amare
1574 4253 1705 4294 con-

144 4323 405 4392 vincitur,
463 4324 559 4395 qui
608 4331 771 4379 tanta:
822 4324 1062 4391 utilitati,
1115 4334 1335 4394 tamque
1390 4328 1709 4382 necessariae

104 4474 115 4493 ί
146 4426 352 4472 unctae
384 4416 547 4470 matri
573 4414 826 4470 Ecclesiae
853 4401 1041 4483 (prout'
1058 4415 1251 4468 melius
1273 4415 1467 4485 putest)
1491 4418 1708 4488 negligit

151 4507 453 4576 providere.
503 4504 615 4559 Hae
655 4518 888 4571 namque
933 4503 1149 4568 virtute,
1192 4503 1245 4558 id
1291 4513 1374 4559 est
1426 4508 1702 4575 charitate,

150 4595 418 4664 neglecta,
447 4593 708 4663 quidquid
742 4593 871 4648 boni
908 4594 1104 4663 aliquis
1125 4594 1310 4651 fecerit
1339 4596 1486 4650 omni
1518 4599 1705 4653 salutis

149 4680 328 4738 fructu
384 4683 608 4739 carebit.
665 4681 789 4749 Han;
830 4683 1011 4755 itaque
1058 4686 1331 4741 humiliter
1374 4687 1598 4756 agendo,
1651 4696 1705 4743 et

150 4788 393 4830 altorem
436 4773 533 4829 Dei
555 4781 608 4828 et
653 4760 903 4847 proximi,
952 4777 1093 4829 sicut
1142 4784 1367 4844 oportet,
1421 4775 1700 4842 servndo,

148 4872 487 4936 praesumant
514 4864 581 4917 de
602 4864 753 4919 illius
772 4852 1160 4927 misericordia,
1190 4864 1283 4931 qui
1309 4863 1443 4917 dixit
1466 4881 1481 4918 :
1506 4863 1703 4919 Discite

146 4966 183 5036 ρ
205 4970 288 5008 nte
316 4938 461 5023 ,qaia
494 4953 639 5004 mitis
684 4967 800 5019 sum
836 4960 886 5003 et
923 4951 1137 5036 humilis
1180 4953 1335 5007 corde
1355 4954 1569 5024 (Matth.
1600 4960 1695 5026 ιι).

346 5043 395 5097 si
422 5041 698 5097 humiliter
724 5040 916 5095 imitati
934 5032 1152 5108 fuerint,
1175 5044 1241 5098 de
1266 5059 1429 5115 regno
1446 5047 1623 5101 servili
1648 5056 1704 5102 et

150 5120 451 5191 transiture
478 5132 792 5201 rid-regnum
822 5146 960 5186 verae
986 5131 1251 5189 libertatis
1288 5143 1343 5188 et
1391 5136 1702 5192 aternitatis

146 5202 477 5274 trabsibntit.
938 5235 959 5261 ‘-

212 5302 347 5365 Data
376 5308 564 5365 Idibus
583 5308 803 5367 Martiis,

214 5583 361 5654 (405)
402 5564 752 5654 δεήόώξᾴιηη
778 5589 1009 5642 arbitror
1030 5580 1291 5640 tumorem
1325 5603 1336 5638 :
1365 5586 1539 5639 omnia
1556 5598 1699 5654 enim

381 5653 453 5705 ad
476 5650 850 5708 [ieiunitatem
945 5674 960 5679 -
1122 5722 1123 5725 η
1550 5649 1602 5664 π’
1660 5683 1663 5687 .

1167 362 1367 419 LIBER
1400 361 1737 422 OCTAVUS.
1775 354 1845 407 ἑὲ-
1879 365 2094 423 EPIS'I'.
2130 366 2293 422 XXII.

151 492 433 550 perennem
472 474 796 530 ineritorum
823 475 1002 530 dotem
1039 490 1162 529 cum
1200 476 1510 532 haereditate
1545 478 1701 532 lnno-
1730 478 1775 535 Α

2311 477 2640 535 EPISTOLA
2675 479 2834 535 XXII.

2351 587 2417 624 AD
2455 589 2505 624 Δ.
2515 610 2528 623 .
2538 611 2551 623 .
2592 586 2784 624 σιιιλιι.

2374 659 2551 737 (Anno
2593 659 2770 729 1081).

1804 746 1977 816 Monet
2027 755 2084 799 ut
2131 757 2333 801 terrena
2386 748 2671 816 despiciat,
2736 746 3069 816 talestiaque
3116 754 3343 815 appetat.

1868 815 2128 887 Hortatur
2170 825 2228 869 ut
2277 818 2408 887 regis
2454 814 2687 887 conjugis
2730 814 3071 887 animuinLad
3119 831 3347 868 amorem

1869 884 2103 937 divinum
2164 882 2464 950 attrahere,
2525 882 2720 939 sancta:
2782 882 3032 937 Ecclesia
3096 892 3347 952 quantum

1870 961 2035 1073 ptot‘e’st
2060 954 2328 1072 'prodesse,
2365 954 2637 1023 omniaque
2661 953 2938 1007 charitatis
2978 951 3134 1020 opera
3160 951 3349 1004 sectari

1871 1038 1895 1073 s
1922 1038 1954 1073 ιι
1992 1038 2053 1073 ea
2083 1060 2096 1073 .

1871 1030 2096 1074 studeat.

1842 1108 2174 1165 'Gasconws
2202 1113 2506 1181 cpiscopus,
2537 1127 2725 1166 servus
2758 1124 3032 1165 servorum
3072 1108 3185 1172 Dei,

1802 1201 2159 1256 dilectissime).
2189 1202 2241 1254 in
2268 1200 2486 1256 Christo
2510 1201 2650 1267 tiliae,
2679 1200 2904 1255 salutem
2923 1207 2977 1253 et
3002 1198 3351 1267 apostolicam

1801 1291 2249 1345 benedictionem.
3224 1300 3227 1305 ί

1871 1381 2008 1447 Quia
2061 1382 2129 1436 ob
2177 1380 2527 1435 reverentiam
2583 1378 2726 1433 beati
2783 1376 2959 1432 Petri
2992 1373 3353 1447 apostolorum

1803 1471 2061 1541 principis
2081 1472 2280 1541 rogasti
2299 1480 2360 1525 ut
2379 1471 2585 1525 litteras
2606 1484 2769 1523 manu
2802 1474 2987 1521 nostra
3008 1467 3237 1534 scriptas
3257 1481 3356 1519 ex-

1805 1561 2060 1616 cellentia:
2080 1570 2186 1615 tua;
2216 1562 2492 1615 mittamus
2508 1601 2523 1626 ,
2544 1546 2813 1615 devotioni
2833 1566 2939 1611 tua:
2966 1556 3373 1624 acquievimus-
3403 1583 3406 1586 ~

1806 1650 1900 1706 His
1929 1652 2091 1705 etiam
2112 1660 2162 1705 te
2181 1666 2465 1705 mouemus
2494 1658 2556 1703 ut
2586 1662 2927 1717 summopere
2957 1660 3212 1716 procures
3236 1658 3358 1713 qua

1807 1751 1935 1797 sunt
1947 1752 2159 1797 terrena
2177 1750 2230 1797 et
2241 1740 2551 1797 transitoria
2571 1739 2864 1808 despicere,
2887 1746 2942 1792 et
2954 1736 3190 1793 coelestia
3212 1743 3349 1790 teter

1803 1850 1981 1903 naque
2020 1849 2232 1903 semper
2271 1840 2539 1902 appetere.
2584 1829 2769 1884 Scribe
2808 1830 2862 1882 in
2904 1828 3063 1883 corde
3102 1835 3195 1881 tuo
3233 1826 3359 1896 quia

1803 1939 2015 1979 summa
2034 1924 2217 1994 regina
2236 1922 2378 1988 coeli,
2399 1936 2520 1992 qua:
2538 1935 2701 1989 super
2720 1934 2908 1974 omnes
2929 1918 3122 1971 choros
3141 1915 3361 1984 angelo-

1803 2030 1925 2068 rum
1945 2015 2175 2069 exaltata
2204 2028 2327 2068 esse
2354 2012 2611 2077 creditur,
2648 2025 2771 2080 qua
2807 2016 2892 2065 est
2910 2009 3076 2063 decus
3104 2015 3160 2061 ct
3192 2005 3360 2076 gloria

1802 2105 2047 2161 omnium
2086 2104 2406 2169 mulierum,
2428 2101 2539 2156 imo
2559 2100 2723 2163 salus
2752 2106 2808 2155 et
2833 2098 3084 2153 nobilitas
3118 2095 3361 2150 omnium

1803 2196 2096 2251 electorum
2114 2212 2129 2261 ;
2154 2194 2282 2263 quia
2302 2192 2394 2247 illa
2416 2193 2531 2247 sola
2549 2190 2745 2247 meruit
2763 2184 2915 2260 ‘virgo
2932 2196 2987 2244 et
3004 2195 3176 2242 mater
3202 2184 3363 2240 edere

1803 2276 2119 2341 naturaliter
2138 2283 2307 2338 Deum
2327 2290 2382 2337 et
2399 2281 2675 2336 hominem
2695 2282 2712 2345 ,
2735 2285 2900 2349 caput
2917 2284 2972 2332 et
2988 2276 3097 2331 vita
3118 2272 3362 2330 omnium

1801 2378 2099 2441 bonorum;
2142 2375 2199 2428 in
2238 2373 2397 2429 terris
2417 2386 2526 2426 non
2548 2369 2831 2439 dedignata
2859 2376 2943 2429 est
2968 2378 3255 2436 pauperem
3286 2363 3365 2417 vi-

1799 2476 1910 2521 tam
1930 2480 2133 2536 gerere,
2151 2472 2205 2520 et
2222 2464 2276 2517 in
2298 2462 2447 2517 omni
2466 2467 2652 2516 sancta
2673 2457 3047 2513 humilitatese
3065 2454 3338 2511 custodire

1800 2559 2013 2625 Quanto
2031 2556 2175 2611 enim
2195 2555 2358 2623 hujus
2378 2554 2503 2610 vitae
2522 2551 2692 2621 gloria
2713 2550 2993 2619 queritur,
3013 2555 3163 2602 tanto
3180 2544 3363 2599 minus

1802 2650 1998 2705 futurae
2016 2648 2370 2703 desideratur.
2392 2644 2487 2699 111a
2507 2644 2649 2699 enim
2667 2642 2862 2697 mulier
2882 2655 3008 2696 vere
3029 2637 3169 2708 apud
3190 2636 3363 2691 Deum

1803 2741 1986 2811 regina
2008 2738 2225 2803 dicitur,
2249 2750 2371 2806 quae
2400 2750 2581 2789 mores
2610 2747 2739 2789 suos
2772 2731 2828 2787 in
2861 2730 3056 2786 timore
3089 2735 3145 2783 et
3180 2740 3365 2781 amore

1802 2830 2006 2883 Christi
2027 2828 2352 2882 moderatur.
2378 2823 2507 2879 Inde
2539 2823 2598 2877 tit
2627 2831 2691 2876 ut
2718 2829 2921 2876 sancta:
2941 2818 3214 2882 mulieres,
3238 2814 3364 2869 licet

1802 2919 1857 2972 in
1880 2919 1983 2971 hac
2013 2917 2119 2969 vita
2152 2914 2353 2969 fuerint
2376 2911 2744 2983 pauperculae,
2786 2909 2841 2962 in
2860 2908 3021 2983 .ctelo
3051 2905 3183 2959 etin
3218 2913 3363 2957 terra

1803 2996 2194 3077 gloriﬁcentur;
2230 3010 2284 3057 et
2312 3002 2497 3057 multa
2529 3000 2835 3063 saeculares,
2858 2997 3019 3051 etiam
3052 2994 3249 3065 reginae
3275 2994 3363 3049 vel

1730 3119 1770 3174 ο
1803 3084 2365 3187 ἰωρεταιιιίοεέλβριιὰ
2397 3092 2565 3147 Deum
2592 3098 2647 3146 et
2674 3089 2921 3145 homines
2942 3102 3042 3142 nec
3060 3087 3256 3141 bonam
3278 3085 3361 3140 la-

1803 3206 1954 3262 mam
1966 3189 2163 3243 habere
2180 3182 2507 3252 mercantur.
2530 3182 2802 3252 Rogamus
2823 3195 2952 3248 ergo
2972 3187 3025 3233 te
3045 3186 3202 3246 atque
3224 3192 3362 3245 pra:—

1802 3281 2029 3350 cipimus
2052 3287 2111 3333 ut
2142 3266 2355 3346 semper
2375 3265 2593 3328 studeas
2621 3272 2860 3325 animum
2886 3268 3089 3323 domini
3120 3268 3198 3320 tui
3220 3264 3361 3335 regis

1802 3369 2109 3426 eharissimi
2137 3366 2231 3421 lilii
2261 3364 2431 3440 nostri
2464 3362 2531 3416 ad
2562 3362 2809 3414 timorem
2831 3368 2884 3413 et
2904 3373 3142 3413 amorem
3165 3356 3259 3410 Dei
3280 3363 3362 3410 at-

1802 3460 2034 3522 trahere,
2057 3460 2363 3522 sanctaque
2389 3442 2644 3521 Ecclesia:
2671 3463 2771 3518 pro
2788 3455 2884 3502 tuo
2905 3460 3065 3516 posse
3083 3444 3360 3515 prodesse,

1800 3561 2085 3619 pauperes,
2116 3542 2407 3614 orphanos,
2438 3522 2651 3619 viduas,
2693 3551 2987 3609 omnesque
3028 3535 3225 3605 injuste
3251 3543 3364 3602 “op-
3445 3554 3453 3565 -

1801 3652 2020 3709 pressos
2037 3634 2341 3699 defendere,
2364 3623 2617 3717 omnibus
2638 3627 2852 3683 clericis
2873 3634 2928 3680 et
2949 3623 3232 3680 monachis
3250 3636 3364 3717 ma-

1805 3730 1947 3784 xime
1975 3725 2242 3797 religiosis
2266 3710 2621 3777 reverentiam
2639 3717 2911 3782 exhibere,
2934 3721 3160 3769 mortem
3183 3710 3363 3768 carnis
3396 3711 3405 3720 “

1803 3834 1913 3889 prae
1949 3815 2121 3873 oculis
2156 3814 2268 3869 tuis
2306 3826 2519 3880 semper
2558 3807 2774 3871 habere,
2819 3812 2881 3860 ut
2917 3806 3164 3858 timorem
3210 3798 3359 3871 (£03)

1804 3910 1998 3965 animm
2024 3904 2282 3961 merearis
2313 3901 2461 3973 μοι)
2482 3898 2728 3954 evadere.
2757 3893 3122 3967 Eleemosynis
3154 3897 3209 3943 et
3237 3904 3361 3943 ora-

1802 3996 2041 4051 tionibus
2061 3992 2298 4049 studium
2319 3978 2583 4058 inipende,
2613 3994 2667 4040 et
2691 3982 3105 4049 admonitionem
3133 3979 3362 4033 libenter

1803 4086 2015 4155 accipe;
2040 4091 2094 4138 et
2122 4080 2250 4136 illud
2272 4093 2484 4149 semper
2496 4077 2551 4131 in
2572 4075 2732 4131 corde
2752 4066 2850 4129 tuo
2864 4070 3085 4158 revolve
3110 4087 3124 4123 :
3148 4068 3359 4133 Quanto

1805 4191 2021 4247 magnus
2047 4190 2122 4238 es,
2158 4169 2380 4225 humilia
2413 4178 2461 4223 te
2490 4169 2545 4221 in
2575 4166 2811 4221 omnibus
2842 4158 3209 4247 (Eadd-tn);
3250 4166 3305 4212 et
3340 4178 3355 4214 :

1807 4242 1991 4327 0MB
2016 4266 2103 4335 qui
2141 4279 2193 4316 se
2228 4261 2428 4316 exultat
2459 4256 2863 4326 humiliabitur;
2892 4261 2942 4306 et
2977 4252 3066 4322 qui
3092 4242 3153 4304 se
3183 4250 3358 4305 humi-

1804 4356 1903 4408 liot
1931 4352 2253 4408 excitabitur
2270 4348 2419 4419 (Luc.
2445 4345 2577 4413 11v).
2602 4343 2956 4411 Omnipotens
2976 4349 3031 4396 et
3051 4340 3358 4426 misericors

1740 4432 1783 4486 Ῑ)
1808 4444 1971 4509 Deus,
2012 4458 2044 4497 a
2086 4456 2196 4510 quo
2221 4444 2414 4492 cuncta
2434 4435 2574 4489 bona
2602 4432 2928 4503 procedunt,
2956 4430 3165 4485 meritis
3190 4429 3357 4483 beatae

1805 4533 1985 4587 Maria:
2012 4526 2283 4602 genitricis
2324 4524 2435 4591 Dei,
2469 4539 2566 4594 per
2597 4523 2970 4578 auctoritatem
3013 4534 3174 4590 quam
3213 4516 3357 4570 dedit

1802 4623 1959 4676 beato
1980 4619 2137 4673 Petro
2163 4613 2527 4686 apostolorum
2548 4608 2776 4684 principi
2803 4621 2854 4667 te
2880 4626 2910 4665 a
2933 4607 3137 4664 cunctis
3162 4619 3355 4674 peccac

1801 4712 1871 4765 tis
1905 4709 2015 4764 tuis
2048 4708 2308 4773 absolvat,
2350 4714 2583 4760 mentem
2626 4710 2772 4761 tuam
2813 4713 3024 4767 semper
3068 4694 3354 4760 Custodiat,

1786 4815 2025 4869 eamque
2042 4814 2169 4854 vera
2199 4797 2459 4854 charitate
2485 4789 2798 4861 repleat,‘et
2820 4788 2888 4843 ad
2908 4787 3071 4842 vitam
3100 4785 3361 4861 perducat

1801 4899 2053 4945 attcrnam

2299 4978 2631 5035 EPISTOLA
2666 4977 2854 5033 XXIII.
2952 4974 2955 4977 ’

1800 5092 1867 5130 ΔΙ)
1914 5083 2200 5138 ΒΡῙΜΟΡΠΙ,
2236 5087 2568 5126 Αιυιηειηεειι
2587 5101 2614 5136 ,·
2659 5086 2728 5124 ΕΤ
2779 5076 3051 5122 9111161Ρεί
3107 5077 3359 5134 SALEIINI:

2402 5156 2405 5157 ⁷
2474 5156 2669 5195 TANUI.
2704 5191 2707 5193 .
3021 5152 3025 5157 ’

2360 5232 2548 5299 ‘(Anno
2588 5225 2769 5292 1081.)

1715 5308 1719 5313 ’
1797 5319 1974 5373 ,ηιιηειὟ
2010 5320 2177 5375 Gallis
2216 5318 2524 5389 principium
2564 5323 2622 5367 ut
2666 5328 2987 5384 unaquaque
3027 5310 3211 5366 domus
3252 5320 3348 5373 pro

1867 5592 2011 5659 ($05)
2052 5590 2211 5645 Forte
2230 5598 2473 5645 mortem.
2503 5590 2667 5645 ﬂsnn.
2736 5576 2739 5579 Δ
