3952 6450
530 529 633 581 603

1165 526 1219 580 S.
1263 525 1587 580 ‹·;ιιιῖι;οιιιι
1630 524 1714 576 VII
1755 523 1951 577 ΡΛΡᾹ]
1988 518 2267 576 OPERUM
2309 515 2486 574 PARS
2523 517 2562 573 1.
2602 546 2672 556 —-
2711 513 3127 571 REGISTRL’M.

3661 509 3751 564 60$

599 655 754 690 censu
777 640 1049 689 denarium
1071 654 1226 688 unum
1252 639 1524 688 (tsmttctin
1553 637 1715 688 solvat
1741 637 1885 687 beato
1912 633 2096 696 Petro;
2130 637 2172 690 Α
2199 639 2464 701 gnoscunt
2493 628 2708 683 Patrem
2741 637 2796 684 et
2828 637 3100 696 pastorem
3135 639 3294 680 suum
3330 637 3480 678 more
3514 631 3742 692 anhquo.

597 716 649 760 et
697 707 874 760 Caroli
923 708 1251 772 imperatoris
1300 723 1421 774 erga
1465 703 2094 756 liomanam’lia-(cuiam

601 776 1007 842 minii/imminut
1034 775 1277 842 ostendit.
1308 815 1312 824 .

604 864 908 916 Gneoomrs
931 863 1216 932 episcopus
1239 905 1252 926 ,
1281 879 1469 918 servus
1504 877 1780 915 servorum
1809 859 1900 911 Dei
1920 901 1933 923 ,
1958 859 2094 912 dile-

531 953 632 1006 ctis
665 952 788 1005 ﬁliis
814 953 1013 1006 nostris
1231 953 1520 1006 Albanensi
1556 952 1825 1019 episcopo,
1853 959 1904 1002 ct

532 1042 759 1109 principi
800 1041 1138 1095 Salernitano
1167 1043 1355 1111 legatis
1389 1051 1584 1096 nostra:
1615 1040 1920 1108 apostolicge
1953 1037 2098 1090 sedis

532 1130 584 1181 in
607 1128 826 1195 Gallias,
855 1133 1079 1184 salutem
1110 1143 1163 1185 et
1191 1134 1539 1200 apostolicam
1575 1117 2022 1184 benedictionem.

604 1217 766 1272 Vobis
800 1223 1086 1275 commissa
1112 1224 1319 1291 negotia
1347 1239 1451 1274 non
1487 1222 1652 1274 latent
1691 1220 1852 1274 etiam
1875 1235 1989 1280 vos,
2026 1217 2098 1270 ita

531 1321 595 1358 ac
622 1309 665 1360 si
705 1320 908 1373 nostra,
950 1311 1058 1364 imo
1093 1313 1219 1380 quia
1252 1322 1433 1365 nostra
1470 1312 1539 1363 ibi
1581 1311 1631 1362 in
1678 1309 1831 1364 vobis
1861 1322 2097 1376 praesen-

533 1395 603 1446 tia
630 1405 730 1460 est,
763 1410 957 1452 cuncta
987 1402 1148 1468 digne
1185 1403 1438 1471 peragite.
1473 1401 1766 1453 Dicendum
1803 1406 1981 1450 autem
2020 1405 2103 1449 est
2130 1414 2145 1426 ·

532 1487 783 1540 euntibus
813 1491 999 1560 Gallis,
1041 1502 1093 1544 ct
1137 1507 1231 1560 per
1279 1508 1459 1545 veram
1505 1491 1863 1545 obedientiam
1917 1485 2102 1554 prmci-

531 1575 783 1641 piendum
819 1588 874 1630 ut
907 1596 1243 1649 unaqua‘que
1276 1582 1472 1635 domus
1516 1581 1703 1634 saltem
1734 1594 1902 1630 unum
1933 1577 2097 1628 dena-

530 1661 670 1716 rium
719 1669 1014 1722 annuatim’
1046 1670 1218 1723 solvat
1265 1671 1419 1723 beato
1457 1659 1633 1733 Petro,
1678 1668 1723 1722 si
1768 1683 1894 1721 cum
1940 1679 2093 1716 reco-

2195 721 2328 774 Nam
2359 719 2586 774 Carolus
2620 719 2911 786 imperator
2933 715 3096 782 (sicut
3125 715 3319 783 legitur
3352 713 3406 774 in
3440 721 3587 767 tomo
3623 715 3744 782 ejus,

2195 813 2287 881 qui
2318 812 2370 864 in
2401 811 2622 864 archivo
2667 808 2906 862 ecclesia:
2935 807 3079 860 Beati
3115 803 3258 858 Petri
3289 803 3536 872 habetur)
3569 805 3624 857 in
3661 807 3749 859 tri-

2196 903 2297 955 bus
2325 902 2456 954 locis
2475 899 2753 953 annuatim
2779 897 3060 968 colligebat
3079 895 3223 948 mille
3244 895 3568 948 etduccntas
3594 895 3748 949 libras

2197 992 2262 1044 ad
2308 990 2585 1045 servitium
2635 989 2940 1056 apostolica:
2985 985 3160 1050 sedis,
3201 984 3254 1038 id
3294 993 3375 1038 est
3405 983 3748 1052 Aquisgrani,

2197 1080 2336 1148 apud
2359 1079 2583 1132 Pndium
2611 1076 2821 1131 Sancta:
2849 1074 3048 1137 Mariae,
3073 1079 3128 1126 et
3157 1072 3296 1141 apud
3325 1070 3581 1126 Sanctum
3611 1072 3749 1143 ﬂigi-

2197 1171 2374 1232 dium;
2405 1176 2628 1236 excepto
2661 1168 2763 1220 hoc
2787 1166 2930 1234 quod
2961 1163 3333 1230 unusquisque
3363 1162 3577 1229 propria
3607 1162 3752 1215 devo-

2199 1260 2345 1312 tione
2372 1256 2645 1311 oﬂ‘erebat.
2681 1254 2820 1313 Idem
2849 1268 2978 1307 vero
3010 1267 3239 1321 magnus
3263 1250 3558 1318 imperator.
3590 1248 3752 1304 Savo-

2203 1350 2345 1401 niam
2365 1347 2560 1399 obtulit
2589 1347 2744 1398 beato
2772 1343 2952 1405 Petro,
2983 1341 3140 1408 cujus
3169 1355 3289 1393 eam
3319 1338 3516 1392 devicit
3549 1327 3752 1406 adjuto-

2194 1439 2294 1499 rio,
2325 1447 2377 1488 et
2414 1436 2595 1503 posuit
2623 1418 2836 1506 sigrium
2876 1429 3178 1486 devotionis
3216 1437 3270 1482 et
3307 1427 3592 1492 libertatis,
3623 1428 3754 1482 sicut

2193 1529 2294 1597 ipsi
2319 1527 2563 1580 Saxones
2591 1525 2793 1578 habent
2835 1521 3117 1590 scriptum,
3155 1527 3207 1573 et
3231 1518 3522 1588 prudentes
3549 1517 3751 1571 illorum

2190 1619 2322 1672 satis
2345 1617 2541 1670 sciunt.

1451 1891 1746 1968 LIBER
1807 1875 1940 1937 (‘05)
1985 1882 2328 1963 NONUS
2381 1881 2887 1958 REGISTRI.

1013 2113 1339 2168 EPISTOLA
1381 2115 1589 2168 PRIMA
1601 2157 1613 2169 .

793 2216 856 2251 AD
897 2215 1337 2256 ARCEIEPISCOPCM
1376 2219 1811 2258 ROTOMAGENSEM.

1109 2313 1287 2384 (Anno
1337 2314 1461 2367 lOSl
1481 2315 1516 2383 .)

526 2397 712 2474 Arguit
740 2403 874 2474 quod
905 2419 993 2455 nec
1018 2406 1144 2471 ipse,
1171 2423 1259 2458 nec.
1280 2407 1391 2474 ejus
1420 2406 1763 2474 suﬁ'raqauei,
1795 2404 1860 2455 ad
1887 2412 2096 2474 aposto-

595 2455 764 2520 lorum
830 2471 1012 2536 limina
1038 2455 1050 2471 ’
1069 2455 1330 2539 uenerint",
1382 2455 1509 2528 nec"
1530 2455 1724 2540 [etiam
1752 2455 1763 2467 ’
1787 2455 2096 2540 aposlolicos

596 2541 846 2617 αςίιιινληι.
874 2551 922 2592 et
955 2543 1175 2617 pallium
1207 2562 1237 2595 a
1271 2545 1386 2596 sede
1415 2543 1703 2612 apostolica
1737 2559 1838 2592 non
1861 2541 2097 2617 postula-

599 2608 688 2659 rit.
709 2606 903 2680 ‘Quare
930 2606 1185 2677 prohibet,
1218 2629 1278 2665 ne
1308 2606 1546 2680 deinceps
1569 2606 1870 2680 episcopum
1898 2609 1973 2660 rel
2013 2627 2098 2657 »ιι-

593 2677 851 2754 {cuiatem
870 2681 1094 2754 ordinet,
1127 2680 1203 2733 vel
1223 2681 1467 2734 ecclesias
1490 2677 1775 2741 coniveret,
1801 2679 1961 2731 donec
1983 2677 2096 2744 pul-

591 2744 723 2796 lium
761 2748 1076 2814 impetrarit.

595 2854 902 2910 Gnccomcs
929 2861 1236 2929 episcopus,
1263 2877 1454 2914 servus
1486 2875 1763 2914 servorum
1794 2858 1908 2921 Dei,
1945 2857 2096 2908 \\'n.-

527 2959 701 2999 LF.an
737 2947 1116 3020 Rotomagensi
1157 2953 1585 3021 archiepiscopo,
1615 2952 1843 3004 salutem
1884 2958 1934 3002 et
1964 2964 2096 3016 apo-

525 3035 771 3089 stolieam
796 3039 1242 3096 benedictionem

599 3123 1124 3196 Littelmquasnohis
1151 3134 1362 3195 misisti,
1387 3134 1520 3186 satis
1536 3132 1836 3186 devotionis
1867 3138 2096 3198 prteten-

527 3215 682 3280 dunt,
726 3219 817 3271 sed
848 3221 913 3272 ad
950 3238 1134 3275 earum
1171 3225 1325 3277 Iidem
1365 3226 1437 3276 rei
1471 3226 1683 3291 penitus
1727 3217 2098 3276 testimonium

527 3304 696 3358 deest.
717 3306 771 3359 Si
797 3310 937 3362 enim
963 3312 1032 3363 ita
1056 3327 1113 3365 se
1135 3328 1221 3366 res
1236 3315 1474 3377 haberet,
1500 3309 2097 3381 non,quemadmodum

529 3396 852 3468 sullraganei
882 3401 977 3465 tui,
1000 3403 1161 3456 etiam
1193 3412 1246 3456 tu
1277 3405 1390 3472 ipse
1413 3406 1776 3471 apostolorum
1807 3402 1994 3454 limina
2016 3400 2098 3451 vi—

531 3501 652 3539 sere
706 3496 855 3541 tanto
900 3501 1138 3559 tempore
1183 3495 1637 3561 parvipcndisscs.
1681 3492 1756 3544 Ex
1797 3505 1907 3558 quo
1955 3487 2099 3541 enim

533 3591 662 3641 nos,
703 3577 822 3632 licet
860 3581 1138 3651 indignos,
1173 3583 1237 3636 ad
1273 3585 1435 3651 hujus
1467 3583 1610 3635 sedis
1645 3597 1830 3635 curam
1865 3581 2103 3649 dignatio

533 3666 711 3720 divina
738 3673 1002 3737 provexit,
1030 3673 1297 3725 neminem
1322 3683 1558 3725 vestrum
1586 3686 1684 3724 nos
1705 3671 1906 3723 vidisse
1930 3684 2106 3722 recor-

533 3754 746 3809 damur.
781 3758 932 3823 Quod
963 3769 1141 3813 tamen
1174 3762 1224 3813 in
1250 3778 1313 3814 eo
1341 3763 1522 3813 minus
1546 3759 1848 3812 mirandum
1873 3759 2101 3820 videtur,

533 3847 658 3913 quia
700 3847 904 3918 legatos
937 3861 1180 3914 nostros,
1217 3853 1307 3919 qui
1346 3851 1595 3919 proprius
1631 3866 1728 3903 vos
1771 3857 1916 3912 sunt,
1958 3847 2106 3900 adire

536 3951 641 3989 non
666 3940 892 3992 multum
930 3944 1151 3996 curatis.
1191 3943 1291 4005 Qui
1331 3958 1457 3993 vero
1492 3941 1662 4003 labor,
1706 3949 1798 3992 aut
1827 3954 1947 4006 qua:
1975 3937 2106 3991 dilli-

535 4027 710 4080 cultas
754 4045 861 4096 prte
909 4031 1028 4084 aliis
1069 4032 1327 4085 dissuasit
1358 4032 1508 4083 vobis
1549 4046 1643 4097 per
1682 4037 1889 4080 tantum
1946 4027 2104 4095 spatii

536 4118 750 4171 beatum
785 4118 1000 4173 Petrum
1033 4121 1318 4191 negligere,
1350 4137 1471 4174 cum
1504 4120 1570 4172 ab
1598 4119 1727 4189 ipsis
1757 4117 1943 4171 mundi
1981 4117 2103 4170 ﬁni-

536 4209 636 4263 bus
659 4211 820 4263 etiam
852 4223 1038 4280 gentes
1055 4213 1262 4265 naviter
1283 4213 1348 4264 ad
1373 4212 1528 4264 ﬁdem
1552 4225 1826 4264 conversze
1854 4209 2105 4262 studeant

534 4317 710 4353 annue
736 4309 842 4354 tam
872 4304 1124 4357 mulieres
1156 4302 1455 4372 quain-viri
1487 4301 1551 4354 ad
1583 4315 1706 4352 cum
1732 4297 2103 4353 vcnire?.lllud

535 4406 772 4460 quoque,
808 4392 910 4446 nisi
957 4409 1054 4445 nos
1097 4393 1390 4460 apostolica
1430 4391 1788 4445 mansuetudo
1820 4388 2102 4450 detineret,

534 4482 777 4550 profecto
800 4485 1042 4537 severius
1070 4485 1120 4536 in
1147 4493 1197 4536 te
1221 4483 1330 4551 jam
1358 4481 1792 4535 animadversum
1813 4479 2100 4543 sensisses,

533 4573 677 4640 quod
711 4573 816 4627 huc
847 4589 1018 4641 usque
1056 4574 1365 4640 pr.eclarius
1409 4583 1512 4626 tuac
1560 4569 1837 4640 dignitatis
1871 4569 2100 4636 insigne,

532 4664 778 4718 videlicet
808 4666 1050 4732 pallium,
1080 4665 1146 4717 ab
1169 4665 1458 4732 apostolica
1484 4663 1607 4717 sedc
1623 4677 1720 4730 pro
1742 4674 1892 4713 more
1918 4658 2104 4726 acqui-

2136 2105 2174 2157 B
2205 2115 2326 2162 tuos
2391 2122 2675 2160 monemus
2727 2114 2786 2158 ut
2835 2103 3108 2174 prtelatam
3166 2101 3376 2170 culpam
3427 2113 3758 2167 summopere

2198 2199 2484 2251 emendare
2515 2195 2837 2264 procuretis,
2879 2209 2965 2260 ne,
3005 2195 3052 2248 si
3098 2193 3449 2262 negligentes,
3482 2199 3544 2244 ut
3584 2188 3754 2242 hacte-

2198 2303 2320 2346 nus.
2351 2288 2404 2338 in
2440 2288 2540 2340 hoc
2582 2285 2921 2348 exstiteritis,
2948 2284 3282 2351 potestatem
3313 2280 3457 2334 beati
3490 2278 3631 2332 Petri
3672 2292 3760 2345 per

2174 2392 2297 2428 -nos
2337 2384 2540 2443 quanto
2584 2375 2909 2439 dilatiorem,
2941 2380 3092 2426 tanto
3129 2371 3450 2426 severiorem
3489 2383 3587 2438 pro
3643 2382 3758 2422 con-

2197 2474 2400 2534 temptu
2431 2464 2808 2534 experiamini.

2759 2567 3091 2623 EPISTOLA
3141 2567 3203 2620 ll.

2497 2685 2563 2721 AD
2603 2682 2908 2720 ALPIIOXSUII
2949 2681 3122 2719 REGE”
3161 2678 3468 2718 CASTELLJ-Z.

2777 2741 2954 2810 (Anno
3004 2740 3183 2807 1081.)

2201 2836 2440 2889 Ostendit
2461 2850 2514 2888 se
2542 2833 2825 2886 multorum
2864 2831 3038 2884 odium
3063 2838 3273 2898 prapter
3302 2829 3568 2898 veritatem
3590 2835 3647 2898 et
3672 2827 3756 2898 ju—

2265 2906 2469 2957 stitiam
2504 2904 2788 2956 incurrisse
2807 2942 2822 2965 ,
2857 2916 3016 2968 eaque
3041 2895 3285 2968 decuma
3314 2895 3528 2968 eosdem
3553 2896 3649 2968 sibi
3670 2897 3752 2947 dc-

2267 2974 2489 3025 traliere.
2527 2970 2738 3023 Laudat
2765 2964 2902 3037 quod
2927 2964 2986 3037 ig
3007 2964 3386 3037 edclersiisuejus
3425 2965 3565 3037 regni
3587 2980 3754 3037 secun-

2267 2982 2489 3025 traliere.
2527 2982 2738 3023 Laudat
2765 2982 2901 3037 quoa
2927 2985 2982 3020 in
3007 2982 3237 3020 ecctesns
3273 2983 3386 3032 ejus
3425 2982 3478 3017 re
3513 2982 3563 3016 ni
3587 2982 3754 3030 secun-

2265 3043 2391 3094 dum
2424 3055 2617 3092 morem
2650 3038 2901 3092 Romana:
2939 3035 3191 3088 Ecclesia
3216 3035 3396 3087 dicina
3439 2982 3598 3154 οέεἱα
3637 3031 3755 3084 cclc-

2268 3109 2470 3154 hmndn
2495 3117 2657 3154 riu-pl-
2694 3106 2768 3154 De
2795 3107 2908 3154 eius
2934 3119 3094 3154 uxore
3119 3114 3170 3154 et
3205 3102 3421 3154 abbalia
3499 3102 3635 3152 ancti
3674 3099 3755 3152 Se-

2268 3109 2470 3163 branda
2495 3117 2657 3161 curet.
2692 3106 2768 3160 De
2795 3107 2908 3174 ejus
2934 3119 3094 3158 uxore
3119 3114 3170 3156 et
3205 3102 3421 3174 abbalia
3457 3099 3635 3174 Sgncti
3668 3099 3755 3174 ..ςε-

2267 3179 2425 3231 randi
2465 3195 2556 3246 per
2593 3177 2792 3245 legatos
2818 3169 2896 3246 se
2927 3171 3448 3246 responsurum,_ait.
3489 3169 3755 3232 Qucmdam

2268 3250 2322 3300 in
2352 3240 2798 3314 archiepiscopum
2829 3240 3123 3314 eligendum
3153 3240 3377 3314 scientia
3400 3247 3755 3314 carentent__re—

2267 3318 2429 3385 spuit,
2452 3304 2687 3385 etaliuni
2715 3312 2778 3364 de
2803 3304 3024 3385 consilio
3046 3306 3362 3385 legati-eligi
3387 3304 3754 3385 tngtltl-ttl..lllO-_

2277 3373 2358 3436 net
2404 3373 2465 3436 ne
2499 3383 2553 3434 in
2593 3397 2746 3450 regno
2773 3396 2867 3432 suo
2903 3373 3120 3450 Iudicas
3162 3373 3481 3450 CitriStiiIiris
3513 3373 3756 3450 doninari

2274 3453 2564 3522 permittat.
2609 3442 2929 3522 Deniunere
2964 3447 3033 3522 ad
3067 3463 3120 3499 se
3147 3462 3179 3498 a
3215 3445 3342 3522 rege
3383 3445 3541 3496 misso
3573 3442 3755 3522 gratias

2275 3510 2415 3591 agit,
2442 3522 2590 3589 eique
2610 3528 2658 3591 et
2681 3510 2923 3591 ﬁdelibus
2951 3516 3064 3584 ejus
3086 3510 3654 3582 oniniuntpeccatozum
3676 3510 3756 3561 ab-

2275 3588 2586 3644 solutionem
2609 3588 2932 3654 impartitur.

2273 3682 2578 3735 Caesonius
2621 3676 2930 3745 cpiscopus,
2967 3687 3159 3727 servus
3196 3685 3477 3724 servorum
3519 3667 3626 3730 Dei,
3660 3666 3753 3717 AL-

2206 3787 2400 3826 ruosso
2436 3769 2673 3839 glorioso
2707 3767 2818 3836 regi
2846 3764 3140 3833 Hispaniae,
3165 3762 3392 3817 salutem
3429 3770 3482 3815 et
3519 3757 3753 3828 apostoli-

2205 3880 2322 3918 cam
2347 3859 2791 3915 benedictionem.

2276 3951 2391 4003 Non
2413 3952 2623 4018 ignorat
2642 3944 2926 4014 prudentia
2959 3951 3051 3996 tua
3093 3941 3310 3994 mentiri
3335 3947 3606 4008 peccatum
3632 3951 3752 3997 esse,

2187 4025 2250 4096 ἐἰ
2281 4050 2334 4094 et
2368 4041 2432 4094 dc
2468 4040 2643 4092 otioso
2674 4036 2837 4089 verbo
2868 4035 2923 4088 in
2963 4032 3210 4087 districto
3239 4029 3487 4084 examine
3523 4025 3753 4096 exigenda

2203 4142 2286 4186 est
2307 4131 2461 4185 ratio.
2502 4128 2604 4182 Sed
2633 4142 2698 4180 ne
2733 4124 3073 4179 mendacium
3099 4121 3315 4189 quidem
3344 4120 3520 4187 ipsum
3542 4115 3673 4185 quod
3710 4115 3754 4165 tit

2205 4223 2290 4290 pia
2347 4219 2644 4272 intentione
2687 4230 2785 4283 pro
2828 4194 2980 4282 pace,
3025 4227 3054 4263 a
3093 4211 3249 4277 culpa
3292 4209 3509 4277 penitus
3543 4207 3756 4258 immune

2203 4312 2321 4364 esse
2363 4306 2578 4378 probari
2626 4311 2824 4374 potest.
2859 4301 2985 4355 Haec
3022 4299 3223 4354 idcirco
3265 4295 3654 4367 prznlibavimus
3690 4302 3753 4353 ut,

2203 4419 2323 4458 cum
2351 4402 2401 4453 in
2439 4397 2650 4453 caeteris
2681 4393 2810 4448 illud
2836 4401 3118 4462 peccatum
3145 4404 3266 4444 esse
3297 4402 3405 4440 non
3434 4383 3753 4452 dubitaveris,

2202 4497 2256 4551 in
2287 4488 2661 4546 sacerdotibus
2679 4485 2838 4553 quasi
2869 4480 3218 4548 sacrilegium
3249 4477 3536 4544 conjicias;
3566 4471 3755 4541 etquod

2202 4584 2295 4648 tibi
2322 4579 2626 4647 dirigimus,
2653 4575 2723 4626 ita
2753 4574 2805 4626 in
2835 4587 2894 4626 re
2919 4585 3039 4625 esse
3051 4576 3191 4645 teste
3215 4566 3443 4619 veritate
3464 4575 3753 4632 cognoscas.

2201 4672 2316 4725 Non
2344 4685 2442 4723 nos
2466 4669 2594 4721 latet
2615 4664 2782 4718 multa
2807 4663 2872 4717 de
2894 4659 3098 4716 nostris
3121 4656 3279 4712 factis
3300 4671 3366 4709 ac
3393 4654 3549 4709 dictis
3568 4652 3666 4706 tuis
3683 4664 3757 4702 au-

535 4769 652 4806 rere
682 4756 1055 4822 postposuisti.
1092 4753 1166 4808 Te
1208 4755 1382 4822 ipsum
1422 4768 1653 4820 namque
1702 4768 1808 4804 non
1855 4750 2100 4819 ignorare

2211 4763 2357 4817 ribus
2401 4757 2622 4814 sinistra
2665 4751 3114 4820 interpretatione
3153 4745 3374 4801 deferri.
3413 4743 3564 4797 Unde
3597 4751 3646 4795 et
3675 4755 3756 4808 pro

533 4853 807 4911 putamus,
839 4860 1002 4913 quam
1025 4844 1265 4897 districte
1297 4853 1604 4898 sanctorum
1628 4841 1846 4894 Patrum
1874 4855 2102 4894 censura

535 4935 587 4985 in
614 4949 708 4988 eos
725 4921 1077 5002 jmlicaudum
1100 4936 1365 4998 statuerit,
1388 4936 1478 5002 qui
1503 4944 1622 5003 post
1644 4931 2101 4987 consecrationem

535 5041 689 5078 suam
728 5040 821 5094 per
865 5034 975 5079 tres
1012 5027 1297 5080 continuos
1336 5040 1548 5078 menses
1576 5024 1817 5092 pallium,
1850 5021 1992 5090 quod
2019 5021 2100 5073 sui

537 5117 606 5168 sit
626 5117 804 5180 ullit'ii,
834 5116 1074 5169 obtinere
1098 5117 1382 5185 tepuerint.
1879 5104 1888 5113 ’

609 5205 841 5260 Proinde
864 5208 1159 5276 apostolica
1189 5208 1283 5260 tibi
1308 5206 1650 5275 prmcipimus
1673 5202 1992 5256 auctoritate
2025 5208 2102 5260 ut,

538 5296 665 5364 quia
698 5308 1010 5352 sanctorum
1046 5297 1268 5351 Patrum
1307 5305 1508 5349 statuta
1543 5292 1950 5363 pan'ipendisti,
1984 5290 2105 5342 nul-

540 5388 652 5440 lum
684 5387 938 5456 deinceps
974 5390 1286 5458 episcopum
1329 5387 1411 5440 vel
1454 5387 1789 5440 sacerdotem
1832 5384 2106 5444 ordinare,

541 5491 636 5529 seu
675 5477 932 5531 ecclesias
979 5493 1274 5546 praesumas
1301 5490 1640 5537 consecrare,
1680 5460 1853 5527 donec
1887 5473 2111 5525 honoris
2149 5475 2158 5482 “

543 5567 621 5618 ιιιί
648 5569 1101 5635 supplementum,
1127 5571 1270 5637 pallii
1296 5570 1543 5622 videlicet
1567 5581 1748 5627 nsunt,
1773 5564 1840 5616 ab
1866 5563 1965 5614 hac.
1989 5562 2111 5615 sedc

539 5654 933 5726 impetraveris.
962 5661 1034 5714 De
1059 5669 1250 5714 czctcro
1273 5669 1379 5712 tam
1403 5669 1451 5713 te
1480 5675 1642 5728 quam
1666 5665 1718 5709 et
1743 5653 2112 5720 suﬂ’ragancos

2207 4852 2365 4908 nobis
2405 4851 2458 4901 in
2486 4847 2734 4899 notitiam
2767 4840 3072 4896 dilectionis
3103 4847 3207 4896 tua:
3230 4833 3645 4889 obtrectantibus
3685 4843 3754 4882 re-

2207 4940 2472 5012 spondere
2516 4951 2626 4989 non
2664 4932 2898 4987 alienum
2940 4927 3268 4998 putavimus.
3304 4923 3639 4976 Peccatorem
3684 4931 3756 4969 mc

2204 5047 2349 5095 csse,
2375 5028 2514 5082 sicut
2541 5040 2725 5078 verum
2749 5030 2851 5087 est,
2877 5015 3122 5075 conﬁteri
3157 5012 3380 5068 minime
3399 5010 3558 5080 piget.
3583 5005 3751 5059 Verum

2212 5122 2255 5174 si
2293 5134 2456 5174 causa
2477 5115 2586 5169 odii
2626 5113 2708 5165 vel
2749 5107 3103 5164 detractionis
3131 5117 3324 5159 eorum
3349 5101 3444 5172 qui
3465 5100 3516 5153 in
3543 5113 3635 5151 nos
3664 5092 3751 5145 [re-

2214 5217 2388 5272 munt,
2425 5204 2691 5260 subtiliter
2724 5199 3107 5267 investigetur,
3138 5192 3384 5264 profecto
3418 5204 3522 5243 non
3549 5195 3646 5240 tam
3664 5181 3750 5272 ali-

2215 5270 2382 5368 cujus
2426 5293 2726 5365 iniquitatis
2781 5305 2915 5345 meaa
2960 5288 3190 5350 intuitu,
3230 5289 3396 5351 quam
3440 5293 3504 5332 ex
3542 5270 3750 5368 veritatis

2214 5363 2536 5449 assertione,
2559 5381 2942 5452 iniustitizeque
2978 5370 3426 5435 contradictione,
3454 5366 3571 5421 illos
3591 5363 3642 5417 in
3662 5373 3749 5415 nos

2217 5477 2485 5531 exarsisse
2529 5451 2750 5542 patebit.
2789 5470 3032 5536 Quorum
3069 5463 3287 5534 quidem
3335 5457 3548 5515 servitia
3575 5461 3624 5507 et
3657 5451 3750 5504 lar-

2218 5567 2436 5639 gissima
2460 5576 2684 5617 munera
2721 5576 2821 5613 nos
2854 5558 2988 5614 satis
3029 5551 3395 5609 abundantius
3427 5543 3600 5601 multis
3620 5544 3746 5639 ante

2219 5627 2527 5710 cessoribus
2547 5637 2748 5705 nostris
2769 5650 2965 5703 habere
2991 5645 3289 5722 potuimus,
3309 5639 3376 5705 si,
3402 5637 3465 5692 ad
3486 5627 3744 5704 periculum

616 5829 762 5898 (403)
803 5833 937 5885 (inm
970 5833 1138 5886 desint
1175 5834 1297 5886 indi.
1322 5833 1493 5886 tiones
1517 5841 1561 5884 ‹·1
1593 5833 1706 5887 dies
1732 5831 2018 5891 mensium,
2041 5826 2126 5877 vix
2153 5834 2298 5878 certo
2335 5833 2511 5892 potest
2532 5837 2706 5876 annus
2739 5819 3026 5881 designari.

3763 2024 3794 2054 ι
