3952 6370
149 441 242 493 603

149 642 382 708 ipsorum
413 640 752 694 dissimulare
784 641 1178 694 maluissemus.
1216 640 1282 692 At
1328 655 1428 692 nos
1456 649 1596 693 certe
1634 655 1699 692 ex

150 732 306 799 hujus
346 731 466 785 vita:
498 733 748 797 termino,
792 742 845 786 et
886 731 1259 800 temporalium
1291 731 1698 784 commodorum

149 821 400 888 qualitate
427 821 813 888 perpendentes
843 834 1117 888 nunquam
1150 820 1340 872 melius
1374 833 1699 886 quemquam

148 923 302 976 posse
344 908 654 975 episcopum
687 907 950 961 nominari
972 948 986 971 ,
1018 921 1180 974 quam
1213 922 1334 959 cum
1375 906 1703 974 persecutio-

151 1011 266 1049 nem
289 997 487 1064 patitur
508 1006 726 1066 propter
743 997 1006 1065 justitiam
1032 996 1246 1065 (Matth.
1271 995 1345 1060 v),
1367 995 1702 1047 decrevimus

151 1086 325 1152 potius
369 1086 567 1139 divinis
618 1087 884 1139 mandatis
916 1086 1355 1154 'obtemperando
1415 1099 1702 1152 pravorum

154 1175 451 1229 inimicitias
491 1175 785 1240 incurrere,
809 1191 969 1243 quam
995 1176 1100 1228 illis
1126 1175 1264 1227 male
1284 1173 1540 1242 placcndo
1567 1174 1701 1226 iram

155 1262 242 1317 Dei
266 1279 574 1332 provocare.
606 1263 758 1318 Nunc
790 1265 854 1318 ad
884 1265 1203 1318 industriam
1225 1273 1371 1318 tuam
1401 1278 1701 1317 sermonem

153 1353 423 1417 vertimus,
471 1354 792 1408 charissime
831 1355 924 1408 fili.
973 1353 1191 1407 Noverit
1235 1353 1547 1407 excellentia
1589 1361 1702 1416 tua,

154 1441 514 1505 dilectissime,
549 1443 680 1497 illud
721 1460 885 1497 unum
918 1445 1206 1497 admodum
1243 1445 1420 1506 nobis,
1459 1444 1566 1495 imo
1598 1443 1703 1495 ele—

157 1535 359 1586 mentite
394 1533 607 1598 divinae,
644 1535 872 1601 placere,
908 1533 1050 1601 quOd
1077 1534 1129 1586 in
1164 1533 1409 1587 ecclesiis
1442 1534 1588 1601 regni
1627 1533 1703 1584 tui

154 1623 332 1676 matris
367 1625 609 1677 omnium
650 1633 847 1678 sancta:
887 1623 1142 1677 Romana”:
1177 1623 1424 1676 Ecclesiae
1461 1622 1702 1674 ordinem

154 1711 328 1778 recipi,
363 1721 499 1765 ctex
523 1713 759 1779 antiquo.
779 1727 927 1765 more
955 1711 1212 1764 celebrari
1245 1711 1503 1764 effeceris.
1541 1709 1703 1763 Deni-

151 1813 251 1867 que
286 1801 336 1852 iu
366 1801 456 1854 illo
495 1815 654 1869 quem
691 1802 950 1855 hactenus
985 1802 1225 1854 tenuisse
1257 1801 1531 1862 videmini,
1565 1799 1705 1851 sicut

1281 437 1484 490 LIBER
1518 435 1764 490 NONUS.
1804 465 1874 473 —
1911 434 2124 488 EPIST.
2166 433 2248 488 Ill.

150 553 358 605 illorum
406 559 460 604 et
498 559 776 616 nostrmn,
822 551 1096 604 veritatem
1136 550 1294 603 silere
1336 551 1704 617 malitiamque
1737 549 1777 602 Δ
1807 564 2056 601 exercere
2110 547 2335 600 ulterius
2360 587 2373 608 ,

3258 435 3359 484 b'i‘tfi

2443 548 2744 598 nullatenus
2802 544 2966 598 siuas.
3023 542 3157 608 Quid
3215 543 3355 594 enim

1805 647 1888 689 est
1917 636 2116 690 Judteis
2159 636 2498 688 Christianos
2539 649 2860 701 supponere,
2909 648 2969 684 ac
3004 632 3102 685 hos
3145 631 3357 682 illorum

1799 727 2006 794 judicio
2029 725 2316 794 subjicere,
2350 725 2452 777 nisi
2495 723 2784 777 Ecclesium
2827 720 2917 774 Dei
2949 721 3270 787 opprimere,
3307 729 3360 770 et

1807 815 2018 866 Satatue
2045 829 2370 884 synagogam
2399 814 2670 875 exaltare;
2703 821 2753 864 et
2776 811 2903 863 dum
2943 811 3172 862 inimicis
3198 809 3359 859 (thri-

1804 905 1868 956 sti
1901 904 2030 956 velis
2053 904 2282 971 placere,
2321 904 2494 970 ipsum
2530 903 2806 954 Christum
2847 910 3186 951 eonteuuu-re
3209 897 3230 948 ’ἶ
3253 896 3359 948 (ἶπο

1803 1008 1929 1046 \‘cas
1962 992 2160 1059 itaque,
2191 993 2284 1053 fili,
2315 993 2414 1044 boc
2445 991 2618 1043 facere.
2647 991 2872 1043 Domino
2905 999 2956 1040 et
2979 987 3217 1039 Creatori
3246 996 3358 1046 tuo,

1804 1082 1946 1148 quod
1984 1096 2090 1133 non
2122 1082 2339 1148 impune
2375 1082 2486 1132 lieri
2528 1081 2619 1132 tibi
2657 1081 2954 1132 sustineres
2985 1094 3012 1130 a
3063 1090 3217 1128 servo
3244 1082 3356 1126 tuo.

1805 1171 2071 1224 Memento
2107 1171 2328 1223 honoris
2361 1179 2413 1223 et
2449 1171 2629 1234 glorue
2657 1185 2818 1235 quam
2849 1167 2941 1220 tibi
2975 1180 3135 1231 super
3173 1179 3361 1214 omnes

1807 1259 2074 1328 Hispaniae
2098 1276 2247 1328 reges
2270 1261 2630 1313 misericordia
2653 1258 2850 1308 (ibriin
2879 1254 3173 1315 concessit;
3202 1260 3363 1318 atque

1806 1351 1950 1403 illius
1981 1350 2305 1402 voluntatem
2356 1349 2462 1401 tuis
2497 1349 2704 1401 aclibus
2742 1345 2897 1412 quasi
2943 1344 3174 1395 formam
3209 1341 3362 1392 adhi-

1807 1440 1998 1500 bendo,
2027 1448 2266 1491 mutuam
2291 1439 2458 1489 vicem
2484 1438 2533 1489 in
2559 1437 2764 1487 eunetis
2786 1435 2832 1485 ei
2859 1432 3145 1500 rependere
3171 1427 3358 1482 διιιιιυίε

1807 1529 1936 1588 imo,
1965 1538 2022 1581 ut
2049 1528 2136 1580 hie.
2160 1536 2212 1579 et
2233 1527 2284 1578 iu
2314 1526 2492 1579 futuro
2517 1524 2737 1577 exaltari
2768 1521 3043 1583 merearis,
3071 1528 3119 1572 te
3146 1535 3199 1571 ιιι
3241 1533 3360 1570 om-

1808 1619 1965 1670 nibus
2027 1617 2100 1669 illi
2155 1617 2468 1668 submittere
2541 1630 2749 1680 semper
2817 1609 3143 1663 memineris.
3199 1605 3363 1658 Valde

1806 1709 2002 1774 quippe
2025 1705 2299 1776 indignum
2345 1689 2426 1757 est
2473 1705 2518 1755 ei
2562 1719 2729 1756 unum
2775 1701 3064 1761 hominem,
3118 1696 3364 1749 videlicet

1806 1797 2061 1863 teipsmu,
2090 1792 2322 1861 perfecte
2347 1810 2451 1846 non
2478 1793 2760 1859 subjicere,
2784 1789 2874 1857 qui
2902 1790 2994 1841 tibi
3047 1788 3180 1838 ultra
3220 1783 3363 1836 milie.

153 1891 549 1958 suggerentibus
601 1891 866 1960 religiosis
923 1891 1054 1944 viris
1099 1890 1407 1953 didicimus,
1458 1890 1702 1958 qtuedam
1737 1870 1777 1923 Β
1808 1884 2085 1936 hominum
2112 1883 2274 1934 millia
2305 1881 2555 1948 subjecit,
2587 1890 2640 1932 et
2683 1880 2886 1948 jtidieio
2928 1887 3020 1929 tuo
3072 1875 3359 1926 commisit.

153 1986 328 2031 contra
353 1980 671 2032 catholicam
707 1980 863 2033 tidem
893 1980 1093 2032 inserta
1121 1995 1241 2032 esse
1262 1979 1445 2047 patulo
1478 1977 1701 2031 convin-

149 2075 355 2121 cuntur.
380 2067 510 2132 Qua:
530 2083 653 2122 cum
676 2069 998 2136 relinquere,
1022 2077 1074 2122 et
1095 2069 1159 2121 ad
1175 2069 1407 2136 priscam
1421 2075 1706 2120 consuetu—

152 2156 342 2220 dinem,
387 2157 588 2217 scilicet
629 2156 791 2225 hujus
821 2155 1091 2220 Ecclesiae,
1137 2155 1328 2211 reverti
1375 2155 1703 2229 deliberasti,

155 2260 255 2298 non
279 2245 432 2299 dubie
475 2255 526 2300 te
573 2247 789 2300 beatum
818 2246 1033 2300 Petrum
1069 2255 1356 2316 patronum
1404 2254 1618 2312 optare,
1654 2253 1705 2297 et

149 2335 478 2390 subditorum
529 2346 746 2390 tuorum
790 2338 1036 2402 salutem,
1076 2337 1279 2391 caelesti
1322 2335 1490 2403 gratia
1535 2333 1704 2401 inspip

156 2433 315 2489 rante,
357 2426 494 2479 sicut
538 2441 717 2495 regem
742 2428 912 2489 decet,
945 2441 1135 2479 curare
1177 2424 1510 2479 monstrasti.
1553 2422 1708 2487 Quod

153 2521 324 2566 tamen
355 2515 605 2583 gaudium
650 2517 715 2568 de
749 2516 1008 2584 sapientia
1054 2524 1142 2567 tua
1181 2515 1350 2566 multo
1383 2513 1707 2568 cumulatius

157 2601 446 2666 referimus,
472 2619 594 2658 cum
651 2613 757 2657 tua:
812 2605 1132 2657 humilitatis
1189 2594 1450 2657 illustrem
1508 2602 1706 2654 famam

158 2693 418 2745 memoria
450 2693 718 2746 interdum
740 2693 1066 2756 reducimus,
1094 2702 1147 2746 et
1167 2709 1285 2746 eam
1316 2694 1564 2745 virtutem
1589 2707 1708 2759 qua:

156 2793 272 2832 cum
311 2779 450 2850 regia
481 2781 717 2848 potentia
757 2781 840 2834 vix
872 2793 964 2835 aut
999 2782 1274 2837 rarissime
1307 2783 1425 2850 capi
1465 2783 1565 2835 sub
1601 2797 1710 2833 uno

154 2866 426 2921 domicilio
439 2870 740 2935 consuevit,
775 2870 828 2923 iu
851 2872 1009 2924 corde
1039 2880 1130 2923 tuo
1157 2871 1432 2924 immorari
1459 2872 1708 2925 conside-

157 2971 348 3009 ramus.
380 2956 645 3010 Czeterum
687 2960 830 3026 quod
863 2960 928 3012 de
965 2974 1132 3014 uxore
1179 2969 1268 3016 tua
1309 2969 1362 3014 et
1395 2961 1461 3014 de
1497 2962 1710 3014 abbatia

158 3043 329 3098 Sancti
355 3043 582 3100 Secundi
611 3048 928 3114 postulasti,
969 3049 1359 3116 competentius
1400 3051 1712 3117 responderi

155 3147 246 3200 per
277 3134 441 3187 tilium
471 3143 715 3188 nostrum
743 3135 1070 3189 Richardum
1100 3145 1298 3190 saneta:
1325 3136 1581 3192 Romana:
1611 3138 1711 3194 Ec-

155 3223 321 3276 clesiae
338 3224 665 3277 cardinalem
688 3234 740 3278 et
769 3225 998 3294 legatum
1028 3266 1042 3290 ,
1073 3232 1125 3278 ct
1147 3223 1366 3279 fratrem
1404 3225 1707 3281 Simeonem

153 3311 452 3380 episcopum
471 3354 486 3378 ,
515 3313 760 3367 arbitrati
792 3328 1009 3377 sumus;
1037 3314 1104 3367 de
1142 3314 1232 3366 illa
1261 3322 1439 3368 autem
1481 3331 1708 3384 persona

154 3415 270 3468 que
293 3401 346 3453 in
375 3402 838 3471 archiepisc0pum
872 3401 1048 3456 fuerat
1069 3402 1332 3471 eligenda,
1361 3403 1622 3458 dicimus:
1647 3407 1710 3457 li-

149 3496 233 3542 cet
256 3491 382 3545 satis
407 3491 644 3560 prudens
672 3501 724 3545 et
747 3491 984 3545 liberalis
1011 3491 1273 3556 videatur,
1303 3499 1480 3545 tamen
1507 3493 1711 3561 (quem-

152 3579 434 3634 admodum
493 3583 651 3636 nobis
700 3592 886 3637 notum
937 3591 1054 3646 est,
1105 3591 1158 3636 ct
1199 3584 1385 3636 littera:
1439 3592 1544 3636 tuae
1602 3600 1707 3636 non

111 3661 370 3737 'negant)
421 3670 722 3737 disciplima
764 3671 1149 3734 fundamento,
1210 3673 1455 3726 videlicet
1506 3674 1709 3726 littera-

154 3756 218 3811 lis
280 3760 512 3812 scientia:
564 3759 793 3826 peritia,
846 3759 1066 3827 indiget.
1133 3758 1263 3824 Quae
1320 3761 1492 3814 virtus
1545 3779 1707 3829 quam

151 3847 222 3901 sit
269 3862 373 3902 non
417 3849 578 3902 modo
623 3848 890 3916 episcopis
917 3889 930 3911 ,
982 3863 1168 3900 verum
1202 3848 1371 3901 etiam
1415 3851 1708 3902 sacerdoti-

154 3935 254 3990 bus
299 3937 632 4001 necessaria,
689 3938 801 4006 ipse
835 3937 966 3991 satis
1019 3937 1301 4006 intelligis,
1358 3953 1481 3990 cum
1527 3939 1708 3992 nullus

155 4023 268 4078 sine
308 4041 368 4078 ea
417 4035 509 4078 aut
556 4027 695 4079 alios
739 4027 932 4079 docere
974 4035 1067 4078 aut
1120 4042 1240 4080 sese
1302 4028 1472 4095 possit
1525 4028 1709 4081 defeti-

152 4111 296 4171 dere.
325 4112 658 4182 Quapropter
688 4114 1024 4167 serenitatem
1061 4123 1208 4168 tuam
1242 4117 1456 4170 studere
1499 4127 1710 4185 oportet

155 4207 216 4253 ut
248 4215 365 4254 cum
400 4201 858 4271 consilioprtefati
885 4203 1043 4272 legati
1072 4205 1242 4258 nostri
1273 4185 1526 4259 Richardi
1566 4202 1723 4260 Mas-i

156 4290 385 4345 siliensis
413 4292 622 4346 abbatis
670 4293 1009 4361 aliorumque
1056 4293 1432 4362 religiosorum
1463 4295 1702 4347 virorum

156 4380 376 4449 eligatur
395 4381 538 4446 inde,
565 4381 610 4435 si
632 4381 857 4436 inveniri
880 4390 1089 4451 potest;
1139 4383 1220 4436 sin
1259 4392 1467 4449 autem,
1492 4385 1707 4439 aliunde

1807 1973 1878 2026 De
1907 1982 2100 2025 ctetero
2124 1973 2280 2039 regiae
2309 1971 2686 2025 munificenthe
2711 1979 2813 2022 tum
2835 1969 3185 2038 gratalmnur,
3211 1966 3365 2029 cujus

1805 2063 1969 2116 animi
1992 2063 2325 2120 devotionem
2353 2062 2403 2114 in
2435 2063 2498 2113 co
2524 2061 2678 2128 plane
2703 2060 2834 2112 satis
2879 2057 3241 2125 agnoscimus,
3285 2063 3366 2105 at-

1805 2168 1908 2219 que
1943 2160 2298 2220 agnoscentes
2323 2150 2716 2218 amplectimur,
2753 2147 2892 2216 quod
2927 2145 3111 2213 quanti
3151 2145 3364 2194 beatum

1805 2241 2021 2293 Petrum
2063 2240 2245 2293 fecerit
2293 2255 2358 2293 ex
2391 2239 2534 2291 dono
2578 2248 2818 2307 patenter
2853 2236 3132 2290 ostendere
3177 2234 3362 2285 voiuit.

1806 2329 1869 2382 EI.
1900 2339 2042 2383 certe
2096 2344 2217 2383 cum
2256 2329 2332 2380 tui
2387 2327 2561 2381 cordis
2591 2342 2826 2380 amorem
2872 2340 3070 2378 numus
3104 2324 3230 2377 illud
3275 2338 3369 2389 per

1806 2436 1862 2473 se
1893 2421 2024 2474 satis
2055 2418 2378 2473 sufficienter
2406 2417 2672 2480 ostendat,
2729 2425 2843 2469 tmn
2895 2415 3056 2468 etiam
3093 2421 3197 2465 tua:
3242 2411 3367 2462 ﬁdei

1807 2510 2058 2563 meritum
2087 2509 2216 2562 illud
2257 2508 2430 2576 ipsum
2464 2515 2647 2560 mutua
2682 2506 2797 2557 vice
2827 2506 2983 2574 longe.
3029 2519 3155 2557 vero
3198 2501 3370 2565 magis

1807 2598 2167 2661 commendat,
2212 2598 2503 2666 multiSque
2557 2597 2804 2665 gentibus
2847 2611 2876 2647 c
2925 2594 3134 2647 cunctis
3183 2591 3367 2642 mundi

1807 2688 2050 2755 partibus
2085 2687 2148 2740 ad
2186 2687 2448 2756 gremium
2475 2686 2662 2738 matris
2687 2692 2884 2736 sanetae
2911 2682 3164 2734 Rotiiauze
3189 2679 3369 2731 lieele-

1809 2777 1900 2830 sia}
1929 2777 2269 2830 venientibus
2299 2776 2362 2829 ad
2401 2777 2655 2828 honorem
2691 2782 2841 2825 tuum
2874 2773 3012 2826 clare
3043 2768 3368 2822 manifestat.

1810 2868 1866 2920 Et
1893 2867 2106 2936 quidem
2132 2867 2253 2919 licet
2281 2865 2406 2918 illud
2433 2881 2628 2916 munus
2668 2873 2774 2915 tam
2801 2863 3036 2930 amplum
3072 2871 3124 2912 et
3167 2860 3341 2926 magni
3359 2887 3373 2895 -

1809 2958 1968 3010 ticum
2025 2955 2201 3016 fuerit,
2251 2964 2310 3006 ut
2343 2963 2394 3026 et
2432 2963 2481 3006 te
2533 2968 2709 3021 regem
2743 2953 2892 3013 dare,
2943 2961 2994 3004 ct
3044 2950 3101 3001 Β.
3155 2949 3369 3001 Petrum

1810 3047 2046 3112 recipere
2085 3044 2462 3096 convenienter
2488 3041 2764 3103 decuerit;
2793 3049 2968 3091 tamen
3001 3041 3050 3090 in
3079 3039 3168 3090 illo
3204 3037 3368 3089 animi

1812 3135 1886 3186 tui
1941 3133 2276 3185 devotionem
2331 3130 2499 3184 multo
2553 3130 2722 3199 magis
2780 3129 3194 3196 amplectimur,
3252 3142 3372 3193 qme

1814 3223 2000 3291 quanti
2048 3223 2266 3274 beatum
2316 3219 2532 3273 Petrum
2584 3218 2768 3270 fecerit
2820 3234 2884 3270 ex
2938 3218 3080 3270 deuo
3135 3226 3372 3284 patenter

1815 3311 2062 3364 ostendit.
2098 3309 2174 3364 Eo
2209 3310 2391 3379 igitur,
2437 3317 2494 3361 ιιι
2527 3309 2747 3378 dignum
2770 3315 2870 3371 est,
2907 3307 3156 3360 decenter
3197 3323 3374 3357 susce-

1811 3411 1920 3468 pto,
1982 3400 2183 3452 (lonum
2232 3399 2398 3466 quod,
2444 3398 2672 3450 Domino
2713 3397 2988 3465 largiente,
3025 3395 3180 3448 sedes
3217 3393 3373 3446 hab-:1

1810 3487 2122 3556 apostolica,
2148 3487 2371 3540 sincera:
2406 3495 2512 3540 tum
2540 3485 2808 3539 devotioni
2836 3483 3079 3537 remittit.

1879 3575 2230 3645 Omnipotens
2256 3575 2419 3637 Deus,
2459 3575 2701 3627 omnium
2728 3589 2908 3626 rerum
2941 3582 3151 3626 creator
3199 3582 3249 3624 et
3288 3586 3372 3624 re-

1812 3677 1947 3731 ctor,
1986 3667 2336 3733 omniumque
2384 3665 2702 3733 dignitatum
2742 3663 3023 3715 iuefl'abilis
3069 3661 3375 3732 tiisposiltll'.

1809 3758 1902 3827 qui
1933 3757 2026 3810 dat
2052 3757 2278 3808 salutem
2315 3755 2553 3824 regibus,
2583 3753 2790 3806 meritis
2825 3752 3100 3804 altissiuue
3148 3748 3378 3801 domizue

1810 3845 2085 3916 genitricis
2111 3845 2202 3897 Dei
2235 3843 2436 3906 Mariae,
2461 3842 2814 3909 omnimnque
2838 3849 3168 3900 sanctorum,
3196 3855 3278 3890 aut
3301 3846 3378 3888 to-

1807 3937 1965 3989 ritotc
2010 3937 2288 3988 beatorum
2335 3931 2699 4000 apostolorum
2753 3930 2894 3983 Petri
2934 3939 2985 3981 et
3028 3929 3178 3981 l‘auli
3228 3928 3380 3978 nobis

1809 4026 1932 4079 licet.
1978 4023 2212 4093 indignis
2269 4037 2363 4090 per
2420 4037 2514 4074 eos
2561 4021 2925 4088 qualicunque
2975 4017 3297 4075 conuiuis-sa,
3326 4024 3381 4065 te

1809 4123 2037 4181 tuosque
2068 4112 2248 4165 ﬁdeles
2274 4111 2324 4162 in
2357 4109 2573 4162 Christo
2619 4109 2688 4160 ab
2716 4106 2968 4158 erunibus
3014 4103 3246 4171 peccatis
3288 4102 3382 4153 al:-

1808 4205 1997 4265 solvat,
2035 4201 2228 4266 detque
2271 4198 2369 4250 tibi
2397 4196 2672 4248 victoriam
2719 4195 2784 4246 de
2815 4193 3049 4246 inimicis
3081 4192 3198 4243 \‘isil
3224 4191 3383 4243 ilibus

1808 4301 1858 4346 et
1886 4288 2265 4343 invisibilibus.
2297 4285 2527 4338 Mentem
2569 4293 2714 4336 luam
2746 4299 2958 4351 semper
2990 4282 3274 4343 illumiuet,
3300 4290 3380 4343 ιιι,

1807 4382 1929 4449 ejus’
1952 4379 2246 4433 bonitatem
2270 4385 2322 4429 ct
2369 4377 2659 4428 humanam
2715 4373 3053 4442 fragilitatem
3103 4372 3383 4438 diligenter

156 4478 430 4538 expetatur
472 4472 594 4524 talis
628 4487 889 4540 persona,
946 4472 1103 4540 cujus
1138 4474 1324 4543 religio
1373 4484 1428 4528 et
1460 4476 1704 4529 doctrina
1742 4500 1783 4552 ο
1809 4468 2204 4540 perspiciendo,
2242 4466 2429 4535 mundi
2462 4465 2686 4534 gloriam
2723 4463 3019 4530 despicias,
3046 4471 3097 4512 et
3123 4461 3186 4512 ad
3225 4468 3382 4511 {cler-

159 4557 401 4613 Eccles'ue
425 4570 617 4616 vestra:
648 4569 703 4614 et
731 4577 896 4630 regno
924 4563 1171 4616 decorem
1202 4563 1443 4617 conferat
1476 4574 1530 4618 et
1561 4567 1708 4619 salu-

159 4655 282 4700 tem.
307 4646 486 4716 Neque
540 4663 668 4702 vero
701 4659 752 4703 te
789 4651 966 4718 pigeat
1011 4660 1106 4703 aut
1148 4653 1345 4718 pudeat
1389 4662 1738 4708 extraneum.

161 4734 313 4800 forte,
349 4737 432 4790 vel
468 4737 691 4790 humilis
722 4739 1000 4806 sanguinis
1032 4739 1230 4803 virum,
1256 4740 1549 4794 dummodo
1589 4743 1707 4794 ido-

169 4837 300 4877 ueus
329 4823 426 4888 sit,
472 4825 538 4878 ad
573 4823 830 4879 Ecclesia;
873 4833 979 4879 tua:
1011 4825 1270 4894 regimen,
1321 4817 1465 4896 quod
1497 4831 1709 4898 proprie

161 4913 328 4970 bonos
357 4923 593 4984 excptat,
649 4917 890 4982 adscire;
929 4933 1053 4972 cum
1101 4917 1343 4972 Romana
1390 4923 1708 4989 respublica,

166 5010 223 5055 ut
248 5019 578 5073 paganorum
623 5013 887 5072 tempore,
938 5007 1017 5060 sic
1052 5016 1108 5061 et
1147 5009 1250 5061 sub
1291 5008 1716 5066 Christianitatis

166 5091 332 5147 titulis
359 5093 480 5146 inde
511 5092 763 5157 maxime,
802 5093 912 5147 Deo
942 5093 1173 5160 favente,
1217 5099 1533 5170 excreverit,
1570 5104 1714 5168 quod

167 5194 270 5232 non
294 5189 401 5235 tam
433 5182 642 5253 generis
664 5191 758 5236 aut
775 5182 961 5252 patriae
986 5185 1340 5249 nobilitatem,
1365 5203 1530 5254 quam
1553 5192 1717 5244 animi

167 5274 220 5318 et
249 5272 491 5337 corporis
515 5273 742 5327 virtutes
769 5272 1172 5341 perpendendas
1199 5274 1542 5340 adjudicavit.
1572 5277 1718 5341 Quo-

172 5355 316 5409 niam
344 5365 520 5413 autem
554 5362 698 5416 sicut
723 5362 790 5418 de
815 5363 971 5418 bonis
1006 5363 1190 5432 gloriae
1221 5371 1326 5418 tuae
1362 5367 1556 5419 merito
1584 5382 1719 5420 con-

174 5445 456 5512 gratulari,
504 5447 579 5502 ita
610 5460 665 5504 et
696 5453 763 5506 de
810 5453 896 5507 bis
941 5468 1062 5522 quia
1110 5467 1220 5506 non
1255 5455 1581 5516 conveniunt
1610 5472 1637 5509 a
1672 5466 1722 5512 te

173 5532 292 5587 fieri
313 5533 511 5598 dolere,
547 5551 611 5591 ac
630 5553 697 5591 ex
724 5541 918 5596 merito
947 5543 1191 5597 inhibere
1218 5544 1611 5611 compellimur,
1638 5547 1721 5599 di-

178 5622 460 5676 lectionem
502 5633 648 5678 tuam
698 5643 978 5686 monemus
1012 5642 1072 5685 ut
1107 5633 1160 5685 in
1201 5641 1346 5686 terra
1380 5641 1470 5685 tua
1513 5632 1725 5688 Judzcos

178 5709 500 5768 Christianis
556 5714 854 5785 dominari,
903 5722 984 5774 vel
1035 5738 1198 5791 supra
1260 5738 1353 5776 eos
1419 5731 1730 5789 potestatem

1813 4577 1934 4616 nam
1963 4561 2118 4613 beato
2142 4557 2301 4611 Petro
2322 4557 2458 4608 duce
2486 4553 2786 4620 pervenias.

2359 4660 2690 4715 EPISTOLA
2717 4659 2803 4713 111.

1815 4774 1880 4810 AD
1907 4771 2189 4810 EPISCOPU)!
2217 4769 2580 4807 PATAVIENSEM
2605 4767 2673 4804 [Τ
2698 4766 2935 4804 ΑΒΠΑΤΕΗ
2955 4762 3383 4802 ιιιῐιελιῑίριιῖκςειι.

2413 4843 2592 4909 (Anno
2623 4841 2798 4907 1081).
3093 4894 3095 4896 η
3168 4833 3171 4835 ’

1825 4957 2100 5025 Signi/ira!
2135 4957 2381 5025 defuncto
2412 4951 2688 5025 Rodulp/to
2708 4965 2820 5014 rege
2847 4963 3024 5025 omnes
3051 4947 3157 5025 sibi
3176 4962 3391 5013 persua-

1892 5015 2012 5077 dere
2046 5035 2103 5076 ut
2146 5015 2432 5075 ll'curicum
2464 5021 2516 5070 in
2548 5015 2776 5084 gratiam
2832 5017 3066 5083 recipiat.
3104 5015 3296 5084 Monet
3333 5023 3387 5065 ut

1895 5093 2204 5145 Mathildem
2239 5090 2510 5141 certiorem
2549 5082 2749 5152 faciant
2780 5102 2848 5136 au
2893 5082 2955 5136 ab
2986 5086 3059 5136 eis
3087 5082 3390 5150 ριίιοδὶιιὶιςιη

1853 5159 2078 5211 λὀητηι
2123 5157 2411 5208 chricum
2471 5163 2772 5221 exspectare.
2826 5153 3050 5214 debeat;
3106 5160 3152 5201 et
3206 5152 3390 5221 durem

1896 5225 2231 5294 Welpltonem
2263 5224 2494 5292 aliosque
2523 5215 2762 5294 nionem"
2790 5231 2845 5272 ut
2875 5221 3202 5294 ﬁdem-beato
3222 5215 3390 5294 [λι-(ιιι

1893 5283 2092 5348 δεγινὲιιε
2122 5334 2136 5356 ,
2163 5303 2317 5362 atque
2336 5283 2521 5362 ronincs
2559 5291 2828 5342 hortentur
2855 5283 2916 5339 ue
2946 5288 3076 5362 regis
3104 5283 3390 5362 eiectio'te-

1895 5380 2030 5416 mere
2085 5352 2200 5430 ﬁat,
2232 5352 2343 5430 ἐστι
2395 5360 2563 5412 Deum
2604 5367 2811 5430 caforeut
2868 5364 2922 5405 ut
2974 5352 3173 5430 inimici
3207 5353 3390 5430 resipi-

1900 5418 2146 5494 scant,'et
2179 5418 2427 5489 Ecclesiw
2459 5443 2568 5478 stuc
2607 5427 2921 5493 ἄρριιιεοιτιιι
2956 5421 3170 5494 tribum.
3206 5418 3268 5470 In
3298 5438 3388 5469 su-

1901 5489 2128 5552 rerdotcs
2160 5497 2282 5549 belli
2325 5505 2549 5562 tempore
2579 5489 2796 5561 rigorem
2844 5489 3152 5540 (attonitum
3200 5497 3388 5562 tempe.

1904 5567 2127 5619 rundum
2151 5581 2260 5617 esse
2289 5566 2384 5614 ait.
2425 5554 2490 5614 'lu
2527 5554 2722 5628 synodo
2752 5576 2803 5609 se
2829 5573 3001 5608 omnes
3030 5554 3385 5608 excommuni-

1902 5645 2044 5686 εαιοδ
2073 5634 2259 5684 iterum
2285 5630 2773 5682 cxcommuuirassc.

1905 5723 2206 5775 Guccontt's
2244 5719 2551 5787 episcopus,
2607 5731 2794 5766 servus
2831 5727 3110 5767 servorum
3154 5708 3263 5760 hei.
3301 5706 3384 5756 di—
