3952 6374
169 429 283 486 609

1320 421 1519 478 LIBER
1556 420 1802 478 NONUS.
1840 449 1911 460 -
1947 417 2161 475 EPIST.
2201 418 2264 474 γ.

3302 418 3405 472 (ilo

163 503 282 597 lues
306 538 814 596 excommunicatos
859 553 1031 609 usque
1073 536 1139 592 ad
1179 536 1497 606 condignam
1539 534 1756 590 satisfa-
1787 536 1832 591 Α
1858 532 1927 586 sit
1949 532 2189 614 obtinere
2211 540 2544 608 perpetuam.
2573 530 2815 586 Denovis
2834 530 3248 586 ultramontanis
3269 529 3404 584 nihil

173 629 421 684 ctiouem
437 644 637 684 rursus
657 626 1262 691 excommunicavimus,
1284 634 1339 680 et
1358 614 1584 679 fratrum
1605 623 1747 677 mul-

175 719 484 774 titudinem
507 719 604 788 qui
626 719 850 785 aderant
869 716 1198 788 rogavimus,
1222 723 1282 769 ut
1324 712 1750 779 misericordiam

173 807 283 863 Dei
304 809 549 879 quotidie
569 815 815 873 exorent,
835 817 1105 876 quatenus
1129 805 1250 859 illos
1269 820 1364 874 per
1383 819 1566 859 veram
1585 801 1755 874 peni-

174 898 414 952 tentiam
432 898 502 952 ad
523 897 787 969 gremium
809 904 1009 951 sanctae
1031 894 1220 949 matris
1241 894 1492 949 Ecclesiae
1510 893 1751 958 reducat,

173 987 377 1056 eisque
397 987 454 1040 in
474 987 620 1040 bono
640 972 1091 1054 perseverantiam
1119 985 1337 1051 tribuat.
1373 981 1582 1036 Nullius
1607 982 1754 1035 enim

176 1074 428 1130 hominis
443 1074 796 1145 perditionem
817 1075 1128 1145 quaerimus,
1151 1075 1246 1128 sed
1264 1073 1504 1128 omnium
1526 1071 1753 1127 salutem

176 1163 240 1217 in
272 1162 495 1220 Christo
514 1163 905 1219 desideramus.

751 1273 1085 1329 EPISTOLA
1107 1274 1196 1328 IV.

607 1381 675 1420 ΑΒ
703 1380 944 1419 ΔΒΒΔΤΒΙ
963 1378 1334 1419 αλεεικεκεει.

779 1453 960 1524 (Anno
997 1453 1178 1522 1081.)

184 1540 264 1596 Ut
285 1541 517 1610 exploret
539 1559 609 1596 an
630 1542 884 1598 Robertus
917 1543 1025 1596 dua:
1051 1541 1354 1612 apostolico
1385 1541 1523 1595 sedis
1551 1541 1753 1595 auxilio

263 1609 508 1693 uenturus
533 1612 624 1676 sit,
660 1621 710 1665 et
743 1609 1278 1693 an‘quadragesintali
1321 1621 1562 1693 tempore,
1592 1627 1752 1693 quona

263 1678 462 1733 militia
508 1696 697 1733 uacare
740 1678 960 1744 solebat,
994 1678 1211 1750 aliquod
1263 1678 1565 1748 apostolica:
1605 1678 1753 1732 sedis

262 1748 511 1829 oppidum
541 1749 596 1801 in
624 1749 790 1829 adicio
833 1749 1094 1829 continere
1139 1746 1282 1828 uelit.
1333 1747 1530 1829 Ducem
1557 1749 1753 1802 moneri

233 1816 373 1870 ‘uult
425 1824 486 1870 ut
523 1816 757 1885 nepotem
782 1833 934 1870 suum
963 1817 1028 1870 ab
1053 1817 1321 1871 imasione
1348 1825 1608 1870 terrarum
1627 1833 1753 1870 san-

261 1887 335 1938 cti
369 1857 521 1938 betri
552 1895 863 1955 compescat.

259 1973 569 2030 Caesonius
587 1975 890 2045 episcopus,
914 1989 1106 2031 servus
1126 1989 1408 2030 servorum
1453 1974 1570 2041 Dei,
1592 1990 1752 2029 vene-

184 2064 352 2118 rabili
370 2065 554 2119 abbati
581 2063 896 2120 Cassiuensi
1125 2063 1450 2138 [Desiderio,
1490 2066 1565 2119 sic
1603 2074 1654 2119 et
1698 2067 1753 2118 in

185 2154 290 2207 cod
349 2153 574 2228 latim]
637 2154 866 2211 salutem
922 2163 977 2210 et
1031 2156 1385 2226 apostolicam
1428 2155 1756 2211 benedictio-

185 2257 336 2299 nem.

263 2334 410 2391 Satis
428 2335 581 2391 novit
609 2335 826 2392 dilectio
855 2338 945 2390 tua
972 2343 1237 2406 quantum
1265 2335 1536 2411 commodi
1569 2336 1636 2390 de
1656 2351 1754 2406 pa-

187 2425 406 2479 catione
423 2425 579 2480 ducis
598 2423 820 2480 Roberti
845 2434 1028 2481 sancta
1051 2425 1294 2480 Romana
1316 2422 1553 2479 Ecclesia
1573 2440 1757 2493 spera-

187 2513 351 2579 verit,
395 2524 768 2584 quantumque
795 2529 861 2568 ex
899 2515 1003 2570 hoc
1041 2505 1246 2569 inimici
1286 2514 1404 2583 ejus
1449 2513 1753 2580 timuerint;

186 2618 372 2672 neque
391 2604 556 2660 etiam
577 2613 631 2659 te
649 2605 816 2658 latere
836 2613 1109 2674 putamus,
1153 2604 1281 2660 huic
1309 2604 1619 2673 apostolica:
1643 2604 1756 2659 sedi

185 2701 436 2762 exparte
471 2693 616 2749 illius
654 2695 784 2765 quid
819 2695 1062 2749 utilitatis
1101 2695 1408 2749 accesserit.
1438 2692 1606 2758 Unde,
1629 2694 1757 2764 quia

187 2775 816 2854 plurimorum'ﬁdelium
839 2801 1004 2855 super
1023 2801 1088 2840 eo
1111 2801 1256 2855 spes,
1282 2786 1422 2841 sicut
1443 2785 1618 2855 palam
1643 2800 1758 2839 cer-

187 2857 366 2938 nitur,
390 2863 801 2942 hucusquenon
821 2875 1102 2943 processit,
1126 2876 1378 2929 volumus
1400 2883 1459 2928 ut
1477 2876 1543 2928 de
1564 2883 1758 2928 caetero

187 2962 441 3018 animum
461 2963 631 3034 ipsius
648 2963 878 3033 qualiter
898 2979 956 3018 se
974 2965 1117 3018 circa
1139 2962 1439 3018 Romanam
1463 2962 1757 3018 Ecclesiam

189 3053 394 3108 habeat
416 3055 674 3110 veraciter
695 3052 990 3126 intelligere
1013 3055 1253 3110 studeas.
1277 3052 1552 3123 Prmeipue
1573 3061 1756 3108 autem

185 3143 318 3214 ejus
336 3132 663 3216 voluntatem
689 3145 744 3200 in
783 3147 870 3203 his
891 3160 1186 3216 agnoscere
1210 3145 1494 3216 diligenter
1518 3153 1570 3198 te
1605 3144 1758 3214 cupi-

185 3250 344 3299 mus,
390 3234 594 3290 scilicet
625 3236 673 3293 si
716 3235 1020 3292 necessaria
1068 3236 1226 3290 nobis
1263 3234 1531 3304 expeditio
1571 3233 1757 3301 fuerit,

183 3331 324 3396 post
341 3323 570 3391 Pascha,
593 3341 663 3380 an
683 3341 779 3397 per
819 3340 897 3392 se,
926 3325 1010 3380 vel
1037 3340 1133 3396 per
1155 3325 1328 3379 illium
1368 3340 1528 3380 suum
1571 3340 1630 3379 se
1659 3325 1758 3379 de-

182 3423 385 3472 center
415 3431 803 3474 succursurum
827 3416 1147 3473 ﬁducialiter
1167 3415 1502 3488 polliceatur.
1535 3413 1593 3469 Si
1628 3429 1758 3471 vero

181 3507 304 3564 hoc
322 3522 432 3562 non
452 3509 706 3579 potuerit,
727 3517 860 3580 quot
881 3508 1081 3564 milites
1112 3517 1236 3579 post
1266 3505 1517 3578 paschale
1537 3505 1756 3572 festum,

179 3607 253 3656 ut
274 3597 336 3652 in
355 3597 606 3660 familiari
643 3595 833 3654 militia
872 3591 1014 3654 beati
1040 3599 1184 3654 Petri
1205 3601 1334 3665 sint,
1369 3614 1428 3654 se
1460 3596 1760 3653 destinatu-

180 3703 324 3744 rum
348 3688 713 3745 indubitanter
737 3690 1032 3760 promittat.
1060 3687 1174 3743 Hoc
1195 3689 1358 3742 etiam
1381 3689 1608 3742 solerter
1629 3703 1758 3756 pro-

184 3793 356 3836 cures
374 3779 648 3836 advertere
667 3795 735 3834 an
757 3780 877 3836 illos
895 3780 1032 3846 dies,
1053 3779 1300 3834 videlicet
1319 3777 1760 3848 quadragesima-

185 3872 301 3936 les,
326 3871 524 3942 quibus
534 3870 854 3927 Nortmanui
875 3871 1050 3926 solent
1067 3885 1246 3942 pugna
1268 3867 1481 3932 vaeare,
1503 3865 1759 3936 praelatus

184 3964 312 4018 dux
331 3965 588 4020 asscntiat
608 3966 716 4019 hoc
755 3972 916 4032 pacto
945 3963 1055 4018 Deo
1093 3962 1307 4035 oﬂ‘erre,
1334 3969 1393 4016 ut
1416 3975 1522 4014 una
1555 3961 1639 4014 vel
1661 3974 1760 4013 no—

185 4054 410 4109 hiscum
435 4055 514 4108 vel
537 4069 661 4108 cum
687 4061 875 4107 nostro
896 4053 1072 4123 legato
1099 4053 1164 4106 ad
1188 4037 1405 4120 aliquas
1423 4061 1596 4105 terras
1619 4050 1756 4104 beati

185 4141 363 4210 Petri,
381 4159 490 4213 quo
512 4143 768 4197 invitatus
780 4141 959 4207 fuerit,
974 4150 1338 4212 competenter
1351 4141 1650 4194 instructus
1669 4155 1758 4193 ac-

187 4233 356 4289 cedat
377 4251 392 4299 ;
412 4241 681 4309 quatenus
701 4233 806 4288 hoc
827 4232 911 4287 sui
932 4233 1177 4302 obsequii
1201 4231 1400 4294 studio,
1426 4239 1480 4284 et
1509 4230 1680 4284 honos
1702 4230 1754 4282 in

185 4325 494 4396 apostolica
531 4325 784 4382 ﬁdelitate
803 4326 1103 4390 conﬁrmet,
1139 4334 1194 4379 et
1214 4322 1440 4378 rebelles
1478 4337 1542 4376 ac
1567 4329 1758 4376 contu-

187 4435 381 4477 maces
402 4421 471 4476 ad
488 4422 733 4477 debitam
777 4429 977 4476 sancta:
1017 4420 1275 4476 Romanae
1313 4416 1566 4472 Ecclesiae
1606 4430 1757 4469 reve-

1849 622 1979 675 oerti
2005 621 2288 686 habemus,
2313 629 2537 691 excepto
2562 621 2708 691 quod
2733 620 3019 676 Henricum
3050 635 3324 688 nunquam
3347 633 3406 672 se

1850 709 2117 765 infelicius
2157 711 2412 767 habuisse
2455 727 2592 780 pene
2647 726 2836 766 omnes
2875 711 3019 765 illinc
3052 709 3405 773 advenientes

1851 800 2134 855 allirmant.

2407 925 2742 989 EPISTOLA
2782 894 2848 988 v.

2161 1039 2229 1077 ΑΙ)
2264 1038 2507 1078 HUGONEI
2544 1039 2766 1100 οιεΝεεμ
2792 1036 3094 1078 εριεεοινωι.

1853 1113 1986 1167 Cum
2013 1113 2213 1184 legatus
2250 1116 2512 1184 episcopos
2544 1113 2919 1179 Nortmannos,
2949 1115 3071 1184 quia
3097 1115 3302 1184 synodo
3339 1113 3406 1164 ad

1921 1182 2079 1251 quam
2114 1182 2433 1236 uocabantur
2459 1191 2648 1252 prtcsto
2686 1199 2785 1236 non
2808 1182 3038 1252 fuerant,
3070 1182 3406 1252 deposuisset,

1922 1249 2160 1332 precipit
2187 1252 2234 1304 ei
2272 1261 2330 1304 ut
2355 1249 2743 1332 eos'restituat,
2782 1249 3042 1332 segregem
3069 1249 3409 1332 A.ngliw,‘qui

1924 1320 1980 1371 in
2006 1319 2177 1391 sedem
2224 1320 2568 1388 apostolicam
2612 1337 2723 1388 pra:
2768 1319 2970 1391 ctuteris
3017 1319 3219 1387 regibus
3265 1319 3412 1369 obse-

1889 1436 1892 1439 .
1923 1389 2166 1457 quentiae
2205 1398 2338 1455 erat,
2365 1399 2674 1457 exasperet;
2709 1398 2761 1442 et
2780 1389 2932 1457 jubet
2979 1397 3036 1457 ut
3080 1401 3409 1457 ergaomnes

1919 1453 2033 1527 ejus
2080 1453 2536 1527 subditosmitius
2566 1465 2720 1527 agat.
2761 1453 2910 1521 Quod
2952 1453 3244 1527 idem_i'ul_t
3289 1469 3410 1527 erga

1920 1524 2113 1595 milites
2141 1526 2416 1594 quosdam,
2444 1526 2534 1595 qui
2567 1523 2636 1577 ad
2665 1523 2989 1595 Simoniacos
3020 1531 3068 1576 et
3096 1524 3410 1595 fornicarios

1922 1591 2486 1674 clericos-coercendos
2532 1593 2794 1648 auxilium
2838 1593 3010 1664 legato
3045 1591 3269 1645 tulerant
3320 1591 3414 1644 ob-

1922 1678 2137 1716 servari.
2971 1701 2976 1705 .

1922 1769 2225 1827 Caesonius
2251 1773 2556 1842 episcopus,
2599 1787 2788 1827 servus
2821 1786 3101 1828 servorum
3131 1769 3245 1834 Dei,
3272 1769 3414 1825 dile.‘

1784 1866 1827 1920 Β
1853 1863 1953 1918 ctis
1977 1863 2032 1916 in
2059 1861 2277 1918 Christo
2317 1863 2575 1918 fratribus
2612 1862 2816 1917 Hucom
2851 1860 3032 1914 Diensi
3060 1861 3332 1930 episcopo,
3360 1868 3417 1914 et

1852 1955 1964 2006 A...
1997 1954 2224 2025 salutem
2253 1963 2308 2008 et
2335 1955 2687 2025 apostolicam
2716 1952 3163 2009 benedictionem.

1915 2022 2186 2098 Perlatuin
2237 2022 2393 2100 nobis
2443 2055 2529 2100 est
2572 2045 2716 2114 quod
2761 2042 2949 2112 religio
3002 2050 3178 2096 vestra
3226 2056 3416 2097 omnes

1853 2133 2307 2190 Nortmannorum
2346 2137 2647 2207 pontiﬁces,
2675 2143 2870 2204 praeter
2905 2133 3414 2205 Rothomagensem,

1854 2227 2140 2296 ipsumque
2181 2225 2558 2282 Culturensem
2606 2226 2874 2298 abbatem,
2917 2240 3078 2294 quem
3111 2241 3212 2280 nos
3259 2226 3418 2279 resti-

1856 2318 2080 2383 tuimus,
2101 2306 2176 2372 ’ad
2205 2319 2495 2373 concilium
2527 2318 2780 2371 invitatos
2819 2316 3115 2384 suspendit.
3160 2316 3305 2382 Quos
3329 2325 3415 2369 ta-

1857 2423 2000 2473 men,
2025 2411 2165 2461 sicut
2192 2408 2347 2462 nobis
2367 2416 2680 2477 suggestum
2704 2413 2808 2469 est,
2837 2420 2944 2459 non
2972 2414 3078 2458 tam
3108 2406 3418 2459 inobedien-

1855 2497 1928 2549 tia
1955 2511 2118 2565 quam
2149 2505 2327 2551 metus
2353 2497 2495 2566 regis
2530 2495 2884 2559 Francorum,
2913 2495 3116 2558 scilicet
3157 2494 3284 2563 quia
3325 2509 3421 2548 se-

1856 2603 1984 2642 cure
2029 2588 2212 2641 venire
2255 2587 2568 2656 nequibant,
2615 2569 2900 2639 subtraxit.
2942 2581 3058 2649 Qua
3109 2585 3161 2638 in
3187 2601 3245 2640 re
3284 2601 3417 2655 pru-

1856 2679 2035 2732 dentia
2060 2686 2151 2731 tua
2172 2678 2302 2748 quid
2329 2678 2483 2733 nobis
2514 2678 2761 2732 videatur
2782 2676 3042 2730 advertat.
3070 2674 3182 2731 Rex
3217 2677 3420 2748 Anglo-

1858 2786 1979 2823 rum
2010 2771 2134 2824 licet
2162 2772 2214 2823 in
2235 2769 2560 2838 quibusdam
2583 2784 2688 2824 non
2719 2769 2792 2821 ita
2815 2767 3083 2838 religiose,
3113 2769 3254 2824 sicut
3273 2777 3421 2837 opta-

1860 2876 2001 2924 mus,
2034 2876 2092 2915 se
2121 2861 2315 2915 habeat
2343 2859 2521 2932 (407‘);
2553 2870 2730 2915 tamen
2761 2859 2815 2912 in
2849 2859 2952 2913 hoc
2980 2860 3124 2927 quod
3161 2859 3419 2914 ecclesias

1859 2949 1955 3004 Dei
1976 2965 2083 3004 non
2109 2950 2340 3004 destruit
2374 2965 2549 3020 neque
2574 2949 2777 3014 vendit,
2813 2956 2868 3002 et
2912 2963 3100 3018 pacem
3123 2944 3418 3019 justitiamé.

1862 3055 1968 3109 que
1997 3040 2051 3094 in
2086 3035 2320 3120 subditis
2341 3041 2454 3096 suis
2479 3039 2750 3095 moderari
2765 3048 3047 3109 procurat;
3069 3047 3125 3094 et
3142 3040 3270 3110 quia
3291 3056 3422 3096 con-

1784 3169 1828 3226 c
1863 3138 1944 3185 tra
1968 3129 2318 3218 apostolicam
2345 3131 2547 3196 sedem,
2574 3139 2797 3201 rogatus
2817 3144 2850 3184 a
2876 3129 3203 3200 quibusdam
3233 3131 3420 3186 inimi—

1860 3223 1942 3278 cis
1979 3222 2158 3278 crucis
2188 3221 2394 3278 Christi
2419 3230 2637 3293 pactum
2671 3222 2831 3287 inire,
2872 3221 3180 3286 consentire
3219 3221 3421 3288 noluit;

1859 3318 2199 3387 presbyteros
2219 3331 2437 3380 uxores,
2461 3300 2630 3370 laicos
2654 3315 2896 3369 decimas
2921 3328 3058 3382 quas
3089 3313 3419 3378 detinebant,

1858 3407 2017 3461 etiam
2039 3407 2350 3475 juramento
2373 3405 2641 3488 dimittere
2667 3403 2954 3474 compulit;
2978 3402 3425 3475 caaterisjregibus

1859 3512 1917 3552 se
1945 3497 2078 3552 satis
2104 3495 2519 3574 probabiliorem
2547 3511 2611 3551 ac
2637 3494 2814 3566 magis
2841 3494 3217 3550 honorandum
3242 3505 3426 3552 osten-
3475 3552 3477 3554 .

1858 3589 1976 3646 dit:
2002 3586 2152 3644 Unde
2200 3603 2309 3644 nou
2351 3586 2633 3663 indignum
2660 3587 2820 3642 debet
2843 3586 3145 3642 existimari
3187 3595 3425 3656 potesta-

1859 3688 1966 3735 tem
1987 3679 2134 3735 illius
2168 3679 2354 3734 mitius
2399 3694 2521 3734 esse
2550 3678 2904 3746 tractandam,
2949 3686 3131 3745 atque,
3175 3684 3423 3745 respectu

1859 3770 2160 3840 probitatis,
2190 3769 2361 3837 ipsius
2387 3767 2724 3823 subditorum
2759 3757 2815 3820 et
2848 3782 3036 3833 eorum
3065 3781 3202 3836 quos
3228 3767 3420 3837 diligit,

1858 3859 2209 3932 negligentias
2229 3873 2298 3914 ex
2342 3865 2492 3928 parte
2519 3856 2636 3913 fore
2661 3857 2976 3927 portandas.
3027 3856 3267 3928 Denique
3310 3873 3426 3913 me.

1858 3950 2283 4020 minisse'potest
2310 3949 2526 4004 dilectio
2546 3957 2726 4004 vestra
2756 3949 2988 4019 qualiter
3020 3957 3076 4004 et
3103 3949 3296 4004 beatus
3317 3949 3426 4003 Leo

1857 4057 1993 4111 papa
2017 4031 2335 4111 ncepliytos,
2367 4049 2422 4095 et
2442 4041 2634 4095 beatus
2661 4038 2952 4122 Gregorms
2982 4038 3303 4093 Venantium
3325 4054 3425 4092 ειν-

1857 4133 2164 4201 patricium,
2187 4146 2348 4200 quem
2371 4147 2505 4185 suus
2528 4131 2816 4198 episcopus
2841 4129 3040 4198 injuste
3068 4128 3422 4197 corripuerat,

1857 4221 2149 4277 sustinuit:
2186 4229 2241 4274 et
2280 4221 2736 4290 quemadmodum
2775 4204 3055 4275 clementia
3085 4219 3308 4273 «Domini
3333 4218 3427 4276 Jo—

1857 4313 2047 4390 saphat
2072 4312 2187 4384 regi
2223 4311 2390 4379 Juda,
2432 4312 2526 4382 qui
2569 4313 2736 4384 impio
2763 4312 2951 4367 Achab
2989 4312 3250 4367 auxilium
3287 4329 3426 4381 prae-

1856 4385 1989 4460 beris
2018 4404 2156 4458 iram
2182 4395 2420 4459 divinam
2454 4413 2748 4470 meruerat,
2782 4405 3036 4479 indulsit,-
3061 4402 3241 4470 Quare
3265 4405 3428 4472 ,γοιυ-

187 4512 428 4577 τειηίεω
456 4522 619 4582 atque
657 4513 942 4568 servitium,
973 4511 1056 4566 vel
1094 4519 1300 4565 ωτι-ονε
1323 4515 1536 4562 revocet
1564 4501 1663 4562 vel
1682 4506 1754 4572 vi,
1791 4497 1832 4551 D
1861 4512 1981 4552 mus
2005 4505 2063 4551 ut
2097 4494 2404 4582 fraternitas
2432 4503 2611 4548 vestra
2635 4509 2797 4562 supra
2821 4487 3132 4566 memoratis
3159 4492 3430 4562 episcopis

185 4603 399 4671 talique
419 4603 580 4656 modo
600 4617 713 4656 sua:
735 4601 846 4673 Deo
867 4598 1069 4657 militia:
1092 4614 1290 4653 munus
1310 4599 1604 4668 gratuitum
1626 4597 1756 4651 οπο-

186 4699 303 4746 rat.
327 4691 592 4747 Praeterea
613 4692 679 4747 de
699 4698 892 4760 nepote
921 4703 1020 4744 suo
1056 4687 1290 4743 Roberto
1308 4687 1374 4766 de
1415 4685 1670 4741 Loritello
1690 4686 1756 4740 ad

189 4781 372 4852 ipsius
394 4782 551 4839 ducis
577 4781 898 4852 memoriam
926 4794 1146 4844 revoces
1186 4778 1413 4849 qualiter
1439 4778 1506 4832 de
1527 4777 1618 4831 illo
1660 4792 1758 4830 no-

163 4864 284 4927 bis
321 4871 591 4942 promisit,
636 4864 886 4942 videlicet
911 4871 1055 4940 quod
1079 4871 1219 4924 idem
1260 4883 1444 4923 comes
1485 4882 1544 4922 se
1590 4873 1762 4920 terras

189 4958 508 5032 apostolica
545 4960 710 5026 sedis,
733 4957 926 5030 praeter
948 4976 1083 5029 quas
1117 4961 1366 5025 habebat,
1389 4957 1615 5014 ulterius
1655 4974 1761 5011 non

191 5052 517 5108 invasurum
542 5042 842 5120 spopondit
883 5067 896 5103 :
939 5065 1077 5118 quas
1123 5059 1301 5103 tamen
1328 5065 1428 5119 pro
1469 5065 1628 5118 posse
1663 5064 1764 5103 suo

193 5139 640 5208 invadere,sicut
661 5140 982 5202 audivimus,
1008 5138 1184 5192 adhuc
1217 5153 1322 5191 non
1347 5139 1574 5193 desistit.
1622 5138 1760 5192 Sua-

193 5229 334 5284 dcns
356 5228 520 5298 igitur
546 5229 836 5285 admoneas
864 5243 987 5282 eum
1014 5236 1072 5281 ut
1103 5225 1385 5280 memorati
1426 5227 1636 5292 nepotis
1679 5223 1762 5277 sui

194 5315 520 5389 sacrilegam
542 5311 848 5387 compescat
867 5319 1166 5381 audaciam,
1211 5314 1659 5396 atquegiiortetur
1700 5313 1763 5365 il-

193 5410 312 5484 lum
334 5405 606 5479 praeterita
625 5407 965 5478 corrigendo,
987 5417 1040 5462 et
1062 5407 1114 5464 in
1138 5405 1322 5460 futuro
1341 5398 1764 5478 seiabstinendo,

195 5499 420 5553 beatum
442 5497 663 5567 Petrum
684 5498 974 5567 propitium
1009 5498 1111 5553 sibi
1135 5497 1412 5560 facere,,m
1457 5495 1615 5563 cujus
1638 5485 1762 5546 irri-

196 5575 403 5642 tatioue
424 5587 662 5654 ruinam,
682 5587 809 5642 etin
837 5588 1005 5658 gratia
1027 5589 1189 5642 vitam
1216 5595 1269 5642 et
1295 5585 1600 5639 felicitatem
1633 5581 1760 5652 ipos-

1863 4597 1917 4642 et
1961 4569 2270 4650 abbatibus,
2279 4573 2416 4637 “non
2463 4584 2828 4653 praetermisso
2863 4581 3170 4638 Culturensi
3215 4583 3428 4652 abbate,

1863 4693 2000 4748 quos
2047 4675 2427 4745 suspendistis,
2466 4690 2562 4745 per
2589 4675 2936 4746 praesentium
2985 4675 3295 4745 portitorem
3342 4691 3431 4731 re-

1863 4767 2160 4840 stitutionis
2186 4767 2395 4822 litteras
2416 4767 2613 4835 mittat,
2636 4775 2690 4822 et
2715 4765 2992 4836 praefatum
3016 4781 3192 4835 regem
3221 4766 3276 4818 in
3309 4767 3432 4819 tali-

1864 4858 1966 4913 bus
1983 4858 2208 4913 ultcrius
2229 4859 2348 4915 sine
2363 4875 2587 4915 assensu
2611 4867 2796 4912 nostro
2817 4870 2922 4908 non
2944 4857 3243 4922 exasperet.
3268 4853 3430 4909 Vide-

1865 4961 1953 5006 tur
1974 4951 2117 5006 enim
2160 4952 2315 5007 nobis
2345 4953 2513 5006 multo
2545 4949 2737 5003 melius
2767 4955 2928 5015 atque
2957 4945 3169 5002 facilius
3191 4947 3430 5003 lenitatis

1863 5041 2143 5097 dulcedine
2164 5057 2229 5096 ac
2248 5040 2473 5095 rationis
2487 5037 2816 5104 ostensione,
2835 5053 2998 5107 quam
3021 5039 3334 5093 austeritate
3345 5041 3430 5092 vel
3514 5058 3520 5063 λ

1863 5133 2039 5201 rigore
2062 5130 2288 5199 justitize
2322 5131 2472 5183 illum
2510 5129 2621 5184 Deo
2663 5129 2884 5196 lucrari,
2912 5138 2967 5187 et
3007 5130 3073 5183 ad
3112 5139 3428 5199 perpetuum

1865 5222 2004 5274 beati
2030 5221 2171 5274 Petri
2200 5237 2440 5276 amorem
2467 5237 2626 5291 posse
2647 5220 2950 5290 provocari.
2981 5216 3245 5273 Praeterea
3273 5218 3432 5271 inno-

1865 5312 1966 5367 tuit
1995 5313 2150 5368 nobis
2173 5313 2317 5382 quod
2357 5314 2557 5368 multos
2581 5307 2784 5371 milites
2811 5311 3086 5382 quiprius
3111 5309 3175 5362 ad
3203 5306 3427 5376 presby-

1866 5413 2009 5460 teros
2030 5404 2358 5481 lornicarips
2380 5414 2433 5458 et
2464 5402 2803 5456 Simoniacos
2835 5400 3160 5456 coercendos
3190 5396 3428 5450 favorem

1863 5506 1916 5549 et
1945 5483 2204 5564 auxilium
2235 5494 2384 5550 vobis
2416 5493 2811 5562 impenderunt,
2836 5499 3115 5561 propterea
3152 5488 3296 5555 quod
3329 5487 3428 5540 de-

1849 5585 2039 5648 .cimas
2071 5585 2340 5640 dimittere
2377 5585 2651 5651 nolebant,
2683 5578 3198 5638 excommunicando
3239 5576 3430 5630 turba—-

185 5769 208 5846 ί
269 5761 422 5836 (ΜΠ)
463 5735 780 5821 Guillelmus
816 5762 1094 5835 Neubrig.,
1126 5763 1314 5819 Rerum
1347 5764 1686 5832 Aug/irarum
1720 5762 1811 5814 lib.
1848 5773 2026 5827 1,0111).
2066 5757 2112 5811 l.
