3952 6422
460 475 556 528 till

1092 473 1146 527 S.
1190 466 1513 529 GREGORII
1559 472 1641 528 ΠΙ
1676 472 1878 527 ΡΑΡᾹΞ
1918 472 2198 528 OPERUM
2236 472 2415 526 PARS
2451 473 2488 526 l.
2530 503 2598 512 —
2634 472 3050 528 REGISTRUM.

3542 473 3731 527 σιξ

463 582 649 639 veritis
677 602 687 635 ε
722 581 910 650 quales
937 596 1036 635 nos
1057 582 1235 635 adhuc
1263 582 1626 635 anathematis
1654 581 1886 635 vinculis
1912 580 2030 634 alli-
2060 586 2100 639 Α
2132 582 2258 645 rint,
2303 592 2480 634 vestra
2521 581 2792 651 vigilantia
2831 591 2886 636 et
2918 582 3104 636 labore
3142 580 3509 638 conferantur.
3550 582 3727 637 Pras-

465 688 592 742 gare
631 671 873 741 synodali
921 671 1247 741 judieiO‘per
1281 672 1660 742 discretionem
1698 671 2027 725 distulimus.

467 763 641 831 Super
662 764 747 816 bis
774 762 935 831 igitur
961 763 1298 817 consulimus
1318 771 1478 830 atque
1500 762 1783 815 hortamur
1812 770 1869 813 ut
1889 775 2034 814 nunc

466 870 566 923 pro
609 861 848 920 tempore
888 852 1211 905 cationicum
1263 852 1492 920 rigorem
1547 860 1724 905 vestra
1771 850 2031 919 sapientia

470 951 746 1012 temperet,
776 951 940 1010 atque
964 942 1068 996 hac
1092 941 1420 995 turbationis
1441 948 1758 1009 tempestate
1787 939 2033 1008 quaedam

469 1032 757 1103 parcendo,
783 1032 1037 1085 nonnulla
1054 1031 1477 1093 dissimulando,
1509 1030 1581 1083 ita
1619 1030 1833 1084 studeat
1859 1029 2036 1082 mode-

469 1124 602 1186 rari,
625 1132 683 1175 ut
714 1137 821 1176 non
844 1137 908 1175 ex
937 1122 1221 1176 severitate
1239 1121 1463 1190 justitiac
1484 1119 1846 1175 deterior-andi
1873 1135 2033 1173 occa-

471 1213 677 1268 sioncm
702 1222 938 1277 sumant,
962 1211 1075 1276 sed,
1100 1227 1368 1280 suspenso
1397 1211 1776 1280 nuncjudieio,
1800 1211 2035 1279 spatium

472 1302 887 1371 recognoscendi
918 1302 1227 1370 aequitatem
1264 1302 1544 1365 habentes,
1577 1303 1922 1370 postmodum
1953 1299 2034 1353 fa—

410 1398 421 1411 “
473 1392 627 1445 cilius
657 1394 1038 1460 acquiescant:
1074 1401 1127 1445 ut
1163 1393 1378 1445 demum
1411 1393 1464 1445 in
1501 1408 1597 1446 eos
1630 1390 2036 1460 tranquillitatis

470 1494 731 1558 tempore,
759 1483 922 1551 quod,
958 1480 1066 1536 Deo
1095 1492 1383 1545 artant-nte,
1415 1482 1525 1536 cito
1569 1481 1809 1535 futurum
1848 1496 2034 1550 spera-

473 1589 617 1634 mus.
660 1573 712 1625 i-l
762 1573 903 1641 quod
936 1589 1079 1627 nunc
1120 1574 1427 1642 apostolicae
1468 1573 1612 1626 sedis
1645 1572 1898 1625 discretio
1943 1588 2038 1640 pa-

473 1662 665 1714 tienter
698 1662 893 1726 dit‘tert,
918 1664 1130 1732 justitia
1160 1664 1423 1717 dirimens
1449 1662 1515 1717 ad
1537 1672 1737 1717 statum
1762 1678 1920 1718 suum
1950 1679 2036 1717 re-

472 1762 693 1808 διαωερι.

1021 1880 1354 1937 EPISTULA
1398 1881 1482 1936 γι.

857 1987 924 2023 ΑΒ
963 1985 1203 2023 ΑΒΒΑτιῖὶι
1247 1986 1636 2025 διλεδιιιιῑηδειί.

1058 2059 1236 2129 (Anno
1282 2060 1457 2131 l081.)

476 2169 833 2242 Quorumdam
865 2175 1329 2242 monasteriorum,
1363 2190 1478 2242 qua
1512 2174 1605 2226 sub
1647 2172 1898 2227 Romana:
1930 2172 2036 2227 Ec-

546 2240 722 2293 clesia:
745 2240 908 2293 tutela
934 2244 1219 2295 constitufa
1254 2240 1396 2306 sunt,
1427 2259 1606 2295 curam
1635 2243 1711 2295 eis
1739 2243 2036 2295 committit.

546 2307 665 2391 Dat
695 2306 1001 2391 facultatem
1044 2311 1300 2391 repetendi
1335 2310 1684 2391 quidqttid‘ad
1713 2311 1894 2391 eadem
1928 2327 2039 2364 mo-

549 2377 779 2429 nasteria
797 2377 1065 2445 pertinens
1094 2377 1157 2433 ab
1196 2379 1317 2432 aliis
1346 2377 1536 2448 injuste
1563 2379 1847 2433 detinetur.

546 2504 852 2559 Caesonius
891 2504 1208 2575 episcopus,
1251 2520 1441 2560 servus
1482 2490 1771 2559 servorum
1798 2503 1913 2569 Dei,
1953 2505 2038 2559 di-

482 2598 620 2651 lecto
648 2598 701 2649 in
734 2597 951 2652 Christo
973 2598 1083 2653 tilio
1121 2596 1396 2652 RICIIAIIDO
1418 2607 1624 2653 sanctae
1653 2596 1908 2650 Romanae
1935 2594 2039 2650 Ec-

482 2687 660 2742 clesia:
694 2689 952 2742 cardinali
998 2690 1261 2743 sacerdoti
1298 2698 1459 2758 atque
1487 2689 1665 2744 abbati
1694 2686 2038 2752 Massiliensi,

482 2778 707 2847 suisque
758 2779 1166 2834 successoribus
1217 2779 1534 2849 regulariter
1572 2777 1951 2847 promovendis
1984 2777 2039 2831 in

484 2880 822 2937 perpetuum,
848 2879 951 2924 etc.
1040 2905 1045 2910 -

555 2958 702 3014 Licet
728 2960 1005 3029 apostolici
1043 2975 1144 3014 nos
1174 2959 1343 3030 apicis
1362 2976 1491 3014 cura
1516 2974 1617 3029 pro
1640 2959 2042 3029 cunctis'gene-

485 3052 669 3107 raliter
696 3049 950 3107 Ecclesiis
983 3051 1227 3121 vigilare,
1258 3066 1321 3105 ac
1352 3066 1451 3121 pro
1491 3052 1735 3106 omnium
1775 3058 1920 3108 statu
1961 3051 2044 3106 vel

485 3142 825 3212 reparatione
865 3142 1127 3198 sollicitos
1178 3158 1299 3198 esse
1359 3144 1665 3207 admoneat,
1711 3144 1817 3199 illis
1864 3153 2044 3199 tamen

487 3229 752 3300 praecipue
784 3229 917 3285 locis
960 3237 1202 3288 nostram
1240 3245 1425 3287 curam

487 3322 611 3375 (iam
660 3322 1059 3392 perpendimus,
1094 3338 1233 3394 quae,
1266 3324 1368 3380 sub
1413 3324 1670 3380 Romana:
1696 3325 1861 3380 tutela
1903 3326 2047 3381 sedis

487 3417 800 3480 constituta,
834 3415 1036 3470 scimus
1064 3424 1239 3470 status
1278 3416 1363 3471 sui
1385 3416 1872 3483 conﬁrmationem,
1912 3433 2048 3487 aug-

490 3513 729 3559 mentum
765 3505 849 3558 vel
877 3505 1282 3574 [restitutioncm
1320 3507 1388 3559 ab
1430 3507 1531 3561 hac
1573 3508 1915 3577 potissimum
1954 3523 2047 3563 ec-

490 3598 655 3656 clesia
688 3596 843 3666 cujus
870 3597 1009 3672 juris
1043 3606 1169 3651 sunt
1199 3607 1530 3667 exspectare.
1567 3597 1703 3665 Quia
1742 3615 1870 3669 ergo
1903 3616 2050 3670 qure-

490 3689 614 3741 dam
670 3688 1030 3753 monasteria,
1078 3688 1309 3742 alterum
1372 3689 1428 3742 in
1477 3690 1753 3758 provincia
1805 3691 2053 3746 videlicet

493 3776 677 3832 Sancti
705 3776 870 3843 Petri,
904 3777 1048 3848 quod
1070 3778 1269 3834 dicitur
1313 3779 1378 3833 ad
1421 3777 1655 3833 Montem
1693 3779 1971 3849 Majorem,
1998 3791 2052 3837 et

491 3869 718 3923 alterum
753 3868 809 3922 in
840 3867 1177 3925 Narbonensi
1208 3870 1678 3940 archiepiscopatu
1705 3870 1917 3929 Sanctae
1934 3873 2051 3930 Ma-

493 3961 590 4014 ria:
616 3960 682 4014 dc
700 3959 921 4025 Crasso,
945 3977 1065 4030 qua:
1092 3962 1158 4015 ad
1184 3961 1348 4029 hujus
1376 3962 1519 4016 sedis
1548 3946 1916 4020 defensionem
1938 3982 2055 4036 per-

493 4050 685 4115 linere,
715 4050 1027 4120 propriique
1051 4049 1191 4121 juris
1228 4050 1347 4121 ejus
1385 4067 1507 4107 esse
1553 4063 1871 4122 noscuntur,
1911 4057 2054 4126 jam-

492 4140 697 4195 dudum
716 4140 1066 4195 saecularium
1110 4142 1499 4199 monachorum
1532 4144 1690 4215 culpa
1718 4160 1748 4200 a
1778 4145 2054 4217 religionis

493 4232 709 4285 tramite
729 4232 972 4286 deviasse
1002 4232 1394 4308 intelleximus;
1416 4251 1479 4289 ea
1506 4236 1802 4292 reformare
1818 4239 1889 4292 ad
1917 4238 2074 4309 lapsi

492 4310 708 4377 decoris
740 4322 1014 4392 specimen
1042 4322 1197 4379 valde
1218 4338 1340 4379 esse
1384 4327 1749 4382 necessarium
1775 4327 2051 4384 duximus.

496 4412 617 4467 Scis
638 4412 814 4477 enim,
843 4412 1122 4469 decentius
1169 4422 1330 4484 atque
1366 4418 1773 4475 convenientius
1804 4435 1924 4475 esse
1961 4421 2056 4476 de—

493 4502 734 4557 cernitur
769 4502 1044 4557 destructa
1086 4511 1388 4572 restruere,
1426 4514 1480 4559 et
1511 4507 1579 4560 ad
1618 4509 1852 4579 gradum.
1895 4525 2054 4565 suum

2135 681 2301 734 terea,
2334 672 2550 740 quoties
2595 687 2785 725 eorum
2831 680 3070 727 rectores
3108 671 3360 739 obierint,
3411 672 3578 728 vestri
3638 672 3727 726 sit

2136 761 2299 813 studii
2335 759 2474 814 alios
2500 774 2624 813 cum
2670 774 2943 815 consensu
2994 758 3417 829 probabiliorem
3466 762 3721 816 fratrum

2133 848 2199 901 de
2221 847 2408 903 eadem
2434 849 2868 919 congregatione,
2902 849 2948 903 si
2973 849 3091 903 ﬁeri
3129 858 3343 919 potest;
3379 851 3462 907 sin
3488 860 3729 915 autem,

2134 938 2349 992 aliunde
2395 938 2694 992 secundum
2745 936 2916 993 Deum
2947 947 3002 993 et
3032 938 3277 1009 regulam
3309 939 3480 995 sancti
3520 939 3723 995 Bene-

2135 1028 2265 1082 dicti
2306 1026 2529 1082 abbates
2581 1028 2780 1098 eligere
2836 1028 3019 1097 ibique
3065 1030 3411 1095 substituere,
3452 1046 3590 1100 quos
3636 1030 3729 1085 ab

2136 1118 2229 1171 illo
2270 1119 2530 1186 episcopo
2576 1116 2630 1170 in
2676 1117 2834 1187 cujus
2879 1117 3100 1172 dioecesi
3152 1116 3370 1183 fuerint,
3403 1118 3449 1173 si
3482 1118 3550 1171 ah
3598 1119 3727 1174 hac

2138 1209 2263 1262 sedc
2303 1206 2805 1262 cxcommnnicatus
2834 1207 2917 1261 vel
2956 1206 3282 1262 Simoniacte
3310 1209 3578 1264 hmreseos
3614 1208 3723 1262 in-

2136 1296 2300 1367 famia
2326 1304 2545 1351 notatus
2583 1311 2689 1367 non
2716 1294 2839 1359 erit,
2879 1297 3206 1353 ordinandus
3233 1297 3585 1352 decrevimus.
3647 1295 3721 1352 Si

2135 1366 2262 1437 vero
2307 1386 2534 1440 alterum
2589 1366 2784 1440 hoi'um
2829 1384 3119 1451 obstiterit,
3164 1386 3330 1441 abbas
3376 1401 3406 1438 a
3456 1386 3724 1441 Romano

2136 1476 2388 1543 pontiﬁce
2438 1490 2592 1528 suam
2639 1475 3100 1529 consecrationem
3148 1483 3440 1545 exspectet,
3483 1485 3575 1529 aut
3636 1476 3721 1530 ad

2137 1580 2519 1634 quemcunque
2577 1564 2891 1632 episc0pum
2960 1563 3049 1618 ille
3112 1566 3425 1634 praeceperit
3480 1580 3730 1636 pergere

2136 1672 2234 1723 pro
2265 1655 2350 1709 sui
2392 1655 2731 1708 ordinatione
2760 1653 3029 1708 licentiam
3063 1654 3296 1718 habeat;
3327 1656 3481 1723 cujus
3501 1655 3721 1709 nihilo-—

2137 1746 2318 1799 minus
2343 1745 2555 1799 abbatis
2590 1758 2769 1798 mores
2799 1753 2852 1798 et
2896 1744 3062 1797 vitam
3113 1744 3257 1798 sicut
3281 1751 3337 1798 et
3361 1744 3721 1799 Subditomm

2139 1852 2362 1890 suorum
2402 1836 2691 1898 discutere,
2740 1846 3107 1902 excessusque
3165 1836 3459 1905 corrigere,
3509 1845 3727 1890 vestrm:

2022 1914 2031 1928 ⁸
2064 1917 2109 1993 Β
2136 1926 2478 1997 potissimum
2510 1924 2859 1994 providentia:
2890 1924 3154 1978 attinebit.
3195 1923 3351 1989 Quod
3380 1926 3426 1979 si
3464 1924 3604 1979 forte
3654 1925 3721 1979 in

2137 2017 2355 2087 aliquod
2408 2016 2614 2072 crimen
2662 2015 2999 2085 depositione
3035 2015 3257 2086 dignum
3292 2013 3456 2070 fuerit
3491 2016 3717 2084 lapsus,

2136 2116 2378 2163 vestrum
2411 2107 2514 2161 erit
2566 2105 2633 2160 ad
2679 2105 3032 2175 apostolicam
3063 2104 3393 2160 audientiam
3450 2105 3718 2172 deferre;

2138 2205 2406 2266 quatenus
2439 2204 2532 2249 aut
2576 2195 2665 2249 hic
2692 2194 3060 2249 damnationis
3101 2209 3214 2249 suae
3242 2196 3560 2250 sententiam
3606 2212 3724 2265 per

2143 2285 2448 2340 Romanum
2475 2283 2780 2353 pontificem
2815 2282 3067 2354 excipiat,
3097 2290 3190 2337 aut
3211 2299 3307 2353 per
3349 2284 3720 2353 apostolicum

2139 2376 2375 2447 legatum
2412 2374 2479 2429 ad
2510 2374 2560 2428 il
2607 2374 2972 2445 peragendum
3001 2373 3145 2428 serio
3179 2372 3429 2440 missum,
3480 2374 3724 2445 dignum

2141 2461 2256 2522 suis
2287 2465 2495 2521 meritis
2513 2463 2778 2534 judicium
2809 2464 3020 2518 subeat.

2212 2551 2513 2607 Statuimus
2540 2554 2701 2606 etiam
2730 2559 2791 2605 ut
2814 2552 3075 2621 quidquid
3105 2551 3171 2606 ad
3205 2552 3393 2607 eadem
3432 2561 3725 2607 monaste-

2142 2641 2222 2695 ria
2265 2641 2534 2710 pertinere
2574 2641 2941 2712 cognoscitur,
2982 2642 3030 2695 si
3068 2641 3136 2695 ab
3181 2631 3453 2712 aliquibus
3487 2642 3726 2697 irratio~

2141 2734 2395 2791 nabiliter
2417 2731 2719 2797 detinetur;
2752 2746 2817 2786 ex
2850 2731 2954 2785 hac
2980 2739 3163 2787 nostra
3196 2734 3512 2788 auctoritate
3550 2749 3718 2802 repe-

2143 2825 2289 2878 tendi
2312 2822 2666 2894 exigend‘quc
2700 2838 2765 2877 ac
2791 2822 3102 2877 vindicandi
3123 2822 3368 2877 habeatis
3388 2839 3481 2894 per
3500 2823 3724 2889 omnia,

2144 2912 2255 2967 Deo
2279 2913 2520 2982 juvante,
2546 2912 2848 2978 licentiam;
2880 2913 3007 2981 quia
3034 2912 3255 2983 dignum
3285 2923 3366 2969 est
3393 2922 3452 2969 ut
3476 2929 3727 2985 quorum

2145 3018 2333 3057 curam
2394 3000 2581 3072 geritis
2647 3001 2811 3056 rebus
2867 3002 3019 3056 nullo
3085 3003 3247 3057 modo
3293 3003 3724 3059 dcfraudemini.

2147 3091 2377 3150 Prae-fato
2403 3092 2567 3164 igitur
2595 3090 2757 3147 modo
2781 3101 2980 3148 nostra:
3002 3092 3353 3164 providentiae
3381 3109 3443 3149 ac
3477 3094 3729 3164 disposi-

2149 3185 2312 3239 tionis
2355 3183 2783 3238 vicissitudinem
2820 3182 2964 3236 circa
3012 3198 3152 3252 smpe
3201 3184 3346 3238 dicta
3385 3186 3727 3241 monasteria

2071 3256 2114 3313 ί)
2146 3273 2243 3343 tibi
2274 3273 2489 3343 tuisque
2521 3272 2950 3339 successoribus,
2995 3281 3055 3325 ut
3088 3232 3515 3341 praelibavimus,
3548 3290 3727 3346 regu-

2147 3364 2334 3420 lariter
2371 3364 2753 3435 promovendis
2807 3363 3193 3430 concedentes,
3240 3363 3612 3423 interdicimus
3662 3379 3732 3423 ut

2148 3457 2330 3510 nullus
2357 3469 2738 3521 successorum
2781 3463 3113 3521 nostrorum,
3147 3456 3232 3511 vel
3277 3457 3732 3529 archiepiscop:-

2147 3562 2268 3602 rum
2291 3555 2384 3600 aut
2410 3545 2820 3615 episcoporum,
2855 3552 2910 3599 et
2940 3560 3099 3598 nemo
3122 3546 3389 3601 clericalis
3418 3563 3512 3602 seu
3544 3549 3730 3605 laicu-

2150 3636 2284 3690 calis
2311 3635 2538 3702 ordinis,
2566 3634 2763 3689 audeat
2793 3636 2936 3690 hanc
2967 3643 3287 3704 patestatem
3315 3638 3596 3707 praesentis
3632 3641 3733 3695 dc-

2151 3725 2283 3780 creti
2313 3727 2633 3780 auctoritate
2658 3725 2927 3781 ﬁrmatam
2953 3727 3108 3782 vobis
3138 3726 3350 3783 auferre
3381 3729 3462 3784 vel
3501 3740 3734 3800 pertur-

2151 3815 2300 3880 bare,
2334 3815 2426 3870 sed
2450 3831 2513 3869 ea
2556 3816 2719 3886 (sicut
2749 3817 3026 3885 praefixum
3067 3816 3171 3887 est)
3203 3818 3259 3872 in
3295 3827 3474 3874 vestra
3509 3820 3732 3875 salubri

2152 3907 2491 3961 ordinatione
2518 3921 2582 3960 ac
2604 3905 2957 3976 dispositione
2972 3907 3025 3960 in
3053 3917 3371 3978 perpetuum
3398 3907 3732 3967 inoonvulsa

2152 4002 2523 4066 permaneant.

2688 4116 3021 4173 EPISTOLA
3057 4117 3170 4173 VII.

2540 4223 2607 4260 AD
2649 4223 2931 4262 UNIVERSOS
2960 4224 3321 4271 CHRISTMNOS.

2740 4297 2919 4364 (Anno
2957 4297 3138 4369 l08l.)

2156 4384 2412 4457 Praecipit
2433 4401 2495 4439 ne
2517 4386 2793 4457 quisquam
2814 4387 3088 4457 ecclesiam
3114 4388 3299 4444 Sancti
3324 4391 3494 4457 Petri,
3514 4395 3573 4446 in
3592 4395 3733 4455 υίιιυ

2231 4454 2575 4528 Moecharaus
2620 4454 2801 4520 sitam,
2826 4456 3005 4511 tutela
3049 4458 3349 4528 apostolica:
3387 4454 3524 4515 sedis
3574 4454 3732 4519 coru-

2226 4527 2443 4577 missam
2475 4523 2706 4592 infestet.
2787 4558 2793 4565 -

493 4594 732 4693 collapsa
757 4592 1060 4693 reducere,
1086 4598 1261 4693 quam
1290 4595 1358 4693 in
1401 4595 1692 4653 dilatandis
1733 4599 1815 4655 vel
1847 4601 2058 4657 noviter
2089 4586 2133 4640 D
2226 4586 2544 4668 Gngconms'
2561 4613 2869 4685 episcopus,
2893 4631 3084 4672 servus
3104 4631 3385 4693 servatum
3405 4618 3520 4688 Dei,
3544 4624 3735 4679 omni.

495 4683 822 4740 zediﬁcandis
850 4685 1072 4753 operam
1103 4684 1250 4739 dare.
1283 4684 1623 4755 Quapropter
1666 4689 1733 4744 ad
1772 4691 2055 4759 praedicto-

496 4790 616 4830 rnm
665 4774 908 4851 locorum
963 4776 1414 4831 restaurationem
1463 4778 1737 4849 religionis
1789 4789 1896 4835 tua:
1927 4797 2057 4851 pru-

494 4866 731 4921 dentiam
760 4865 1045 4935 perutilem
1071 4867 1416 4932 arbitrantes,
1441 4868 1564 4925 licet
1594 4878 1671 4936 tu,
1695 4873 2056 4942 quorumdam

495 4956 791 5025 proborum
826 4957 1067 5019 virorum
1096 4957 1346 5027 precibus
1379 4959 1713 5027 adhortatus,
1743 4963 1947 5033 absque
1989 4965 2073 5019 li—’

495 5045 671 5101 ecntia
701 5054 888 5099 nostra
925 5046 991 5100 de
1036 5061 1226 5102 eorum
1254 5063 1387 5103 cura
1429 5058 1481 5103 te
1516 5050 1755 5106 nolueris
1783 5052 2056 5108 intromit-

497 5146 631 5201 tere,
659 5150 759 5191 nos
787 5144 967 5189 tamen
994 5138 1308 5194 censuimus
1340 5154 1437 5209 per
1466 5150 1614 5195 tuam
1648 5154 2056 5199 successorum-

498 5241 604 5295 quc
632 5235 844 5281 tuorum
872 5226 1149 5297 solertiam
1181 5227 1438 5287 fratribus
1463 5233 1519 5287 in
1560 5235 1764 5291 eisdem
1794 5240 2057 5295 ccenobiis

497 5318 750 5388 deinceps
764 5322 1037 5376 mansuris
1061 5331 1373 5395 perpetuam
1392 5327 1653 5397 regularis
1676 5332 1799 5386 vitae
1822 5335 2057 5391 circum-

499 5409 829 5476 spectionem
878 5412 1177 5480 providere.
1214 5413 1449 5472 Proinde
1489 5418 1633 5473 circa
1683 5420 1903 5490 praefata
1947 5441 2060 5479 mo.

501 5497 734 5551 nasteria
759 5493 1139 5557 sollicitudinis
1161 5513 1359 5561 nostra:
1379 5506 1549 5563 vicem
1576 5508 1845 5565 dilectioni
1867 5522 2059 5569 vestrm

501 5583 918 5652 committentes,
953 5589 1201 5645 volumus
1230 5602 1392 5662 atque
1433 5597 1779 5667 praecipimus
1823 5610 1880 5654 ut
1901 5603 1954 5655 in
1980 5604 2058 5659 eis

502 5687 623 5739 qua:
645 5679 968 5743 amputanda
994 5690 1121 5736 sunt
1147 5684 1457 5751 amputetis,
1482 5702 1709 5757 qumque
1741 5693 2057 5764 corrigenda

506 5773 629 5815 sunt
657 5768 958 5835 corrigatis,
985 5782 1038 5824 ct
1065 5788 1186 5842 qua!
1217 5776 1323 5830 illis
1347 5776 1641 5847 disciplima
1665 5789 1850 5839 tenore
1872 5785 2056 5843 defue-

2155 4706 2259 4761 bus
2285 4704 2394 4761 Deo
2415 4714 2469 4761 et
2489 4706 2648 4761 beato
2672 4704 2835 4761 Petro
2858 4707 3128 4776 ﬁdelibus,
3156 4710 3386 4767 salutem
3412 4720 3467 4767 et
3496 4723 3733 4782 apostoo

2155 4798 2314 4851 licam
2343 4795 2788 4851 benedictionem.

2230 4885 2425 4942 Notum
2453 4885 2524 4941 sit
2543 4878 2694 4942 vobis
2721 4904 2821 4943 nos
2842 4889 3123 4946 ecdesiam
3164 4888 3346 4945 Sancti
3379 4890 3522 4946 Petri
3563 4893 3747 4951 sitam

2161 4977 2215 5032 in
2244 4978 2368 5031 villa
2389 4993 2509 5049 qum
2531 4978 2731 5033 dicitur
2755 4977 3122 5045 Mascharans',
3152 4976 3256 5036 sub
3269 4981 3363 5052 jus
3381 4990 3436 5038 et
3453 4982 3732 5041 defensio-

2161 5084 2283 5123 nem
2313 5070 2623 5137 apostolica:
2650 5068 2794 5124 sedis
2826 5070 2895 5124 ab
2924 5068 3095 5139 ipsius
3121 5070 3498 5128 fundatoribus
3532 5087 3731 5144 sponte

2159 5159 2412 5212 traditam
2440 5159 2765 5230 suscepisse,
2797 5160 2867 5215 ob
2894 5161 3050 5229 cujus
3077 5162 3383 5217 donationis
3403 5165 3730 5223 memoriam

2160 5256 2420 5317 perpetuo
2458 5251 2814 5316 retinendam,
2851 5252 3266 5318 constituerunt,
3298 5262 3353 5307 et
3390 5241 3733 5315 devoverant

2163 5352 2222 5393 se
2251 5339 2347 5405 illi,
2379 5339 2471 5409 qui
2505 5340 2648 5394 circa
2684 5340 2933 5397 eumdem
2960 5342 3139 5397 locum
3166 5353 3383 5415 propter
3406 5361 3656 5403 amorem
3677 5361 3734 5405 et

2164 5432 2385 5485 tutelam
2426 5430 2567 5484 beati
2602 5429 2747 5486 Petri
2785 5433 2889 5488 sibi
2929 5433 3215 5502 aediﬁcant,
3256 5450 3355 5506 pro
3396 5452 3733 5508 unaquaque

2162 5521 2325 5575 domo
2368 5535 2586 5575 censum
2634 5522 2935 5579 annualiter
2980 5532 3103 5580 octo
3141 5540 3394 5580 nummos
3437 5524 3733 5586 Pictaven-

2165 5611 2306 5664 sium
2343 5612 2736 5680 persoluturos.
2780 5611 3119 5684 Quapropter
3153 5615 3448 5685 apostolica
3488 5622 3734 5677 auctori-

2162 5709 2269 5753 tate
2298 5702 2639 5771 praecipimus
2666 5712 2723 5755 ut
2736 5719 2893 5758 nemo
2917 5705 3195 5773 praefatum
3223 5705 3401 5760 locum
3427 5698 3736 5778 apostolica

2165 5792 2389 5847 tzaitione
2420 5793 2685 5847 munitum
2713 5794 2965 5865 deinceps
2992 5794 3246 5850 infestare
3270 5811 3601 5867 prmsumat:
3642 5806 3738 5863 sed
