3952 6366
147 469 252 521 (iiii

1269 461 1494 515 ‘I.IliER
1536 458 1780 513 NONVS.
1818 476 1888 497 '--
1928 457 2140 540 EPIST.
2184 457 2248 510 Χ.

3300 460 3402 515 6η

146 579 250 632 sub
286 577 612 633 defensione
641 576 782 630 beati
820 575 984 636 Petri,
1020 573 1175 642 cujus
1199 574 1342 642 juris
1372 585 1474 638 est,
1517 575 1732 642 quietus
1763 573 1803 627 Α
1833 571 2175 623 nobilissimo
2203 568 2405 631 comiti,
2442 568 2669 622 salutem
2701 576 2750 621 et
2783 568 3135 638 apostolicam
3179 570 3401 622 benedi-

144 679 197 721 ct
227 683 468 722 securus
487 669 556 721 ab
570 666 716 720 omni
745 665 1146 733 perturbatione
1169 672 1502 738 permaneat.
1530 663 1583 716 Si
1604 663 1727 731 quis

145 775 279 828 ergo
308 768 504 814 contra
531 759 645 811 hare
668 765 851 809 nostra
883 756 1134 808 mandata
1165 764 1520 808 memoratum
1553 754 1727 806 locum

147 849 455 912 vexaverit,
486 846 798 901 admonitus
841 844 1028 910 semel,
1081 843 1300 908 iterum,
1344 859 1517 911 usque
1549 843 1726 907 tertio,

147 954 247 1008 per
292 938 681 992 convenientes
717 935 984 998 inducias,
1013 933 1058 987 si
1108 948 1217 986 non
1257 929 1563 1002 resipucrit,
1595 933 1730 989 sciat

150 1044 208 1081 se
236 1044 268 1081 a
302 1025 478 1097 gratia
499 1017 641 1079 beati
672 1025 814 1078 Petri
844 1032 1185 1091 separatum;
1217 1032 1289 1086 et,
1319 1022 1421 1076 nisi
1450 1021 1730 1076 satisfece-

150 1118 243 1180 rit,
299 1115 660 1170 anathematis
698 1113 932 1167 vinculis
961 1113 1329 1166 innodandum
1367 1132 1378 1165 :
1419 1112 1731 1180 quicunque

150 1222 288 1260 vero
325 1215 543 1274 propter
593 1189 941 1273 apostolicam
995 1203 1345 1255 reverentiam
1393 1202 1460 1256 ab
1509 1200 1732 1254 infesta-

155 1296 310 1349 tione
348 1297 522 1363 ipsius
563 1294 667 1348 loci
707 1303 760 1347 et
788 1292 1026 1356 laesione,
1065 1292 1207 1344 sicut
1235 1291 1604 1344 Christianum
1639 1291 1731 1345 dc-

156 1393 266 1448 cet,
296 1400 357 1439 se
380 1383 729 1448 continuerit,
771 1397 1007 1450 eumque
1034 1381 1292 1449 adjuvare
1315 1381 1608 1444 studuerit;
1639 1396 1729 1433 ve-

156 1473 311 1526 niam
337 1483 680 1542 peccatorum
711 1486 958 1537 suorum,
988 1480 1039 1523 et
1071 1470 1295 1540 gratiam
1319 1470 1458 1522 beati
1488 1469 1650 1533 Petri,
1683 1471 1728 1522 si

158 1559 388 1616 inbonis
398 1561 839 1630 perseveraverit,
858 1576 915 1613 se
929 1559 1348 1627 promet-iturum
1370 1574 1476 1611 non
1499 1559 1723 1612 dubitet.

694 1669 1024 1723 EPISTOIA
1067 1669 1196 1724 VIII.

769 1765 835 1801 an
875 1763 1129 1817 vexeros.

753 1834 930 1904 (Anno
965 1834 1140 1900 I081.)

163 1923 431 1977 Hortatur
457 1933 514 1976 ut
541 1923 605 1976 ab
638 1924 1102 1975 excammunicatis
1127 1931 1360 1975 careant.
1401 1922 1635 1976 Excusat
1673 1941 1726 1977 sc

231 1995 369 2064 quod
395 2010 573 2046 eorum
606 1993 844 2061 petitioni
880 1994 934 2042 in
955 1993 1197 2058 prwsenti
1223 2007 1322 2043 non
1347 2003 1580 2064 annuat;
1602 2009 1726 2064 pro:

233 2061 446 2115 mittens
488 2070 660 2114 tamen
696 2077 749 2113 se
795 2071 1082 2128 opportuno
1123 2070 1347 2128 tempore
1383 2061 1728 2128 postulationi

232 2146 413 2182 comm
441 2145 710 2182 assensum
735 2130 1098 2198 praebiturum.

235 2219 544 2274 Gaecomus
572 2220 876 2287 episcopus,
913 2233 1104 2272 servus
1140 2232 1422 2272 servorum
1466 2217 1579 2283 Dei,
1615 2218 1733 2288 glo-

165 2307 317 2362 rioso
354 2308 482 2361 duci
504 2298 576 2361 ἐι
616 2307 757 2377 genti
798 2305 1146 2370 Venetorum,
1183 2307 1268 2359 his
1295 2315 1473 2360 tamen
1500 2308 1593 2374 qui
1628 2321 1733 2359 non

164 2398 576 2450 communicant
607 2396 1114 2461 excommunicatis,
1143 2395 1372 2449 salutem
1400 2404 1454 2448 et
1481 2395 1708 2463 apostoli

167 2500 294 2540 eam
323 2485 772 2558 benedictionem.

125 2565 133 2570 ’
237 2574 512 2640 Quantum
560 2588 660 2628 nos
704 2589 770 2628 ex
808 2573 968 2644 longo
1015 2583 1254 2642 tempore
1281 2588 1378 2626 vos
1421 2582 1473 2628 et
1511 2573 1739 2642 patriam

167 2678 413 2718 vestram
453 2663 824 2730 dilexerimus,
879 2680 988 2717 non
1031 2650 1406 2718 existimamus
1458 2666 1738 2717 scientiam

168 2758 412 2806 vestram
455 2754 643 2806 latere.
677 2752 878 2807 Verum
908 2760 1200 2821 postquam
1233 2768 1333 2808 nos
1360 2755 1741 2822 omnipotentis

172 2839 275 2894 Dei
305 2841 546 2911 dignatio
581 2842 649 2896 ad
677 2841 732 2896 id
759 2842 1006 2911 provexit
1046 2841 1226 2908 oﬂicii,
1260 2858 1366 2897 non
1400 2844 1741 2899 dilectionem

171 2945 240 2985 ex
276 2933 450 2998 vobis,
492 2932 706 3002 qualem
749 2933 1052 3002 oportebat,
1088 2935 1426 3002 agnovimus.
1485 2935 1587 2990 Sed
1623 2937 1746 2990 licet

172 3022 420 3082 antehac,
453 3037 542 3076 res
596 3022 669 3074 ita
718 3037 838 3076 sese
888 3021 1164 3088 habuerit,
1201 3032 1378 3077 tamen
1426 3025 1553 3094 quia
1601 3042 1747 3080 sanie

173 3113 378 3167 mentis
404 3112 633 3167 consilio
661 3119 887 3166 matrem
917 3121 1174 3177 vestram,
1205 3114 1559 3182 apostolicam
1590 3117 1744 3170 νὶιιρ-

178 3201 314 3255 licet
339 3203 543 3267 sedem,
574 3211 1044 3270 recognoscentes,
1079 3217 1199 3256 eam
1239 3203 1474 3279 incipitis
1509 3221 1748 3274 quaerere
1779 3214 1820 3272 ο

173 3299 232 3344 et
261 3291 544 3356 venerari;
575 3305 695 3351 uos,
742 3292 836 3359 qui
857 3291 1020 3359 hujus
1048 3292 1210 3357 sedis,
1242 3294 1490 3361 quamvis
1518 3297 1742 3364 indigni,

176 3381 598 3435 sollicitudinem
643 3381 903 3452 gerimus,
957 3381 1216 3434 honorem
1262 3391 1499 3435 vestrum
1542 3393 1649 3437 tam
1692 3387 1745 3439 in

175 3472 437 3539 praesenti
471 3487 634 3541 quam
682 3473 735 3524 in
777 3469 958 3524 futuro
988 3471 1283 3525 secundum
1315 3470 1480 3525 Deum
1529 3474 1748 3543 diligere

121 3593 127 3598 -
174 3567 236 3614 et
271 3575 484 3614 servare
525 3561 668 3616 haud
709 3575 868 3614 secus
905 3569 1175 3628 optamus.
1209 3558 1361 3614 Unde
1401 3573 1624 3630 paterno
1652 3580 1749 3618 vos

177 3647 380 3702 affectu
413 3649 786 3713 adhortantes,
825 3663 890 3702 ex
918 3657 1070 3716 parte
1099 3650 1242 3702 beati
1285 3649 1432 3703 Petri
1467 3667 1750 3710 monemus

175 3747 352 3806 atque
388 3737 830 3807 praecipimusut
876 3752 1085 3791 summa
1126 3737 1403 3806 diligentia
1442 3749 1496 3792 et
1541 3745 1749 3796 cautela

178 3843 289 3882 vos
326 3828 394 3883 ab
425 3813 917 3898 excommunicatis.
940 3827 1211 3882 custodire
1257 3829 1479 3894 curetis,
1523 3845 1586 3884 ac
1625 3847 1748 3900 per-

169 3918 426 3972 maxime
449 3919 685 3972 caveatis
699 3903 989 3972 amicitiam
1011 3916 1150 3970 forte
1173 3917 1255 3971 vel
1279 3920 1508 3989 gratiam
1533 3920 1751 3976 illorum

177 4006 458 4073 captando
485 4007 677 4075 iisdem
704 4021 799 4061 vos
824 4005 1033 4076 laqueis
1060 4007 1426 4082 damnationis
1455 4011 1747 4067 innectere.

182 4095 345 4161 Quod
371 4091 551 4148 autem
578 4095 821 4174 petitioni
863 4102 1054 4150 vestrae
1096 4095 1162 4149 ad
1209 4111 1446 4165 praesens
1488 4101 1544 4154 in
1589 4103 1756 4156 adim-

181 4185 387 4259 plendo
410 4199 531 4238 eam
559 4199 666 4240 non
682 4186 936 4240 videmur
966 4200 1227 4252 annuere,
1266 4201 1374 4241 non
1398 4179 1518 4242 tam
1555 4201 1754 4246 nostrze

181 4275 336 4329 velut
353 4274 596 4339 incurias,
611 4290 773 4344 quam
788 4282 1092 4344 temporum
1114 4275 1561 4344 incommoditati,
1577 4281 1753 4335 velitis

183 4365 483 4420 ascribere.
524 4363 766 4435 Denique
784 4381 908 4420 eum
935 4374 1148 4436 tempus
1172 4377 1532 4436 opportunum
1564 4372 1750 4440 (quod,

184 4457 424 4526 Doiiiino
450 4455 682 4520 favente,
710 4455 818 4510 cito
847 4454 1090 4510 futurum
1121 4460 1424 4529 speramus)
1456 4461 1752 4529 advenerit,

184 4546 610 4616 postulationem
659 4553 890 4600 vestram
938 4555 1080 4599 recte
1117 4546 1344 4613 edicere,
1390 4565 1454 4605 ac
1496 4551 1756 4608 honorem

151 4639 156 4644 ’
184 4642 436 4688 vestrum
463 4633 611 4686 salva
635 4633 845 4700 justitia
872 4647 1087 4686 servare
1124 4633 1443 4703 (opitulante
1472 4630 1777 4696 clementia-

183 4721 398 4789 divina)
431 4733 542 4773 non
567 4719 962 4790 pigritabimur.
994 4719 1145 4775 Sicut
1165 4723 1309 4777 enim
1339 4725 1394 4780 in
1427 4737 1616 4782 sancta
1651 4729 1756 4784 Ec-

187 4809 357 4865 clesia
384 4809 626 4864 cliaritas
660 4811 804 4866 circa
830 4825 1020 4866 omnes
1065 4813 1384 4882 generaliter
1406 4820 1634 4872 tenenda
1676 4820 1759 4873 di-

189 4897 498 4969 gnoscitur,
535 4899 610 4953 ita
655 4906 815 4956 suum
859 4900 1206 4971 quibuslibet,
1251 4904 1462 4973 justitia
1503 4908 1757 4974 dictante,

193 5001 462 5043 nonorem
492 4988 796 5056 specialiter
822 5004 931 5044 non
953 4991 1325 5062 denegandum
1355 4995 1491 5062 fore,
1523 5000 1616 5053 sed
1658 5001 1758 5054 ha-

189 5075 433 5134 bendum
459 5077 860 5145 perpendimus.
1223 5085 1226 5087 ‘

266 5161 405 5218 Data
432 5173 586 5221 sexto
608 5155 731 5222 ldus
749 5166 970 5236 Aprilis.

753 5275 1083 5332 EPISTOLA
1121 5275 1210 5331 IX.

661 5369 727 5406 AD
755 5370 989 5410 COIITEI
1017 5371 1285 5418 QUEIDAI.

784 5430 963 5498 (Anno
989 5431 1169 5503 1081.)

194 5512 519 5589 ὒναιιιέᾳικν
544 5515 610 5569 de
628 5515 741 5589 ejus
774 5535 896 5589 ergo
940 5521 1229 5576 Romanam
1262 5521 1553 5576 Ecclesium
1586 5526 1762 5579 obser-

217 5631 221 5634 .
265 5584 483 5646 nantia;
509 5593 665 5653 atque
689 5585 744 5656 in
767 5584 1151 5656 caperem-cret,
1172 5601 1221 5645 et
1243 5593 1308 5644 ab
1333 5597 1762 5647 excommunica-
1809 5626 1814 5636 -

267 5659 443 5704 torum
471 5655 828 5708 communione
853 5672 906 5708 se
931 5669 1153 5726 separet,
1185 5661 1448 5714 hortatur.
1550 5714 1555 5718 .

260 5742 570 5802 (inamatus
594 5744 896 5819 episcopus,
927 5761 1117 5805 servas
1142 5765 1426 5808 servorum
1457 5749 1569 5824 Dei,

1832 660 2144 712 dictionem.

1900 747 2166 812 Quoniam
2203 745 2542 799 devotionem
2568 755 2715 798 tuam
2747 760 2872 812 erga
2909 760 3253 799 communem
3289 765 3405 801 ma-

1829 845 1985 900 trem,
2020 835 2318 889 Romanam
2360 836 2607 889 videlicet
2640 835 2963 907 .Eu'l'csiam,
2995 837 3310 890 fidissimum
3349 839 3403 890 in

1827 926 2105 990 omnibus,
2155 926 2354 979 multis
2380 935 2431 979 et
2473 925 2716 993 probatis
2753 917 2883 977 viris
2930 927 3407 990 attcstzmtibus,ct

1830 1016 2069 1069 maxime
2095 1015 2419 1070 charissima
2445 1015 2608 1068 fratre
2639 1023 2826 1067 nostro
2851 1014 3070 1083 Ilugone
3089 1014 3266 1068 Iliensi
3293 1017 3406 1084 cpi-

1831 1120 1997 1173 seopo
2053 1104 2318 1158 referente
2375 1105 2775 1174 cognoscimus.
2818 1104 2971 1156 valde
3031 1105 3306 1164 Iactamur,
3354 1114 3408 1157 ct

1832 1195 2217 1264 omnipotentis
2247 1194 2340 1246 Dei
2377 1211 2625 1263 supernae
2667 1195 2966 1246 clementize
2991 1205 3168 1262 grates
3212 1196 3405 1246 referi-

1833 1301 1972 1338 mus.
2013 1283 2245 1338 Oramus
2288 1285 2452 1339 etiam
2501 1293 2559 1336 ut
2615 1284 2793 1337 divina
2839 1293 3108 1350 przccunte
3167 1286 3406 1337 clemen-

1832 1375 1904 1427 tia
1955 1375 2032 1427 sic
2091 1385 2324 1443 emptum
2374 1377 2573 1428 bonum
2653 1376 2722 1427 ad
2774 1374 2934 1426 ﬁnem
2981 1391 3152 1442 usque.
3214 1375 3401 1442 perdu-

1832 1479 1952 1528 cas;
1995 1474 2263 1533 quatenus
2308 1467 2392 1519 ille
2431 1465 2586 1533 cujus
2627 1465 2835 1532 judicio
2886 1465 3120 1517 iizlclinm
3170 1464 3409 1518 Ecclesia

1831 1551 2031 1606 Christi
2073 1553 2363 1607 commissa
2410 1563 2510 1615 cst,
2547 1563 2890 1620 peccatorum
2919 1555 3147 1605 nexibus
3193 1554 3412 1606 absolu-

1833 1650 1945 1694 tum
1983 1642 2034 1694 in
2065 1643 2360 1697 electorum
2407 1652 2456 1696 te
2503 1642 2661 1695 faciat
2685 1651 2828 1694 sorte
2854 1643 3146 1694 conscribi.
3193 1643 3268 1695 'I'c
3308 1642 3412 1694 ita—

1834 1746 1956 1799 que,
1985 1732 2302 1784 charissime
2337 1733 2430 1795 fili,
2465 1733 2750 1784 hortamur
2779 1741 2836 1784 ut
2861 1741 2965 1783 tua:
2992 1732 3189 1784 mentis
3218 1734 3411 1785 ocul-ts

1836 1818 1888 1871 in
1918 1821 2102 1874 aeterni
2134 1821 2273 1890 regis
2301 1836 2486 1873 amore
2523 1829 2576 1873 et
2607 1837 2702 1888 spe
2739 1821 3106 1873 indesinenter
3144 1821 3303 1888 figas;
3347 1819 3413 1872 ne.

1831 1909 2082 1962 nobilitas
2121 1919 2212 1962 tua
2269 1911 2336 1964 ab
2376 1910 2520 1963 illius
2553 1910 2836 1962 divinitate
2878 1925 2986 1977 prae
3027 1910 3234 1962 ca‘tcris
3271 1910 3414 1961 cxaI-

1831 2008 1962 2063 tata,
1995 2000 2222 2052 terrenis
2257 1998 2713 2053 sollicitudinilms
2769 2007 2820 2050 et
2851 1998 3217 2064 voluptatibus
3253 1999 3416 2051 cnzcl-

1831 2083 1947 2153 Iita,
1980 2088 2086 2140 vim
2112 2088 2409 2155 spiritualis
2435 2087 2688 2140 desiderii
2717 2087 2949 2138 amittat.
2985 2085 3216 2155 Dignum
3257 2103 3410 2139 nam-

1833 2192 1938 2246 que
1971 2185 2053 2230 est
2083 2177 2260 2245 utqui
2289 2185 2381 2230 tuo
2414 2175 2568 2230 nutui
2599 2184 2804 2229 tantam
2847 2174 3127 2249 hominum
3167 2176 3414 2228 multitu-

1835 2267 2014 2321 dinem
2045 2267 2350 2334 supposuit,
2382 2266 2524 2320 hanc
2551 2267 2602 2320 ei
2631 2265 3062 2320 vicissitudinem
3090 2281 3409 2335 reconqicn—

1837 2372 1944 2420 ses,
1995 2364 2054 2408 ut
2104 2371 2271 2407 unum
2327 2356 2624 2419 hominem,
2680 2354 2927 2408 videlicet
2973 2355 3228 2422 teipsum,
3277 2371 3414 2423 pura

1840 2459 2051 2511 semper
2078 2453 2258 2497 tuente
2287 2443 2390 2496 sibi
2424 2451 2476 2496 ct
2503 2444 2663 2498 corde
2700 2459 3009 2496 conserves.
3043 2442 3116 2495 De
3145 2459 3307 2496 causa
3337 2444 3417 2496 vi-

1841 2534 2037 2587 d..licct
2091 2533 2683 2587 cxconnnunicatorum
2726 2549 2888 2602 super
2929 2549 3036 2602 qua
3075 2533 3416 2598 cottsquisl'i,

1844 2623 1977 2675 nihil
2007 2623 2126 2685 tibi,
2171 2632 2365 2690 praeter
2407 2623 2551 2690 quod
2602 2622 2740 2676 sacri
2790 2637 3028 2674 canones
3064 2624 3416 2690 praecipiunt,

1845 2711 2168 2780 respondere
2199 2727 2510 2779 possumus,
2536 2713 2743 2765 scilicet
2768 2723 2829 2764 ut
2874 2713 3192 2766 abstineatis
3235 2729 3334 2766 vos
3385 2732 3414 2766 a

1844 2801 2229 2854 communione
2267 2802 2532 2870 ipsorum,
2567 2812 2727 2870 prout
2776 2802 2916 2855 Deus
2970 2804 3320 2864 concesserit,
3367 2812 3417 2856 ct

1844 2899 2024 2944 vestra
2054 2890 2337 2958 prudentia
2365 2891 2582 2958 poterit.
2615 2888 2723 2944 Nec
2751 2891 2896 2944 enim
2933 2906 3124 2958 parum
3155 2872 3205 2944 te
3239 2907 3268 2944 a
3297 2892 3418 2944 tali-

1846 2979 1949 3031 bus
1973 2978 2292 3031 abstinendo
2319 2977 2598 3030 existimes
2628 2993 2816 3046 agere;
2851 2978 2960 3030 imo
2997 2978 3188 3030 credas
3224 2978 3416 3029 certis-

1850 3072 2006 3137 sime,
2048 3072 2302 3139 quoniam
2355 3071 2406 3122 in
2462 3070 2643 3123 futura
2693 3069 3023 3122 beatitudine
3071 3069 3341 3139 geminam
3387 3083 3420 3124 a

1854 3162 2080 3233 Domino
2133 3176 2410 3225 coronam,
2469 3160 2790 3214 obedientize
2837 3159 3043 3212 scilicet
3101 3174 3165 3212 ar.
3223 3168 3422 3212 sancta:

1852 3252 2267 3320 prtedicationis,
2300 3251 2552 3319 accipies.
2605 3249 2752 3302 Bona
2776 3265 3011 3316 namque
3035 3260 3116 3303 est
3158 3264 3256 3301 vox
3283 3264 3422 3315 pne-

1847 3343 2134 3396 dicationis
2156 3358 2278 3395 cum
2302 3357 2482 3408 opere,
2526 3340 2618 3393 sed
2647 3354 2757 3392 non
2788 3353 2951 3406 parva
2981 3347 3065 3390 est
3104 3337 3243 3389 bona
3277 3338 3420 3390 actio

1849 3431 1966 3484 sine
1985 3445 2134 3484 voce.
2177 3429 2363 3497 Neque
2390 3443 2489 3481 nos
2523 3427 2686 3480 alicui
2711 3427 2983 3480 licentiam
3007 3426 3264 3494 peccandi
3293 3426 3423 3479 dare

1850 3534 2138 3588 possumus
2168 3525 2260 3572 aut
2289 3518 2570 3581 debemus,
2597 3531 2722 3584 cum
2748 3530 2847 3568 nos
2871 3515 3127 3582 ipsilianc
3148 3514 3421 3567 licentiam

1851 3625 1957 3664 non
1983 3610 2305 3673 habeamus;
2345 3607 2436 3661 sed
2475 3605 2823 3675 peccantibus
2862 3604 3158 3672 apostolica
3187 3604 3426 3660 auctori-

1853 3708 1961 3752 tate
1990 3699 2278 3764 subvenire
2314 3712 2421 3749 non
2453 3697 2807 3764 denegamus,
2836 3704 2888 3747 et
2915 3709 3136 3746 manum
3168 3692 3424 3747 salutaris

1851 3789 2064 3843 consilii
2111 3787 2389 3856 porrigere
2431 3785 2826 3837 desideramus.
2871 3783 3005 3836 Illud
3035 3799 3251 3851 quoque
3295 3799 3424 3851 pru-

1850 3877 2089 3932 dentiam
2147 3885 2294 3928 tuam
2351 3873 2780 3928 animadvertere
2817 3874 3115 3937 volumus,
3165 3873 3331 3942 quod,
3379 3872 3426 3926 si

1852 3948 2141 4036 quisquam
2191 3965 2407 4018 illorum
2456 3965 3145 4033 excommunicatorumjte
3189 3964 3427 4035 graviter

1853 4056 2165 4120 offenderet,
2192 4056 2260 4110 ab
2288 4056 2504 4109 illorum
2532 4054 2771 4108 amicitia
2795 4069 2967 4122 usque
2992 4054 3059 4106 ad
3093 4051 3426 4107 satisfactio-

1854 4161 1977 4200 nem
2014 4155 2064 4199 te
2108 4147 2478 4204 submoveres.
2550 4143 2706 4208 Quod
2729 4143 2775 4196 si
2817 4143 2917 4195 hoc
2951 4156 3049 4211 pro
3081 4137 3174 4195 tuo
3216 4142 3427 4218 honore

1855 4237 2078 4301 faceres,
2127 4235 2258 4304 quid
2301 4247 2398 4302 pro
2426 4231 2535 4284 Deo
2584 4231 2762 4285 facere
2812 4229 2978 4284 debes
3035 4231 3422 4287 animadverte.

1853 4327 2194 4395 Quapropter
2222 4317 2508 4377 monemus
2539 4332 2625 4390 tc,‘
2648 4321 2967 4375 cliarissitne
2998 4320 3105 4388 fili,
3126 4330 3185 4374 ut
3211 4322 3353 4389 quod
3395 4337 3424 4374 a

1853 4416 2114 4485 subjectis
2144 4414 2240 4468 tibi
2275 4415 2357 4467 vis
2389 4411 2526 4477 fieri,
2546 4427 2652 4465 nun
2678 4411 2920 4480 negligas
2939 4425 3038 4480 pro
3069 4410 3213 4462 illius
3240 4424 3427 4461 amore

1789 4521 2016 4593 Dagere
2073 4505 2166 4574 qui
2211 4513 2262 4558 te
2291 4504 2356 4558 ad
2411 4517 2567 4556 suam
2615 4499 2905 4568 imaginem
2948 4498 3172 4563 creavit,
3212 4505 3267 4552 et
3324 4512 3428 4553 suo

1859 4597 2096 4664 pretioso
2122 4594 2383 4664 sanguine
2409 4589 2653 4644 redemit.

1905 4683 2062 4743 .Data
2085 4682 2388 4754 L‘ateranis,
2411 4686 2608 4749 quarto
2632 4677 2901 4732 Kalendas
2934 4676 3079 4730 Maii.

2420 4788 2751 4844 EPISTOLA
2792 4787 2860 4841 Χ.

2228 4899 2293 4936 λυ
2331 4897 2618 4936 eetscoeuu
2671 4883 3051 4932 exnvtexssu.

2440 4973 2619 5039 (Anno
2643 4967 2847 5037 1081.)

1864 5063 2037 5118 Monet
2065 5071 2121 5115 ut
2150 5064 2238 5131 qui
2273 5061 2506 5133 Henrico
2532 5058 2958 5133 adliwserant,_u
2992 5057 3317 5133 resipiscam,
3342 5055 3432 5107 be-

1931 5134 2083 5200 nigne
2119 5127 2393 5198 suscipiat,
2423 5129 2684 5196 prwcipue
2713 5144 2829 5182 vero
2871 5127 3185 5195 Burgi-mem
3227 5127 3430 5189 episco-

1931 5215 2049 5267 pum
2059 5238 2072 5251 .

1934 5311 2237 5365 Gneconws
2265 5310 2574 5378 episcopus,
2617 5323 2808 5363 servus
2835 5318 3116 5360 servorum
3147 5301 3261 5364 Dei,
3292 5299 3430 5353 dile-

1865 5411 1953 5455 cto
1979 5401 2033 5454 in
2055 5400 2273 5454 Christo
2297 5399 2450 5453 fratri
2704 5395 3011 5461 Patavicnsi
3046 5393 3318 5462 episcOpo,
3344 5404 3432 5443 sa-

1865 5491 2028 5544 lutem
2052 5498 2105 5543 et
2131 5489 2478 5558 apostolicam
2503 5485 2955 5542 benedictionem.

1934 5579 2068 5644 Quia
2105 5579 2272 5631 vicem
2305 5587 2549 5632 n0stram
2581 5578 2634 5630 in
2670 5573 2978 5629 Teutonicis
3023 5569 3266 5638 partibus
3293 5578 3429 5632 pru-

1865 5669 2055 5721 dentite
2081 5676 2185 5718 tute
2208 5666 2597 5731 commisimus,
2633 5661 3006 5718 discretionem
3033 5669 3176 5710 tuam
3206 5652 3433 5715 diligen-

1866 5767 1945 5810 ter
1975 5772 2277 5822 monemus,
2303 5755 2439 5810 sicut
2460 5755 2571 5825 jam
2599 5753 2716 5807 aliis
2746 5749 2934 5804 litteris
2967 5749 3031 5803 ad
3054 5757 3103 5802 te
3129 5739 3429 5799 destinatis.
