3952 6366
126 463 227 514 Gl?

1268 448 1468 502 LIBER
1503 447 1749 502 NONVS.
1789 477 1859 486 -—-
1893 446 2108 500 EPIST.
2154 448 2263 500 XV.

3271 447 3372 499 618

129 575 405 643 subroget.
447 567 715 638 Quidquid
740 581 868 635 ergo
892 565 1003 633 ipse
1032 578 1193 632 super
1223 563 1326 615 hoc
1354 561 1567 630 negotio
1587 559 1702 612 fue-
1732 561 1773 614 Λ
1803 558 1994 628 gavisi,
2023 558 2098 611 ita
2131 574 2348 627 quoque
2373 555 2672 611 studiorum
2709 559 3142 627 prolsitatumquc
3165 570 3374 612 vestra-

128 664 197 717 rit
227 669 545 724 exsecutus,
575 657 703 727 quia
729 656 862 710 certi
891 667 1080 708 sumus
1103 667 1227 705 eum
1273 666 1302 704 a
1342 649 1552 718 justitia
1593 664 1701 701 non

129 766 498 814 recessurum,
521 746 791 803 nobilitati
818 754 924 798 tua:
951 742 1294 812 praecipimus
1317 748 1377 793 ut
1401 746 1576 792 ratum
1605 739 1700 790 tir-

129 856 392 910 mumque
435 846 616 893 tenere
655 836 961 890 nullatenus
1008 838 1242 895 renuat;
1289 829 1384 883 sed
1428 827 1572 898 quod
1613 827 1702 880 ille

129 930 400 994 statuerit,
431 928 587 998 quasi
613 934 881 989 nostrum,
918 937 1017 976 vos
1048 921 1357 982 observare,
1386 918 1701 986 ueterisque

127 1034 195 1074 ne
211 1018 590 1074 contradicere
610 1015 844 1070 audeant
870 1026 969 1082 pro
990 1010 1155 1065 vestri
1187 1007 1556 1079 magnitudine
1593 1007 1700 1060 im-

128 1109 350 1164 minete.
392 1107 618 1177 Insuper
634 1107 886 1159 volumus
906 1112 1066 1171 atque
1085 1115 1366 1154 monemus
1391 1106 1451 1151 ut
1466 1098 1698 1162 clericis,

120 1199 217 1268 ‘qni
245 1207 470 1268 propter
504 1197 611 1252 hoc
644 1193 920 1266 negotium
951 1191 1131 1246 sedem
1173 1180 1521 1258 apostolicam
1559 1189 1699 1256 peti-

125 1297 342 1353 verunt,
393 1288 595 1342 nullam
634 1285 828 1340 exinde
872 1282 1145 1336 lmsionem
1195 1278 1425 1342 faciatis,
1471 1278 1552 1332 vel
1585 1277 1699 1331 ﬁeri

128 1377 470 1448 permittatis.

649 1460 982 1517 EPISTOLA
1036 1457 1174 1511 XIV.

476 1543 482 1549 ’
549 1574 617 1610 an
643 1570 809 1610 nscas
844 1564 1272 1630 nistcornonun.

713 1637 1120 1712 (Αιιιιονίοὸι.)

129 1739 444 1794 Gratulatur
465 1737 530 1790 de
563 1737 728 1805 gentis
750 1746 928 1805 eorum
958 1729 1103 1800 regni
1137 1727 1206 1780 ad
1239 1726 1396 1805 [idem
1415 1724 1698 1805 Christia-

193 1824 321 1862 nam
364 1793 714 1859 conversione.
757 1801 839 1854 Ad
869 1793 1210 1866 bona'operg
1240 1793 1510 1866 hortatur.
1565 1793 1698 1866 _Vult

193 1877 414 1931 clericos
443 1892 468 1928 s
611 1877 679 1926 ad
704 1883 761 1924 ‘se
797 1877 1010 1929 mittant
1043 1877 1133 1935 qui
1162 1877 1412 1917 uomana:
1449 1877 1478 1915 ιε

192 1946 444 1999 instituta
465 1890 636 1997 Tecti
655 1957 740 2015 eos
771 1945 950 2008 postea
978 1937 1236 1990 instruere
1258 1934 1478 2003 possint.

192 2035 503 2091 Caesonius
527 2033 836 2102 epise0pus,
865 2041 1055 2084 servus
1075 2039 1355 2079 servorum
1384 2021 1500 2088 Dei,
1525 2021 1693 2076 Wisi-

127 2126 413 2196 gotharum
441 2120 693 2193 gloriosis
717 2117 936 2190 regibus
1143 2121 1200 2168 et
1432 2122 1488 2167 et
1519 2126 1693 2182 pepu-

126 2214 209 2280 lis,
237 2213 474 2269 salutem
499 2219 552 2266 et
571 2208 922 2281 apostolicam
953 2203 1402 2260 benedictionem.

191 2305 384 2359 Frater
413 2311 598 2358 noster
619 2301 905 2371 episcopus
929 2295 1240 2368 [episcopus
1271 2292 1365 2364 IL]
1403 2299 1582 2346 vester
1626 2291 1695 2345 ad

125 2397 494 2467 apostolorum
531 2393 718 2449 limina
743 2389 966 2444 veniens
989 2384 1259 2468 suggessit
1284 2383 1440 2438 nobis
1464 2383 1532 2452 de
1556 2397 1693 2436 nova

127 2488 298 2558 gentis
339 2493 535 2540 vestrae
567 2480 938 2542 conversione,
982 2476 1188 2532 scilicet
1229 2474 1478 2544 qualiter
1507 2473 1698 2528 relicto

124 2577 440 2646 gentilitatis
469 2560 656 2628 errore
673 2572 740 2626 ad
760 2567 1084 2624 Christiana:
1111 2563 1234 2618 ﬁdei
1259 2563 1541 2647 veritatem
1579 2575 1697 2631 per-

123 2649 349 2720 venerit!
397 2662 549 2718 Unde
577 2660 871 2731 plurimum
903 2655 959 2710 in
985 2654 1218 2710 Domino
1243 2653 1428 2718 laetati,
1463 2652 1694 2706 misera-

123 2751 225 2808 tori
249 2737 498 2807 omnium
541 2750 732 2823 intimo
752 2747 916 2807 corde
945 2743 1402 2834 gratiasagimus,
1429 2741 1521 2812 qui
1542 2756 1696 2796 men-

124 2851 201 2902 tes
225 2849 440 2900 vestras
460 2841 663 2897 lumine
689 2855 790 2895 suo
815 2835 1052 2902 visitare,
1074 2831 1140 2890 et
1157 2838 1227 2889 de
1243 2832 1481 2889 tenebris
1509 2831 1577 2884 ad
1605 2831 1692 2884 lu-

123 2953 257 3000 cem,
287 2937 359 2990 de
386 2942 560 2989 morte
582 2932 650 2987 ad
675 2931 840 2992 vitam
860 2927 1112 2999 dignatus
1138 2932 1223 2980 est
1255 2939 1353 2979 vos
1371 2931 1692 3000 aeternasua

121 3025 452 3096 benignitate
473 3023 748 3078 reducere.
789 3017 963 3073 Simul
989 3015 1153 3071 etiam
1175 3013 1349 3087 ipsius
1370 3011 1691 3067 ineffabilem

121 3114 550 3172 misericordiam
592 3109 863 3182 deprecati
898 3123 1110 3171 sumus,
1145 3098 1470 3174 assidueque
1501 3111 1691 3173 postu-

121 3204 230 3259 lare
255 3213 515 3284 optamus
541 3211 601 3256 ut
621 3194 737 3266 vos,
766 3207 876 3253 tam
906 3194 1030 3252 ﬁdei
1057 3197 1230 3265 gratia
1255 3210 1420 3264 quam
1440 3201 1495 3248 ct
1515 3195 1690 3284 bono-
1718 3218 1759 3270 (ι

122 3309 240 3347 rum
274 3308 505 3362 operum
540 3288 831 3352 fructibus,
855 3295 912 3342 et
936 3287 994 3341 in
1025 3285 1129 3339 hac
1171 3286 1280 3338 vita
1319 3283 1499 3354 vigere
1540 3291 1594 3336 et
1633 3283 1688 3336 in

121 3379 301 3438 futura
338 3381 654 3436 sanctorum
681 3377 914 3434 coetibus
950 3373 1115 3430 faciat
1141 3368 1508 3429 adnumerari.
1553 3371 1691 3425 Pro—

120 3471 263 3538 inde,
313 3470 625 3527 charissimi
667 3469 787 3534 ﬁlii,
830 3466 1168 3540 auctoritate.
1189 3473 1390 3519 sancta:
1431 3462 1692 3518 Romamn

119 3547 407 3629 Ecclesia;
423 3563 543 3617 vice
575 3562 858 3617 beatorum
889 3555 1256 3632 apostolorum
1284 3554 1426 3610 Petri
1455 3563 1512 3608 et
1536 3542 1690 3608 Pauli

115 3653 296 3719 nobis,
317 3653 449 3708 licet
477 3651 735 3724 indignis,
768 3639 1046 3713 concessa,
1078 3663 1180 3725 vos
1203 3646 1582 3710 admonemus,
1609 3653 1690 3708 ut,

120 3743 283 3812 hujus
319 3743 564 3814 fugitiva;
589 3730 713 3795 vita:
740 3734 1174 3794 incertitddinem
1215 3726 1286 3790 ac.
1314 3735 1690 3803 temporalium

119 3847 300 3887 rerum
354 3840 413 3886 et
462 3831 781 3902 gaudiorum
820 3825 1228 3882 instabilitatem
1270 3824 1688 3893 perpendentes,

121 3927 489 3987 contemnere,
522 3929 578 3976 et
604 3906 672 3976 a’d
706 3907 798 3973 illa
825 3932 948 3988 quae
977 3915 1096 3981 sine
1128 3915 1236 3970 ﬁne
1265 3928 1523 3968 mansura
1542 3923 1690 3980 sunt,

120 4028 351 4083 quoque
383 4012 614 4067 humani
639 4010 834 4067 sensus
853 3989 929 4074 ne
971 4006 1541 4077 desideriiangustias
1569 4021 1689 4059 am-

121 4102 385 4170 plitudine
435 4113 534 4155 sua
569 4092 854 4164 excedunt,
893 4095 1257 4161 memineritis
1283 4095 1456 4150 aciem
1497 4095 1694 4150 mentis

122 4206 334 4261 semper
365 4190 686 4255 extendere;
718 4185 1064 4242 concordiam
1105 4193 1162 4239 et
1203 4185 1548 4240 dilectionem
1583 4195 1695 4247 stu—

119 4280 290 4336 dentis
315 4280 386 4336 ad
412 4279 640 4334 invicem
660 4263 1032 4340 zindeﬁcienter
1054 4273 1272 4338 habere,
1310 4274 1556 4328 ecclesiis
1587 4275 1690 4328 lio-

121 4386 328 4439 aorem,
351 4371 682 4442 pauperibus
700 4369 785 4424 vel
807 4366 1018 4422 afﬂictis
1035 4366 1489 4435 compassionem,
1511 4379 1690 4432 sacere

120 4459 355 4527 dotibus,
378 4461 755 4532 praecipueque
777 4457 1063 4529 episcopis,
1098 4455 1454 4512 reverentiam
1479 4463 1535 4510 et
1555 4455 1685 4511 obe-

611 1873 679 1926 ad
704 1883 761 1924 ‘se
797 1869 1010 1929 mittant
1043 1862 1134 1935 qui
1162 1863 1412 1935 Romana:
1449 1862 1699 1918 Ecclesiae
1732 1872 1772 1925 Β

1803 663 1925 701 rum
1949 648 2134 715 opinio
2162 663 2260 701 nos
2282 649 2346 701 de
2377 665 2452 711 se,
2481 649 2622 701 sient
2655 658 2925 716 optamus,
2955 651 3202 703 l:eti£icet.
3237 651 3369 716 Quia

1803 753 1930 791 vero
1952 738 2162 791 noviter
2199 738 2266 792 ad
2292 738 2570 793 Clu-istum
2605 752 2894 794 conversas
2937 741 3173 794 nondum
3221 741 3378 796 Chri~

1803 828 1992 882 stiana:
2021 829 2143 881 ﬁdei
2182 838 2236 882 et
2278 829 2556 898 religionis
2596 812 2897 883 doctrinam
2923 831 3246 884 suﬁicienter
3273 847 3374 885 vos

1802 917 2100 986 sumpsisse
2133 926 2410 986 putamus,
2447 920 2697 974 volumus
2730 927 2789 972 ut
2817 910 3210 988 frequenter-ad
3235 922 3375 976 hanc

1802 1004 1984 1059 sedem
2017 1003 2244 1060 clericos
2284 1015 2494 1060 vestros
2541 1007 2788 1070 mittatis,
2836 1008 3074 1075 talesque
3114 1023 3374 1076 personas

1801 1094 2126 1160 provideatis
2150 1094 2216 1148 ad
2241 1111 2339 1149 nos
2359 1095 2630 1150 destinare
2647 1137 2661 1157 .
2697 1097 2788 1164 qui
2818 1106 2870 1150 et
2897 1113 3013 1151 sam
3031 1107 3096 1150 tzc
3121 1098 3374 1152 Romana:

1802 1183 2054 1240 Ecclesia)
2089 1186 2335 1241 moribus
2378 1187 2592 1256 plenius
2638 1187 2854 1250 instrui,
2886 1198 2941 1242 et
2979 1188 3229 1243 instrui-ti
3273 1205 3369 1242 va—

1799 1273 1945 1328 leant
1973 1275 2040 1329 ad
2085 1291 2182 1330 vos
2214 1277 2372 1330 docte
2416 1277 2810 1344 salubriterque
2850 1292 2971 1346 qua:
3005 1288 3131 1332 sunt
3169 1279 3370 1349 agenda

1804 1363 2020 1420 referre.

2346 1475 2680 1530 EPISTOLA
2709 1476 2824 1529 xv.
2986 1552 2991 1556 1

2114 1583 2178 1620 AD
2208 1580 2453 1621 IlCGONEﬂ
2486 1580 2710 1620 υιειεεειι
2749 1583 3053 1622 EPISCOPUM.

2383 1657 2562 1726 (Anno
2610 1655 2791 1726 1081.)

1799 1742 2084 1816 Signiﬁcat
2115 1744 2468 1798 Parisiensem
2496 1755 2544 1798 et
2582 1746 2952 1800 Carnotenscm
2991 1737 3258 1816 episcopos
3307 1751 3372 1802 de

1865 1765 2077 1813 ῃηιμεαι
2115 1765 2468 1798 rarrstensem
2496 1765 2544 1798 et
2582 1765 2952 1800 nemorense»:
2991 1765 3018 1800 e
3059 1765 3258 1816 rscopos
3307 1765 3371 1802 ac

1865 1830 1926 1866 co
1945 1815 2086 1883 apud
2111 1830 2165 1866 se
2193 1830 2301 1885 esse
2324 1823 2528 1884 questos
2557 1817 2695 1885 quod
2732 1818 2967 1869 eumdem
3003 1765 3371 1871 [I’arnoteusem

1867 1899 1968 1935 non
1996 1884 2266 1955 canonice
2312 1893 2616 1955 accusatum
2655 1887 3161 1938 excontnmnicutum
3213 1888 3370 1955 depo-

1866 1953 2053 2016 suerit,
2080 1967 2171 2004 ncc
2194 1952 2308 2024 ejus
2349 1953 2700 2024 defensionem
2736 1955 3041 2024 admiserit;
3082 1972 3184 2024 qua
3219 1952 3286 2008 de
3316 1973 3371 2007 re

1867 2037 1985 2090 cum
2014 2037 2069 2074 se
2103 2021 2378 2073 certiorem
2399 2037 2499 2074 non
2523 2021 2748 2089 fecisset,
2765 2022 2912 2090 jubet
2951 2035 3028 2086 ut,
3053 2021 3121 2076 iis
3157 2026 3369 2078 interim

1869 2088 2046 2142 Rome
2079 2099 2379 2158 exspectare
2411 2088 2600 2158 jussis,
2643 2088 2869 2159 ipse’aut
2900 2093 3090 2157 veniat,
3117 2102 3208 2146 aut
3233 2111 3369 2146 nun-

1869 2159 2002 2211 tium
2041 2159 2241 2212 mittat.

1863 2277 2170 2340 Caesonius
2192 2277 2500 2350 episcopus,
2542 2296 2731 2335 servus
2767 2296 3048 2337 servorum
3081 2282 3199 2347 Dei,
3229 2284 3367 2338 dile-

1794 2375 1882 2422 cto
1911 2368 1967 2421 in
2002 2369 2223 2424 Christo
2262 2370 2373 2424 ﬁlio
2398 2367 2598 2424 Hunos:
2631 2371 2811 2428 Diensi
2836 2373 3110 2442 episcopo,
3137 2375 3366 2430 salutem

1792 2465 1848 2510 et
1871 2459 2224 2527 apostolicam
2246 2460 2697 2514 benedictionem.
2795 2477 2802 2484 '

1862 2543 2052 2600 Frater
2078 2555 2133 2600 ct
2154 2546 2507 2615 coepiscopus
2532 2554 2714 2600 noster
2735 2545 3056 2601 Partsn'nsis
3084 2566 3204 2603 eum
3229 2551 3364 2605 Car-

1794 2634 2005 2690 notensi
2038 2635 2105 2689 ad
2143 2635 2494 2705 apostolicam
2540 2635 2723 2690 sedem
2771 2646 3054 2700 venerunt,
3104 2653 3212 2692 non
3251 2640 3367 2692 sine

1795 2726 1961 2780 multa
1974 2725 2214 2796 quidem,
2238 2727 2379 2781 sicut
2403 2726 2506 2795 ipsi
2528 2721 2850 2791 refusebant,
2872 2737 2925 2781 et
2948 2728 3032 2782 sui
3057 2727 3367 2799 fatigatione

1791 2825 1844 2870 et
1866 2832 2047 2871 rerum
2078 2831 2304 2871 suarum
2321 2816 2558 2886 jactura,
2585 2817 2637 2868 in
2656 2817 2982 2885 quibusdam
3025 2819 3176 2876 locis.
3201 2820 3363 2875 etiam

1714 2917 1722 2925 '
1792 2909 1954 2977 capti,
1993 2923 2094 2963 nec
2126 2907 2244 2962 sine
2287 2907 2655 2976 redemptione
2687 2908 2770 2961 sui
2793 2907 3025 2962 dimissi.
3063 2909 3366 2966 Clamorem

1793 2996 1973 3065 itaque
1994 2997 2061 3051 ad
2083 2985 2324 3051 nostram
2352 2996 2681 3053 audientiam
2713 2999 2953 3052 tulerunt
2986 3002 3128 3069 quod
3160 2999 3214 3054 in
3243 3004 3368 3056 alte-

1791 3098 1916 3136 rum
1940 3073 2150 3147 eorum,
2187 3083 2434 3139 videlicet
2460 3082 2851 3138 Carnotcnsem
2891 3086 3227 3154 episcopum",
3275 3098 3367 3143 tua

1794 3165 2106 3226 fraternitas
2134 3172 2508 3240 praejudicium
2542 3171 2749 3234 fecerit,
2782 3182 2837 3228 et
2864 3189 2969 3228 non
2997 3176 3254 3231 canonice
3286 3193 3369 3248 ac-

1791 3257 2041 3312 cusatum
2062 3259 2640 3332 excommunicationis
2670 3275 2738 3315 ac
2759 3261 3114 3331 depositionis
3149 3275 3334 3321 scnten
3353 3296 3368 3308 -

1789 3348 1879 3402 tia:
1912 3342 2235 3410 subdiderit;
2283 3349 2354 3413 At
2387 3351 2492 3405 hoc
2532 3349 2699 3421 etiam
2739 3352 3036 3430 maximum
3078 3370 3367 3425 gravamen
3405 3364 3412 3370 ‘

1790 3438 1992 3496 factum
2033 3449 2156 3498 esse
2181 3444 2466 3513 conquesti
2508 3451 2638 3500 sunt
2675 3445 2842 3514 quod,
2894 3460 3018 3500 cum
3054 3435 3178 3501 talis
3224 3459 3368 3505 esset

1790 3533 2086 3599 accusatio,
2114 3540 2170 3587 et
2193 3533 2249 3586 in
2279 3533 2592 3589 defensione
2619 3532 2764 3586 illius
2791 3534 3078 3601 praedictus
3103 3535 3368 3592 Parisien-

1789 3631 1866 3685 sis
1911 3631 2219 3700 episcopus,
2251 3629 2345 3698 qui
2382 3639 2498 3684 rem
2544 3644 2761 3684 omnem
2807 3629 3207 3697 constitutionis
3248 3636 3368 3704 ejus

1790 3723 1936 3777 novit
1959 3731 2012 3777 ct
2040 3721 2188 3788 fecit,
2209 3721 2635 3778 etBelvaccnsis
2661 3722 2927 3788 absolute,
2952 3724 3061 3778 duo
3103 3741 3233 3780 vero
3272 3743 3364 3786 arx-

1789 3814 2146 3890 cliiepiscopi,
2173 3813 2373 3883 aliique
2411 3813 2521 3868 duo
2549 3813 2787 3882 episcopi
2828 3814 2921 3884 qui
2963 3829 3071 3868 non
3103 3813 3364 3870 interfue-

1789 3912 1937 3968 runt,
1973 3902 2402 3967 conditionaliter
2428 3901 2696 3966 videlicet,
2723 3915 2783 3955 se
2807 3901 3128 3966 scientibus,
3149 3897 3156 3904 ’
3175 3900 3365 3972 jurare

1787 3994 2076 4060 voluerint,
2105 4000 2326 4062 propter
2352 3991 2457 4047 hoc
2479 3981 2663 4045 tamen
2703 3992 2879 4046 solum
2924 3989 3070 4063 quod
3105 3996 3363 4050 conditio-

1788 4098 1912 4138 nem
1939 4083 2029 4138 isti
2047 4091 2281 4153 quatuor
2307 4083 2648 4152 apponebaut
2670 4081 3004 4139 defensionis
3025 4087 3262 4156 recipere
3279 4089 3363 4156 ju-

1788 4183 2093 4232 ramentum
2139 4175 2398 4231 nolueris.
2437 4173 2642 4230 Verum
2683 4191 2810 4230 cum
2851 4177 2920 4231 de
2947 4178 3230 4246 prudentia
3268 4189 3360 4236 tua

1788 4265 1924 4319 nihil
1951 4267 2307 4335 incongruum
2333 4274 2535 4320 temere
2555 4267 2884 4321 credendum
2916 4268 3076 4323 nobis
3112 4284 3234 4325 esse
3259 4289 3360 4342 pu-

1787 4364 1984 4420 temus,
2016 4355 2317 4424 praesertim
2354 4356 2483 4425 quia
2508 4364 2618 4409 tam
2640 4356 2761 4410 viva
2790 4342 2924 4413 voce
2961 4373 3126 4430 quam
3167 4363 3362 4420 litteris

1785 4469 1853 4509 ex
1883 4452 2039 4507 nobis
2062 4460 2116 4507 te
2149 4467 2312 4521 super
2337 4451 2442 4505 hac
2478 4466 2537 4505 re
2564 4453 2955 4508 commonitum
2977 4471 3097 4511 esse
3117 4461 3359 4513 memini-

117 4549 399 4618 dientiam,
421 4552 580 4622 quasi
606 4550 870 4621 patribus,
893 4547 1194 4618 procuretis
1222 4546 1561 4616 impendere;
1586 4562 1686 4601 nec
1717 4537 1761 4590 ι)
1786 4560 1929 4611 mus,
1955 4554 2016 4600 ut
2042 4542 2302 4618 quidquid
2345 4543 2400 4598 in
2436 4543 2656 4614 synodis
2689 4559 2876 4614 ageres
2900 4545 3184 4614 diligenter
3224 4564 3359 4603 con-

119 4655 226 4696 non
261 4651 320 4697 et
351 4642 614 4708 decimas,
639 4657 762 4711 qua:
785 4641 856 4695 ad
877 4655 1038 4717 usum
1083 4646 1193 4718 tam
1234 4638 1478 4707 ipsorum
1519 4653 1683 4706 quam

117 4731 471 4808 ecclesiarum
489 4739 546 4787 et
566 4747 861 4802 pauperum
889 4716 1192 4799 proﬁciant,
1217 4728 1348 4781 dare
1372 4727 1576 4795 totique
1599 4742 1684 4782 re-

121 4833 224 4896 gno
238 4819 494 4876 indicere.
511 4820 897 4890 Quod'quidem
911 4819 1044 4875 nulli
1054 4819 1212 4874 debet
1220 4831 1382 4888 grave
1397 4816 1566 4871 videri
1584 4831 1683 4884 pro

121 4909 325 4964 meliori
343 4918 520 4980 parte,
541 4910 788 4964 videlicet
1037 4910 1246 4964 victura
1269 4909 1469 4973 anima,
1491 4923 1681 4977 quem-

121 5013 222 5068 qve
247 5001 520 5057 decimam
542 4998 655 5054 Deo
673 4997 885 5063 offerre,
908 5013 1035 5052 cum
1051 4993 1152 5066 pro
1172 4989 1437 5053 morituro
1457 5014 1685 5068 corpore

119 5086 365 5158 plurima:
390 5098 577 5163 gentes
603 5089 922 5160 coniugibus
944 5087 1061 5142 suis
1084 5088 1301 5141 tertiam
1339 5104 1520 5143 rerum
1547 5089 1682 5159 legi;

121 5179 220 5235 bus
249 5182 644 5251 compellantur
665 5179 957 5235 exsolvere.
996 5175 1262 5232 Praeterea
1292 5179 1360 5232 ad
1391 5179 1495 5232 hoc
1524 5189 1679 5232 Bum-

122 5269 221 5323 mis
239 5271 410 5326 animi
431 5271 642 5327 viribus
664 5268 930 5327 enitimini
956 5277 1017 5321 ut
1041 5267 1134 5336 qui
1164 5267 1312 5321 velut
1337 5268 1405 5320 in
1439 5267 1546 5320 ﬁne
1584 5283 1679 5321 or-

122 5357 222 5424 hi8.
255 5359 332 5413 ita
368 5361 428 5415 et
462 5362 806 5429 saeclorum,
854 5361 922 5416 ad
975 5358 1330 5413 laborandum
1361 5357 1416 5410 in
1461 5355 1679 5410 vineam

122 5444 468 5502 ﬂaminicam
505 5433 769 5507 introistis
791 5493 808 5517 ,
852 5451 992 5505 inter
1040 5447 1249 5518 primos
1297 5433 1678 5500 remunerandl

120 5538 372 5593 eumdem
388 5538 672 5594 denarium
1046 5546 1359 5609 operatores
1403 5535 1678 5606 percipere

122 5627 356 5684 debeatis
381 5626 598 5698 (lauit.
625 5617 741 5698 ιιι).
781 5631 938 5702 Agite
956 5632 1119 5685 etiam
1137 5638 1198 5684 ut
1221 5626 1674 5697 quemadmodum

123 5718 186 5772 de
213 5717 630 5788 predecessoris
657 5720 823 5796 vestri
843 5722 1098 5780 laudabili
1125 5721 1264 5776 fama
1302 5720 1454 5774 valde
1485 5733 1676 5772 sumus

389 5804 658 5869 Parnm.
690 5796 1014 5872 CXLVIII.
1334 5843 1338 5846 ν

1791 4635 2052 4704 scriptum
2087 4633 2243 4698 nobis
2276 4633 2564 4702 dirigeres;
2609 4647 2922 4702 quanquam
2969 4649 3029 4689 se
3067 4629 3358 4696 adventum

1749 4744 1756 4752 -
1789 4731 1949 4777 suum
1977 4723 2076 4778 tibi
2105 4722 2413 4777 notiﬁcasse
2451 4707 2835 4790 memorarem,
2863 4740 2965 4780 nos
2993 4735 3173 4784 tamen
3212 4748 3358 4787 nun-

1785 4807 1923 4860 tium
1947 4814 2099 4860 tuum
2132 4813 2506 4873 exspectantes
2545 4814 2641 4859 aut
2666 4806 2892 4875 litteras,
2928 4809 3068 4874 illos,
3096 4823 3155 4866 ut
3179 4831 3357 4870 causa’

1786 4913 1900 4953 sua:
1918 4897 2284 4954 diﬁinitionem
2309 4897 2664 4982 perciperent,
2691 4916 2786 4969 per
2805 4902 2921 4956 dies
2943 4882 3247 4972 aliquantus
3269 4909 3359 4963 de-
3397 4901 3404 4907 ’

1783 4992 2075 5060 tinuimus;
2104 5007 2169 5046 ac
2189 4999 2312 5061 post
2341 4991 2646 5063 ingressum
2672 4991 2832 5046 Urbis
2867 4995 2970 5049 sub
2996 5011 3061 5050 ea
3108 5013 3202 5067 spe
3231 5001 3355 5068 plu-

1782 5099 1870 5138 res
1889 5099 2053 5152 quam
2074 5082 2266 5152 viginti
2293 5083 2411 5145 dies
2429 5091 2559 5136 sunt
2581 5081 2864 5136 demorati.
2920 5083 3024 5139 Ubi
3059 5103 3188 5143 vero
3223 5090 3355 5158 illis,

1779 5179 1834 5224 et
1884 5172 2067 5237 labore
2112 5159 2434 5255 itineris,et
2476 5162 2655 5223 rerum
2696 5171 2994 5241 dispendiis
3037 5181 3354 5252 magnisque

1779 5261 2085 5330 sumptibus
2113 5258 2372 5330 fatigatis,
2392 5275 2497 5315 nec
2517 5263 2767 5318 nuntium
2790 5281 2894 5320 nec
2915 5267 3121 5324 litteras
3143 5281 3352 5326 vestras

1778 5353 2106 5432 accepimus,
2149 5349 2410 5406 fratribus
2441 5368 2658 5424 quoque
2685 5343 2889 5412 nostris
2931 5360 3085 5413 valde
3127 5375 3349 5416 compa-

1776 5442 2218 5511 tientibus‘a'tque
2241 5441 2677 5511 adjudicantibus
2703 5445 2866 5499 nimis
2903 5444 3182 5516 indignum
3229 5463 3351 5505 esse

1777 5531 2069 5600 apostolica
2102 5529 2526 5584 mansuetudine.
2549 5539 2608 5584 ut
2628 5531 2705 5584 illi
2728 5532 2850 5608 sine
2871 5534 3238 5591 consolatione
3262 5556 3348 5592 rc-

1775 5624 2046 5688 cederent,
2071 5623 2424 5692 precepimus
2444 5624 2526 5677 eis
2556 5632 2616 5676 ut
2645 5626 2828 5680 tandiu
2865 5620 3046 5686 adhuc
3065 5643 3345 5700 exspecta-

1773 5726 1894 5770 rent
1933 5716 2104 5780 donec
2131 5719 2202 5766 ex
2247 5713 2399 5766 vobis
2436 5729 2758 5793 responsum
2785 5719 3171 5789 reciperemus.
3209 5721 3342 5775 Fra-

2939 5811 3020 5869 20
3079 5841 3085 5846 .
