3952 6418
539 521 640 576 σεε)

531 630 772 686 tcrnitati
807 631 984 699 itaque
1010 639 1116 683 tua
1145 628 1403 698 jubemus
1441 635 1500 680 ut
1542 634 1636 680 aut
1677 623 1737 679 tu‘
1780 624 1914 693 ipse,
1965 619 2107 690 quod
2137 621 2184 676 A

534 723 707 791 magis
733 729 1004 789 optamus,
1034 719 1100 773 de
1133 720 1237 772 hoc
1263 727 1316 772 ct
1348 717 1414 771 de
1457 716 1578 770 aliis
1612 715 1908 782 majoribus
1939 725 2104 780 nego-

533 809 625 862 tiis
672 808 952 863 nobiscum
998 813 1326 861 tractaturus
1375 803 1627 856 advenias
1654 843 1668 866 ,
1714 811 1807 854 aut
1854 799 2107 853 idoneum

536 897 785 952 nuntium
831 909 954 950 cum
987 894 1180 949 litteris
1225 908 1387 961 super
1415 892 1518 946 hac
1554 905 1612 945 re
1650 887 1982 958 compositis,
2015 885 2110 954 qui

543 1004 624 1008 μ-
682 989 722 1008 -2
768 988 833 1008 -2;
871 985 1233 1008 _------_:--...
1304 984 1605 1008 :-...-....,._.-
1657 981 1962 1008 -.......-..L..o
2030 978 2080 1008 .I:

2243 879 2382 917 caro
2413 862 2650 932 glorioso
2677 859 2825 924 duci,

2240 953 2525 1007 lictionem.

2250 962 2525 1007 ictionem.

535 1004 648 1053 eas,
679 989 726 1043 si
765 988 836 1042 sit
871 985 1257 1052 necessarium,
1298 984 1609 1054 juramento
1655 981 1984 1051 comprobet,
2029 978 2113 1034 di-

543 1081 710 1147 rigas.
1113 1118 1115 1120 -
1687 1143 1692 1147 ε

611 1173 739 1228 Data
772 1173 1070 1236 Lateranis,
1108 1170 1348 1226 secundo
1372 1184 1545 1225 nonas
1568 1167 1900 1224 Decembris.

1067 1274 1400 1330 EPISTOLA
1436 1273 1578 1329 XVI.
1638 1295 1648 1305 ·

742 1375 823 1413 .AD
863 1375 1070 1412 CLERl‘l
1112 1374 1181 1411 ET
1223 1370 1463 1410 POPULUI
1501 1369 1899 1410 CARNOTENSEI.

1123 1447 1304 1520 (Anno
1355 1446 1534 1516 1081.)

546 1545 797 1614 Prwripit
828 1552 884 1597 ut
912 1541 1208 1614 episcopium
1237 1558 1390 1614 suam
1422 1540 1486 1594 de
1527 1539 1668 1614 falso
1712 1537 1966 1614 _Simoni_az
2014 1537 2119 1589 cri—

617 1607 754 1668 mine
781 1607 1063 1695 purgatum
1085 1607 1265 1695 debito
1293 1611 1486 1695 Itonore
1525 1607 1840 1678 suscipiant,
1882 1607 2031 1678 eique
2058 1615 2114 1658 ut

614 1680 825 1753 proprio
849 1680 1053 1751 pastori
1075 1680 1343 1736 obediant.

617 1770 924 1831 Caesonius
950 1769 1257 1840 episcopus,
1294 1781 1485 1824 servus
1518 1781 1796 1822 servorum
1826 1764 1942 1829 Dei,
1979 1764 2123 1818 clero

549 1873 602 1917 et
623 1863 821 1932 p0pulo
846 1850 1198 1915 Carnotensis
1224 1855 1498 1923 Ecclesia,
1523 1855 1748 1910 salutem
1785 1861 1838 1908 et
1865 1853 2121 1922 apostoli-

553 1971 673 2010 cam
694 1953 1146 2009 benedictionem.

625 2042 777 2110 Quod
807 2043 1122 2113 episcopum
1160 2049 1401 2095 vestrum
1431 2038 1616 2094 tandiu
1660 2039 1800 2108 apud
1843 2052 1946 2092 nos
1985 2037 2126 2092 deti-

556 2138 797 2202 nuimus,
834 2135 1021 2192 sciatis
1051 2150 1155 2190 nos
1181 2134 1384 2189 idcirco
1410 2121 1586 2204 egisse
1612 2141 1674 2186 ut
1703 2145 1924 2186 causam
1956 2131 2128 2200 ipsius

555 2230 784 2298 pleniter
817 2228 1168 2283 discutientes
1202 2225 1588 2280 irretractabili
1627 2225 1736 2279 ﬁne
1771 2222 2128 2277 concludere-

563 2335 705 2374 mus.
734 2317 864 2372 lnde
885 2318 1047 2372 etiam
1068 2316 1264 2371 litteris
1290 2315 1497 2370 nostris
1521 2313 1590 2369 ad
1613 2314 1851 2382 legatum
1881 2320 2128 2367 nostrum

563 2410 878 2477 episcopum
895 2406 1147 2461 Diensem
1171 2405 1396 2461 directis
1417 2403 1796 2458 mandavimus
1822 2409 1883 2456 ut
1901 2410 1996 2456 aut
2015 2402 2130 2472 ipse

566 2499 632 2552 ad
661 2512 760 2551 nos
786 2497 1011 2562 veniret,
1045 2504 1140 2550 aut
1163 2495 1416 2550 nuntium
1451 2509 1614 2549 suum
1643 2508 1769 2547 cum
1797 2492 1991 2546 litteris
2023 2491 2128 2546 hu-

563 2589 654 2656 jus
678 2586 876 2657 negotii
899 2587 1092 2639 seriem
1113 2585 1516 2640 continentibus
1537 2583 1694 2638 nobis
1717 2581 2128 2645 transmitteret.

567 2675 767 2730 Verum
799 2676 1043 2745 apicibus
1066 2675 1211 2728 illius
1239 2674 1504 2742 susceptis
1540 2672 1843 2742 reperimus
1876 2685 2001 2725 eum
2037 2672 2136 2724 ali-

574 2767 895 2834 quantulum
928 2782 958 2820 a
990 2764 1169 2819 verbis
1207 2763 1460 2817 avunculi
1505 2762 1690 2832 hujus,
1737 2761 1944 2815 scilicet
1981 2759 2134 2815 Pari-

573 2856 770 2910 sicnsis
797 2856 1056 2925 episcopi,
1083 2854 1390 2909 dissentire.
1434 2852 1538 2907 Sed
1563 2852 1932 2907 diversitatem
1963 2843 2137 2920 ipSam

574 2941 982 3012 diligentissime
1000 2939 1406 3009 perspicientes,
1428 2940 1781 3009 cognovimus
1801 2939 2139 3009 pralibatum

577 3031 874 3101 negotium,
931 3029 1189 3085 inviolata
1235 3028 1468 3098 justitia,
1515 3043 1627 3083 non
1685 3029 1983 3099 incdngrue
2015 3043 2140 3082 cum

1170 518 1225 569 S.
1267 511 1592 570 GREGORll
1630 511 1720 566 ΥΠ
1752 507 1954 565 ΡΑΡᾸΞ
1994 504 2126 563 OPE

2240 502 2276 556 ll
2315 499 2496 556 PARS
2533 498 2572 552 l.
2613 527 2681 538 -ι
2719 492 3140 552 REGIS’IRL’M.

3759 50 3910 278 Ἴ

3668 484 3781 539 69.0

2277 613 2547 684 rependat,
2579 620 2629 665 et
2652 609 2929 684 promissis
2951 604 3289 684 satisfeci-eus
3313 600 3564 654 Romam:
3589 586 3784 651 Eccle-

2276 672 2370 738 sia
2391 684 2458 737 ab
2497 672 2726 735 Henrico
2755 687 2954 731 vexata:
2984 677 3052 729 sit
3078 672 3302 728 auxilio.

2279 774 2584 828 GBECORIUS
2629 769 2919 839 episcopus
2962 780 3155 821 servus
3194 775 3477 818 servon
3523 757 3641 822 Dei,
3667 754 3788 810 Ro—

2869 857 3099 913 salutem
3131 862 3187 909 et
3230 850 3584 922 apostolicam
3616 848 3785 902 bene.

2284 1043 2440 1108 Quod
2488 1040 2626 1111 gesti
2674 1039 2802 1094 belli
2845 1043 3170 1108 proventum
3205 1041 3262 1088 et
3304 1031 3506 1100 adepta
3540 1027 3795 1083 victoria

2213 1135 2449 1204 palmam
2474 1130 2632 1184 nobis
2652 1138 2707 1184 et
2735 1127 2998 1182 Romanis
3023 1122 3338 1187 notiiicasti,
3363 1121 3416 1175 id
3438 1119 3586 1188 quod
3605 1117 3795 1173 decuit

2218 1221 2469 1292 prudenti
2509 1219 2739 1274 consilio
2771 1232 2906 1272 usus
2947 1215 3125 1285 egisti,
3162 1219 3224 1267 ut
3264 1226 3355 1266 res
3379 1223 3542 1280 quam
3568 1222 3638 1262 ex
3660 1213 3798 1260 voto

2220 1312 2519 1366 amicorum
2547 1309 2780 1378 gloriose
2804 1306 3137 1368 obtinueras,
3171 1302 3413 1372 ipsorum
3435 1297 3797 1368 congratulav

2218 1402 2458 1456 tionibus
2483 1398 2773 1469 gloriosior
2800 1395 2898 1449 tibi
2929 1393 3241 1447 redderetur
3276 1399 3438 1459 atque
3470 1387 3796 1457 jucundior.

2161 1511 2167 1516 ·
2219 1489 2444 1560 Oportet
2477 1489 2682 1542 interea
2722 1494 2774 1540 te
2818 1485 2970 1538 illum
3001 1483 3109 1537 alta
3148 1481 3409 1535 memoria
3443 1477 3608 1548 ﬁgere
3634 1475 3804 1546 cujus

2221 1578 2406 1634 favore
2431 1587 2486 1632 et
2517 1576 2720 1631 auxilio
2766 1589 2876 1628 non
2911 1571 3144 1642 ambigis
3189 1586 3280 1624 res
3309 1561 3435 1622 tuas
3469 1565 3801 1636 jamdudum

2222 1668 2532 1740 procedere.
2568 1665 2704 1720 Nam
2731 1666 2872 1720 sicut
2903 1661 3234 1732 ingratitudo
3258 1665 3518 1728 provocat
3539 1657 3801 1726 indigna-

2222 1759 2448 1822 tionem,
2471 1759 2547 1812 ita
2569 1755 2784 1812 devotio
2807 1754 3186 1808 incunctanter
3215 1749 3520 1805 accumulat
3539 1745 3800 1818 gratiam.

2224 1847 2565 1918 Quapropter
2588 1847 2808 1900 beatum
2827 1842 3072 1908 Petrum,
3095 1841 3252 1909 cujus
3273 1839 3367 1893 tibi
3388 1838 3580 1892 adesse
3610 1843 3805 1906 patro-

2156 1954 2199 2007 Β
2223 1939 2427 1992 cinium
2455 1936 2678 2006 grandia
2727 1933 2870 1988 facta
2917 1938 3210 1996 testantur,
3233 1943 3345 1998 pra
3389 1926 3567 1982 oculis
3596 1924 3806 1980 habere

2225 2043 2442 2098 semper
2463 2025 2803 2090 memineris,
2830 2023 3062 2092 ejusque
3094 2017 3391 2083 beneﬁciis,
3422 2031 3550 2071 cum
3577 2028 3806 2069 necesse

2225 2127 2329 2185 est,
2354 2125 2564 2188 gratam
2584 2116 2760 2170 vicem
2785 2111 3087 2183 rependens
3118 2109 3297 2179 ipsum
3321 2107 3388 2161 de
3414 2113 3635 2170 catero,
3654 2103 3808 2157 velut

2224 2207 2545 2270 debitorem,
2580 2202 2791 2258 efﬁcere
2821 2200 2918 2255 tibi
2946 2205 3272 2269 procurato;
3299 2196 3365 2250 de
3389 2209 3500 2264 quo
3537 2191 3806 2246 nimirum

2225 2312 2290 2352 eo
2321 2296 2497 2365 magis
2521 2305 2850 2363 prasumere
2886 2288 3093 2360 poteris
3121 2300 3233 2356 quo
3267 2285 3500 2354 amplius
3521 2280 3809 2351 obsequiis

2229 2387 2382 2441 illum
2440 2384 2534 2438 tibi
2579 2381 2738 2453 quasi
2782 2378 3080 2436 obnoxium
3122 2373 3465 2430 astrinxeris.
3527 2371 3809 2426 Memento

2230 2477 2412 2545 itaque
2433 2472 2625 2528 matris
2654 2480 2765 2528 tua
2783 2476 2985 2525 sancta
3012 2465 3272 2520 Romana
3292 2460 3570 2526 Ecclesia,
3596 2475 3724 2530 qua
3743 2460 3810 2514 de

2231 2572 2284 2618 te
2313 2564 2454 2618 inter
2480 2569 2710 2618 cateros
2738 2558 3015 2632 principes
3045 2555 3353 2626 specialiter
3382 2551 3612 2607 conﬁdit
3636 2559 3808 2620 etpe-

2233 2654 2512 2710 culiariter
2537 2651 2732 2721 diligit.
2769 2647 3039 2703 Memento
3079 2644 3231 2716 quod
3261 2643 3365 2698 sibi
3388 2640 3732 2712 promisisti;
3759 2646 3812 2692 et

2235 2744 2380 2815 quod
2403 2741 2677 2813 pollicitus
2702 2754 2761 2795 es
2788 2737 2899 2810 (cui
2920 2737 3085 2792 etiam
3107 2750 3218 2789 non
3241 2732 3584 2802 promittens,
3605 2744 3677 2786 ex
3689 2730 3812 2801 jure

2234 2831 2665 2890 Christianitatis
2710 2830 2875 2894 debes
2919 2824 3259 2897 adimplere),
3293 2837 3420 2878 cum
3465 2819 3810 2892 promiseris,

2238 2940 2349 2979 non
2379 2923 2609 2977 ulterius
2637 2919 2877 2975 ditl‘eras.
2900 2916 3021 2972 Non
3046 2917 3193 2972 enim
3217 2916 3436 2985 ignoras
3455 2919 3667 2983 quanta
3691 2925 3810 2980 per-

2239 3013 2479 3068 turbatio
2501 3019 2692 3067 contra
2721 3024 2839 3062 eam
2867 3023 2965 3077 per
2992 3005 3286 3069 Henricum
3311 3003 3516 3058 dictum
3537 3016 3726 3071 regem
3744 2999 3811 3053 sit

578 3090 943 3176 misericordia
978 3135 1139 3190 posse
1174 3090 1416 3173 tractari.
1447 3090 1786 3188 Quapropter
1816 3090 1999 3173 divino
2019 3117 2143 3172 freti
2243 3112 2385 3168 οηεο
2413 3109 2788 3172 quantumque
2817 3106 2936 3164 ίυο»
2980 3095 3077 3166 (ιιιὶ
3120 3110 3256 3150 811118
3297 3109 3358 3148 ⁸8
3405 3091 3572 3190 mf“:
3611 3090 3812 3144 θυιίιίο

582 3211 805 3276 auxilio,
837 3211 1148 3265 censuimus
1175 3225 1244 3263 ne
1281 3209 1511 3263 ulterius
1545 3209 1692 3262 hunc
1728 3207 1851 3262 falsi
1897 3207 2129 3264 criminis

2245 3193 2497 3262 indigeat.
2541 3191 2653 3261 Age
2676 3203 2827 3260 ergo,
2861 3195 2920 3242 ut
2943 3193 3209 3264 quantum
3240 3183 3421 3238 studet
3440 3180 3588 3235 ﬁlius
3611 3180 3810 3250 iniqui-

582 3301 718 3354 1³ηιὶ
751 3267 1033 3354 dilaniaret
1067 3298 1310 3364 iniamia,
1337 3306 1400 3352 ut
1435 3298 1848 3368 praesentialiter
1871 3313 1967 3368 per
2005 3312 2064 3353 se
2092 3305 2147 3351 ει
2172 3279 2214 3336 C
2245 3284 2372 3338 tatis
2398 3280 2693 3345 adversari,
2724 3294 2836 3333 non
2857 3277 3040 3331 minus
3068 3275 3262 3330 debeat
3283 3273 3352 3328 de
3379 3279 3488 3326 tua
3509 3267 3814 3324 devotionis

589 3391 916 3443 avunculum
945 3404 1128 3452 suum,
1151 3389 1277 3442 dato
1298 3360 1470 3457 supr;
1498 3360 1927 3441 sacratissimum
1948 3403 2146 3456 corpus
2247 3373 2604 3444 opitulatione
2630 3376 2804 3425 mater
2831 3366 3097 3422 Ecclesia.
3119 3363 3402 3435 gratulari.
3439 3360 3814 3415 Dubitavimus

582 3479 727 3533 beati
758 3478 922 3549 Petri
974 3448 1348 3548 apostolorum
1374 3448 1663 3546 -principis
1687 3475 1997 3544 juramento
2028 3448 2150 3529 sese
2249 3464 2339 3518 hic
2368 3463 2605 3533 Sigillum
2652 3458 2968 3549 Ριιιῖιψςιιιη
3011 3471 3234 3549 imitere.
3270 3469 3355 3549 ιιθΔ
3378 3452 3426 3508 Si
3447 3451 3582 3507 illud
3615 3448 3814 3506 ἱιιίωἱεὶ

584 3546 857 3641 purgaret.
881 3541 1165 3624 Nou'enim
1191 3579 1285 3623 aut
1307 3541 1598 3638 cujuslibet
1622 3541 1868 3637 persona
1895 3567 2147 3637 gratiam,
2251 3560 2525 3622 caperent.
2548 3551 2615 3605 de
2643 3563 2709 3604 00
2745 3546 3037 3602 {315mlth
3062 3543 3302 3614 aliquam
3329 3541 3591 3598 facerem-

588 3639 856 3715 autilucri
887 3661 1200 3729 temporalis
1229 3661 1479 3715 ardorem
1525 3667 1736 3714 tantum
1763 3659 1942 3713 valere
1971 3658 2151 3714 credi~
2228 3662 2233 3669 '
2659 3739 2666 3742 _
2752 3639 3087 3742 εῃδτὸιΑ
3115 3680 3282 3738 xvm

589 3750 770 3803 dimus
792 3756 850 3801 ut
879 3749 1077 3816 aliquis
1099 3763 1246 3802 sana
1275 3749 1471 3802 mentis
1496 3749 1598 3812 vir,
1621 3747 1922 3817 prasertim
1943 3749 2152 3818 episco—
2659 3739 2666 3747 ‘
2752 3722 2819 3741 “‘
2839 3722 2937 3742 “"
2952 3722 3087 3740 ν¹“⁶⁴⁵
3118 3722 3162 3738 ⁸³
3185 3722 3199 3735 '
3215 3722 3302 3737 ⁸⁵⁸⁹

592 3853 692 3869 ““““
746 3845 928 3869 ""‘°"‘
967 3835 1131 3869 ‘“‘""‘
1169 3836 1397 3869 “Mm”
1434 3835 1615 3869 ίπιδίοίί
1669 3835 1812 3869 ιιιι-η
1853 3837 2150 3869 ω-ε---ςιηη
2838 3798 3017 3869 (Anno
3043 3794 3228 3866 1081.)

592 3853 717 3908 pus,
746 3845 928 3907 spreto
967 3835 1134 3890 divini
1169 3836 1398 3889 horrore
1426 3835 1639 3903 judicii,
1669 3835 1812 3888 ultro
1853 3837 2154 3905 perjurium

594 3886 717 3908 τη.
747 3886 920 3907 -τ-νη
1426 3886 1592 3903 ,νην
1627 3886 1639 3899 ι
1677 3886 1700 3888 -κ
1855 3886 2129 3905 τν-.-----

590 3939 700 3982 tam
732 3942 891 3996 grave
936 3927 1063 3979 velit
1091 3932 1326 3994 patrare.
1375 3923 1642 3989 Quocirca
1684 3926 2025 3980 dilectionem
2064 3942 2129 3982 ve

2261 3916 2327 3970 Ut
2351 3913 2780 3996 innLugrlunensi
2801 3909 3073 3996 Ecclesia
3109 3886 3556 3996 archiepiscopum
3583 3904 3815 3996 idoneam

2327 3973 2679 4037 ordinandum
2715 3987 2894 4042 curet;
2935 3976 3074 4047 quod
3104 3976 3208 4047 nisi
3238 3976 3343 4028 cito
3374 3974 3690 4043 reperiatur,
3715 3973 3816 4042 ipse

590 4027 761 4073 stram
809 4025 1115 4081 monentes,
1159 4032 1224 4070 ex
1263 4025 1414 4085 parte
1443 4016 1587 4070 beati
1615 4014 1762 4070 Petri
1788 4017 1944 4071 vobis
1969 4017 2159 4087 praci-
2197 3997 2205 4003 ⁷
2325 3997 3190 4104 ξξεέηὲξῧξξξωθξέξξιξιλυεζξοξξξ

590 4053 761 4122 ³Ϊ⁸⁸¹³⁸³
810 4053 1115 4081 ¹³¹ν¹¹“”¹¹““”’
1159 4053 1224 4070 “’⁴“
1253 4053 1414 4116 ,ν⁶““’
1445 4053 1587 4070 ”“““
1615 4053 1638 4069 ⁵
1659 4053 1762 4070 ’⁸⁵⁵⁸
1797 4053 1944 4071 "'""'
1969 4053 2158 4087 ⁸³⁸⁵⁸⁸³⁷
2325 4053 2440 4121 ejus
2469 4053 2720 4104 Ecclesia
2745 4053 2974 4118 regimen
2993 4053 3270 4115 suscipiat.

590 4124 768 4178 plmllS
790 4118 850 4161 ut
875 4106 1156 4176 prafatum
1182 4121 1497 4174 episcopum
1525 4115 1765 4160 vestrum
1790 4113 2013 4175 paterna
2034 4119 2158 4160 cum

589 4199 938 4254 veneratione
967 4197 1294 4266 suscipiatis,
1321 4196 1478 4266 eique
1507 4195 1746 4251 debitum
1772 4197 2035 4250 honorem
2063 4196 2161 4250 de-

593 4289 1006 4353 terentes,sicut
1029 4288 1234 4357 pastori
1267 4288 1548 4365 oliediatis.
1574 4285 1841 4343 Praterea
1862 4289 2158 4356 apostolica

597 4378 972 4431 interdictione
993 4379 1301 4433 inhibemus
1323 4394 1391 4432 ne
1409 4394 1532 4432 eum
1556 4394 1719 4447 super
1733 4379 1826 4433 illo
1840 4377 2129 4434 Simoniac:

2262 4357 2490 4420 salutem
2515 4370 2569 4416 et
2591 4361 2945 4432 apostolicam
2969 4357 3418 4412 benedictionem.

599 4465 990 4529 infamationis,
1017 4481 1126 4534 quo
1158 4482 1217 4519 se
1262 4469 1529 4537 purgavit,
1565 4469 1752 4522 aliisve
1787 4467 1941 4522 falsis
1976 4469 2129 4522 crimi

2335 4442 2690 4519 Summopere
2733 4448 3133 4519 procurandum
3182 4447 3280 4500 tibi
3308 4453 3394 4500 est
3424 4452 3486 4497 ut
3525 4444 3584 4499 in
3633 4457 3813 4512 magna

602 4556 783 4619 nibus,
809 4555 1062 4623 deinceps
1103 4555 1319 4625 agitari,
1351 4570 1483 4610 neve
1523 4556 1723 4623 ipsum,
1757 4556 1900 4610 sicut
1938 4572 2057 4610 mos
2083 4572 2129 4610 es

2267 4542 2391 4595 sede
2413 4538 2761 4607 Lugdunensi
2787 4551 2899 4590 non
2919 4536 3012 4589 diu
3046 4533 3330 4592 differatur
3353 4533 3601 4587 ordinari
3645 4531 3814 4585 archi-

604 4663 674 4716 (ιιι
685 4646 986 4709 orumdam,
1005 4646 1256 4714 praelatos
1273 4646 1584 4700 criminosis
1604 4645 2004 4714 suspicionibus
2018 4661 2129 4698 com

2240 4629 2573 4698 lepiscopus,
2619 4627 2714 4697 qui
2747 4640 2932 4680 revera
2965 4625 3038 4716 sit
3065 4623 3222 4678 miles
3261 4621 3465 4677 Christi
3497 4630 3554 4676 et
3582 4617 3818 4676 defensor

603 4736 909 4800 maculare,
952 4736 1180 4803 ulterius
1241 4736 1436 4805 injuste
1488 4702 1767 4790 sollicitari
1811 4727 2129 4804 permittatis

2264 4717 2517 4788 justitia;
2548 4732 2649 4786 pro
2671 4732 2778 4786 qua
2801 4730 2908 4769 non
2932 4702 3111 4770 solum
3135 4713 3401 4778 laborare,
3430 4711 3524 4766 sed
3545 4712 3705 4773 etiam
3729 4723 3815 4780 pro

609 4827 704 4881 sed
726 4842 871 4892 eum,
905 4836 964 4880 ut
988 4800 1454 4897 prasignavimus,
1488 4827 1628 4880 sicut
1657 4800 1865 4893 patrem
1912 4800 2168 4892 spirituaé
2267 4823 2330 4862 εδ
2357 4807 2624 4861 ἀεδίάθΐθι
2646 4813 2876 4860 mortem
2902 4803 3082 4859 carnis
3109 4803 3309 4859 Euhife-
3335 4801 3488 4868 Ωιιοά
3513 4800 3562 4855 εί
3594 4800 3701 4856 Cito
3719 4813 3815 4853 non

605 4916 714 4968 lem
745 4893 1082 4987 venerantes,
1120 4893 1420 4972 ostendatis
1459 4921 1556 4970 vos
1587 4924 1640 4970 et
1670 4915 2171 4984 apostolicisjussis
2269 4905 2447 4967 Ροῑεδῑ
2478 4897 2723 4965 reperiri,
2746 4911 2812 4950 ex
2834 4895 3126 4965 aposmlica
3155 4895 3252 4950 ubi
3278 4893 3623 4965 Ρνποίρίωιιε
3647 4899 3816 4946 “CW

610 5006 965 5060 obedientiam
991 4979 1195 5078 gerere,
1239 5016 1292 5061 et
1331 5017 1391 5062 ut
1418 4979 1759 5062 Christianos
1804 4979 2018 5075 oportet
2051 5009 2171 5059 ani-
2272 4989 2433 5042 ΐῖίθιθ
2460 4995 2519 5042 ιιι
2545 4995 2766 5058 rogatus
2795 5002 2828 5041 ³
2859 4985 3122 5060 fnum“?
3151 4985 3343 5053 ιιιίειει
3362 4984 3568 5039 ciemus
3595 4981 3665 5036 ab
3685 4979 3815 5049 ei“?

613 5108 821 5148 marum
852 5068 1154 5152 ves“.an
1181 5068 1380 5153 ’ωε-ειη
1404 5098 1620 5152 δίψει-ε,
1840 5068 1859 5075 ’
2275 5079 2396 5132 dem
2440 5076 2691 5132 Ecclesia
2765 5076 2913 5144 filiis,
2966 5077 3334 5132 indubitanter
3389 5083 3721 5142 praeualens
3755 5068 3813 5122 de

1129 5207 1461 5263 EPISTOLA
1488 5207 1647 5262 xv".
1792 5193 1806 5239 ζ
2275 5168 2544 5230 adiutorio
2570 5169 2773 5224 caelesti
2805 5167 2873 5222 ad
2893 5167 3133 5238 regimen
3161 5163 3429 5235 pradicta
3457 5156 3814 5230 Lugdunensis

1091 5311 1158 5349 AD
1185 5312 1466 5352 ιιοιιειιτωι
1493 5313 1685 5352 υυοει.

2277 5267 2477 5314 sancta
2516 5259 2742 5315 accedas
2779 5256 3054 5322 Ecclesia,
3076 5251 3341 5326 imitando
3359 5249 3638 5305 dominum
3729 5263 3811 5318 pr
3908 5277 3909 5352 ἦ

1194 5336 1383 5455 is}:
1398 5336 1685 5454 138:3“
2188 5398 2196 5406 -
2275 5357 2415 5450 ιτςω
2444 5355 2703 5455 ratem.
2743 5343 3211 5455 raram“
3255 5340 3585 5455 ’.νοείοωωτ
3632 5336 3722 5455 ‘1‘“
3755 5337 3814 5390 ⁴¹⁰

621 5470 750 5525 Cum
777 5471 1028 5544 Egbert,“
1049 5428 1294 5544 adep,‘um
1331 5491 1385 5528 η
1413 5428 1690 5528 “uagam
1725 5474 1961 5544 multum
1995 5483 2044 5526 α
2066 5475 2172 5527 Rw
2281 5438 2477 5492 minori
2501 5436 2740 5492 Ecclesia
2769 5434 3106 5489 Antiochena
3129 5430 3424 5499 translatus
3446 5431 3613 5488 est.in
3642 5428 3813 5486 Roma-

691 5543 857 5594 manis
901 5540 1210 5611 nuntiasset,
1253 5543 1496 5596 hortatur
1535 5552 1592 5595 ut
1634 5543 1771 5595 beati
1799 5540 1947 5594 Petri
1970 5543 2172 5594 auxilio
2277 5541 2422 5580 “3m-

687 5620 1015 5665 consecutum
1035 5608 1215 5668 eaeam
1238 5629 1348 5668 esse
1368 5613 1723 5678 reminiscens,
1756 5611 1984 5663 debitam
2013 5611 2173 5663 vicem
2348 5612 2482 5667 Data
2505 5629 2654 5667 nono
2685 5611 2954 5664 Kalendas
2976 5608 3314 5666 Novembris,

2329 4185 2634 4239 Gascoaws
2690 4180 3008 4250 episcopus,
3077 4192 3270 4233 servus
3341 4190 3625 4230 servorum
3690 4174 3812 4239 Dei,

2431 4271 2578 4345 (411)
2629 4271 2826 4326 dilecto
2869 4269 2925 4324 in
2960 4268 3178 4322 Christo
3222 4266 3374 4320 fratri
3398 4275 3450 4321 et
3479 4266 3810 4337 coepiscopo,

692 5785 836 5856 (ill)
859 5785 1091 5873 Quid_si
1141 5787 1348 5860 Hugoui
1392 5789 1483 5861 qui
1535 5788 1776 5845 Gebuino
1811 5786 2071 5844 successit
2098 5786 2162 5842 ad
2197 5787 2394 5845 multos
2425 5790 2632 5848 annos?
2659 5790 2735 5842 ita
2765 5797 2815 5842 et
2851 5790 2903 5842 in
2929 5789 3118 5846 Muri».

3611 6048 3910 6316 Α
