3952 6380
160 441 247 496 62!

694 550 1042 628 EPISTOLA,
1059 558 1196 615 XIX.

456 663 527 702 AD
557 664 1004 706 Αιιειιιεριεοοιιυιι
1031 665 1425 705 ιιιῦῡυιιεκεειι.

755 739 934 808 (Anno
959 738 1140 809 ιοει.)

165 824 574 899 Terrninandam
612 828 660 881 ei
702 830 984 882 committit
1008 845 1222 882 causam
1253 828 1480 899 abbatis,
1506 831 1590 882 cui
1619 831 1726 899 ofﬁ-

218 895 358 948 cium
385 904 630 972 propter
692 900 1118 972 contumaciam,_
1152 898 1512 972 excusabilem
1530 895 1721 972 tamen,

222 965 608 1036 interdixerat;
633 966 770 1035 quod
793 967 1002 1020 interim
1036 967 1119 1036 illi
1149 968 1296 1020 reddi
1323 968 1450 1021 vult.
1471 966 1725 1036 Prazcipit

221 1041 291 1105 u_t_
307 1034 610 1105 priuilegio,
632 1034 772 1105 quod
793 1036 857 1088 ab
883 1034 1198 1090 adversariis
1228 1036 1340 1105 ejus
1367 1034 1723 1090 monac/iisab

226 1101 536 1156 Alexandro
558 1101 802 1173 pontiﬁce
824 1105 1124 1176 subreptum
1146 1101 1436 1176 dicebatur,
1453 1108 1499 1159 si
1526 1107 1603 1158 ita
1626 1115 1724 1170 est,

224 1182 463 1243 cassam,
513 1190 774 1243 causaque
823 1174 1085 1242 discussa,
1130 1174 1412 1229 secundum
1456 1177 1726 1229 veritatem

219 1240 492 1308 judicium
516 1259 673 1312 super
689 1240 766 1295 ’ea
787 1245 1042 1312 proferat.

229 1329 543 1386 Gnscouws
563 1331 868 1402 episc0pus,
892 1349 1082 1388 servus
1101 1349 1383 1388 servorum
1404 1331 1728 1401 Dei,dilecto

165 1421 214 1472 in
258 1418 484 1475 Christo
535 1421 692 1475 fratri
736 1421 871 1476 ι-ι....
920 1423 1168 1494 [liccoxn
1216 1425 1293 1476 sic
1338 1435 1386 1477 et
1416 1425 1470 1476 in
1511 1423 1724 1496 ﬁlatim}

167 1508 517 1580 Lugdunensi
556 1513 984 1584 archiepiscopo,
1013 1514 1240 1569 salutem
1280 1525 1336 1569 et
1377 1517 1726 1585 apostolicam

166 1599 615 1677 benedictionem.
1567 1617 1590 1677 '_

229 1689 411 1744 Abbas
435 1664 783 1759 praesentium
818 1693 958 1747 lator
987 1695 1170 1748 retulit
1192 1695 1350 1753 nobis
1369 1675 1603 1752 ofﬁcium
1626 1697 1726 1751 sibi

166 1779 513 1851 ccclesizeque
541 1798 652 1837 sese
691 1798 722 1836 a
752 1782 1086 1838 fraternitate
1104 1794 1197 1839 tua
1218 1801 1338 1841 esse
1364 1787 1725 1858 interdictum,

166 1880 447 1939 propterea
495 1873 643 1942 quod
694 1874 816 1928 loco
857 1875 925 1928 ad
961 1875 1228 1944 justitiam
1282 1878 1424 1933 inter
1468 1879 1645 1949 ipsum
1679 1892 1730 1935 et
1764 1886 1804 1940 Β

167 1961 409 2016 abbatem
437 1963 506 2017 de
540 1963 681 2018 Casa
721 1963 818 2018 Dei
862 1965 1272 2022 discernendam
1308 1971 1604 2024 constituto
1637 1972 1731 2025 ad-

167 2053 402 2106 monitus
438 2069 551 2107 nou
600 2053 878 2122 interfuit;
910 2055 978 2110 ad
1019 2072 1206 2125 quem,
1239 2057 1381 2112 sicut
1424 2059 1537 2128 ipse
1581 2061 1727 2124 dicit,

167 2141 342 2196 venire
363 2157 480 2196 non
503 2145 857 2213 contempsit,
881 2146 975 2200 sed
999 2141 1217 2216 propter
1241 2147 1585 2215 discordiam,
1610 2166 1730 2218 qua:

167 2230 299 2285 inter
323 2233 558 2288 comites
577 2233 722 2289 illius
735 2235 923 2303 patriae
938 2234 1059 2302 fuit,
1072 2251 1178 2290 non
1202 2253 1370 2292 ausus
1383 2248 1482 2293 est.
1499 2239 1730 2295 Proinde

166 2322 288 2390 quia
319 2337 434 2378 nos
488 2323 636 2379 illius
682 2340 905 2380 causam
954 2342 1054 2381 nec
1103 2327 1332 2396 pleniter
1380 2330 1604 2395 scimus,
1631 2347 1731 2385 nec

167 2411 383 2473 absente
407 2414 584 2468 altera
606 2425 760 2484 parte
777 2415 1028 2484 judicare
1052 2418 1331 2485 debemus,
1377 2435 1499 2474 eam
1538 2421 1730 2475 fratcr-

168 2501 316 2555 nitati
370 2511 482 2558 tua:
524 2507 937 2573 committimus,
977 2515 1037 2561 ut
1082 2517 1284 2564 statuto
1331 2512 1546 2580 utrique
1588 2515 1728 2581 parti

167 2605 403 2661 congruo
447 2593 572 2670 loco
598 2603 651 2649 et
684 2597 946 2662 termino,
992 2598 1059 2652 ad
1101 2599 1263 2653 finem
1315 2617 1474 2670 quem
1516 2603 1728 2671 justitia

168 2680 448 2737 dictaverit
476 2698 667 2739 eorum
694 2702 917 2741 causam
945 2688 1228 2757 perducas.
1263 2689 1525 2746 Volumus
1547 2701 1727 2748 tamen

170 2780 344 2840 iit-pro
369 2788 562 2830 amore
602 2777 744 2831 beati
774 2777 940 2844 Petri,
985 2795 1014 2833 a
1053 2795 1164 2848 quo
1213 2781 1329 2836 sine
1359 2783 1727 2839 misericordia

169 2873 322 2918 neuio
336 2865 552 2931 regredi
573 2866 750 2932 debet,
770 2867 825 2921 in
848 2877 1112 2938 quantum
1131 2885 1257 2925 cum
1276 2871 1485 2940 justitia
1505 2875 1724 2942 poteris,

169 2948 326 3004 istum
352 2953 779 3010 misericorditer
799 2966 1022 3023 tractes,
1055 2970 1215 3029 atque
1239 2962 1294 3014 in
1318 2966 1728 3021 mansuetudine

169 3048 256 3094 tua
278 3041 326 3096 is
369 3044 574 3098 sentiat
619 3061 680 3100 se
729 3061 840 3100 non
890 3047 1093 3103 frustra
1140 3057 1348 3104 tantum
1392 3053 1628 3108 laborem
1660 3057 1728 3111 ad

168 3133 519 3200 apostolicam
541 3136 722 3190 sedem
745 3138 1065 3208 sumpsisse.
1090 3125 1305 3194 Interim
1329 3141 1490 3197 etiam
1505 3145 1724 3216 dignum

1307 448 1508 504 LIBER
1542 447 1788 504 NONUS.
1821 477 1891 490 —-
1915 446 2134 545 liPlSI‘.
2175 447 2314 543 liXl.

1752 542 2146 617 ACbristianze
2185 542 2652 628 comprobatione;
2706 561 2848 630 quod
2895 561 3199 632 hucusque,
3242 564 3386 622 sicut

3273 459 3379 507 02‘:

1824 657 2065 718 apparet,
2093 658 2185 703 aut
2208 650 2436 718 superbe
2466 658 2561 704 aut
2584 651 2911 722 negligenter
2940 664 3122 708 nostra
3153 654 3384 712 abutens

1823 739 2081 808 patientia
2102 740 2381 806 distulisti,
2410 757 2537 795 cum
2568 757 2666 796 nec
2690 743 2851 796 etiam
2884 744 3198 800 canonicam
3223 763 3384 804 excu-

1825 828 2086 883 sationem
2109 831 2474 898 praetenderis.
2501 830 2618 886 Non
2641 834 2784 886 enim
2816 835 2966 888 labor
2985 846 3076 891 aut
3100 838 3384 898 difﬁcultas

1825 919 2033 975 itineris
2056 928 2109 974 te
2133 921 2458 975 sufﬁcienter
2495 931 2736 988 excusat,
2761 940 2883 998 cum
2918 927 3048 982 satis
3097 938 3282 985 notum
3311 932 3386 986 sit

1826 1010 2026 1067 multos
2047 1010 2207 1080 longe
2229 1020 2484 1076 remotos,
2508 1012 2634 1066 licet
2656 1028 2882 1083 corpore
2924 1016 3186 1073 invalidos
3219 1029 3273 1074 et
3300 1022 3385 1077 in—

1826 1102 2033 1168 firmos,
2078 1111 2133 1157 et
2154 1119 2207 1159 ,λι
2258 1103 2468 1158 lectulis
2523 1105 2612 1158 vix
2657 1106 2896 1161 valentes
2933 1123 3171 1178 surgere,
3202 1121 3385 1172 tamen

1826 1193 1971 1247 beati
1995 1193 2138 1248 Petri
2161 1209 2346 1248 amore
2374 1195 2660 1264 flagrantes
2680 1197 2747 1250 ad
2771 1197 2888 1265 ejus
2911 1198 3093 1252 limina
3119 1203 3383 1260 vehiculis

1825 1297 2134 1359 properare.
2181 1282 2359 1349 Quare
2395 1286 2688 1354 apostolica
2731 1287 2825 1341 tibi
2853 1291 3173 1346 auctoritate
3195 1296 3385 1362 praeci-

1809 1373 2008 1441 pimus
2031 1380 2089 1428 ut
2119 1367 2414 1444 postposita
2447 1378 2734 1432 occasione
2772 1379 2854 1432 vel
2887 1380 3032 1433 inani
3078 1381 3384 1454 formidine,

1826 1463 1966 1520 datis
2015 1464 2248 1533 induciis
2295 1474 2526 1534 quatuor
2576 1469 2884 1535 mensium,
2931 1480 3214 1542 postquam
3271 1476 3388 1532 haec

1825 1561 2012 1607 nostra
2041 1545 2296 1609 mandata
2345 1557 2412 1610 ad
2451 1557 2697 1612 notitiam
2747 1568 2892 1613 tuam
2939 1565 3296 1631 pervenerint,
3330 1569 3388 1624 in

1830 1645 2110 1712 przesentis
2156 1646 2286 1699 anni
2343 1645 2482 1701 festo
2520 1645 2772 1702 Omnium
2820 1648 3141 1706 Sanctorum
3200 1653 3389 1710 Roma:

1829 1735 2018 1788 adesse
2064 1750 2325 1803 procures
2373 1746 2426 1790 et
2467 1747 2702 1808 satagas,
2751 1750 2804 1794 et
2867 1741 3237 1799 inobedientiae
3282 1755 3388 1800 tua:

1830 1835 2038 1880 reatum
2063 1841 2159 1895 per
2182 1835 2401 1880 tantum
2419 1830 2679 1896 temporis
2701 1843 3073 1898 supportatum
3101 1839 3390 1893 emendare

1832 1931 1939 1972 non
1969 1916 2195 1970 ulterius
2214 1918 2470 1988 negligas.
2497 1918 2648 1984 Quod
2678 1920 2722 1973 si
2748 1936 2845 1975 nec
2865 1924 3040 1978 adhuc
3063 1934 3112 1979 te
3136 1930 3386 1983 mandata

1831 2007 2129 2076 apostolica
2158 2009 2446 2076 moverint,
2479 2011 2571 2064 sed
2601 2026 2663 2064 ea
2689 2011 3038 2069 dissimulans
3071 2016 3125 2070 in
3151 2028 3388 2074 contem-

1829 2105 1925 2164 ptu
1969 2098 2167 2152 durare
2220 2100 2505 2164 malueris,
2558 2110 2610 2154 et
2665 2095 2961 2170 periculum
3014 2107 3390 2167 inoboedientiae

1830 2187 2108 2241 incurrere
2137 2202 2245 2241 non
2269 2189 2570 2256 erubucris,
2601 2193 2746 2260 quod
2767 2204 2848 2248 est
2875 2197 3032 2264 quasi
3066 2201 3242 2254 scelus
3272 2201 3390 2256 ido-

1831 2277 2078 2343 lolatrize,
2119 2287 2351 2333 testante
2377 2280 2534 2334 beato
2565 2280 2812 2337 Samuele
2841 2285 2891 2354 (1
2913 2287 3034 2358 Reg.
3059 2289 3170 2360 xv),
3191 2307 3223 2346 a
3247 2291 3390 2352 beati

1829 2366 1973 2422 Petri
2017 2369 2189 2437 gratia
2219 2369 2359 2429 scias
2398 2378 2449 2423 te
2475 2374 2662 2439 procul
2709 2375 2873 2430 dubio
2908 2383 3310 2448 removendum,
3334 2394 3390 2440 ct

1828 2457 1945 2526 ejus
1971 2459 2294 2513 auctoritate
2335 2462 2557 2515 oninino
2583 2463 2904 2532 feriendum,
2934 2468 3009 2522 ita
3043 2470 3289 2527 videlicet
3329 2485 3388 2530 ut

1831 2548 1877 2601 si
1902 2548 2041 2602 infra
2071 2550 2384 2617 praedictum
2421 2554 2652 2621 spatium
2684 2557 2751 2610 ad
2781 2573 2879 2614 nos
2907 2575 3018 2617 non
3055 2564 3289 2634 veneris,
3318 2568 3389 2622 ab

1829 2640 1976 2693 omni
2002 2640 2077 2695 sis
2109 2641 2281 2696 oflicio
2305 2643 2596 2714 episc0pali
2623 2661 2938 2718 suspensus.

2351 2752 2682 2811 EPISTULA
2717 2758 2855 2816 XXI-

2281 2859 2347 2896 AD
2377 2860 2656 2902 [TSIVEBSOS
2698 2867 2930 2907 FIDELES.

2421 2928 2597 3004 (Anno
2630 2939 2648 2989 τι
2661 2937 2753 2990 081
2768 2940 2806 3006 .)

1939 3019 2200 3074 Hortatur
2234 3024 2303 3075 ad
2334 3027 2709 3093 persecutiones
2733 3030 2988 3096 patienter
3021 3035 3279 3101 ferendas.

1898 3109 2204 3168 Caesonius
2228 3115 2534 3185 episcopus,
2558 3131 2744 3172 servus
2769 3134 3045 3177 servorum
3066 3124 3180 3193 Dei,
3207 3133 3388 3186 omni-

167 3222 394 3288 videtur,
419 3233 476 3278 et
500 3225 754 3282 volumus
787 3201 1003 3295 ut,-nisi
1034 3229 1137 3284 hoc
1171 3232 1237 3285 ad
1278 3231 1545 3301 justitiam
1563 3201 1725 3292 cxse-
1756 3207 1796 3262 Ο
1830 3201 2556 3301 bu?‘fPiSf‘PPisrﬁllba‘ibusi
2578 3209 2789 3264 θίθτίθίδ
2806 3219 2860 3264 et
2879 3212 3050 3281 meis’
3080 3222 3390 3285 θβθδίθίίθθ

165 3313 433 3378 quendam
465 3314 851 3384 impediturum
901 3333 1023 3375 esse
1070 3336 1169 3387 pro
1218 3331 1365 3375 certo
1390 3327 1724 3393 cognoveris,

165 3399 398 3455 cilicium
434 3403 540 3456 sibi
574 3419 795 3474 suaeque
838 3405 1082 3462 ecclesia:
1122 3411 1343 3477 reddas;
1371 3421 1640 3481 quatenus
1671 3415 1723 3468 in

165 3489 269 3546 hoc
295 3508 517 3564 quoque
546 3496 857 3564 apostolica:
883 3499 1028 3554 sedis
1060 3501 1322 3556 auxilium
1368 3505 1588 3573 petiisse
1618 3521 1726 3560 non

166 3597 286 3636 eum
338 3585 620 3653 paniteat.
675 3586 939 3648 Praeterea
998 3591 1139 3645 idem
1183 3593 1285 3648 iste
1331 3594 1497 3649 frater
1542 3600 1729 3654 retulit

167 3670 320 3727 nobis
361 3689 423 3728 se
455 3691 700 3740 causam,
745 3693 910 3746 quam
941 3696 1062 3732 cum
1093 3683 1417 3749 quibusdam
1445 3689 1727 3744 monachis

168 3760 427 3835 habebat”,
467 3765 536 3819 ad
583 3765 914 3822 audientiam
952 3778 1104 3824 tuam
1138 3771 1423 3840 detulisse;
1461 3777 1620 3844 cujus
1649 3781 1724 3832 rei

166 3846 638 3921 exanimationem,
685 3858 940 3927 quoniam
966 3860 1174 3930 praefati
1216 3865 1468 3918 monachi
1511 3867 1726 3936 privile-

166 3944 309 4010 gium
329 3947 654 4023 veneranda:
681 3949 957 4005 memoriae
983 3951 1272 4008 Alexandri
1313 3957 1726 4031 praedecessmis

166 4034 333 4088 nostri
365 4025 809 4105 praetendebant,
846 4041 1084 4097 nolueris
1138 4043 1333 4100 facere.
1393 4028 1728 4118 QuaprOpter

121 4103 128 4114 ’
165 4122 287 4192 quia
337 4103 618 4195 prmlibato
665 4131 1002 4183 antecessori
1032 4142 1219 4187 nostro
1252 4150 1282 4188 a
1328 4103 1533 4192 malitia
1585 4103 1725 4209 q'uo-

167 4215 435 4281 rumdam,
475 4216 616 4272 sicut
634 4218 758 4293 ipse
782 4221 946 4286 nosti,
990 4237 1380 4294 nonnunquam
1409 4227 1724 4298 subreptum

164 4314 260 4371 est,
288 4307 538 4377 religioni
561 4310 673 4364 tua:
687 4310 1027 4381 principimus
1051 4321 1111 4366 ut
1132 4314 1484 4372 nihilominus
1503 4335 1725 4374 causam

167 4392 334 4463 ipsam
370 4397 669 4468 discutias,
700 4406 773 4466 et,
809 4401 855 4455 si
887 4402 1222 4475 privilegium
1249 4415 1436 4462 contra
1457 4408 1723 4477 justitiam

167 4483 531 4543 factum'esse
581 4485 1019 4560 deprehenderis,
1071 4509 1136 4549 eo
1186 4507 1422 4565 cassato,
1466 4501 1724 4572 quidquid
1761 4523 1804 4576 ι)

118 4600 119 4603 η
165 4577 772 4648 equitaspostulaverit
799 4585 1020 4653 exsequi
1058 4594 1244 4640 nostra
1275 4591 1596 4644 auctoritate
1623 4592 1726 4646 ful-

169 4673 251 4721 tus
273 4681 384 4721 non
414 4669 648 4724 dubites.
699 4671 970 4741 Quidquid
1020 4683 1198 4727 autem
1234 4691 1394 4744 super
1418 4679 1502 4733 his
1527 4681 1723 4736 difﬁni-

166 4757 323 4823 veris,
357 4766 563 4812 nostra:
596 4759 958 4829 intelligentia:
981 4763 1198 4817 studeas
1221 4765 1476 4822 indicare.

700 4852 1029 4952 Eprsrom
1071 4873 1186 4930 xx.

513 4979 580 5015 AD
607 4973 892 5042 εριδεορψι
916 4982 1368 5026 ΟΔΝτιῖᾹΗΙΕΝΒΣΜ.

750 5053 928 5122 (Anno
958 5057 1139 5130 1081.)

168 5139 536 5219 Cantuariensi
565 5144 822 5216 episcopo,
846 5160 962 5219 cum
991 5146 1210 5201 Romam
1235 5168 1368 5219 stupe
1391 5163 1598 5206 weatus
1634 5172 1723 5208 nec

225 5213 473 5288 vertisset,
531 5213 622 5288 nec
683 5215 1070 5267 excusationem
1120 5213 1422 5273 canonicam
1480 5223 1719 5288 haberet,

231 5281 468 5357 princip“
497 5290 552 5332 ut
599 5284 741 5357 intra
769 5293 994 5357 quatuor
1031 5301 1224 5357 menses
1270 5290 1485 5342 Romam
1529 5281 1717 5357 ueniat,

229 5346 466 5419 alioquin
489 5364 608 5402 eum
625 5351 689 5402 ab
718 5346 882 5420 o/ficio
913 5354 1193 5423 episcopali
1226 5359 1508 5424 suspendit.

211 5435 542 5494 Caesonius
561 5437 868 5507 episcopus,
902 5458 1089 5498 servus
1115 5461 1392 5499 servorum
1417 5445 1530 5511 Dei,

169 5525 526 5596 illiusnec,
550 5515 626 5583 sic
655 5530 709 5583 in
734 5530 953 5604 Mutin.)
995 5535 1407 5590 Cantuariorum
1457 5541 1721 5610 archiepi-

170 5631 346 5686 SCOIIO,
389 5619 622 5674 salutem
651 5628 701 5675 et
727 5623 1076 5690 apostolicam
1101 5627 1546 5680 benedictionem.

235 5705 384 5778 Stepe
407 5707 798 5766 fraternitatem
832 5720 977 5766 tuam
1013 5719 1306 5782 apostolica
1344 5719 1604 5793 legatione
1638 5721 1720 5773 in-

171 5797 452 5856 vitavimus
477 5797 702 5856 Romam
730 5803 910 5862 venire
932 5804 1090 5860 etiam
1117 5820 1213 5874 pro
1233 5807 1353 5862 fidei
1377 5819 1427 5862 ct
1448 5810 1719 5880 religionis

1831 3293 1943 3346 sedi
1965 3294 2230 3360 fidelibus,
2245 3276 2471 3374 salutem
2493 3307 2546 3352 et
2566 3302 2916 3366 apostolicam
2937 3276 3383 3367 benedictionem.

1901 3381 2134 3447 Scimus,
2181 3383 2375 3439 fratres
2413 3387 2739 3453 charissimi,
2775 3392 2899 3458 quia
2950 3394 3388 3458 tribulationibus

1827 3480 1882 3526 et
1914 3474 2179 3542 angustiis
2211 3475 2413 3529 nostris
2455 3479 2844 3546 compatimini,
2877 3492 2931 3535 et
2952 3483 3010 3539 in
3037 3489 3232 3544 vestris
3261 3507 3388 3548 ora-

1829 3563 2069 3618 tionibus
2099 3574 2224 3619 ante
2262 3561 2556 3620 Dominum
2592 3570 2906 3625 memoriam
2939 3577 3110 3630 nostri
3156 3580 3386 3642 habetis.

1829 3653 1983 3720 Quod
2012 3655 2149 3709 idem
2181 3672 2281 3710 nos
2315 3673 2440 3728 erga
2462 3673 2560 3730 vos
2585 3675 2740 3730 agerc
2765 3677 2872 3717 non
2895 3665 3168 3734 dubitetis,
3193 3680 3245 3725 et
3270 3689 3389 3729 me-

1828 3745 1961 3810 rito;
2015 3761 2140 3800 nam
2175 3746 2466 3815 Apostolus
2499 3751 2627 3808 dicit
2655 3769 2665 3802 :
2690 3750 2748 3804 Si
2785 3757 2990 3820 patitur
3037 3774 3195 3811 unum
3226 3777 3387 3816 mem-

1827 3833 1978 3885 brum
2007 3838 2394 3902 compatiuntur
2429 3847 2483 3891 et
2517 3848 2711 3898 caetera
2743 3843 2971 3897 membra
3017 3845 3069 3914 (Ι
3103 3846 3224 3903 Cor.
3264 3853 3387 3923 xu).

1827 3921 1886 3975 In
1915 3923 2018 3977 hoc
2051 3923 2214 3978 etiam
2253 3927 2524 3982 credimus
2571 3930 2889 4008 charitatem
2927 3934 3019 3990 Dei
3049 3939 3300 3997 diffusam
3333 3921 3388 4002 in

1828 4013 2080 4069 cordibus
2105 4017 2326 4082 nostris,
2355 4018 2483 4087 quia
2505 4034 2694 4076 omnes
2726 4040 2894 4080 unum
2920 4030 3189 4096 volumus,
3217 4051 3388 4091 unum

1829 4105 2198 4161 desideramus
2228 4117 2280 4162 et
2303 4108 2368 4162 ad
2397 4125 2568 4165 unum
2596 4115 2884 4171 tendimus.
2912 4118 3089 4173 Unum
3115 4125 3386 4193 volumus,

1827 4195 2071 4250 videlicet
2086 4205 2145 4250 ut
2166 4213 2354 4252 omnes
2376 4200 2524 4268 impii
2550 4205 2887 4271 resipiscam,
2911 4217 2964 4262 et
2986 4210 3052 4262 ad
3072 4212 3385 4272 Creatorem

1828 4300 1986 4338 suum
2020 4294 2383 4353 revertantur;
2427 4305 2593 4344 unum
2642 4293 3036 4363 desideramus,
3091 4303 3295 4361 scilicet
3330 4318 3387 4363 ut

1827 4387 2010 4432 sancta
2033 4377 2289 4443 Ecclesia,
2316 4391 2410 4447 per
2432 4389 2600 4436 totum
2625 4386 2809 4440 orbem
2837 4393 3150 4448 conculcata
3180 4405 3232 4450 et
3263 4414 3389 4454 con.

1826 4466 1969 4535 fusa,
1997 4477 2049 4521 et
2077 4484 2172 4538 per
2209 4469 2448 4526 diversas
2490 4484 2671 4542 partes
2701 4478 2948 4546 discissa,
2991 4483 3056 4537 ad
3099 4476 3388 4553 pristinum

1829 4559 2076 4612 decorem
2116 4568 2169 4615 et
2206 4561 2528 4617 soliditatem
2566 4567 2772 4633 redeat;
2802 4570 2867 4621 ad
2894 4587 3062 4634 unum
3092 4577 3385 4646 tendimus,

1827 4649 1954 4717 quia
1983 4659 2042 4702 ut
2072 4649 2211 4705 Deus
2244 4653 2570 4720 glorificetur
2606 4657 2658 4708 in
2690 4660 2865 4723 nobis,
2906 4671 2958 4715 et
2989 4679 3089 4719 nos
3114 4682 3236 4721 cum
3270 4658 3405 4723 fra-I

1827 4738 1998 4791 tribus
2030 4740 2248 4805 nostris,
2286 4741 2449 4796 etiam
2471 4760 2593 4798 cum
2620 4747 2702 4801 his
2724 4751 2815 4818 qui
2844 4768 2942 4807 nos
2965 4769 3385 4827 persequuntur,

1825 4827 1892 4881 ad
1916 4827 2080 4880 vitam
2107 4839 2358 4884 azternam
2387 4838 2662 4902 pervenire
2689 4823 3010 4907 mereamur,
3028 4854 3347 4912 exoptaruus
3369 4871 3382 4906 :

1828 4915 2005 4969 Nolite
2030 4919 2234 4985 mirari,
2265 4922 2452 4990 fratres
2481 4926 2793 4992 charissimi,
2832 4931 2879 4981 si
2903 4931 3012 4983 odit
3043 4949 3126 4986 vos
3160 4941 3387 4996 mundus

1829 5007 1880 5077 (ι
1905 5007 2062 5061 Joau.
2093 5010 2195 5080 ιιι),
2219 5014 2343 5080 quia
2374 5023 2428 5067 et
2454 5031 2554 5068 nos
2582 5017 2681 5083 ipsi
2702 5033 2822 5072 eum
2851 5031 3037 5076 contra
3077 5041 3176 5080 nos
3199 5028 3376 5085 irrita‘

1827 5113 1968 5162 mus,
2005 5101 2094 5166 qui
2121 5101 2262 5154 illius
2287 5103 2550 5156 desiderio
2585 5108 2737 5162 valde
2768 5115 3196 5171 contradicentes
3217 5137 3379 5188 opera

1826 5187 1968 5240 illius
2013 5189 2458 5246 condemnamus.
2508 5193 2646 5260 Quid
2694 5211 2872 5256 autem
2912 5207 3109 5259 mirum
3146 5210 3191 5262 si
3228 5187 3382 5277 prin-

1825 5277 1968 5343 cipcs
1994 5278 2178 5332 mundi
2201 5287 2253 5333 et
2276 5292 2518 5349 potentes
2541 5292 2721 5344 saeculi
2748 5309 2846 5348 nos
2867 5311 3128 5364 pauperes
3154 5299 3380 5368 Christi,

1823 5367 2176 5433 pravitatibus
2213 5371 2427 5429 illorum
2472 5379 2768 5448 obviantes,
2813 5386 3023 5449 odium,
3060 5395 3112 5438 et
3145 5367 3384 5455 quadam

1824 5454 2186 5527 indignatione
2221 5474 2408 5518 contra
2438 5483 2536 5522 nos
2558 5469 2869 5536 desaeviunt,
2903 5490 3023 5528 cum
3057 5454 3223 5547 aliqui
3246 5485 3382 5539 sub-

1817 5544 1965 5613 jecti,
2012 5550 2091 5601 vel
2136 5552 2298 5605 etiam
2342 5558 2500 5620 servi,
2529 5559 2669 5624 jussi
2717 5577 2844 5614 suas
2881 5564 3188 5633 iniquitates
3217 5575 3384 5626 relin-

1823 5652 2006 5705 quere,
2043 5650 2308 5694 cernantur
2354 5649 2765 5712 przepositorum
2811 5669 3034 5710 suorum
3072 5661 3230 5711 vitam
3275 5678 3379 5714 au-

1823 5725 1980 5792 ferre,
2017 5736 2069 5780 et
2097 5736 2276 5784 tamen
2310 5733 2485 5790 adhuc
2517 5753 2688 5807 usque
2719 5743 2786 5796 ad
2822 5748 3134 5816 sanguinem
3175 5751 3283 5802 rari
3311 5767 3374 5806 ex

1825 5817 2023 5874 nostris
2075 5820 2253 5892 impiis
2298 5825 2628 5899 restiterunt,
2674 5841 2742 5898 ct,
2801 5828 2944 5902 quod
2993 5837 3209 5893 omnino
3261 5857 3379 5899 crat
