3952 6422
567 479 671 532 6.9.5

1128 437 1132 440 ’
1195 479 1249 530 s.
1289 478 1611 533 GltECORll
1655 477 1739 529 vrr
1771 476 1970 530 eam;
2001 476 2111 530 OPl

2208 476 2278 531 ΞΜ
2320 476 2499 530 PARS
2535 476 2574 530 Ι.
2616 507 2683 517 —
2720 476 3135 531 ηεωδτιιωε.

566 582 881 659 οριωιειιῑῐιι,
906 590 1221 659 paucissimi
1247 598 1493 644 nostrum
1525 605 1625 659 pro
1657 589 1878 643 Christo
1900 597 2128 642 mortem
2162 591 2203 645 Α
2229 588 2454 658 expulit,
2502 597 2555 642 te
2600 604 2697 657 per
2737 590 2988 642 eumdem
3043 604 3233 642 sexum
3279 590 3466 644 eadem
3522 591 3695 661 gloria
3735 603 3783 648 ct

566 681 865 734 subierunt.
894 679 1144 744 Pensatc,
1178 680 1505 745 charissinri,
1549 688 1792 749 pensato,
1824 688 1959 747 qrrot
1992 694 2128 747 quo-

564 772 692 826 tidie
718 772 915 825 milites
946 771 1232 825 saecula-res
1250 786 1350 840 pro
1368 771 1604 825 dominis
1629 769 1746 823 suis
1770 768 1861 822 vili
1884 767 2129 822 mercede

562 860 766 916 inducti
791 861 951 914 morti
995 874 1054 913 se
1086 859 1326 913 tradunt.
1383 858 1450 911 Et
1480 875 1579 914 nos
1609 858 1737 928 quid
1772 872 1870 925 pro
1910 871 2126 911 summo

562 966 688 1021 rege
709 960 763 1005 et
788 950 1115 1019 sempiterna
1140 950 1308 1017 gloria
1333 950 1677 1018 patimnrant
1700 944 2127 1015 agimus?Qnale

559 1042 815 1107 dedecus,
852 1050 907 1094 et
952 1040 1111 1109 quale
1160 1036 1887 1109 irnproperium,.qualisque
1925 1035 2127 1091 derisio

560 1132 733 1186 oculis
769 1132 973 1186 nostris
1024 1130 1298 1199 objicitur,
1344 1130 1488 1199 quod
1544 1128 1643 1194 illi,
1699 1126 1846 1180 velut
1887 1140 1986 1195 pro
2033 1125 2125 1178 vili

532 1223 699 1293 .alga,
727 1231 955 1293 mortem
995 1220 1181 1292 subire
1211 1234 1321 1272 non
1359 1227 1624 1281 metuunt,
1655 1226 1711 1271 et
1730 1231 1852 1281 nos,
1887 1229 1988 1285 pro
2010 1230 2123 1269 em-

554 1311 675 1365 lesli
708 1312 966 1366 thesauro
990 1318 1045 1364 et
1066 1316 1268 1363 :etcnra
1294 1307 1642 1373 beatitudine,
1675 1306 1839 1361 etiam
1869 1319 2125 1374 persecu-

555 1402 755 1455 tionem
787 1402 899 1470 pati
921 1399 1253 1454 devitamus!
1809 1418 1812 1422 ’

623 1489 824 1559 Erigite
856 1497 985 1559 ergo
1018 1489 1231 1542 animos
1266 1487 1329 1541 in‘
1342 1488 1506 1553 vires,
1540 1501 1691 1556 spem
1726 1486 1905 1539 vivam
1935 1485 2120 1540 conci-

550 1578 680 1646 pite,
706 1579 836 1635 illud
860 1580 1113 1635 vexillum
1136 1592 1247 1648 pra
1271 1578 1443 1632 oculis
1469 1577 1733 1631 habentes
1753 1576 1909 1631 ducis
1925 1577 2119 1642 nostri,

549 1670 756 1739 scilicet
789 1670 931 1739 regis
964 1669 1173 1733 mtenri,
1199 1668 1343 1721 unde
1382 1668 1496 1737 ipse
1524 1667 1657 1722 dicit
1704 1686 1716 1720 :
1754 1665 1820 1720 In
1860 1667 2121 1736 patientia

547 1770 718 1813 ucstra
742 1759 1073 1830 possidebitis
1119 1759 1326 1812 animas
1369 1767 1565 1812 vestras
1592 1756 1766 1828 ,(erc.
1810 1756 1946 1828 ut).
1982 1756 2048 1810 Et
2072 1758 2119 1812 si

546 1852 820 1916 volumus,
868 1851 1051 1906 divina
1086 1849 1454 1920 sullrangante
1491 1849 1685 1919 gratia,
1730 1848 1943 1903 hostem
1980 1848 2119 1901 anti-

2232 677 2397 746 lrujus
2426 678 2550 732 vitae
2588 677 2846 732 laudabili
2887 676 3033 731 fama
3076 680 3335 746 privaret,
3367 688 3423 734 et
3454 681 3626 735 multa
3649 682 3783 736 bona

2225 773 2319 820 tua
2344 766 2450 821 isto
2476 765 2808 835 deceptionis
2835 781 2949 821 sua:
2990 781 3184 836 genere
3214 766 3585 823 confunderet.
3620 769 3786 840 Cujus
3880 798 3881 817 ι

2225 856 2304 909 rei
2327 856 2499 927 gratia
2521 856 2591 910 ab
2610 857 2866 927 episcopo
2900 865 2993 911 tuo
3013 866 3313 923 correctus,
3335 866 3389 912 ct
3414 862 3784 915 excommuni-

2223 953 2407 1012 catus,
2449 956 2510 1001 ut
2545 962 2577 1000 a
2626 954 2780 1002 tanto
2837 949 3081 1017 periculo
3127 954 3183 1003 te
3215 956 3271 1003 et
3305 950 3653 1019 conjunctam
3692 953 3785 1007 tibi
3880 958 3881 1019 ζ

2222 1049 2466 1101 erueres,
2499 1044 2554 1090 et
2586 1035 2809 1090 domum
2839 1044 2989 1090 tuam
3032 1052 3064 1090 a
3097 1046 3354 1106 perpetua
3394 1037 3618 1093 infamia
3656 1040 3785 1096 libe-
3880 1035 3881 1103 1

2222 1138 2403 1189 rares,
2441 1138 2553 1179 non
2598 1125 2777 1179 solum
2823 1124 2935 1180 Deo
2984 1134 3041 1180 et
3083 1126 3313 1195 justitiar
3358 1127 3426 1181 de
3476 1138 3784 1198 perpetrato

2222 1212 2449 1268 crimine
2500 1229 2610 1268 non
2654 1213 2989 1280 satisfecisti,
3013 1199 3107 1269 Sed
3138 1222 3193 1269 et
3238 1204 3418 1284 ipsum
3448 1217 3782 1287 episcopum,

2220 1304 2312 1358 cui
2341 1305 2556 1359 etiamsi
2599 1304 2856 1427 injusiam
2902 1306 3227 1360 sententiam
3264 1321 3430 1375 super
3460 1316 3514 1361 te
3548 1308 3784 1363 dedisset

2222 1394 2443 1427 ηιιοιιίιια
2486 1395 2747 1427 Anium-um
2799 1404 2983 1427 ,ιη-ειη
3029 1411 3236 1427 ..ιιι-η...
3264 1396 3531 1427 ..υ-..ξιμοζη
3565 1407 3677 1427 ...ι-ι
3704 1409 3757 1427 ι..

2222 1394 2451 1457 obedire.
2486 1394 2770 1461 debueras',
2798 1404 2986 1450 contra
3029 1411 3237 1465 morem
3263 1396 3534 1467 arquitatis
3565 1407 3678 1458 tua:
3704 1409 3785 1472 ty-

2222 1484 2445 1538 rannica
2464 1484 2747 1562 insecutus
2771 1501 2850 1551 es,
2882 1501 3008 1540 cum
3030 1485 3244 1541 constet
3270 1486 3507 1556 ahquem
3540 1505 3781 1544 amorem

2221 1574 2317 1629 Dei
2359 1590 2471 1629 non
2509 1591 2670 1645 posse
2704 1576 2933 1643 habere,
2978 1577 3073 1648 qui
3118 1577 3416 1647 spiritualis
3467 1579 3641 1648 patris
3687 1596 3783 1651 pro

2219 1667 2376 1737 culpa
2403 1666 2780 1722 inobedientia:
2804 1682 2918 1722 suae
2942 1668 3168 1739 gratiam
3199 1675 3255 1722 et
3277 1667 3627 1724 dilectionem
3652 1684 3781 1739 pro—

2217 1758 2381 1812 batur
2411 1757 2684 1813 amisisse.
2724 1756 2880 1824 Quod
2927 1773 3030 1813 nos
3084 1758 3387 1824 audientes,
3427 1759 3556 1815 victi
3596 1774 3784 1817 amore

2221 1856 2335 1911 tuo,
2371 1862 2640 1902 memores
2670 1847 2834 1902 etiam
2875 1848 3136 1903 virtutum
3174 1855 3416 1915 tuarum,
3444 1866 3567 1920 qua:
3590 1867 3624 1905 a
3659 1852 3780 1906 reli-

542 1949 713 2012 quum
743 1940 853 1994 cito
897 1948 952 1994 et
989 1939 1201 1993 fortiter
1226 1938 1567 2009 confringere
1597 1953 1893 2007 omnesque
1923 1953 2113 1992 versn-
2147 1926 2190 1979 Β
2213 1937 2380 2008 giosis
2399 1937 2534 1992 viris
2564 1936 2725 1993 nobis
2756 1937 3045 1993 insinuata:
3066 1937 3301 2003 fuerant,
3327 1954 3502 2009 usque
3542 1941 3709 1996 modo
3729 1950 3780 1995 te

541 2033 649 2086 tias
676 2031 797 2100 ejus
825 2029 1237 2100 parvipenderc,
1265 2028 1578 2083 studeanrus
1612 2028 2019 2098 persecutiones
2043 2028 2113 2082 ab
2160 2086 2163 2087 ν

541 2137 608 2176 eo
640 2121 914 2176 immissas
942 2129 997 2176 et
1026 2128 1254 2174 mortenr
1279 2134 1379 2188 pro
1405 2119 1615 2189 justitia
1658 2134 1767 2172 non
1794 2118 1971 2173 solum
1999 2133 2111 2172 non

541 2212 801 2276 devitarc,
853 2210 949 2264 sed
998 2210 1161 2264 etiam
1216 2223 1317 2279 pro
1349 2224 1536 2262 amore
1571 2207 1665 2262 Dei
1698 2216 1753 2261 et
1790 2208 2111 2263 Christianae

542 2301 821 2372 religionis
840 2299 1155 2356 defensione
1181 2307 1449 2369 appetere.
1488 2298 1545 2353 ln
1593 2298 1698 2352 hoc
1728 2286 1871 2352 enim
1916 2313 2110 2354 omnes

541 2391 802 2446 elationes
820 2391 992 2445 maris
1013 2389 1185 2461 (Psal.
1208 2389 1338 2459 xcrr)
1361 2398 1415 2443 et
1436 2389 1741 2458 superbiam
1766 2388 1948 2443 sarculi
1974 2403 2105 2444 con-

539 2481 905 2544 culcabimus,‘
936 2489 990 2535 et
1036 2495 1135 2550 pro
1169 2480 1339 2533 nihilo
1373 2479 1655 2544 ducemus,
1696 2487 1750 2531 et
1794 2478 1843 2531 ei
1889 2479 1985 2548 qui
2027 2489 2110 2534 est

539 2578 703 2641 caput
746 2577 994 2624 nostrum
1030 2568 1225 2623 sedens
1269 2568 1323 2621 in
1365 2567 1585 2622 dextera
1620 2565 1715 2621 Dei
1748 2565 1947 2634 Patris,
1991 2567 2108 2638 ipso

540 2661 816 2731 largiente,
838 2661 1132 2730 jungenrur
1154 2667 1207 2713 et
1233 2658 1707 2729 conregnabimus.
1730 2657 1942 2711 Clamat
1962 2659 2107 2711 eninr

539 2750 793 2819 Magister
830 2758 1016 2803 noster
1041 2768 1053 2801 :
1080 2746 1141 2803 Si
1172 2750 1541 2817 compatimur,
1582 2756 1634 2800 et
1677 2746 2106 2816 conregnabimus

536 2838 626 2907 (ll
656 2837 789 2891 Tim.
823 2840 905 2907 ιι).
930 2837 1139 2892 Interea
1174 2838 1350 2904 vobis,
1381 2836 1577 2892 fratres
1612 2837 1741 2903 mei,
1772 2836 1866 2906 qui
1892 2851 2107 2909 mecum

537 2931 719 2985 rrrirrus
747 2929 987 2984 valentes
1028 2930 1183 2993 estis,
1214 2927 1438 2981 fortiora
1482 2928 1618 2982 bella
1659 2926 1972 2983 certaminis
2005 2943 2105 2982 an-

535 3020 869 3085 rruntiamus,
896 3018 1025 3089 quia
1068 3018 1191 3087 pius
1221 3016 1551 3087 Redemptor
1581 3026 1770 3071 noster
1794 3017 1906 3072 cito
1946 3016 2109 3071 faciet

536 3125 662 3164 cum
686 3109 1077 3163 tentatlorribus
1105 3107 1309 3161 nostris
1332 3108 1499 3161 etiam
1532 3116 1879 3176 proventum,
1921 3122 1990 3161 ne
2018 3108 2105 3162 ni—

538 3199 645 3253 rnia
674 3197 961 3269 fragilitate
987 3196 1204 3262 devicti,
1241 3212 1351 3251 non
1380 3197 1655 3266 possimus
1688 3197 1978 3264 sustinere,
2011 3198 2107 3252 sed

2210 2028 2565 2097 portavimus,
2590 2036 2872 2098 sperantes
2912 2037 2973 2083 ut
2998 2029 3181 2100 divina
3223 2037 3401 2085 tactus
3428 2031 3779 2086 miseratione
3880 2042 3881 2047 ‘

2208 2119 2278 2173 ad
2301 2134 2496 2173 sanum
2537 2118 2827 2174 consilium
2869 2120 3096 2186 redires,
3118 2128 3175 2175 et
3213 2124 3419 2175 aztcrno
3457 2121 3594 2191 regi,
3621 2122 3778 2191 cujus

2206 2208 2411 2276 judicio
2431 2208 2674 2279 quotidie
2694 2209 3048 2280 propinquas,
3068 2218 3120 2265 te
3138 2220 3427 2281 purgatum
3448 2221 3777 2280 praesentare

2210 2298 2584 2354 contenderes.
2626 2297 2694 2354 Et
2721 2299 2851 2369 quia
2891 2300 2947 2353 in
2977 2299 3083 2355 hcc
3107 2314 3347 2354 amorem
3390 2300 3574 2354 sarculi
3606 2302 3777 2370 magis

2208 2404 2373 2459 quam
2420 2389 2616 2445 anima:
2667 2397 2776 2445 tuaa
2830 2390 3061 2444 salutem
3115 2391 3477 2460 perpendisti,
3526 2406 3777 2446 veremur

2207 2493 2276 2533 ne
2310 2477 2496 2533 divina
2525 2479 2823 2550 indignatio
2855 2480 2949 2534 diu
2985 2489 3321 2550 protractum
3359 2490 3415 2535 et
3457 2481 3773 2536 inemenda-

2209 2574 2325 2621 tum
2356 2568 2570 2623 facinus
2603 2569 2803 2624 acriter
2824 2571 3030 2638 puniat.
3065 2568 3220 2623 Unde
3253 2577 3481 2639 paterna
3514 2580 3572 2625 te
3594 2572 3773 2626 chari-

2205 2667 2317 2713 tate
2340 2674 2628 2715 monemus
2656 2669 2719 2715 ut
2763 2661 2832 2715 ab
2869 2661 2974 2714 hac
3005 2660 3310 2729 iniquitate,
3501 2662 3771 2716 bonorum

2207 2757 2425 2804 tuorum
2458 2750 2667 2805 fructus
2697 2751 3076 2805 nniversaliter
3115 2751 3361 2819 dissipat,
3384 2751 3617 2820 sapienti
3643 2768 3770 2805 usus

2206 2842 2435 2895 consilio
2461 2857 2674 2912 surgas,
2706 2849 2761 2895 et
2786 2848 2898 2894 tam
2922 2849 2974 2894 te
2996 2855 3161 2910 quam
3196 2841 3291 2893 tibi
3318 2840 3673 2909 conjunctam
3706 2841 3770 2895 de

2205 2940 2394 2986 catena
2431 2931 2632 2986 diaboli
2677 2934 2859 2985 eruas.
2902 2929 3059 2997 Quod
3107 2930 3155 2985 si
3209 2931 3576 2986 innocentiam
3599 3004 3601 3007 ι
3625 2940 3769 2985 tuam

2206 3037 2371 3090 super
2412 3021 2517 3076 boc
2553 3022 2771 3091 negotio
2812 3021 3041 3079 conﬁdis
3076 3035 3239 3090 posse
3281 3021 3519 3089 probari,
3561 3022 3771 3076 videtur

2205 3111 2366 3164 nobis
2410 3110 2637 3179 perutile
2666 3117 2729 3164 ut
2762 3111 3004 3181 synodus
3044 3109 3436 3185 constituatur,
3477 3112 3569 3164 cui
3590 3114 3597 3139 ³
3614 3112 3769 3181 legati

2208 3200 2383 3256 nostri
2420 3198 2576 3271 Hugo
2621 3198 2835 3253 Diensis
2883 3199 3195 3269 episcopus,
3236 3206 3290 3251 et
3338 3198 3646 3256 Richardus
3690 3202 3771 3255 vel

537 3289 679 3343 inter
711 3288 1119 3361 qualescunque
1147 3301 1373 3367 suorum
1398 3286 1637 3341 fidelium
1668 3288 1834 3358 positi
1860 3288 2107 3344 addisca-
2132 3277 2174 3333 ο
2206 3292 2343 3345 alter
2384 3305 2575 3345 eorum
2606 3289 2850 3356 intersit;
2894 3290 3053 3344 utin
3086 3289 3359 3344 audientis
3394 3291 3767 3361 religioson

538 3394 661 3431 mus
684 3378 766 3431 vel
789 3379 842 3430 in
872 3376 1230 3446 prosperitate
1261 3376 1363 3429 sibi
1396 3378 1596 3431 servire
1620 3376 1788 3447 (“2).

1052 3506 1384 3563 EPISTOLA
1423 3507 1585 3562 XXII.

928 3619 992 3655 AD
1031 3618 1268 3656 COII‘I'BI
1291 3617 1717 3655 ANDEGAVENSEI.

1126 3691 1306 3763 (Anno
1331 3689 1512 3758 rosr.)

538 3783 692 3837 Dolet
724 3782 861 3852 quod
892 3782 1038 3849 fama
1079 3789 1130 3834 et
1170 3780 1389 3852 egregiis
1425 3779 1729 3852 virtutibus,
1772 3778 1958 3852 quibus
1985 3789 2107 3852 ante

608 3848 826 3904 ornatus
855 3848 991 3913 erat,
1020 3848 1247 3919 seipsunt
1292 3848 1359 3901 ob
1384 3848 1668 3919 quamdam
1704 3848 1974 3919 mulierem
1996 3851 2106 3917 pri-

610 3922 769 3984 varit,
793 3927 843 3972 et
866 3911 1184 3989 episcopum,
1206 3919 1295 3987 qui
1314 3911 1431 3989 eunt
1454 3934 1515 3969 ea
1536 3918 1599 3970 de
1622 3911 1792 3989 causa
1804 3911 2106 3989 excommu-

608 3985 905 4054 rricarerat,
930 3985 998 4041 iit
1032 3985 1337 4041 insectatus.
1371 3985 1543 4039 Monet
1566 3994 1622 4038 ut
1652 3988 1959 4055 resipiscat;
1985 3996 2035 4039 et
2057 3989 2106 4039 si

602 4059 954 4112 innocentiam
975 4074 1125 4111 suam
1148 4056 1362 4127 probari
1384 4071 1532 4125 posse
1552 4056 1804 4127 con/idat,
1824 4055 2107 4127 concilium

598 4130 717 4197 ruit
747 4144 882 4197 cogi,
920 4128 983 4197 in
1021 4125 1313 4197 quor'super
1340 4126 1439 4197 hac
1480 4142 1535 4179 re
1578 4125 1781 4197 feratur
1823 4126 2101 4197 seruentur.

606 4194 829 4253 Munera
872 4196 938 4249 ab
977 4194 1044 4249 ed
1078 4196 1147 4247 ad
1192 4194 1247 4249 se
1279 4196 1441 4249 missa
1476 4194 1584 4248 non
1614 4196 1820 4265 recipit.
1858 4194 2017 4249 lubet
2045 4204 2105 4248 ut

600 4269 841 4338 episcopo
870 4265 1052 4320 ablata
1083 4265 1349 4318 restituat.

606 4354 913 4408 Caesonius
942 4354 1252 4423 episcopus,
1292 4367 1483 4407 servus
1514 4366 1797 4406 servorum
1826 4350 1943 4419 Dei,
1968 4350 2101 4407 6....

540 4440 861 4516 [Currum]
893 4442 1131 4512 glorioso
1154 4443 1341 4497 comiti
1376 4442 1751 4513 Andegavensi
1786 4441 1959 4513 (415).

611 4534 864 4588 Dolemns
915 4533 1051 4609 satis
1088 4533 1235 4602 qrrod
1276 4532 1867 4604 adversusgloriosam
1905 4533 2104 4588 famam

541 4608 687 4678 tuam
737 4638 833 4692 per
888 4622 1188 4676 Galliarum
1249 4629 1432 4692 partes
1485 4622 1762 4687 diﬂ‘usam,
1820 4632 1876 4677 et
1933 4639 2105 4692 usque

540 4712 606 4767 ad
669 4710 979 4780 apostolica:
1031 4711 1175 4765 sedis
1241 4714 1489 4766 notitiam
1541 4712 1803 4782 perlatam
1829 4754 1845 4779 ,
1910 4714 2107 4767 astutia

540 4804 737 4856 diaboli
792 4802 968 4872 potuit
1019 4802 1328 4871 praevalere.
1389 4803 1540 4857 Sicut
1579 4804 1725 4859 enim
1783 4804 1850 4858 de
1883 4812 1935 4858 te
1968 4804 2111 4857 heta-

542 4893 753 4955 bamur,
775 4901 829 4945 et
850 4892 1253 4961 quodammodo
1286 4892 1445 4947 unice
1472 4892 1540 4948 de
1584 4894 1746 4955 bonis
1779 4894 1974 4949 studiis
2001 4895 2106 4949 tuis

543 5000 594 5037 ιιι
621 4982 965 5038 sermonibus
998 4984 1201 5040 nostris
1221 4983 1708 5055 praesumebam,
1731 4994 2036 5040 asserentes
2056 4996 2109 5041 te

545 5090 651 5127 non
690 5076 867 5129 solum
909 5075 1181 5144 principes
1206 5076 1299 5130 sed
1330 5084 1385 5130 et
1415 5076 1563 5145 ipsos
1601 5090 1776 5147 reges,
1814 5076 2024 5147 jnstitia
2052 5085 2106 5130 et

547 5179 758 5218 morum
789 5166 1077 5220 honestate
1129 5180 1422 5234 superare,
1460 5167 1541 5221 sic
1584 5168 1741 5224 nobis
1784 5169 2103 5239 gemendum

547 5253 774 5319 videtur,
800 5256 1138 5322 prudentiam
1184 5264 1333 5309 tuam
1364 5271 1394 5309 a
1419 5264 1568 5309 tanta
1610 5258 1784 5326 gratia
1811 5268 1866 5312 et
1901 5274 1930 5311 a
1953 5267 2104 5312 tanto

548 5348 805 5401 virtutum
839 5347 1072 5401 culmine
1118 5347 1400 5416 decidisse.
1452 5346 1571 5415 Qua
1618 5348 1673 5401 in
1718 5363 1778 5402 re
1825 5351 2100 5419 antiquam

540 5443 719 5495 .lrostis
757 5441 979 5496 humani
1012 5439 1259 5499 fraudem
1288 5442 1729 5509 recognoscimus
1771 5443 2102 5511 nequissime

547 5532 873 5595 elaborasse,
897 5541 957 5585 ut
991 5532 1084 5601 qui
1107 5530 1276 5583 Adam
1307 5546 1402 5599 per
1432 5530 1711 5583 mulierem
1748 5531 1815 5585 de
1856 5532 2107 5601 paradiso

616 5665 766 5787 Sili)
794 5664 1047 5735 Sequitur
1067 5644 1294 5734 epistola
1338 5665 1441 5719 alia
1479 5666 1532 5718 in
1570 5665 1838 5735 originali,
1880 5682 2001 5735 qua:
2027 5676 2106 5720 est

649 5750 733 5787 em
774 5744 826 5787 et
862 5735 1050 5787 iisdem
1098 5735 1276 5787 verbis
1311 5750 1434 5787 curn
1461 5734 1687 5787 epistola
1720 5736 1927 5787 decima
1956 5745 2105 5787 sexta

549 5734 733 5855 fidem
774 5744 826 5787 et
862 5735 1050 5789 iisdem
1098 5735 1276 5787 verbis
1311 5750 1434 5787 curn
1461 5734 1687 5801 epistola
1720 5734 1927 5789 decima
1956 5745 2105 5789 sexta

572 5820 585 5855 r
628 5819 670 5855 rr
700 5806 893 5858 octavi.

2209 3381 2451 3434 virorum
2503 3380 2678 3449 possit
2712 3379 2954 3450 perquiri
3005 3380 3135 3449 quid
3175 3380 3230 3433 in
3263 3388 3318 3434 te
3366 3382 3451 3437 vel
3504 3382 3770 3437 sententia

2207 3487 2370 3540 super
2394 3478 2447 3525 te
2476 3471 2817 3540 promulgata
2841 3470 3037 3524 debeat
3073 3470 3373 3527 emendari.
3401 3463 3547 3527 Deus
3572 3474 3696 3538 scit,
3717 3482 3769 3527 et

2210 3559 2539 3614 conscientia
2588 3567 2777 3614 nostra
2823 3558 2977 3613 testis
3019 3566 3106 3613 est
3126 3600 3143 3623 ,
3193 3560 3335 3629 quia.
3377 3575 3533 3616 mens
3586 3570 3767 3617 nostra

2207 3650 2440 3704 multum
2491 3650 2749 3720 gauderet
2789 3650 2857 3704 de
2898 3657 2973 3728 te,
3015 3657 3203 3719 utpote
3244 3663 3409 3719 quem
3446 3650 3768 3721 jampridem

2207 3741 2425 3795 sincero
2453 3749 2509 3795 et
2551 3741 2713 3810 pleno
2737 3755 2926 3797 amore
2952 3740 3265 3807 dileximus,
3293 3740 3345 3795 si
3383 3740 3454 3795 ab
3497 3741 3607 3797 lrac
3636 3740 3769 3796 infa-

2206 3832 2314 3886 ntia
2333 3816 2721 3899 quoqut'rmodo
2745 3839 2797 3884 te
2818 3832 3102 3895 liberares,
3131 3837 3189 3885 et
3218 3830 3427 3885 aditum
3456 3827 3688 3887 laederidi
3720 3841 3769 3886 te

2206 3936 2303 3989 per
2332 3920 2571 3975 fructum
2594 3920 2950 3976 correctionis
2970 3919 3115 3975 hosti
3143 3918 3369 3988 antiquo
3393 3921 3764 3977 concludens.

2206 4009 2429 4065 Munera
2484 4019 2577 4065 tua
2613 4011 2748 4087 ideo
2796 4010 3108 4080 recipienda
3172 4024 3285 4063 non
3322 4024 3465 4066 esse
3514 4012 3767 4067 arbitrati

2206 4116 2419 4169 sumus,
2440 4101 2569 4171 quia
2595 4100 2793 4155 divinis
2834 4101 3010 4155 oculis
3029 4100 3234 4154 oblatio
3266 4108 3360 4154 tua
3390 4116 3500 4155 non
3519 4112 3767 4178 accepta-

2206 4190 2331 4245 bilis
2366 4204 2490 4245 esse
2529 4185 2791 4259 probatur
2826 4189 3066 4259 quandiu
3100 4204 3132 4243 a
3164 4196 3388 4259 pe'cmto
3426 4190 3534 4245 isto
3569 4192 3767 4246 immn-

2206 4294 2331 4332 nem
2358 4285 2411 4332 te
2433 4292 2542 4331 non
2567 4277 2885 4345 reddideris,
2927 4284 2983 4331 et
3004 4277 3073 4331 ad
3112 4277 3346 4347 gratiam
3386 4279 3768 4348 omnipotentis

2206 4366 2322 4432 Dei,
2350 4366 2494 4422 sicut
2519 4366 2849 4421 catholicum
2875 4366 3175 4435 principem
3195 4366 3369 4431 decet,
3393 4380 3502 4420 non
3521 4366 3765 4422 redieris.

2207 4454 2358 4509 Licet
2379 4470 2607 4510 munera
2638 4462 2731 4509 tua
2759 4462 2983 4524 propter
3013 4454 3146 4509 illud
3173 4465 3455 4525 peccatum
3484 4471 3602 4512 non
3627 4472 3767 4513 nce—

2206 4544 2467 4614 perimus,
2489 4550 2673 4598 tamen
2714 4542 2810 4597 Dei
2850 4543 3281 4600 misericordiam
3316 4560 3416 4615 pro
3455 4544 3513 4599 te
3545 4560 3768 4600 exorare

2139 4596 2183 4649 Β
2206 4596 2318 4688 non
2346 4596 2693 4688 desistemus.
2737 4631 2813 4686 De
2851 4639 3049 4687 caetero
3088 4596 3423 4686 nobilitaIem
3462 4639 3619 4686 trram
3652 4648 3765 4686 mo-

2207 4737 2422 4789 nenrus,
2460 4730 2625 4799 atque
2647 4719 2996 4791 praecipimus
3027 4727 3088 4772 ut
3118 4718 3344 4790 praefato
3368 4720 3633 4791 episeopo
3657 4727 3766 4785 tuo,

2207 4832 2295 4871 res
2336 4830 2475 4886 quas
2528 4815 2632 4870 sibi
2679 4813 2954 4867 abstulisti
2995 4814 3310 4879 restituens,
3351 4813 3513 4883 digne
3558 4810 3767 4868 satisfa-

2205 4908 2398 4962 ciendo
2449 4921 2577 4960 eum
2625 4904 2840 4973 placare
2887 4920 3180 4974 procures,
3234 4920 3298 4959 ac
3343 4905 3601 4974 deinceps
3648 4917 3765 4957 eum

2209 4998 2517 5049 nullatenus
2540 4994 2843 5063 inquietare
2866 5008 3186 5064 praesumas.

2708 5123 3041 5179 EPISTOLA
3079 5124 3265 5179 XXIII.

2407 5285 2413 5291 .
2488 5262 2555 5293 Αυ
2593 5254 2929 5293 τυκοδεῖςειιδ
2960 5255 3031 5294 ΕΤ
3072 5252 3489 5293 Διωεωτεκεεε.

2788 5351 2970 5422 (Anno
3007 5348 3190 5420 rost.)

2214 5462 2465 5532 Prgcipit
2509 5479 2571 5516 ne
2620 5462 2978 5532 Audegaueasi
3033 5463 3215 5514 comiti
3262 5461 3329 5532 ab
3382 5460 3762 5532 archiepiscopo

2280 5527 3031 5599 Turonensiexcominnnicato
3068 5530 3468 5584 communicent.
3508 5527 3761 5584 meum

2208 5736 2253 5790 Ο
2279 5669 2428 5751 (315)
2469 5670 2595 5723 Haec
2638 5667 2863 5743 epistola
2893 5667 3079 5723 debui:
3107 5667 3163 5719 in
3191 5663 3566 5732 superioribus
3586 5662 3760 5723 εετίὶί,

2256 5756 2282 5790 Γ
2285 5755 2337 5790 ΙΞ
2344 5778 2354 5790 .

2256 5755 2354 5807 rrg.

3687 480 3881 545 620i
