3952 6364
121 464 225 516 6‘25

1245 461 1445 514 LIBER
1480 459 1724 514 NONUS.
1762 489 1831 498 —
1867 461 2080 513 El’lST.
2124 463 2280 514 XXV.

3247 471 3350 524 6‘26

191 599 339 650 opem
365 582 545 650 [erant
586 583 1130 662 arcniepiscopoaqni
1171 599 1202 632 α
1225 583 1425 662 ,εοηιὶιε
1474 581 1538 632 de
1579 579 1696 632 sede
1725 578 1768 633 Α
1797 578 1911 630 sine
1938 583 2239 646 temporum
2265 579 2490 636 molesta
2522 581 2779 634 dilatione
2812 583 3022 651 copiam
3059 585 3150 636 tibi
3180 587 3348 653 provi-

184 653 387 721 ejectus
413 660 465 704 et
491 653 641 705 bonis
671 651 925 705 Ecclesia
949 652 1185 719 priuatus
1215 650 1409 718 fuerat.

190 760 508 817 ϐιεςοιιιυε
526 763 836 832 episcopus,
864 777 1054 816 servus
1085 776 1366 816 servorum
1392 759 1505 825 Dei,
1529 741 1693 813 abba-

121 851 294 917 tibus,
322 852 539 909 clericis
558 853 784 908 ctlaicis
810 851 1145 926 Turonensis
1175 851 1690 920 archiepiscopatus,

121 949 173 993 et
193 941 547 1012 episcopatus
567 942 988 1012 Andegavensis,
1008 942 1099 1011 qui
1127 941 1233 995 Deo
1252 951 1306 995 et
1325 941 1484 994 beato
1512 939 1690 1004 Petro,

121 1041 286 1100 atque
308 1033 458 1088 sedis
494 1033 801 1102 apostolica:
839 1033 1047 1103 legatis,
1076 1033 1354 1102 obedient,
1386 1032 1612 1087 salutem
1641 1038 1694 1085 et

122 1121 482 1188 apostolicam
507 1121 952 1176 benedictionem.
1458 1185 1462 1190 λ

191 1209 400 1267 Notum
426 1213 582 1267 vobis
604 1227 728 1268 esse
764 1226 874 1266 non
913 1211 1226 1266 dubitamus
1255 1210 1691 1280 Andcgavensem

124 1302 384 1357 comitem
408 1302 481 1356 ob
501 1301 798 1372 nequitiam
821 1316 975 1355 suam
998 1316 1118 1355 esse
1142 1299 1690 1361 excommunicatum,

124 1407 294 1460 quam
324 1393 490 1446 etiam
523 1392 578 1446 in
610 1407 705 1446 eos
737 1391 830 1460 qui
863 1391 967 1445 sibi
1007 1381 1291 1445 adhaerent
1307 1398 1361 1443 et
1395 1387 1575 1441 favent
1599 1402 1694 1440 ex-

125 1480 278 1534 tendi
299 1479 516 1535 cunctis
543 1495 753 1534 sacram
792 1477 1127 1548 Scripturam
1171 1477 1469 1533 scientibus
1503 1477 1688 1546 liquet.

125 1566 229 1632 Qui
256 1567 454 1622 tandin
477 1576 818 1637 exspectatus
842 1583 950 1620 non
981 1567 1157 1620 solum
1186 1566 1253 1620 de
1273 1566 1356 1620 via
1391 1581 1488 1619 sua
1525 1565 1694 1636 βρεδί-

126 1670 215 1709 ma
251 1655 322 1709 ad
358 1654 550 1722 Deum,
587 1656 729 1710 sicut
772 1655 1142 1710 Christianum
1185 1663 1416 1724 oportet,
1461 1670 1568 1708 non
1611 1664 1694 1708 est

127 1759 450 1812 conversus,
477 1746 569 1800 sed
597 1746 817 1814 insuper
846 1745 912 1798 ad
943 1753 1289 1813 augmentum
1334 1744 1551 1798 malitia:
1582 1760 1694 1798 sure

125 1832 248 1888 aliis
277 1833 408 1887 item
446 1835 928 1890 excommunicatis
961 1835 1305 1904 conjunctus,
1342 1835 1562 1889 fratrem
1595 1850 1693 1890 no—

127 1931 305 1976 strum
331 1921 703 1978 Turonensem
728 1921 1194 1994 arChicpiscopum
1225 1925 1290 1979 de
1314 1925 1439 1978 sede
1474 1940 1570 1978 sua
1595 1940 1692 1978 ex-

128 2014 285 2082 pulit,
312 2015 581 2086 bonisque
600 2014 854 2070 Ecclesia:
873 2016 1088 2084 penitus
1107 2016 1445 2084 esspoliavit.
1464 2015 1694 2070 Proinde

129 2101 429 2171 apostolica
467 2102 622 2156 vobis
662 2103 982 2156 auctoritate
1029 2103 1372 2172 praecipimus
1407 2111 1467 2157 ut
1508 2101 1617 2157 tam
1662 2120 1692 2156 a

129 2188 354 2257 praefato
384 2191 604 2255 comite,
634 2206 799 2260 quam
842 2191 911 2245 ab
953 2191 1206 2246 omnibus
1250 2191 1573 2261 sequacibus
1614 2193 1693 2244 vel

131 2279 490 2349 Complicibus
508 2280 647 2348 ejus,
665 2279 818 2334 vobis
839 2294 1180 2350 summopere
1198 2281 1454 2347 caveatis,
1474 2281 1695 2334 omnino

132 2382 227 2421 vos
253 2367 588 2422 abstinentes
609 2383 638 2422 a
660 2367 1022 2422 familiaritate
1044 2378 1098 2422 et
1117 2369 1523 2439 participatione
1552 2372 1694 2438 ipso-

129 2477 274 2514 rum.
299 2459 375 2515 De
405 2461 659 2530 prindicto
690 2476 819 2514 vero
854 2459 1018 2515 fratre
1041 2470 1228 2515 nostro
1266 2461 1692 2530 archiepiscopo,

129 2549 222 2616 qui
289 2557 510 2618 propter
565 2549 831 2617 justitiam
892 2549 1081 2616 pulsus
1149 2558 1204 2602 et
1265 2539 1693 2618 persecutionem

130 2653 424 2706 perpessus
451 2646 536 2692 est
567 2638 780 2706 (Matth.
811 2638 886 2707 ιν),
920 2639 1074 2692 vobis
1107 2639 1461 2694 nihilominus
1508 2639 1694 2707 pracci-

131 2729 336 2794 pientes
364 2727 705 2791 mandamus,
733 2735 794 2780 ut
831 2727 881 2780 ei
916 2727 1058 2782 sicut
1082 2728 1222 2796 patri
1253 2737 1433 2783 vestro
1472 2728 1696 2782 ﬁdeliter

128 2818 428 2884 devoteque
454 2816 740 2881 obediatis,
773 2827 838 2870 ac
880 2817 1292 2871 necessitatibus
1333 2818 1522 2886 ipsius,
1557 2818 1697 2873 sicut

131 2908 256 2962 boni
300 2907 428 2972 lilii,
494 2908 746 2977 opitulari
807 2909 1033 2963 libenter
1093 2909 1373 2965 studentis.
1429 2910 1696 2977 Quemad—

131 2997 352 3052 modum
375 3012 608 3068 namque
634 3013 774 3067 szepe
795 2998 939 3052 dicto
975 2999 1159 3053 comiti
1183 3000 1424 3077 faventes
1449 3003 1502 3055 in
1523 3017 1579 3056 se
1601 3001 1694 3054 Dei

128 3088 314 3142 odium
360 3089 551 3158 procul
600 3090 765 3144 dubio
803 3100 1118 3159 provocant,
1168 3093 1242 3146 ita
1282 3101 1337 3147 et
1375 3093 1501 3148 huic
1541 3093 1694 3148 fratri

131 3186 340 3242 nostro,
379 3179 433 3232 in
465 3179 664 3249 quibus
689 3196 909 3235 necesse
930 3190 1034 3247 est,
1059 3180 1436 3252 sull'ragantes,
1469 3198 1576 3237 non
1599 3184 1694 3268 du-
1721 3211 1761 3268 ρ

129 3265 212 3318 bie
241 3266 478 3336 gratiam
510 3268 652 3321 beati
674 3267 840 3332 Petri,
867 3284 1198 3339 suorumque
1223 3280 1566 3340 peccatorum
1596 3259 1692 3327 ab-

128 3352 478 3421 solutionem,
511 3365 803 3411 merentur.
850 3356 1110 3412 Praeterea
1147 3360 1492 3429 prmeipimus
1517 3365 1694 3418 nomi-

131 3441 298 3496 natim
587 3445 881 3498 venerabili
928 3446 1112 3500 abbati
1157 3457 1362 3503 sancta:
1393 3448 1590 3518 Mariae,
1639 3463 1697 3507 ut

132 3528 336 3584 litteras
383 3540 602 3586 nostras
641 3534 920 3588 canonicis
965 3534 1147 3591 Sancti
1191 3537 1428 3604 Martini,
1456 3557 1592 3610 quas
1617 3545 1695 3597 eis

128 3620 436 3692 dirigimus,
475 3623 629 3678 ferat.

646 3739 975 3800 EPISTOLA
1011 3743 1195 3798 XXIV.

579 3845 646 3882 AD
679 3845 962 3885 ιιοιιειιτυιί
998 3848 1252 3889 εοδιιτειι.

727 3919 904 3987 (Anno
941 3921 1121 3992 1081.)

133 4004 600 4099 PetitionemJejus'
628 4025 784 4090 super
817 4011 994 4099 electo.
1020 4012 1280 4099 MIelitlensi
1323 4017 1562 4099 episcopo
1593 4034 1694 4071 non

197 4090 351 4141 posse
398 4077 718 4156 adimplet-if,
762 4081 994 4156 cum__ad
1048 4077 1361 4156 Ecclesiam'
1387 4077 1695 4156 Regitanam

197 4145 826 4214 consecratio'pertinere
873 4148 1103 4203 dicatur.
1138 4150 1312 4214 Quare
1342 4145 1552 4208 vult'ut
1589 4173 1695 4210 una

198 4226 320 4283 θείω
349 4211 536 4281 legatis
551 4211 908 4283 yiscutiatur,
931 4234 1001 4270 an
1023 4219 1092 4270 ad
1117 4211 1230 4272 eam
1261 4221 1386 4275 talis
1416 4239 1691 4282 consecra—

201 4281 514 4359 tio-spectet.
546 4281 914 4359 Trajanenseni
929 4287 1223 4359 episcopum
1258 4290 1370 4343 sine
1394 4281 1695 4359 apostolica:

197 4351 338 4404 sedis
371 4353 689 4427 auctoritate
713 4353 931 4427 electum
958 4351 1037 4427 'se
1057 4351 1540 4427 consecratum'ait,
1571 4361 1693 4413 dum

201 4429 380 4473 tamen
405 4421 459 4474 in
478 4430 740 4491 posterum
762 4423 1060 4492 hujusmodi
1079 4426 1261 4480 electio
1289 4444 1391 4481 non
1414 4421 1530 4497 ﬁat.

1795 667 1994 730 dimus,
2035 668 2276 721 videlicet
2307 678 2365 722 ut
2415 671 2689 726 accersitis
2724 669 2980 726 fratribus
3021 675 3220 729 nostris
3251 675 3351 730 lla-

1796 756 1938 808 rensi
1967 757 2392 826 archiepiscopo.
2424 756 2713 814 V........ct
2736 760 2820 813 ιγ.
2848 761 3076 831 [tlecstet
3096 763 3345 834 \\'].......

1795 844 2048 899 Firmano
2085 846 2338 916 episcopo
2370 855 2424 902 ct
2452 848 2626 918 legato
2646 859 2830 903 nostro
3147 854 3192 907 si
3234 856 3348 909 ﬁeri

1793 924 2141 1002 potest,'cum
2185 937 2269 990 his
2295 937 2490 1002 tribus,
2519 939 2760 1006 alioquin
2791 941 2871 994 vel
2912 932 3105 995 horum
3139 944 3349 1000 duobus

1795 1027 2146 1094 praesentibus
2180 1043 2344 1081 causa
2382 1027 2434 1080 in
2458 1044 2743 1085 commune
2777 1030 3114 1087 discutiatur.
3142 1033 3197 1087 Si
3221 1051 3351 1102 ergo

1793 1130 1957 1168 causa
1981 1116 2203 1170 solerter
2234 1117 2519 1170 eventilata
2551 1119 2620 1171 ab
2660 1119 2803 1174 illius
2844 1131 3105 1189 potestate
3134 1123 3348 1178 inventa

1795 1205 1957 1259 fuerit
1987 1206 2172 1272 libera,
2207 1217 2332 1261 tunc
2359 1223 2457 1262 nos
2491 1208 2629 1262 sicut
2655 1211 2922 1278 oportebit
2953 1212 3198 1266 effectum
3222 1215 3350 1266 dare

1793 1297 2044 1364 precibus
2092 1298 2198 1352 tuis
2242 1314 2351 1351 non
2399 1299 2790 1366 pigritabimur.
2849 1300 2941 1353 Sin
2983 1310 3161 1356 autem
3201 1304 3353 1358 decet

1794 1395 1954 1456 atque
1984 1403 2202 1442 necesse
2232 1397 2314 1442 cst
2344 1397 2400 1442 ut
2422 1390 2501 1442 sic
2535 1397 2626 1443 tua
2647 1391 2860 1444 devotio
2887 1392 2940 1444 in
2978 1393 3061 1447 his
3086 1395 3351 1464 prmt‘iptte

1793 1493 1913 1545 qme
1962 1477 2054 1531 Dei
2095 1487 2219 1532 sunt
2249 1495 2366 1532 sese
2397 1481 2673 1547 :equaliter
2705 1481 2916 1544 habeat,
2942 1493 3207 1550 quatenus
3238 1484 3349 1538 fra-

1795 1576 1958 1622 terna:
1994 1568 2274 1622 charitatis
2304 1577 2356 1622 ct
2384 1569 2686 1624 concordiae
2713 1571 2984 1625 vinculum
3021 1589 3270 1642 rumpere
3299 1584 3353 1628 et

1793 1658 2093 1711 dilectionis
2138 1660 2396 1712 unitatem
2440 1659 2492 1712 in
2532 1660 2759 1713 invicem
2798 1663 3044 1716 scindere
3066 1671 3272 1732 caveat,
3298 1666 3352 1717 in

1796 1757 1972 1802 mente
1995 1749 2196 1802 habens
2221 1750 2365 1817 quod
2394 1749 2652 1817 scriptum
2686 1759 2769 1803 cst
2800 1769 2812 1804 :
2847 1749 2906 1804 Si
2932 1761 3064 1805 recte
3085 1753 3275 1821 offeras
3302 1765 3353 1807 et

1796 1847 1929 1891 recte
1967 1855 2067 1891 non
2119 1840 2382 1907 dijudicas
2427 1839 2724 1911 [dividas],
2761 1844 3006 1909 peccasti.
3051 1842 3125 1897 De
3161 1853 3354 1899 cmtero

1794 1929 1920 1997 quia
1962 1929 2344 1998 Trajancnscm
2380 1931 2607 1984 electum
2644 1947 2673 1984 a
2713 1933 2868 1987 nobis
2911 1935 3222 1989 consecrari
3258 1951 3353 2003 po-

1794 2020 1983 2085 stulas,
2013 2020 2137 2073 licet
2157 2019 2402 2073 clectioni
2428 2020 2546 2088 ejus
2569 2021 2670 2074 hoc
2695 2021 2926 2076 defuerit
2969 2025 3114 2092 quod
3149 2025 3354 2093 legatus

1795 2110 2102 2177 apostolicae
2145 2111 2288 2163 sedis
2335 2120 2389 2164 et
2431 2127 2731 2166 consensus
2771 2122 2953 2167 noster
3002 2129 3108 2167 non
3140 2114 3350 2168 adfuit.

1794 2209 1972 2253 tamen
1997 2209 2276 2255 monentes
2304 2216 2370 2254 ne
2394 2202 2460 2254 de
2487 2201 2671 2255 futuro
2695 2203 2746 2256 id
2787 2204 2899 2267 tiat,
2931 2212 3036 2258 tua:
3059 2205 3351 2269 dilectioni,

1797 2290 2072 2358 ipsiusque
2119 2306 2383 2359 persome,
2419 2291 2673 2346 laudabili
2712 2295 3019 2348 testimonio
3043 2295 3094 2350 id
3120 2296 3186 2349 ad
3219 2311 3352 2364 pra:-

1796 2395 1920 2433 sens
1965 2381 2274 2445 annuimus,
2323 2391 2380 2434 ut
2414 2382 2652 2447 veniens,
2716 2382 2823 2437 Deo
2862 2384 3093 2451 favente,
3118 2401 3212 2454 per
3255 2401 3353 2440 nos

1795 2479 2158 2524 ροιιδρεΐρῑιιτ.

2308 2623 2642 2681 ΕΙῚΞΤΟΙΛ
2680 2625 2841 2679 XXV.

1940 2750 2005 2788 AD
2044 2751 2483 2790 Αιιιῖιιικιιιεεοιιιτιι
2519 2753 2792 2792 (λιιιυικωι
2840 2754 2906 2791 ΕΤ
2943 2755 3214 2793 CETEROS.

2374 2850 2550 2917 (Anno
2596 2850 2773 2919 l08|.)

1801 2959 1867 3013 171
1906 2977 1959 3013 se
2007 2963 2070 3013 ab
2127 2963 2692 3032 ercomrntunctum-nm
2739 2966 3144 3032 participatione
3192 2966 3354 3016 alisti-

1867 3040 2050 3094 neunt,
2095 3048 2310 3099 eantque
2350 3031 2472 3083 aliis
2509 3033 2843 3085 interdicunt.
2889 3031 2966 3091 lis
3005 3035 3355 3100 qui,~rcrsccn-

1839 3103 1842 3107 ’
1867 3100 2056 3170 tionem
2080 3101 2220 3166 ferre
2252 3116 2363 3170 non
2386 3110 2599 3167 possunt
2629 3100 2896 3154 licentiam
2933 3103 3236 3170 impartitur
3263 3111 3354 3154 aut

1867 3167 1936 3219 ad
1963 3169 2134 3220 sedem
2156 3167 2505 3238 apostolicam
2532 3179 2623 3221 aut
2653 3171 2720 3221 ad
2741 3171 2921 3223 ducem
2945 3167 3197 3240 fugiendi.

1867 3319 2168 3375 CREGOML‘S
2187 3321 2493 3390 episcopus,
2517 3339 2708 3377 servus
2729 3339 3009 3378 servorum
3034 3322 3355 3387 Dei,dilccto

1799 3411 1850 3463 in
1879 3410 2096 3466 Christo
2145 3411 2298 3465 fratri
2639 3413 2898 3482 Capuano
2929 3414 3350 3482 archiepiscopo,

1795 3496 2108 3570 ca:teris<jue
2143 3502 2540 3570 principatuum
2571 3504 2856 3572 episcOpis,
2881 3503 2988 3572 qui
3017 3503 3174 3558 beato
3196 3502 3354 3558 Petro

1795 3590 2100 3645 obedientes
2138 3589 2503 3669 Christianam
2557 3593 2868 3662 religionem
2918 3601 3229 3648 constanter
3260 3596 3353 3648 de-

1796 3679 2038 3746 fendunt,
2065 3680 2289 3754 salutem
2316 3689 2370 3736 et
2395 3683 2765 3764 apostolicam
2783 3684 3230 3738 benedictionem.

1862 3791 2316 3862 Congratulamur
2357 3795 2630 3849 dilectioni
2680 3804 2890 3858 vestras,
2919 3795 3112 3848 fratres
3153 3795 3355 3848 charis-

1795 3881 1938 3948 simi,
1955 3883 2225 3952 ,quoniam
2247 3884 2393 3953 digni
2417 3885 2619 3936 inventi
2641 3885 2791 3949 estis,
2817 3885 2907 3952 qui
2933 3901 3030 3953 pro
3045 3883 3351 3939 Christiana

1796 3973 2053 4042 religione
2087 3972 2292 4042 integra
2337 3973 2535 4027 virtute
2569 3973 2803 4042 fortique
2845 3974 3148 4031 constantia
3181 3975 3355 4028 inimi-

1795 4063 1990 4128 citias,~
2007 4063 2190 4116 odium
2220 4071 2274 4117 et
2294 4065 2654 4118 contumelias
2673 4062 2952 4134 patiamini
2979 4084 2992 4118 :
3019 4081 3082 4120 ac
3105 4074 3354 4133 optamus

1797 4164 1854 4206 ut
1897 4154 1964 4206 de
1998 4154 2206 4222 reliquo
2261 4154 2523 4207 immobili
2578 4155 2772 4220 robore
2811 4154 3184 4223 perseveretis,
3243 4170 3351 4208 non

1796 4244 1955 4296 modo
1984 4258 2078 4296 vos
2106 4244 2174 4296 ab
2211 4243 2392 4296 illicita
2430 4251 2484 4296 et
2516 4236 2723 4296 nefaria
2763 4243 3351 4298 excommunicatorum

1794 4332 2200 4400 participatione
2222 4332 2572 4397 abstinentes,
2598 4331 2689 4386 sed
2710 4341 2764 4385 et
2790 4341 3014 4387 cazteros
3045 4333 3352 4387 sacerdotes

1795 4422 1862 4476 ab
1883 4437 2072 4478 eorum
2115 4424 2499 4478 communione
2547 4423 2943 4479 interdicentcs.
2995 4422 3052 4477 Si
3091 4423 3353 4494 quivere

204 4509 516 4567 Cucoaws
547 4513 855 4584 episcopus,
897 4531 1087 4571 servus
1123 4532 1406 4572 servorum
1443 4518 1558 4584 Dei,
1584 4518 1692 4574 Ro-
1729 4549 1770 4601 υ
1799 4513 1993 4568 fuerint
2017 4515 2110 4583 qui
2141 4523 2328 4569 contra
2379 4513 2723 4569 interdictum
2749 4523 2984 4568 vestrum
3006 4523 3060 4566 et
3081 4521 3350 4575 nostrum,

137 4614 310 4656 aen-ro
345 4601 514 4657 nobili
538 4600 1002 4669 comiti,'salutem
1031 4614 1085 4660 et
1109 4607 1459 4676 apostolicam
1486 4609 1697 4664 benedi-

139 4690 394 4743 ctionem.

205 4775 329 4830 Non
361 4778 570 4832 dubitet
593 4781 872 4848 prudentia
909 4790 1002 4834 tua
1046 4797 1144 4837 nos
1171 4784 1396 4837 libenter
1450 4781 1702 4853 petitioni

140 4874 243 4920 tua!
266 4866 468 4933 favere,
501 4869 555 4922 in
579 4879 837 4938 quantum
861 4887 985 4925 cum
1009 4871 1116 4926 Deo
1138 4882 1192 4926 et
1211 4874 1325 4928 sine
1347 4872 1574 4928 fratrum
1599 4893 1694 4929 ιιον

140 4966 379 5010 strorum
411 4959 666 5012 seandalo
696 4961 810 5013 ﬁeri
844 4970 1036 5029 potest.
1079 4961 1194 5016 Non
1229 4972 1312 5017 est
1345 4965 1488 5017 enim
1515 4965 1691 5035 aliqua

142 5047 418 5102 saecularis
438 5048 606 5117 apicis
639 5064 889 5118 persona,
926 5053 1013 5105 cui
1045 5054 1191 5106 salva
1234 5054 1442 5122 justitia
1471 5056 1695 5123 pronius

140 5152 424 5192 assensum
473 5148 716 5193 nostrum
770 5140 1005 5208 praebere
1034 5144 1280 5197 velimus.
1315 5142 1388 5199 De
1423 5161 1488 5198 eo
1517 5154 1693 5200 autem

141 5229 280 5293 quod
313 5245 476 5300 super
495 5231 664 5286 electo
689 5228 950 5284 Melitensi
975 5235 1286 5298 postulasti,
1313 5236 1522 5287 noverit
1543 5237 1695 5289 nobi-

141 5313 258 5370 litas
291 5326 381 5370 tua
412 5321 569 5375 nobis
606 5337 726 5376 esse
761 5319 1064 5374 intimatum
1097 5323 1163 5376 ad
1181 5323 1273 5391 jus
1299 5322 1552 5378 Ecclesiae
1590 5323 1694 5377 lte-

142 5403 332 5470 gitana:
365 5409 650 5475 pertinere.
695 5409 848 5465 Unde
882 5425 990 5464 non
1029 5411 1184 5465 aliter
1221 5413 1566 5466 annuendum
1596 5427 1694 5480 po-

142 5493 417 5548 stulationi
455 5503 563 5578 tua:
603 5502 1001 5570 perpendimus,
1040 5501 1145 5555 nisi
1179 5502 1460 5572 diligenter
1487 5502 1692 5555 exami-
1744 5523 1746 5525 ’

144 5590 262 5636 nata
283 5584 496 5653 justitia
517 5585 843 5644 Melitensem
864 5590 1157 5647 Ecclesiam
1186 5591 1250 5644 ad
1280 5589 1514 5660 prmfata‘.
1544 5589 1697 5659 Regi-

142 5673 275 5727 lana:
304 5675 574 5744 parochiae
605 5682 1065 5736 consecrationem
1099 5698 1206 5736 non
1234 5681 1460 5734 attinere
1490 5679 1693 5733 consti—

144 5763 278 5818 terit.
308 5764 386 5818 Ad
413 5767 567 5836 cujus
610 5769 681 5822 rei
720 5771 1140 5841 indagationem,
1175 5776 1299 5841 quia
1329 5782 1378 5827 te
1397 5773 1692 5836 diligimus,

1795 4606 2182 4659 contumaciter
2224 4606 2422 4659 missas
2461 4612 2513 4657 et
2538 4603 2721 4669 officia
2742 4603 2847 4657 illis
2871 4602 3050 4656 divina
3082 4601 3353 4656 celebrare

1794 4695 2020 4748 subinde
2064 4692 2536 4762 pnesumpserint,
2581 4684 2869 4760 proicerto
2921 4691 3154 4746 habeant
3197 4693 3353 4759 tales,

1793 4793 2061 4837 annuente
2097 4783 2227 4847 Deo,
2277 4783 2447 4837 sacris
2493 4799 2550 4838 se
2600 4769 2935 4848 ministeriis,
2980 4798 3100 4852 quae
3140 4777 3359 4851 indigne

1795 4890 2056 4942 usurpare
2085 4889 2191 4927 non
2227 4884 2492 4940 metuent,
2526 4876 2579 4928 in
2615 4884 2927 4945 perpetuum
2953 4872 3276 4929 abdicandos
3300 4883 3356 4947 ct

1795 4967 1910 5017 sine
1954 4980 2047 5032 spe
2098 4966 2520 5033 recuperatienis
2559 4965 2902 5040 amovendos.
2960 4961 3034 5015 De
3075 4969 3268 5016 czetero
3301 4963 3353 5016 'si

1796 5056 1918 5124 quis
1944 5064 2180 5110 vestrum
2213 5057 2498 5124 impiorum
2533 5055 2838 5122 pressuram
2869 5052 3006 5106 ferre
3034 5067 3141 5105 non
3172 5053 3356 5105 valens

1797 5145 1944 5213 cupit
1971 5147 2235 5208 secedere,
2258 5145 2413 5196 nobis
2452 5158 2558 5194 non
2587 5142 2850 5211 displicet.
2881 5142 3198 5212 llujusmodi
3225 5159 3357 5213 ergo

1796 5236 1876 5287 vel
1908 5234 1959 5285 in
1995 5241 2306 5302 potestatem
2331 5232 2484 5285 ducis
2509 5233 2728 5301 gloriosi
2754 5235 2836 5286 vel
2861 5233 3043 5286 fratris
3067 5233 3183 5300 ejus
3205 5241 3374 5303 pote-_

1796 5323 1867 5375 rit
1892 5323 1994 5386 ire;
2023 5330 2115 5375 aut
2144 5323 2188 5374 si
2220 5321 2286 5374 ad
2328 5337 2427 5374 nos
2455 5316 2636 5377 venire
2670 5323 2940 5386 maluerit,
2969 5338 3067 5376 nos
3093 5320 3355 5374 ebaritate
3387 5332 3389 5334 ‘

1798 5428 1904 5480 qua
1930 5412 2189 5466 debemus
2226 5427 2349 5466 eum
2398 5413 2626 5466 libenter
2671 5413 3044 5481 suscipiemus.
3085 5410 3188 5476 Qui
3224 5425 3356 5464 vero

1798 5503 1918 5556 aliis
1949 5502 2249 5570 exemplum
2305 5500 2478 5556 factus
2531 5501 2740 5557 fortiter
2770 5503 2907 5556 inter
2938 5500 3131 5567 impios
3167 5515 3352 5567 perse-

1797 5591 2078 5653 veraverit,
2109 5592 2191 5643 ille
2219 5593 2410 5657 procul
2433 5592 2597 5645 dubio
2629 5576 2841 5644 virtutis
2867 5603 3119 5642 coronam
3144 5589 3352 5656 gloria:-

1798 5698 1902 5750 que
1937 5681 2269 5747 triumphum
2297 5683 2488 5736 merito
2512 5683 2788 5750 majorem,
2821 5678 3049 5732 Domino
3070 5677 3347 5748 largiente,

1797 5772 2068 5837 percipiet.
