3952 6428
429 439 434 444 ”
521 440 624 493 €27

1017 550 1346 636 sensium
1379 556 1567 612 xxvr.

789 654 855 695 Δί)
894 656 1337 708 ΑιϐΗΙΕΡΙΒΕΟΡΙΣὶΙ
1369 661 1788 705 NEM‘OLITANUI.

1097 733 1290 804 (Anno
1311 736 1489 806 108-1.)

515 818 769 892 Prmcipit
801 830 861 875 ut
894 824 1141 892 magistro
1175 826 1404 879 militum
1433 827 1527 880 sub
1569 806 2068 884 excommunicatio-

584 890 665 942 nis
690 907 836 957 paena
866 890 1185 968 ἱζιεεεὲιέὶεαι,Δ
1198 911 1262 968 ne
1287 895 1504 968 ulterius
1529 894 1755 951 λοι-(1αηί
1787 900 1997 968 perjuro
2017 910 2067 953 et

581 963 1027 1014 mommunicato
1059 963 1319 1017 auxilium
1344 965 1499 1033 ferat.

583 1049 886 1106 Caesonius
906 1053 1213 1122 episcopus,
1241 1068 1429 1109 servus
1454 1070 1734 1111 servorum
1769 1056 1886 1123 Dei,
1929 1056 2060 1113 L....

513 1135 862 1208 Neapolitano
907 1133 1310 1214 archiepiscopo
1352 1144 1579 1199 salutem
1618 1152 1673 1200 et
1715 1144 2066 1215 apostolicam

515 1227 960 1285 benedictionem.
1316 1225 1329 1234 ’
1821 1292 1824 1299 δ

582 1316 701 1373 Non
746 1320 959 1391 ignorat
994 1320 1277 1390 prudentia
1318 1330 1408 1377 tua
1454 1324 1611 1379 nobis
1670 1324 1975 1392 imminere,
2010 1336 2069 1381 ut

515 1409 767 1465 omnibus
802 1419 855 1465 et
888 1412 1088 1481 ubique
1125 1411 1382 1473 salutaria
1407 1414 1644 1469 consilia‘
1666 1414 2088 1486 provideamus..

514 1506 571 1553 et
589 1499 796 1555 monita
818 1501 900 1554 vel
922 1498 1228 1568 interdicta,
1250 1511 1412 1573 prout
1430 1518 1518 1559 res
1536 1505 1813 1575 postulare
1838 1505 2065 1573 videtur,

513 1590 725 1645 cunctis
757 1591 1010 1647 exhibere
1029 1580 1340 1648 debeamus.
1362 1592 1629 1649 Prmterea
1675 1609 1782 1649 non
1813 1596 1989 1651 latere
2015 1605 2070 1651 te

513 1680 785 1748 volumus,
821 1696 888 1737 ex
932 1680 1041 1751 quo
1065 1682 1416 1740 charissimus
1467 1692 1653 1740 noster
1700 1684 2070 1742 Salernitanus

514 1769 766 1842 princeps
792 1772 1005 1827 naviter
1027 1773 1203 1838 rediit,
1249 1788 1350 1829 nos
1377 1783 1431 1830 et
1468 1775 1865 1831 nobilissimum
1897 1777 2067 1847 magi-

516 1870 695 1918 strum
713 1862 964 1928 militum,
987 1871 1041 1918 et
1065 1864 1295 1933 majores
1321 1873 1483 1936 atque
1512 1866 1751 1921 minores
1775 1875 1965 1923 vestra:
1987 1883 2076 1921 ur-
2105 1877 2146 1930 Β

515 1953 602 2009 bis
627 1953 1025 2024 quodammodo
1048 1956 1350 2024 specialiter
1390 1958 1617 2025 coepisse
1646 1957 1884 2027 diligere.
1926 1955 2073 2012 Unde

517 2044 680 2100 modo
708 2045 862 2100 valde
889 2045 1061 2116 magis
1093 2046 1360 2111 dolemus,
1383 2048 1510 2117 quia
1532 2063 1626 2102 eos
1649 2049 1907 2101 auxilium
1944 2049 2074 2102 dare

517 2135 829 2192 hominibus
862 2138 1042 2207 pravis
1062 2144 1115 2191 et
1143 2138 1212 2191 ab
1240 2136 1475 2193 Ecclesia
1501 2146 1661 2208 atque
1682 2137 2075 2208 Deoseparatis

519 2227 841 2282 audivimus.
867 2226 1001 2282 Nam
1031 2228 1259 2283 relatum
1298 2238 1381 2283 est
1421 2229 1599 2295 nobis,
1641 2230 1787 2299 quod
1831 2226 2076 2292 Jordani,

519 2316 613 2385 qui
643 2316 874 2372 scienter
914 2318 1165 2387 periurus
1186 2319 1343 2373 beato
1374 2317 1535 2374 Petro
1557 2326 1611 2373 et
1631 2319 1788 2374 nobis
1809 2327 1864 2373 et
1883 2320 1953 2373 ob
1974 2319 2079 2373 hoc

521 2408 882 2463 auathematis
930 2409 1088 2464 nodis
1117 2408 1314 2480 ligatus
1345 2419 1445 2473 est,
1479 2410 1808 2479 adiutorium
1850 2408 2093 2465 faciant.‘

521 2494 653 2563 Qua:
679 2513 765 2553 res
795 2499 916 2556 illos
940 2500 1128 2569 procul
1161 2501 1327 2555 dubio
1359 2507 1412 2554 et
1447 2515 1477 2553 a
1522 2501 1693 2571 gratia
1746 2500 1888 2554 beati
1930 2498 2075 2554 Petri

523 2588 728 2644 alienos
748 2596 803 2645 et
830 2590 1115 2662 dilectione.
1145 2600 1331 2646 nostra
1367 2590 1617 2662 indignos
1638 2591 1799 2646 ellicit
1825 2609 1837 2643 :
1874 2598 1947 2656 et,
1971 2590 2077 2644 nisi

523 2678 897 2753 resipiscentes
953 2680 1202 2736 desinant
1222 2722 1237 2746 ,
1293 2682 1506 2736 mternis
1566 2680 1743 2752 ptenis
1814 2678 2078 2735 obnoxios

527 2764 734 2823 reddet.
783 2766 1017 2825 Proinde
1068 2758 1388 2825 fraternitati
1441 2778 1546 2824 tute
1624 2769 1966 2839 prmcipimus
2020 2775 2081 2822 ut

527 2855 811 2926 praefatum
833 2856 1152 2928 magistrum
1185 2858 1416 2913 militum
1452 2871 1747 2927 omnesque
1796 2857 1894 2911 tibi
1927 2869 2079 2909 com-

526 2947 727 3002 missos
749 2947 1063 3013 admoneas,
1087 2956 1140 3002 et
1162 2948 1484 3018 pontiﬁcalis
1517 2962 1759 3003 censurae
1798 2940 2080 3017 disciplina

528 3036 838 3107 prohibeas,
876 3044 933 3093 et
970 3038 1257 3093 interdicas
1293 3048 1352 3093 ut
1383 3046 1492 3092 tam
1538 3053 1569 3093 a
1598 3038 1822 3109 praefato
1846 3037 2082 3092 Jordano

529 3139 693 3193 quam
734 3140 766 3179 a
798 3126 1007 3181 caeteris
1036 3127 1179 3181 illius
1214 3127 1564 3197 complicibus
1604 3143 1726 3183 sese
1751 3128 2076 3183 abstineant.

531 3212 716 3284 illique
758 3215 963 3291 nullum
1018 3228 1243 3283 prorsus
1285 3215 1545 3270 auxilium
1597 3218 1866 3281 tribuant,
1911 3217 2082 3273 donec

530 3302 690 3359 beato
722 3300 882 3355 Petro
933 3300 1253 3356 Satisfeoeiit
1298 3317 1456 3371 quem
1509 3303 1750 3372 perjurio
1781 3301 2109 3374 abnegavit

532 3390 591 3445 Si
658 3393 782 3465 quis
829 3406 963 3463 ergo
1012 3408 1112 3448 nec
1165 3393 1407 3448 consiliis
1456 3393 1597 3459 tuis,
1657 3408 1759 3449 nec
1809 3395 2087 3464 prieceptis

531 3484 755 3549 nostris,
780 3498 880 3540 nec
902 3484 1212 3543 auctoritati
1238 3484 1377 3539 beati
1413 3483 1557 3539 Petri
1603 3485 2003 3556 obtemperans,
2032 3487 2087 3541 in

535 3571 790 3629 fidelitate
834 3576 920 3629 vel
968 3576 1238 3646 adiutorio
1283 3574 1426 3631 illius
1472 3584 1720 3633 mortuus
1767 3577 1959 3643 fuerit,
1991 3593 2088 3647 pro

540 3664 634 3718 illo
666 3672 871 3718 certum
906 3673 991 3719 est
1032 3679 1141 3718 non
1173 3680 1297 3720 esse
1334 3665 1595 3720 orandum
1626 3686 1638 3719 :
1685 3676 1741 3721 et
1774 3683 1875 3723 nos
1927 3677 2089 3722 etiam

538 3753 790 3823 iubemus
831 3759 893 3807 ut
938 3768 1040 3808 nec
1072 3752 1708 3821 sepultum-Christiano
1751 3773 1902 3816 more
1940 3773 2091 3811 eom—

542 3841 841 3896 mendetur.
890 3840 1207 3894 Timeudum
1260 3853 1475 3909 quoque
1510 3838 1615 3894 'est
1654 3856 1748 3905 ne,
1786 3828 1833 3897 Si
1888 3844 1956 3896 ab
2003 3844 2094 3897 illo

544 3932 786 3987 animum
806 3947 917 3986 non
944 3930 1331 3997 revocaverint,
1360 3929 1553 3985 divina:
1578 3931 1798 3986 ultionis
1822 3932 1956 3987 iram
1983 3932 2096 4002 ipse

545 4022 698 4096 locus
720 4031 896 4078 vester
920 4023 1245 4093 experiatur.

1032 4111 1365 4175 EPlSTOLA
1396 4112 1491 4166 XX
1505 4112 1603 4167 νη.

911 4217 977 4255 AD
1014 4218 1351 4257 HERIMANNU)!
1387 4218 1733 4258 CARDINALEM.

1132 4289 1320 4363 (Anno
1345 4291 1524 4362 1081.)

555 4383 815 4438 Hortatur
858 4382 1115 4452 patienter
1154 4397 1208 4433 se
1250 4397 1345 4452 pro
1372 4379 1571 4452 Christi
1606 4384 1810 4452 nomine
1850 4391 2015 4452 gerat,
2052 4391 2101 4435 et

619 4449 888 4521 justitiam
930 4450 1192 4518 defendat.
1234 4449 1308 4502 De
1337 4449 1498 4521 electo
1532 4450 1812 4521 Corsicano
1843 4449 1950 4503 uult
1980 4452 2077 4503 sibi

620 4519 896 4588 antequam
920 4530 1261 4583 consecretur,
1290 4519 1642 4572 testimonium
1662 4536 1811 4572 suum
1837 4521 2032 4571 mittat.

628 4609 931 4661 (insomnes
952 4609 1253 4676 episcopus,
1278 4624 1466 4664 servus
1494 4624 1773 4664 servorum
1800 4608 1912 4674 Dei,
1938 4607 2104 4662 "Em-

558 4713 733 4755 ussso
785 4696 982 4750 dilecto
1034 4697 1089 4748 in
1144 4697 1362 4753 Christo
1423 4694 1580 4754 fratri
1630 4710 1795 4754 sacrae
1850 4698 2107 4753 Romana:

559 4787 815 4843 Ecclesiae
861 4784 1147 4850 cardinali,
1179 4786 1403 4840 salutem
1447 4795 1502 4841 et
1544 4790 1893 4857 apostolicam
1940 4788 2105 4843 bene-

560 4877 869 4933 dictionem.

632 4968 843 5023 Gratias
884 4967 1237 5037 omnipotenti
1259 4965 1367 5019 Dco
1397 4966 1664 5019 bonorum
1695 4965 1937 5018 omnium
1957 4965 2116 5033 largi-

567 5057 671 5109 tori
698 5054 1001 5120 referimus,
1029 5058 1121 5125 qui
1144 5065 1193 5111 te
1218 5056 1432 5111 illorum
1457 5054 1732 5109 consortio
1755 5053 2114 5108 adnumerare

489 5185 494 5189 .
566 5147 816 5214 dignatus
837 5153 940 5208 est,
963 5145 1027 5199 de
1048 5146 1244 5213 quibus
1266 5147 1524 5215 scriptum
1546 5152 1660 5199 est:
1686 5142 1947 5209 Quoniam
1968 5142 2114 5211 digni

566 5235 737 5289 habiti
772 5244 892 5286 sunt
931 5249 1022 5303 pro
1062 5219 1265 5285 nomine
1288 5233 1415 5287 Iesu
1442 5234 1804 5305 contumeliam
1838 5233 1950 5302 pati
1974 5232 2109 5301 (Act.

569 5329 644 5396 ν).
693 5323 808 5379 Hoc
858 5330 980 5387 est,
1027 5322 1373 5377 dilectissime
1427 5321 1612 5386 frater,
1644 5323 1786 5389 quod
1811 5324 2114 5391 smpelege-

570 5430 662 5470 ras
703 5433 715 5468 :
768 5412 908 5466 Vasa
942 5412 1094 5482 ﬁguli
1132 5412 1317 5481 probat
1358 5412 1548 5479 fornax
1590 5410 1791 5479 (Eccli.
1837 5414 2033 5480 xxvii);
2069 5421 2123 5465 et

573 5506 703 5561 illud
731 5524 742 5557 τ
770 5504 1137 5559 Innocentiam
1181 5503 1314 5557 Abel
1350 5503 1546 5556 habere
1576 5516 1681 5555 non
1712 5510 1915 5570 potest,
1964 5517 2121 5570 quem

573 5594 778 5647 malitia
820 5592 951 5647 Cain
989 5608 1098 5647 non
1129 5584 1357 5647 exercet.
1386 5590 1507 5645 Hmc
1535 5591 1764 5660 denique
1794 5598 1847 5644 et
1884 5589 1986 5644 alia
2032 5589 2127 5644 hu-

576 5681 809 5749 iusmodi
856 5698 998 5736 nunc
1040 5684 1094 5737 in
1138 5683 1391 5737 manibus
1438 5681 1546 5749 geri
1590 5689 1832 5749 patenter
1883 5679 2127 5747 intelligit

579 5772 860 5841 prudentia
884 5783 971 5827 tua
1002 5795 1012 5827 ι
1045 5773 1323 5844 perpendit
1348 5772 1505 5824 etiam
1533 5772 1674 5840 quod
1698 5771 1764 5824 ab
1786 5786 1846 5825 ea
1875 5768 2124 5838 exigitur,

1163 441 1218 496 s.
1258 422 1580 501 cnuconu
1619 445 1708 501 vn
1741 447 1944 503 pars:
1983 447 2264 507 orsum!
2302 447 2482 507 psus
2516 446 2558 507 ι.
2596 460 2667 493 -μ-
2700 414 3141 507 atomum.-

2170 652 2525 724 Quapropter,
2561 663 2621 708 ut
2654 655 2886 709 solertia:
2905 663 3011 708 tua:
3032 654 3263 708 breviter
3288 655 3434 723 loqui
3461 655 3533 709 sit
3555 656 3753 709 multa

2167 743 2391 809 dixisse,
2428 745 2803 809 admonemus,
2843 743 3060 813 id'quod
3085 745 3483 799 memoriarum:
3514 758 3757 815 semper

2168 834 2358 888 a'lesse
2401 842 2686 904 putamus,
2725 833 2971 889 videlicet
3006 841 3066 886 ut
3108 832 3361 888 Veritatis
3401 835 3755 899 sententiam

2168 924 2325 992 quasi
2360 924 2699 995 signaculum
2727 924 2829 979 sub
2856 939 2952 978 cor
2970 932 3124 977 tuum
3144 938 3316 993 ponas
3341 943 3352 977 :
3382 923 3448 976 In
3466 924 3756 993 patientia

2170 1022 2337 1067 rastra
2363 1013 2693 1083 possidebitis
2720 1015 2928 1067 animos
2958 1023 3153 1068 vestras
3184 1012 3334 1083 (Luc.
3380 1014 3514 1083 xxi).
3548 1012 3626 1067 Ea
3646 1020 3758 1066 est

2166 1105 2309 1159 enim
2330 1103 2557 1173 iustitia:
2585 1104 2965 1167 consolidatio,
3002 1103 3123 1157 fidei
3144 1102 3590 1169 stabilimentum,
3615 1102 3755 1171 spei

2168 1194 2461 1259 securitas,
2510 1193 2791 1248 charitatis
2835 1192 3210 1247 indissolubile
3249 1192 3557 1257 vinculum,
3604 1207 3759 1247 eon-

2168 1283 2460 1338 summatio
2506 1297 2700 1352 nempe
2755 1283 3036 1337 virtutum.
3082 1281 3158 1336 De
3206 1290 3400 1337 cmtero
3466 1282 3754 1352 quoniam

2167 1371 2496 1429 Corsicanus
2518 1372 2720 1428 electus
2743 1372 2810 1427 ad
2845 1372 3271 1428 consecrandum
3296 1388 3467 1441 nuper
3489 1373 3753 1437 advenit,

2169 1461 2522 1518 fraternitatis
2540 1470 2649 1517 tua:
2674 1461 3005 1539 testimonio,
3028 1477 3149 1531 quae
3177 1476 3289 1516 rem
3314 1462 3457 1515 illius
3475 1460 3558 1532 (ut
3585 1462 3759 1515 arhis-

2170 1551 2398 1622 tramur)
2447 1552 2649 1611 clarius
2694 1551 2865 1617 novit,
2905 1566 3067 1620 super
3107 1565 3174 1606 eo
3228 1551 3552 1622 indigemus.
3591 1551 3755 1605 Cum

2169 1641 2311 1696 enim
2356 1640 2513 1695 nobis
2562 1640 2754 1695 electio
2784 1641 2928 1694 illius
2961 1639 3257 1710 incognita,
3285 1640 3357 1695 sit
3373 1648 3428 1694 et
3470 1654 3755 1710 persona,

2170 1738 2382 1800 oportet
2431 1729 2674 1799 profecto
2726 1745 2837 1784 non
2888 1729 2939 1783 ei
2987 1739 3187 1784 temere
3235 1745 3456 1784 manum
3503 1730 3752 1799 imponi.

2170 1819 2421 1886 Proinde,
2449 1820 2635 1884 frater,
2668 1827 2728 1873 ut
2767 1819 2833 1874 de
2875 1834 2941 1873 eo
2982 1820 3112 1888 quid
3149 1819 3454 1874 faciendum
3498 1820 3571 1873 sit
3594 1821 3758 1873 scire

2178 1908 2470 1973 valeamus,
2506 1907 2756 1962 volumus
2778 1915 2832 1961 et
2872 1906 3126 1975 iubemus
3176 1916 3444 1977 quatenus
3486 1907 3761 1961 veritatis
3800 1932 3809 1937 ι

2169 1999 2618 2068 judiciumsuper
2646 1997 2762 2067 ipso
2793 1998 2949 2052 nobis
2985 1998 3254 2053 destinare
3289 2013 3570 2078 procures.
3605 1996 3761 2050 Esto

2176 2104 2383 2145 memor
2408 2089 2684 2144 memoris.
2721 2087 2827 2142 Ora
2860 2103 2957 2157 pro
2991 2089 3169 2142 nobis.

2647 2197 2983 2252 EPISTOI..\
3016 2197 3249 2252 XXVIII.

2622 2305 2687 2361 AD
2727 2304 3012 2343 UNIVEBSOS
3044 2304 3283 2342 FIDELES.

2757 2377 2938 2448 (Anno
2978 2377 3157 2447 1081.)

2109 2482 2113 2486 ’
2180 2468 2267 2519 Ait
2292 2484 2346 2521 se
2364 2467 2653 2538 generalem
2672 2467 2924 2538 synodum
2952 2469 3004 2520 in
3020 2466 3133 2520 loco
3165 2474 3275 2518 tuto
3298 2465 3424 2520 velte
3453 2480 3765 2538 congrega-

2249 2553 2320 2602 re,
2354 2535 2409 2609 ut
2431 2535 2997 2609 tantoruntntalorum
3020 2544 3283 2589 auctorem
3303 2576 3318 2600 ,
3352 2551 3413 2587 ac
3442 2535 3761 2609 prtesertim

2245 2607 2389 2674 pacis
2424 2607 2559 2659 inter
2592 2606 2955 2674 pontiﬁcatum
2987 2614 3036 2658 et
3075 2619 3285 2674 regnum
3324 2606 3763 2673 perturbatorem

2246 2690 2311 2729 ex
2332 2674 2550 2728 occultis
2579 2676 2749 2728 antris
2769 2674 3035 2735 extrahat,
3050 2689 3325 2741 pacemque
3344 2675 3524 2741 ipsum
3548 2674 3763 2739 confrr-

2248 2754 2371 2797 nzet.
2404 2742 2665 2796 Paratum
2694 2760 2747 2797 se
2775 2744 2928 2811 o/fert
2972 2740 3109 2795 sedis
3147 2740 3446 2811 apostolica:
3492 2743 3765 2794 innocen-

2251 2813 2383 2865 tiam
2438 2813 2727 2881 defendere.
2764 2810 3095 2881 Rotlulphum
3152 2826 3323 2880 regem
3374 2810 3568 2881 absque
3630 2811 3761 2881 ejus

2248 2878 2513 2950 prtecepto'
2552 2880 2780 2950 electum
2800 2878 3010 2949 ejusque
3032 2878 3275 2950 electurus
3304 2880 3393 2950 qui
3412 2878 3567 2930 illum
3598 2880 3765 2950 ordi-

2234 2947 2466 3011 narunt,
2498 2949 2602 3002 nisi
2631 2949 2724 3001 hoc
2755 2947 2955 3017 factum
2976 2956 3109 2999 recte
3125 2947 3440 3017 defendant,
3474 2955 3585 2998 tam
3599 2947 3763 3015 ipsos

2252 3036 2286 3095 u_
2340 3018 2686 3095 dignitatibus
2746 3014 2855 3071 suis
2910 3032 3067 3086 quam
3116 3014 3446 3084 Rodulphum
3502 3032 3536 3066 a
3589 3031 3766 3083 regno
3852 3092 3853 3095 η

2252 3087 2501 3159 deponere
2530 3087 2784 3148 minatur.

2109 3190 2149 3244 c
2248 3178 2551 3234 Gaseomus
2580 3177 2865 3247 episcopus
2886 3215 2900 3240 ,
2937 3189 3127 3229 servus
3154 3188 3433 3228 servorum
3465 3170 3595 3234 Dei,
3638 3172 3768 3226 elc-

2185 3268 2314 3322 rieis
2341 3278 2394 3321 et
2429 3266 2581 3321 laicis
2608 3265 2706 3335 qui
2738 3280 2848 3318 non
2878 3271 3128 3319 tenentur
3156 3261 3764 3327 excommunicatione,

2188 3357 2414 3412 salutem
2436 3363 2490 3409 et
2512 3354 2864 3424 apostolicam
2897 3352 3339 3407 benedictionem.

2251 3445 2449 3500 Notum
2485 3445 2715 3501 iacimus
2745 3445 2898 3499 vobis
2923 3486 2937 3510 ,
2976 3444 3284 3499 charissimi
3315 3442 3512 3496 fratres
3531 3450 3589 3497 et
3611 3442 3723 3495 filii
3750 3484 3770 3507 ,

2188 3552 2290 3592 nos
2329 3536 2617 3591 admodum
2664 3534 2972 3589 desiderare
3002 3542 3055 3587 et
3089 3532 3384 3602 apostolica
3427 3532 3773 3585 auctoritate

2188 3624 2321 3679 velle
2363 3623 2574 3678 sancire
2629 3629 2697 3677 ut.
2726 3619 2988 3691 generalis
3029 3620 3268 3689 synodus
3310 3627 3675 3688 congregetur
3709 3618 3772 3671 in

2191 3713 2309 3766 loco
2346 3720 2464 3765 tuto
2504 3719 2557 3765 et
2603 3724 2827 3774 securo,
2855 3708 3040 3776 sicque
3072 3714 3373 3776 Opportuno
3414 3715 3474 3758 ut
3513 3706 3581 3758 ad
3615 3720 3776 3759 eum

2192 3802 2401 3869 possint
2447 3799 2683 3868 undique
2720 3806 2990 3850 terrarum
3029 3795 3293 3849 clericalis
3329 3794 3533 3854 ordinis
3568 3802 3623 3847 et
3657 3793 3779 3847 lai-

2194 3890 2326 3944 calis
2363 3888 2522 3942 amici
2566 3887 2651 3940 vel
2692 3883 2897 3939 inimici
2925 3886 3041 3939 sine
3076 3883 3267 3937 timore
3292 3882 3596 3937 convenire.
3627 3881 3777 3937 Dis-

2196 3981 2445 4051 ponimus
2481 3978 2623 4032 enim
2655 3985 2918 4041 tractare,
2955 3983 3010 4029 et
3037 3974 3277 4043 diligenti
3316 3974 3637 4027 exeussione
3660 3974 3778 4027 de-

2199 4080 2396 4126 tectum
2427 4069 2478 4123 in
2516 4068 2704 4122 faciem
2730 4067 2877 4121 orbis
2900 4081 2966 4121 ex
2999 4065 3225 4119 occultis
3251 4063 3779 4134 tcrgivcrsationum

2198 4177 2418 4219 suarum
2449 4160 2620 4216 antris
2645 4157 2929 4213 extrahere
2954 4155 3260 4225 quicunque
3288 4154 3373 4207 ille
3400 4163 3481 4207 cst
3500 4152 3594 4222 qui
3627 4160 3782 4206 tan-

2198 4263 2381 4308 torum
2432 4252 2697 4306 malorum
2723 4289 2738 4314 ,
2782 4262 2903 4316 qua:
2942 4245 3262 4315 jampridem
3299 4245 3353 4297 in
3388 4243 3780 4321 Christianam

2200 4323 2513 4412 religionem
2554 4345 2869 4413 grassantur
2913 4345 2966 4389 et
3009 4336 3265 4397 szeviunt,
3293 4347 3457 4387 causa
3485 4340 3536 4384 et
3565 4339 3785 4385 auctor

2202 4432 2401 4484 existit.
2457 4429 2625 4496 Cujus
2657 4428 2818 4479 etiam
2857 4424 3105 4491 impietas
3136 4430 3190 4474 et
3223 4420 3457 4474 inaudita
3482 4418 3783 4473 temeritas

2085 4491 2099 4515 ’
2136 4494 2178 4547 D
2205 4523 2465 4574 hactenus
2491 4491 2697 4569 obstitit
2720 4520 2774 4567 et
2791 4512 3125 4581 proturbavit
3144 4525 3211 4562 ne
3232 4510 3369 4562 inter
3388 4506 3783 4577 pontificatum

2205 4619 2259 4665 et
2316 4623 2544 4678 regnum
2586 4605 2766 4659 divina
2811 4618 2914 4671 pax
2961 4594 3015 4656 et
3064 4607 3207 4654 recta
3246 4596 3527 4653 concordia
3570 4596 3775 4659 ﬁeret;

2204 4714 2366 4769 quam
2416 4710 2597 4766 pacem
2622 4736 2636 4759 ,
2685 4693 2980 4762 opitulante
3009 4690 3256 4755 Domino,
3285 4689 3423 4745 sicut
3454 4686 3781 4741 Christiana

2206 4790 2418 4844 devotio
2445 4785 2591 4855 cupit
2615 4792 2669 4838 et
2689 4782 2924 4853 postulat
2945 4823 2961 4847 ,
3002 4782 3056 4834 in
3078 4781 3267 4834 eodem
3292 4778 3519 4834 concilio
3553 4777 3782 4831 instano

2214 4893 2330 4934 rare
2350 4885 2405 4930 et
2417 4874 2736 4929 confirmare
2754 4874 3023 4939 Optamus.
3050 4869 3109 4924 In
3129 4886 3234 4938 qua
3254 4868 3459 4939 synodo
3482 4874 3777 4935 praeterea,

2214 4966 2323 5019 Deo
2375 4971 2623 5027 auctore,
2676 4960 2741 5014 ad
2783 4960 3043 5013 honorem
3082 4958 3223 5012 beati
3256 4956 3434 5021 Petri,
3468 4954 3781 5008 secundum

2216 5061 2525 5108 sanctorum
2549 5051 2770 5105 Patrum
2812 5050 3025 5104 decreta
3058 5050 3231 5118 parati
3255 5049 3460 5101 erimus
3494 5043 3637 5112 quod
3675 5046 3777 5112 ju-

2216 5155 2357 5198 stum
2382 5152 2465 5197 est
2491 5142 2693 5207 facere,
2722 5149 2775 5195 et
2808 5141 3116 5209 iniquorum
3142 5135 3436 5205 nequitiam
3468 5133 3778 5189 revelantes

2216 5236 2281 5289 de
2315 5235 2401 5289 his
2421 5250 2540 5303 quae
2563 5232 2868 5302 apostolica:
2894 5228 3006 5283 sedi
3030 5225 3375 5293 objiciuntur,
3404 5230 3458 5275 et
3486 5222 3629 5276 unde
3648 5225 3785 5293 qui-

2217 5325 2339 5379 dam
2387 5324 2613 5377 fratrum
2652 5320 3139 5376 ‘submurmurant,
3191 5312 3359 5380 ipsius
3405 5310 3782 5367 innocentiam

2215 5414 2487 5467 evidenter
2531 5409 2833 5468 ostendere,
2856 5405 2927 5456 ita
2977 5408 3156 5453 tamen
3196 5407 3255 5453 ut
3301 5407 3427 5455 ante
3468 5399 3654 5453 omnia
3690 5416 3787 5456 res

2219 5512 2419 5557 sancta:
2437 5502 2693 5555 Romana:
2716 5492 2991 5553 Ecclesiaz,
3021 5489 3218 5558 quibus
3241 5489 3543 5559 exspoliata
3568 5503 3787 5558 cogno-

2219 5592 2417 5655 scitur,
2474 5591 2521 5645 si
2561 5589 2782 5656 dignum
2837 5589 2950 5644 est,
2999 5579 3369 5633 restituantur.
3409 5577 3617 5633 Verum
3650 5579 3795 5636 illud

2222 5682 2507 5734 admodum
2539 5683 2730 5729 vestrm
2759 5670 3025 5725 dilectioni
3062 5671 3335 5724 nctiﬁcarc
3372 5685 3483 5723 non
3521 5669 3793 5739 dedigna-

2226 5784 2371 5828 mur,
2403 5767 2511 5820 Deo
2551 5771 2708 5825 teste,
2740 5761 3075 5827 Rodulphum
3100 5759 3238 5827 ,ηυξ
3266 5775 3355 5813 rex
3378 5759 3447 5812 ab
3475 5759 3795 5812 ultramna-

3650 452 3835 507 2.3.

2095 567 2136 620 A
2167 579 2265 620 nec
2304 565 2517 636 ignorat
2560 565 2689 635 quid
2732 565 2834 619 sibi
2875 579 2976 634 pro
3005 565 3204 619 talibus
3237 564 3292 618 in
3342 565 3448 619 ﬁne
3476 564 3748 620 debetur.

3850 126 3895 171 ’Ἴ
