3952 6410
178 418 355 504 δεῖθ’

1289 450 1492 543 LIBER
1527 449 1775 506 NONUS.
1816 480 1886 492 -—
1922 451 2137 508 EPIST.
2178 454 2344 509 XXX.

3337 467 3439 518 (37.0

176 562 341 619 sanis
378 564 671 620 ordinatus
700 571 812 631 est,
838 580 951 625 non
973 573 1164 622 nostro
1191 576 1463 637 praecepto
1494 567 1607 623 sive
1640 583 1773 624 con-
1805 570 1846 626 Δ
1876 566 1931 624 in
1958 577 2279 640 potestatem
2334 587 2488 628 suam
2512 573 2712 631 illicitis
2762 574 3161 631 conditionibus
3200 575 3439 646 redigere

175 652 323 712 silio
353 671 587 726 regnum
617 666 748 713 tunc
789 658 1124 727 suscepisse;
1151 658 1372 728 insuper
1388 658 1551 713 etiam
1582 674 1683 715 nos
1721 661 1774 715 in

175 747 406 817 synodo
450 746 807 803 decernentes
851 747 1181 815 lirmavisse,
1226 748 1332 803 nisi
1383 749 1775 820 archiepiscopi

171 851 245 897 et
305 844 586 915 episcopi,
637 846 732 915 qui
784 846 935 900 illum
972 847 1382 915 ordinaverant,
1431 849 1536 903 hoc
1571 848 1773 923 factum

174 950 361 989 suum
384 945 533 991 recte
563 934 849 991 defendere
868 938 1199 1006 potuissent,
1223 947 1334 993 tam
1372 938 1518 1009 ipsos
1541 955 1572 994 a
1597 940 1773 1010 digiti-

173 1026 405 1081 tatibus
440 1028 559 1105 suis
591 1042 755 1096 quam
783 1035 838 1081 et
864 1027 1145 1097 praefatum
1177 1028 1521 1099 Rodulphum
1545 1046 1577 1085 a
1606 1047 1773 1101 regno

174 1116 488 1184 deponere.
520 1116 810 1171 Enimvero
836 1106 1050 1174 interim
1073 1119 1196 1190 quis
1216 1120 1357 1175 hanc
1383 1129 1626 1176 nostram
1655 1121 1771 1177 dis-

176 1205 529 1273 positionem
550 1208 986 1279 interturbaverit
1001 1251 1016 1275 ,
1040 1217 1093 1264 et
1112 1211 1268 1265 multi
1291 1218 1532 1265 vestrum
1561 1212 1769 1278 sciunt,

172 1303 245 1348 et
299 1305 545 1352 nostram
578 1299 857 1354 scientiam
882 1315 1224 1370 nequaquam
1260 1300 1446 1373 fugere
1468 1311 1667 1372 potest.
1712 1302 1770 1358 Si

173 1386 345 1440 enim
381 1385 648 1445 Henricus
684 1404 778 1444 rex
814 1378 994 1444 dictus
1028 1399 1080 1444 et
1115 1407 1243 1460 pars
1262 1393 1382 1462 ejus
1408 1392 1770 1448 obedientiam

172 1490 367 1543 quam
392 1479 716 1546 promiserat
737 1480 892 1535 nobis
907 1522 922 1545 ,
944 1481 1055 1535 imo
1074 1482 1230 1535 beato
1242 1481 1405 1537 Petro
1424 1523 1441 1548 ,
1464 1491 1735 1539 servasset
1751 1524 1768 1550 ,

174 1565 533 1623 conﬁdenter
558 1570 682 1624 dico
702 1610 717 1634 ,
746 1570 1122 1641 Deojuvante,
1157 1588 1268 1627 non
1302 1581 1383 1627 tot
1402 1574 1575 1642 mala,
1616 1575 1769 1629 vide-

175 1656 318 1712 licet
341 1658 633 1715 homicidia
649 1702 663 1726 ,
688 1661 922 1731 perjuria
938 1704 951 1728 ,
980 1663 1283 1734 sacrilegia,
1309 1664 1634 1719 Simoniacae
1655 1665 1767 1721 bte-

177 1749 328 1805 resis
362 1750 682 1820 pestilentiae
717 1766 782 1805 ac
812 1753 1145 1820 proditiones
1166 1754 1491 1810 evenissent.
1531 1753 1640 1810 Vos
1666 1756 1769 1810 ita-

175 1855 324 1909 que,
356 1856 498 1910 quos
526 1849 619 1895 aut
647 1850 808 1896 tanta!
838 1842 1176 1900 calamitates
1206 1854 1455 1913 movent,
1488 1854 1581 1900 aut
1601 1845 1766 1900 divini

178 1932 409 1987 timoris
443 1941 723 2002 respectus
756 1934 823 1988 ad
856 1932 966 1988 Deo
997 1935 1213 2005 dignam
1237 1952 1424 2006 pacem
1448 1945 1503 1993 et
1535 1953 1761 1992 concor-

174 2022 335 2078 diam
375 2023 610 2088 animat,
650 2024 885 2077 nitimini
924 2034 978 2079 et
1014 2040 1356 2096 summopere
1393 2029 1665 2095 laborate,
1706 2036 1766 2083 ut

175 2114 433 2183 synodus
454 2154 471 2180 ,
512 2113 729 2182 qualem
765 2128 931 2183 supra
969 2118 1423 2187 memoravimus,
1448 2119 1565 2173 fieri
1592 2118 1766 2189 possit

174 2212 460 2274 quatenus
493 2212 696 2259 sanctas
718 2203 974 2261 Ecclesiae
1002 2215 1192 2277 caput,
1222 2216 1507 2279 totumque
1528 2224 1728 2278 corpus
1746 2249 1761 2273 ,

175 2294 335 2363 quod
373 2294 670 2364 impiorum
708 2295 1024 2364 procellosis
1061 2295 1343 2352 fraudibus
1396 2305 1450 2351 et
1479 2298 1762 2351 machina-

177 2385 430 2441 tionibus
469 2384 698 2441 ﬂuctuat
728 2387 990 2447 nimirum
1011 2396 1065 2442 et
1083 2387 1306 2453 titubat,
1332 2389 1609 2443 communi
1640 2403 1749 2443 om.

177 2477 343 2530 nium
376 2476 647 2533 bonorum
683 2491 952 2533 consensu
989 2486 1044 2532 et
1066 2478 1262 2533 robore
1284 2479 1529 2549 quiescat
1560 2479 1627 2533 de
1659 2494 1763 2535 cae-

176 2571 303 2637 tero
332 2571 387 2619 et
406 2563 671 2619 stabiliter
695 2564 1077 2619 consolidetur.

685 2653 1022 2710 EPISTOLA
1057 2654 1248 2711 XXIX.

583 2761 652 2800 AD
681 2762 806 2801 ΔΒΒΛ
816 2762 923 2803 TE!
954 2762 1348 2803 IASSILIENSEI.

782 2836 962 2909 (Anno
996 2837 1180 2909 1081.)

175 2923 441 3000 Prgcipit
470 2934 539 3000 Aut
578 2937 793 3000 moueat»
822 2929 1104 3000 quosdam,
1145 2930 1235 3000 qui
1265 2930 1542 2983 canoniam
1574 2928 1759 2983 Sancti

252 2993 540 3050 Saturnini
570 2993 872 3067 apostolica
908 2999 1045 3053 sedis
1085 2993 1379 3066 patrocinio
1426 3000 1756 3052 commissam

252 3066 884 3138 infestabant,_r_lesistere
900 3109 915 3135 ,
939 3075 988 3122 et
1009 3084 1125 3138 qua
1160 3077 1342 3138 contra
1370 3067 1519 3122 illam
1544 3075 1757 3138 egerant

248 3137 547 3192 emendare.
606 3136 729 3191 Nisi
770 3136 1028 3206 pareant,
1082 3137 1192 3191 vult
1243 3154 1423 3192 eorum
1476 3136 1758 3192 audaciam

249 3215 585 3276 compescat,
606 3218 656 3261 et
677 3207 837 3261 dictae
864 3208 1099 3262 canouite
1132 3224 1314 3262 curam
1335 3208 1546 3262 habeat.

252 3294 568 3351 Cosconius
604 3298 918 3366 episcopus,
951 3311 1141 3352 servus
1173 3312 1454 3352 servorum
1474 3296 1589 3362 Dei,
1613 3295 1750 3351 R....

175 3384 508 3455 (RICEARDO,
536 3386 613 3439 sic
654 3387 711 3439 in
753 3385 1161 3456 Matin.)sacr:e
1204 3386 1464 3441 Romanae
1503 3386 1758 3442 Ecclesiae

173 3475 469 3543 cardinali,
498 3484 552 3530 et
591 3475 771 3530 abbati
799 3474 1123 3532 Massiliensi
1142 3518 1157 3542 ,
1190 3476 1421 3532 salutem
1446 3485 1502 3532 et
1534 3485 1756 3547 aposto-

174 3568 350 3623 ticam
371 3568 815 3624 benedictionem.
1281 3640 1285 3647 ἴ

250 3655 378 3713 Non
403 3659 618 3730 ignorat
647 3659 933 3729 prudentia
960 3667 1055 3715 tua
1101 3659 1391 3716 canoniam
1442 3660 1629 3717 Sancti
1653 3660 1756 3717 Sa-

174 3748 415 3815 turnini,
449 3748 610 3803 sitam
640 3749 795 3818 juxta
831 3748 1161 3805 Tolosanam
1206 3751 1416 3817 urbem,
1445 3752 1758 3820 apostolicae

174 3841 305 3897 sedi
327 3854 449 3896 esse
475 3840 841 3895 commissam.
868 3839 969 3894 Cui
990 3840 1116 3895 licet
1140 3856 1208 3895 ex
1242 3841 1477 3911 generali
1510 3842 1754 3896 omnium

174 3931 556 3988 Ecclesiarum
580 3947 711 3987 cura
745 3932 1034 3987 conveniat
1063 3947 1165 3987 nos
1204 3931 1452 3987 tuitionis
1494 3933 1755 3987 auxilium

174 4023 491 4094 providere,
529 4032 709 4076 tamen
733 4023 1042 4090 specialiter
1082 4032 1295 4093 oportet
1336 4039 1435 4079 nos
1466 4040 1533 4078 eo
1585 4025 1757 4096 magis

175 4114 264 4168 illi
294 4113 414 4166 loco
462 4120 662 4167 nostra:
709 4113 1061 4180 protectiouis
1110 4114 1389 4167 munimen
1447 4114 1757 4183 impendere

174 4219 296 4272 quo
323 4201 557 4272 amplius
580 4209 789 4256 constat
821 4202 941 4271 ejus
971 4202 1052 4255 vel
1086 4202 1314 4270 injurias
1343 4203 1426 4255 vel
1450 4206 1661 4273 negotia
1689 4206 1754 4259 ad

177 4293 490 4349 Romanam
520 4292 720 4357 sedem,
770 4292 929 4361 Cujus
952 4293 1094 4362 juris
1120 4301 1224 4357 est,
1250 4293 1495 4347 attinere.
1528 4292 1755 4350 Prrefata

178 4384 350 4455 igitur
376 4382 640 4449 Ecclesia,
688 4399 1001 4454 quanquam
1043 4385 1272 4450 noviter,
1299 4385 1547 4440 decenter
1575 4393 1753 4441 tamen

176 4477 505 4533 canonicam
558 4477 728 4531 vitam
767 4477 1020 4542 instituit,
1080 4485 1240 4546 atque
1291 4477 1574 4543 hactenus,
1615 4478 1756 4534 sicut

1876 671 2162 717 conantur.
2196 662 2618 735 Conqueruntur
2669 673 2723 720 et
2745 680 2906 735 super
2938 666 3218 722 monachis
3266 664 3438 735 Maja-

1875 753 2150 821 censibus,
2174 754 2267 823 qui
2286 754 2577 824 quamdam
2605 755 2912 821 ecclesiam,
2946 755 3086 811 unde
3109 756 3439 827 interpositis

1873 844 2239 900 sacrosanctis
2284 843 2590 915 Evangeliis
2629 846 2923 900 secundum
2968 845 3233 915 judicium
3281 846 3439 918 legati

1875 935 2046 989 nostri
2343 926 2634 990 EllOrensis
2659 934 2859 1008 [Amati
2891 935 3189 1008 Oiorcnsisj
3226 939 3439 1007 episco-

1872 1025 1946 1095 pi,
1971 1026 2402 1081 collaudantibus
2447 1025 2568 1080 aliis
2602 1026 2870 1096 cpisc0pis
2933 1029 3025 1097 qui
3073 1028 3319 1094 aderant,
3371 1030 3439 1082 lis

1873 1116 2012 1170 inter
2032 1131 2128 1171 eos
2152 1117 2508 1171 determinata
2540 1115 2732 1183 fuerat,
2768 1118 2961 1173 iterata
2982 1118 3218 1174 deterius
3242 1119 3437 1191 injuria

1872 1222 1968 1276 per
1994 1207 2101 1261 vim
2125 1208 2338 1276 comitis
2367 1206 2547 1263 W.....
2598 1208 2757 1274 datis,
2790 1217 2850 1262 ut
2888 1208 3079 1274 fertur,
3123 1210 3438 1265 muneribus

1871 1306 2210 1368 occupatam,
2238 1298 2477 1352 detinere
2509 1298 2774 1353 nituntur.
2799 1298 3136 1368 Quapropter
3158 1302 3439 1369 experien-

1871 1389 1958 1442 tia:
1989 1396 2093 1442 tuae
2114 1388 2454 1457 praecipimus
2476 1396 2535 1441 ut
2564 1388 2871 1457 praelibatos
2900 1396 3007 1442 tam
3023 1388 3249 1444 clericos
3273 1408 3436 1459 quam

1869 1485 1923 1532 et
1941 1478 2261 1544 monachos,
2298 1487 2459 1547 atque
2488 1478 2668 1549 ipsum
2711 1481 2964 1534 comitem
2998 1479 3193 1534 litteris
3237 1491 3290 1535 et
3318 1482 3437 1550 qni-

1870 1569 1973 1622 bus
1995 1569 2172 1623 modis
2194 1570 2341 1624 vales
2387 1584 2732 1626 commonere
2756 1586 3035 1640 procures,
3065 1579 3331 1640 quatenus
3373 1590 3437 1626 ra

1869 1674 1990 1728 quae
2012 1668 2200 1713 contra
2224 1675 2365 1729 saepe
2399 1661 2595 1715 dictam
2628 1662 2908 1716 ecclesiam
2931 1662 3115 1731 inique
3136 1662 3218 1716 vel
3253 1664 3438 1718 odiose

1869 1749 2102 1819 gessisse
2125 1758 2444 1815 nOScuutur,
2468 1749 2579 1804 Deo
2600 1760 2653 1805 et
2669 1752 2891 1821 justitiae
2911 1750 3439 1818 satisfacientes,sic-

1869 1848 1930 1894 ut
1971 1847 2202 1909 oportet,
2243 1840 2561 1907 emendem;
2612 1857 2677 1896 ac
2710 1842 2776 1896 de
2813 1851 3008 1897 caetero
3028 1843 3264 1901 debitam
3304 1859 3435 1912 apo-

1867 1930 2072 1985 stolicis
2100 1930 2395 2001 privilegiis
2423 1932 2777 1985 reverentiam
2816 1933 3150 1998 exhibentes,
3182 1934 3318 1988 iram
3344 1934 3437 1989 Dei

1866 2035 2165 2089 provocare
2186 2030 2239 2076 et
2262 2022 2691 2077 maledictionem
2714 2038 2877 2092 supra
2921 2038 2979 2077 se
3003 2024 3301 2077 temerariis
3334 2041 3435 2078 au-

1864 2111 2016 2167 sibus
2038 2111 2294 2167 inducere
2318 2121 2562 2168 caveant.
2587 2113 2914 2183 Episcopum
2937 2128 3152 2184 quoque
3186 2114 3436 2172 dimcesis

1866 2202 2038 2272 ipsius
2087 2202 2401 2268 admoneas,
2458 2210 2518 2257 ut
2555 2205 2800 2259 eamdem
2855 2205 3145 2259 canoniam
3177 2214 3286 2260 tam
3323 2206 3438 2275 ipse

1864 2306 1972 2346 non
2004 2292 2266 2362 inquietet
2316 2308 2481 2364 quam
2527 2300 2581 2347 et
2616 2294 2751 2348 alios
2795 2309 2934 2363 quos
2982 2294 3268 2363 prohibere
3298 2298 3437 2351 valet

1863 2381 2165 2450 inquietare
2194 2398 2305 2437 non
2334 2384 2495 2438 sinat.
2522 2382 2599 2437 De
2621 2384 2904 2439 monachis
2933 2392 3130 2451 tamen,
3176 2386 3431 2454 quoniam

1861 2471 2206 2527 Cluniacensi
2248 2473 2478 2528 abbatiae
2528 2475 2819 2543 pertinent,
2853 2475 2953 2544 ipsi
2989 2476 3281 2530 venerabili
3338 2477 3434 2531 ah-

1862 2562 1973 2617 bati
2001 2562 2056 2616 in
2083 2564 2275 2633 primis
2312 2563 2699 2618 notilicandum
2729 2581 3015 2621 censemus
3041 2579 3101 2622 ut
3140 2567 3254 2635 ipse
3282 2568 3431 2622 inso-

1860 2653 2080 2711 lentiam
2125 2654 2465 2709 subditorum
2501 2670 2728 2709 suorum
2766 2664 3074 2726 compescat
3126 2665 3182 2713 et
3208 2658 3434 2727 justitiue

1860 2745 2229 2816 acquiescere,
2269 2745 2316 2801 si
2345 2744 2483 2800 forte
2526 2745 2780 2825 noluerit,
2810 2748 3114 2817 compellat.
3176 2749 3257 2803 Ad
3310 2750 3431 2803 ulti-
3513 2797 3526 2813 ,

1860 2851 2010 2890 mum
2045 2852 2195 2901 vero,
2253 2837 2299 2892 si
2351 2836 2446 2907 qui
2479 2836 2697 2891 illorum
2739 2838 2961 2893 monitis
2992 2839 3122 2906 tuis,
3145 2840 3256 2894 imo
3293 2841 3431 2894 beati

1860 2925 2023 2991 Petri,
2055 2927 2430 2995 obtemperare
2461 2928 2905 2996 contempserint,
2957 2943 3337 2998 quamcunque
3377 2931 3430 2985 in

1856 3030 2049 3071 eorum
2080 3015 2363 3071 audaciam
2386 3015 2709 3071 sententiam
2736 3017 3048 3087 protuleris,
3072 3020 3213 3074 scias
3238 3029 3431 3076 aucto-

1860 3107 2018 3162 ritate
2038 3115 2224 3162 nostra
2251 3105 2590 3187 firmandam.
2643 3104 2909 3163 Volumus
2933 3108 3197 3178 siquidem
3238 3119 3293 3165 et
3332 3111 3425 3181 jud-

1784 3232 1826 3288 C
1861 3198 2051 3255 bemus
2071 3207 2131 3253 ut
2167 3199 2314 3254 circa
2356 3198 2803 3267 praenominatam
2858 3200 3146 3255 canoniam
3194 3201 3430 3257 studium

1859 3289 2241 3344 sollicitudinis
2264 3297 2370 3343 tua:
2413 3288 2671 3357 invigilet,
2696 3296 2752 3343 et
2781 3291 3008 3359 negotiis
3043 3306 3107 3345 ac
3135 3293 3431 3347 necessita-

1858 3380 2002 3434 tibtm
2026 3379 2145 3448 ejus
2172 3377 2385 3433 facilem
2412 3387 2462 3432 te
2490 3393 2828 3447 pronumque
2852 3379 3129 3445 exhibeas,
3154 3389 3430 3449 quatenus

1860 3468 2116 3524 Romanae
2146 3469 2410 3522 libertatis
2431 3468 2719 3522 securitate
2747 3467 2899 3533 fulta,
2933 3468 3074 3524 sicut
3092 3479 3297 3542 caetera:
3330 3470 3433 3526 Ec-

1857 3560 2036 3616 clesize
2059 3559 2370 3629 apostolica:
2414 3558 2527 3613 sedi
2579 3559 2935 3625 adhaerentes,
2977 3560 3032 3615 in
3067 3570 3268 3617 sancte
3295 3579 3430 3617 cen-

1856 3651 2181 3707 versationis
2203 3650 2425 3705 obtentu
2452 3658 2506 3704 et
2529 3649 2805 3720 religionis
2826 3665 3031 3716 amore,
3064 3650 3276 3707 favente
3319 3652 3429 3709 υθ-

1859 3744 2029 3807 mino,
2053 3743 2229 3813 magis
2256 3742 2534 3812 magisque
2557 3740 2821 3823 prolicere
2857 3742 3048 3795 valeat.

2383 3857 2715 3914 EPIS‘I‘OLA
2736 3858 2903 3913 XXX.

2243 3967 2308 4005 AD
2360 3965 2573 4005 HILITES
2620 3966 3041 4007 TERVANNENSES.

2446 4040 2625 4113 (Anno
2669 4040 2845 4112 1081.)

1864 4136 2147 4204 lacrepans
2168 4149 2345 4186 eorum
2377 4131 2543 4185 scelus
2564 4133 2673 4201 qui,
2696 4133 2880 4199 junm's
2917 4132 3148 4204 cocleatim
3172 4134 3427 4201 e/fractis,

1928 4199 2082 4256 sacra
2109 4219 2253 4259 vasa.
2282 4199 2610 4262 ornamenta,
2639 4216 2835 4270 cruces,
2872 4209 2921 4252 et
2958 4199 3067 4253 alia
3115 4199 3426 4270 depra’dati,

1927 4274 2171 4341 episcOpOr
2204 4280 2326 4323 ante
2349 4270 2518 4341 altare
2541 4270 2716 4341 oranti
2737 4269 2991 4337 linguam,
3038 4279 3086 4341 et
3108 4269 3305 4326 dextrae
3347 4293 3433 4328 ur-

1840 4349 1849 4355 ’
1931 4334 2117 4394 titulos
2139 4340 2524 4393 detruncarint.
2556 4334 2731 4410 illonet
2756 4334 3016 4410 utrorum
3048 4340 3234 4410 legalis
3269 4347 3427 4397 satis-

1928 4412 2126 4481 [ιπηινὶ
2149 4410 2443 4481 sc‘sistaut,
2487 4417 2558 4481 et,
2583 4408 2685 4461 nisi
2714 4408 3196 4478 satisfccerintgeos
3226 4428 3433 4468 excom-

1930 4477 2272 4534 immieandos
2302 4496 2411 4534 esse
2435 4479 2691 4547 afﬁrmat.

180 4578 276 4625 tua
297 4568 521 4624 solertia
548 4567 718 4630 novit,
746 4582 810 4621 ex
834 4575 962 4620 tunc
983 4568 1303 4635 regulariter
1329 4568 1531 4622 vixisse
1560 4569 1752 4637 digno-
1786 4579 1828 4631 Ι)
1924 4572 2231 4627 ϐειεοοιιιυε
2250 4571 2557 4640 episcopus,
2588 4585 2778 4624 servus
2805 4586 3084 4624 servorum
3126 4571 3241 4637 Dei,
3284 4574 3429 4628 mili-

179 4661 372 4714 scitur.
397 4656 599 4711 Verum
629 4656 884 4725 quoniam
934 4656 1142 4724 antiqui
1188 4656 1359 4710 hostis
1397 4672 1515 4711 mos
1562 4669 1645 4711 est
1687 4675 1752 4713 eo

181 4747 359 4818 magis
386 4747 569 4801 dolere
619 4744 941 4814 invidiaeque
987 4744 1194 4800 facibus
1244 4746 1322 4799 uti
1364 4762 1472 4815 quo
1518 4748 1753 4815 amplius

183 4841 326 4894 videt
344 4836 709 4892 Christianam
732 4836 1044 4906 religionem
1098 4852 1363 4901 crescere,
1395 4845 1447 4891 et
1483 4838 1547 4891 de
1577 4837 1750 4891 hono-

183 4948 304 4986 rum
331 4929 678 5000 provectibus
707 4916 879 5000 lucra,
905 4929 990 4983 vel
1027 4929 1208 4997 potius
1238 4929 1457 4998 rapinas
1489 4943 1637 4989 suas,
1665 4929 1751 4983 (li-

183 4998 374 5088 minui,
400 5029 593 5076 contra
642 4998 997 5072 memoratum
1035 5019 1213 5072 locum
1237 5020 1350 5088 jam
1393 5019 1554 5087 cmpit
1583 5034 1752 5074 sacu-

182 5114 382 5167 larium
427 5109 738 5180 exagitatio,
797 5115 870 5173 et,
910 5108 1055 5178 quod
1097 5108 1271 5177 magis
1334 5110 1642 5164 mirandum
1689 5127 1753 5166 ac

182 5200 614 5264 dolendum;est,
644 5198 1134 5254 ecclesiasticorum
1165 5197 1286 5251 odia
1318 5198 1572 5251 suboriri.
1600 5198 1751 5255 Unde

182 5299 235 5345 ct
259 5289 512 5346 canonici
551 5289 947 5357 querimoniam
1004 5289 1070 5343 ad
1114 5304 1214 5343 nos
1253 5287 1564 5341 direxerunt
1590 5302 1751 5357 super

182 5380 396 5436 clericis
425 5376 607 5432 Sancti
662 5377 939 5448 Stephani,
986 5395 1217 5449 quorum
1263 5377 1604 5445 suggestione
1656 5392 1751 5446 per

184 5470 474 5542 quemdam
500 5467 781 5537 fugitivum
810 5468 1068 5524 clericum
1097 5470 1199 5525 sibi
1220 5466 1578 5539 privilegium,
1602 5470 1746 5537 quod

183 5562 260 5616 eis
297 5560 718 5623 indulseramus,
757 5558 1069 5628 subreptum
1118 5569 1222 5626 est,
1270 5559 1470 5629 quique
1489 5568 1735 5613 cecmete-

186 5652 348 5716 rium,
372 5650 518 5719 quod
547 5658 667 5705 ante
695 5649 992 5719 regularem
1016 5652 1407 5706 ordinationem
1426 5663 1578 5702 suam
1595 5649 1745 5702 locus

186 5742 270 5795 ille
303 5740 487 5810 quiete
539 5753 634 5808 per
680 5741 839 5811 longa
884 5747 1186 5809 temporum
1236 5739 1503 5796 curricula
1552 5739 1741 5801 tenuit,

188 5831 347 5885 riuulo
380 5828 619 5893 auferre,
648 5838 805 5901 atque
851 5831 1105 5905 ecclesias
1150 5834 1215 5888 ad
1261 5848 1383 5888 eum
1418 5830 1744 5900 pertinentes

1857 4662 2000 4716 tihus
2066 4660 2540 4715 Tervannensibus
2619 4658 3106 4734 [Tarvanensibus]

1854 4749 2109 4804 et
3008 4816 3014 4825 _

1924 4839 2281 4895 lntolerahilis
2306 4840 2543 4895 audacize
2590 4840 2972 4909 horribilisque
3025 4840 3282 4896 facinoris
3334 4861 3431 4900 su-

1854 4947 1949 4999 per
1978 4947 2075 4987 vos
2098 4931 2167 4986 ad
2209 4948 2309 4986 nos
2363 4932 2553 4986 relatio
2610 4933 2773 4994 venit,
2802 4932 2945 4999 quod
2992 4940 3194 5001 quanto
3224 4939 3432 4994 nostris
3489 4915 3501 4924 ’

1853 5024 2064 5077 szeculis
2096 5024 2433 5081 inusitatum,
2466 5037 2561 5074 nec
2593 5036 2622 5074 a
2659 5030 2897 5089 tempore
2949 5038 3281 5091 paganorum
3306 5042 3431 5094 per-

1852 5123 2160 5167 secuturum
2195 5118 2578 5178 praesumptum
2602 5125 2723 5164 esse
2742 5112 2824 5165 vel
2850 5112 3043 5182 legitur
3076 5114 3155 5167 vel
3187 5115 3424 5178 auditur,

1854 5210 2001 5254 tanto
2054 5201 2117 5253 ad
2144 5200 2410 5268 justitiam
2446 5199 2511 5253 de
2559 5216 2618 5254 se
2666 5204 3064 5271 exsequendum
3115 5203 3429 5269 apostolicae

1855 5291 2287 5345 mansuctniiuis
2319 5292 2492 5344 zelum
2531 5301 2709 5345 movet
2733 5301 2786 5345 et
2805 5293 3008 5344 incitat.
3029 5290 3265 5358 Denique
3292 5308 3426 5349 con-

1851 5389 2075 5448 questus
2120 5390 2202 5435 est
2230 5382 2386 5435 nobis
2439 5380 2764 5436 Lambertus
2808 5381 2984 5433 dictus
3025 5378 3426 5443 Tervanncnsis

1849 5470 2156 5539 episcopus,
2180 5471 2324 5540 quod
2350 5480 2473 5541 post
2498 5479 2578 5524 tot
2604 5480 2860 5537 tantaque
2881 5468 3190 5540 sacrilegia,
3222 5474 3423 5541 quibus

1849 5562 2092 5615 eamdem
2118 5562 2401 5615 ecclesiam
2426 5562 2665 5629 depraed"
2703 5558 2933 5625 'fuistis,
2954 5551 3151 5628 januas
3194 5563 3310 5630 ejus
3337 5564 3422 5616 iu-

1850 5650 2161 5722 fringentes,
2191 5651 2381 5713 serica,
2428 5660 2678 5718 argentea
2716 5666 2988 5719 aureaque
3014 5651 3211 5704 diversi
3250 5666 3416 5719 gene~

1848 5744 1945 5807 ris,
1970 5751 2022 5794 et
2057 5742 2337 5794 innumera
2396 5751 2716 5795 ornamenta
2764 5736 3095 5808 diripientes,
3137 5753 3201 5792 ac
3243 5744 3416 5797 sacris

1848 5832 2098 5886 crucibus
2125 5832 2490 5897 comminutis,
2520 5840 2626 5886 tam
2652 5834 2794 5900 ipsas
2810 5844 2968 5899 quam
2998 5838 3048 5881 et
3069 5828 3201 5883 duas
3235 5837 3413 5899 capri-
