3952 6440
518 495 615 546 (:51
997 452 1000 455 ’
1150 489 1206 545 s.
1248 490 1573 546 GREGOltIl
1616 490 1701 544 vn
1740 489 1941 545 mem
1978 489 2059 546 or

2169 489 2261 543 Ui
2302 487 2482 543 PARS
2520 488 2558 542 l.
2599 518 2669 528 -—-
2704 488 3124 545 REGISTRUM.
3649 490 3751 544 632

518 606 596 658 las
647 613 700 658 et
728 604 981 672 reliquias
1036 600 1362 668 auferentes,
1403 604 1798 669 abstrahentes,
1831 604 2077 659 emndem
2108 609 2149 660 Α
2179 604 2309 659 tiam
2345 617 2510 673 quam
2553 603 2623 656 ab
2654 603 3064 673 archiepiscopo
3097 601 3429 668 Arelatensi,
3467 618 3498 657 a
3535 612 3588 658 te
3620 618 3752 658 ana-

515 696 827 763 .piseupum
852 695 920 747 ab
950 694 1126 757 altari,
1147 694 1234 762 ubi
1270 695 1803 762 prostratusorabat,
1843 696 2079 764 linguam

515 786 564 836 ei
588 784 1181 853 dextraeqneiarticuios
1209 783 1275 860 ad
1312 798 1565 836 acervum
1591 791 1868 838 tantorum
1911 784 2079 839 scele—

516 890 636 927 rum
662 875 1043 929 detruncastis.
1092 871 1208 939 Qua
1259 874 1313 926 in
1364 889 1420 926 re
1446 870 1648 927 nullam
1675 873 2079 928 excusationem

514 963 733 1018 lentz-tis
756 964 1069 1028 obtendere,
1115 964 1271 1032 quasi
1302 963 1368 1016 de
1390 964 1561 1032 ipsius
1582 962 1691 1017 vita
1720 964 1968 1033 reprobo,
1986 963 2078 1016 .vcl

512 1053 853 1107 ordinatione
876 1054 1099 1122 injusta,
1119 1067 1226 1108 seu
1274 1052 1610 1121 depositione
1651 1051 1916 1121 irrogata;
1937 1051 2079 1131 sicut

509 1142 657 1196 enim
702 1157 864 1211 supra
907 1142 1235 1207 notavimus,
1288 1155 1448 1195 nemo
1499 1139 1677 1195 adhuc
1726 1140 1832 1194 tale
1874 1139 2078 1208 aliquid

510 1232 921 1301 przesumpsissc
946 1232 1303 1302 dignoscitur,
1331 1229 1435 1284 nisi
1465 1228 1601 1283 forte
1626 1229 1720 1298 qui
1754 1228 1923 1283 Deum
1966 1242 2075 1282 non

508 1322 727 1384 timens,
773 1331 827 1376 et
854 1314 1220 1376 Christianam
1260 1320 1616 1373 reverentiam
1648 1318 1928 1388 abjiciens,
1977 1333 2074 1387 pro

509 1412 679 1465 nihilo
697 1412 851 1466 duxit
875 1426 1096 1465 manum
1122 1410 1178 1464 in
1205 1424 1391 1465 sacros
1424 1409 1644 1464 ordines
1668 1408 1899 1462 mittere.
1929 1406 2073 1475 Qua-

506 1510 726 1569 propter
752 1514 1055 1565 monemns,
1082 1508 1135 1553 et
1162 1515 1227 1553 ex
1262 1507 1416 1569 parte
1456 1498 1598 1553 beati
1642 1496 1785 1551 Petri
1829 1498 2072 1569 praecipi-

503 1605 646 1655 mus,
678 1600 739 1644 ut
763 1599 967 1645 tantam
1005 1590 1299 1661 nequitiam
1328 1598 1561 1644 vestram
1600 1598 2070 1658 recognoscentes,

504 1689 597 1733 aut
617 1691 739 1735 ante
760 1681 964 1750 legatos
1004 1689 1222 1736 nostros
1255 1679 1668 1750 Lugdunensem
1703 1679 2068 1748 archiepisco-

501 1786 629 1838 pum
653 1781 705 1824 et
739 1771 984 1825 abbatem
1025 1769 1433 1825 Cluniacensem
1467 1768 1796 1824 satisfacturi
1817 1770 2066 1836 veniatis,

501 1869 595 1914 aut
617 1862 914 1916 secundum
937 1860 1225 1917 consilium
1255 1860 1339 1914 vel
1363 1860 1676 1915 mandatum
1705 1859 1948 1927 ipsorum
1977 1875 2067 1915 sa-

499 1950 744 2005 tisfacere
766 1950 875 2005 Deo
897 1961 951 2006 et
991 1960 1192 2006 sanetae
1245 1948 1497 2005 Ecclesiae
1542 1947 1847 2004 nullatenus
1882 1948 2061 2003 detre-
2098 1932 2141 1985 Β

497 2043 671 2096 ctetis.
701 2040 967 2098 Volumus
1018 2032 1375 2112 siquidcmet
1399 2055 1612 2109 :eqnum
1652 2054 1771 2094 esse
1813 2038 2062 2094 decerni-

496 2148 620 2187 mus
656 2133 884 2201 utquod
904 2134 1152 2203 nequiter
1183 2130 1535 2186 commisistis
1568 2130 1843 2184 lamniliter
1877 2145 2062 2184 emen-

494 2223 653 2277 detis.
681 2220 838 2287 Quod
868 2223 915 2276 si
939 2221 1206 2278 diabolica
1247 2221 1439 2289 spiritu
1483 2219 1717 2273 indurati
1755 2219 2064 2288 nostrisque

493 2312 778 2382 princeptis
800 2312 1129 2367 salutaribus
1163 2310 1555 2373 inobedientes,
1574 2324 1673 2364 nec
1692 2309 2063 2379 pmnitentiam

492 2402 713 2472 dignam
737 2418 897 2472 agere
942 2402 1242 2467 volueritis,
1311 2401 1499 2470 procul
1555 2400 1720 2455 dubio
1750 2400 1937 2455 sciatis
1964 2415 2063 2454 vos

492 2507 613 2546 esse
644 2491 1213 2556 cxcommunicandos,
1239 2500 1294 2545 et
1316 2490 1677 2559 quodcunque
1708 2490 1763 2543 in
1792 2505 1889 2545 vos
1917 2490 2062 2560 judi-

493 2581 642 2636 cium
667 2582 875 2652 legatus
931 2590 1117 2637 noster
1157 2579 1461 2646 dictaverit,
1511 2579 1832 2635 auctoritate
1875 2588 2061 2635 nostra

493 2671 839 2726 ﬁrmandum.

742 2781 1085 2835 Prcemanitio
1124 2783 1179 2835 in
1204 2790 1496 2853 sequentem
1518 2780 1791 2850 epistolam

559 2892 690 2962 Post
713 2893 996 2961 epistolam
1018 2893 1087 2945 30
1109 2893 1202 2947 lib.
1229 2874 1287 2947 is
1306 2892 1544 2962 Registri
1588 2892 1755 2947 codex
1786 2890 2057 2947 Mutinen-

491 2961 566 3015 sis
598 2961 738 3014 hanc
777 2961 965 3015 recitat
1006 2962 1310 3030 epistolam,
1352 2961 1474 3031 quae
1501 2962 1556 3016 in
1597 2962 1755 3017 editis
1776 2977 1885 3017 non
1909 2978 2058 3018 com-

484 3040 643 3098 paret
665 3046 730 3085 ex
756 3046 866 3100 quo
891 3031 978 3085 hic
1003 3031 1431 3106 subjungendam
1452 3046 1648 3087 censeo

490 3141 577 3213 iis
600 3159 769 3213 rantes
804 3142 1125 3213 Arelatensis
1170 3142 1238 3213 ad
1265 3141 1583 3213 Gregorium
1612 3141 1723 3195 VII
1748 3160 1959 3213 papam.
1986 3175 2056 3184 ——-

552 3211 628 3263 De
650 3211 919 3271 [lernartlo
952 3212 1139 3265 abbate
1190 3209 1503 3265 Sanctorum
1546 3209 1612 3265 P.
1642 3220 1693 3265 et
1739 3209 1826 3266 Il.’
1858 3213 2052 3267 Montis

2181 695 2417 747 themate
2464 707 2758 761 percusso,
2805 692 3439 769 Simoniace'acceperat,
3467 693 3675 759 amisit;
3696 704 3751 747 et

2178 782 2395 851 bicqui
2422 797 2569 836 nunc
2600 790 2794 850 praeest
2819 782 2982 854 paulo
3006 789 3131 836 ante
3167 782 3453 836 memorati
3476 782 3752 852 pontiﬁcis

2174 871 2393 927 decreto
2414 871 2731 941 regulariter
2755 872 3080 941 subrogatus
3097 912 3113 936 ,
3135 879 3299 940 atque
3317 868 3751 928 benedictionem

2176 961 2247 1014 ab
2282 960 2472 1014 eodem
2519 961 2776 1030 suscepit.
2819 959 2977 1021 Nunc
3017 976 3118 1029 ego
3149 959 3372 1030 supplex
3394 960 3638 1030 imploro
3670 962 3750 1015 tui

2174 1048 2517 1104 clementiam
2539 1090 2554 1113 ,
2590 1058 2652 1103 nt
2692 1050 2907 1119 prepria
2943 1065 3106 1103 manu
3143 1049 3413 1104 abbatiam
3441 1065 3472 1104 a
3495 1051 3752 1105 te-susci-

2175 1138 2285 1207 piat
2322 1149 2376 1193 et
2410 1136 2689 1209 privilegia
2715 1180 2731 1205 ,
2763 1140 2891 1193 olim
2918 1141 3044 1195 loco
3071 1139 3149 1193 illi
3171 1138 3265 1209 qui
3284 1149 3368 1195 est
3390 1139 3617 1194 ditionis
3638 1148 3750 1193 tua;

2174 1244 2204 1280 a
2229 1227 2481 1284 Patribus
2504 1229 2708 1284 indulta
2726 1270 2741 1295 ,
2777 1229 3099 1285 corrobores
3120 1244 3284 1290 manu
3305 1228 3542 1298 propria,
3570 1237 3627 1283 et
3647 1242 3752 1283 no-

2173 1333 2301 1379 vum
2335 1319 2439 1374 sibi
2477 1318 2929 1389 privilegiumtni
2954 1333 3019 1373 ex
3050 1329 3203 1389 parte
3234 1318 3519 1374 attribuas.
3551 1316 3751 1374 Noscis

2172 1408 2318 1461 enim
2344 1405 2803 1478 quemadmodum
2836 1408 3219 1479 dereliquerim
3237 1449 3254 1475 ,
3291 1407 3383 1461 Dei
3405 1417 3460 1462 et
3481 1405 3540 1462 S.
3562 1405 3710 1462 Petri
3731 1448 3750 1472 ,

2172 1507 2227 1553 et
2278 1497 2535 1554 Romana:
2581 1498 2835 1554 Ecclesia:
2868 1514 2933 1554 ac
2956 1498 3036 1553 tui
3066 1513 3167 1567 pro
3195 1513 3380 1553 amore
3400 1512 3593 1553 onmes
3625 1496 3750 1569 epi-

2158 1597 2428 1657 scopatus
2478 1597 2532 1643 et
2575 1588 2821 1643 abbatias
2863 1596 2918 1643 et
2949 1587 3077 1641 nolo
3110 1594 3171 1641 ut
3207 1586 3348 1652 hate,
3379 1600 3502 1656 qua:
3530 1599 3752 1655 semper

2171 1679 2434 1736 remansit
2463 1680 2634 1736 libera
2660 1679 2884 1735 cuilibet
2904 1677 3136 1742 viventi,
3177 1674 3284 1729 nisi
3323 1683 3514 1730 sancto
3547 1673 3747 1737 Petro,

2168 1779 2223 1825 et
2249 1770 2509 1849 llomanze
2533 1769 2792 1827 Ecclesia:
2812 1777 2868 1824 et
2894 1768 2993 1823 tibi
3023 1766 3301 1836 subjaceat
3334 1763 3526 1834 (415‘).

2673 1861 3011 1936 EPISTOLA
3043 1876 3235 1931 xxxr.

2757 1948 2940 2020 (Anno
2968 1946 3152 2017 lost).
3191 1985 3198 1989 .

2167 2041 2301 2095 Cum
2339 2041 2520 2095 clerici
2556 2040 3049 2111 Augustoduneuses
3081 2038 3146 2091 de
3166 2036 3395 2111 quodam
3422 2036 3748 2111 inuitauerit)

2235 2127 2354 2164 cum
2383 2105 2661 2164 monachis
2689 2108 3116 2163 Floriaceusibus
3135 2105 3531 2172 contenderent,
3557 2114 3607 2159 et
3628 2107 3747 2173 pri-

2237 2180 2486 2249 vilegium
2525 2188 2710 2249 contra
2750 2180 3050 2249 aequitatem
3092 2193 3124 2229 a
3153 2175 3398 2245 pontiﬁce
3435 2175 3745 2243 subreptum

2234 2247 2527 2312 dice—retur,
2557 2247 2667 2301 vult
2704 2256 2795 2311 ut,
2835 2248 2884 2299 si
2905 2248 2984 2299 ita
3017 2253 3115 2309 est,
3152 2260 3213 2298 eo
3250 2252 3489 2312 cessate,
3525 2252 3743 2297 senten-

2237 2319 2367 2370 tinm
2406 2316 2690 2371 secundum
2719 2316 2995 2386 justitiam
3025 2313 3279 2386 proferat:
3316 2311 3463 2381 Ipsi,
3485 2312 3742 2386 adversus

2234 2403 2289 2440 se
2319 2387 2471 2440 verba
2492 2380 2735 2455 jactanti'
2755 2385 2893 2455 quod
2912 2380 3608 2455 episcopumﬂarnotensem
3643 2381 3742 2433 ab-

2233 2451 2508 2520 solvisset,
2522 2455 2748 2509 ostendit
2767 2451 2828 2507 id
2848 2472 2880 2508 a
2903 2451 2958 2508 se
2987 2451 3107 2509 cum
3129 2451 3333 2526 ratione
3358 2451 3582 2521 factum.

2234 2544 2542 2599 Caesonius
2580 2544 2900 2612 episcopus,
2932 2556 3127 2597 servus
3161 2524 3443 2595 servorum
3480 2537 3609 2605 Dei,
3652 2524 3742 2592 di;

2162 2634 2460 2689 lectissime
2494 2632 2649 2687 fratri
2690 2641 2745 2687 et
2768 2632 3092 2702 coepiscopo
3128 2629 3263 2684 IL...
3296 2628 3552 2702 [Hucox't]
3590 2628 3744 2684 salu-

2161 2715 2269 2779 tem
2295 2731 2350 2778 et
2368 2708 2724 2792 apostolicam
2746 2720 3195 2776 benedictionem.
3668 2716 3677 2723 ’

2229 2812 2427 2866 Clerici
2473 2805 2697 2881 quidam
2728 2811 3275 2882 AugustodunenseS‘
3306 2810 3393 2865 his
3432 2809 3629 2864 diebus
3673 2808 3743 2862 ad

2161 2918 2261 2958 nos
2326 2909 2593 2957 venerunt
2648 2902 2912 2956 adversus
2966 2899 3340 2955 Floriacenses
3392 2898 3700 2954 monachos
3723 2938 3739 2962 ,

2158 3009 2320 3063 super
2364 2992 2602 3063 quodam
2659 2990 3019 3056 monasterio,
3064 2989 3250 3045 Sancti
3289 2989 3537 3044 videlicet
3576 2985 3737 3059 Sym-

2157 3083 2437 3153 pboriani,
2475 3097 2701 3138 causam
2735 3082 3015 3137 habentes.
3055 3079 3232 3148 Quam
3263 3096 3296 3134 a
3329 3088 3382 3135 te
3410 3087 3536 3150 ante
3556 3078 3742 3134 venti-

2157 3175 2323 3228 latam
2352 3181 2409 3228 et
2427 3172 2706 3227 deﬁnitam
2733 3187 2836 3227 nos
2858 3178 3185 3226 retractasse
3204 3170 3456 3225 dicebant
3481 3210 3498 3235 ,
3521 3175 3743 3238 tumque

502 3278 505 3279 ⁷
558 3258 779 3347 Μαίοὲἰδ
813 3280 1046 3349 expulso,
1091 3290 1142 3334 et
1176 3279 1457 3335 Gnillelmo
1492 3282 1545 3334 in
1572 3282 1684 3350 ejus
1718 3283 1832 3335 loco
1863 3283 2050 3338 subro-

2169 3261 2480 3318 Traternitati
2501 3263 2658 3317 aliter
2688 3277 2856 3332 quam
2884 3261 2966 3317 eis
2997 3261 3270 3317 videretur
3298 3268 3354 3315 et
3378 3258 3519 3314 ratio
3546 3267 3742 3328 postn-

554 3368 584 3419 g
603 3361 675 3402 ειυ
700 3368 851 3420 quem
877 3366 1045 3404 comes
1066 3351 1307 3420 pontiﬁci
1332 3351 1683 3416 commendat,
1705 3352 1795 3420 qui
1824 3352 2053 3420 legitime

554 3430 762 3472 creatus
790 3422 992 3489 fuerat.

557 3528 784 3587 Summo
808 3531 1051 3599 pontiﬁci
1076 3540 1129 3585 et
1155 3531 1449 3586 universali
1483 3546 1635 3600 papae
1667 3530 1942 3588 CBEGORIO
1970 3531 2056 3586 \‘ll

458 3620 550 3673 Ἠ.
580 3636 763 3675 comes
809 3612 1161 3687 Arelatensis,
1212 3637 1530 3690 prosperam
1585 3622 1640 3674 in
1684 3622 1958 3690 omnibus,
2001 3632 2057 3678 et

493 3719 710 3765 :etet'ntn
742 3709 950 3780 perfrui
993 3711 1337 3766 beatitudinis
1386 3704 1611 3765 munere
1644 3726 1768 3765 cum
1807 3713 1929 3767 coeli
1972 3713 2052 3767 ci-

492 3803 669 3856 vibus.

560 3890 956 3946 Sublimissimc
996 3874 1321 3967 dominoet
1378 3890 1625 3960 princeps
1673 3893 1837 3948 totius
1905 3894 2053 3949 orbis

491 3991 674 4043 teme,
747 3981 793 4034 si
868 3980 1003 4035 bene
1071 3983 1253 4044 vales,
1323 3980 1669 4072 congrptulor
1742 3983 1915 4037 valde.
1995 3984 2052 4038 Si

488 4082 697 4137 autem,
748 4071 894 4140 quod
959 4071 1119 4145 absit,
1171 4070 1365 4134 aliter,
1429 4070 1725 4125 conturbor
1760 4072 2052 4127 vehemen-

490 4161 722 4214 tissime.
754 4160 867 4229 Ego
902 4162 1047 4215 enim
1070 4176 1191 4215 sum
1236 4161 1402 4214 vestri
1439 4175 1649 4226 servus,
1671 4162 1810 4219 etde
1834 4162 2051 4233 injusti-

491 4253 563 4304 tia
587 4265 750 4320 quam
778 4249 1041 4304 hactenus
1063 4251 1209 4318 passi
1253 4251 1386 4305 estis
1432 4252 1500 4305 ab
1545 4252 1732 4320 iniquo
1756 4253 1939 4321 judice
1978 4253 2052 4307 ita

488 4357 609 4393 sum
653 4340 881 4394 alilietus
906 4340 1064 4410 quasi
1098 4355 1325 4409 corpore
1354 4349 1407 4394 et
1435 4349 1613 4396 mente
1633 4341 1854 4411 ﬂagellis
1876 4343 2050 4397 maxi-

487 4431 593 4485 mis
672 4429 1007 4483 vcrberatus.
1071 4429 1145 4483 De
1197 4440 1424 4495 ctetero,
1474 4429 1631 4486 Pater
1677 4434 2049 4502 sanctissime,

486 4520 687 4575 mando
731 4520 824 4574 tibi
871 4514 1103 4589 qualiter
1139 4518 1446 4573 Bernardus
1481 4522 1647 4576 abbas
1682 4524 1866 4578 Sancti
1900 4524 1960 4579 P.
1998 4535 2052 4581 et

488 4609 554 4663 ll.
608 4609 807 4663 Montis
842 4609 1092 4679 Maioris,
1141 4610 1353 4664 abbatia
1398 4611 1656 4678 expulsus
1691 4613 1762 4666 sit
1793 4614 1966 4681 juste,
1997 4625 2051 4669 et

485 4700 722 4769 qualiter
758 4699 859 4753 iste
894 4701 1191 4768 susceperit
1212 4716 1374 4769 quem
1396 4701 1491 4754 tibi
1522 4701 1703 4766 mitto,
1732 4691 2051 4760 Guillelmus

488 4788 724 4841 nomine.
749 4786 839 4840 Ille
858 4802 1093 4855 namque
1123 4789 1255 4841 tanti
1277 4797 1391 4841 erat
1416 4789 1599 4859 ﬂagitii
1620 4800 1673 4845 et
1695 4800 1856 4847 tanta:
1882 4794 2052 4864 impu-

484 4875 684 4929 dicitiae
716 4875 862 4944 quod
900 4875 1065 4943 pudet
1102 4890 1188 4929 me
1208 4875 1409 4944 aliquid
1429 4877 1650 4946 dignum
1680 4881 1906 4937 honesto
1934 4884 2052 4937 viro

486 4962 685 5015 dicere.
730 4961 836 5015 Sed
861 4977 1028 5016 unum
1056 4978 1121 5017 ex
1143 4962 1387 5032 pluribus
1413 4979 1623 5033 nequeo
1649 4974 1843 5021 tacere.
1876 4969 2049 5025 Sodo-

491 5049 670 5102 mitiea
696 5048 892 5118 quippe
918 5050 1084 5104 libido
1115 5052 1252 5107 ultra
1275 5053 1495 5110 modum
1531 5053 1585 5108 in
1610 5070 1734 5109 eum
1759 5058 2047 5127 regnabat,

486 5150 541 5193 et
572 5139 765 5194 deinde
796 5140 866 5194 ab
903 5140 1013 5194 ullo
1052 5142 1251 5196 viventi
1289 5145 1488 5214 corripi
1530 5161 1639 5200 non
1674 5156 1901 5216 poterat.
1939 5147 2049 5219 Ego

487 5245 706 5297 quoque
730 5237 784 5283 et
812 5230 1062 5284 monachi
1086 5233 1378 5300 supradicti
1410 5235 1514 5287 loci
1547 5236 1915 5292 detestabilem
1944 5239 2046 5293 hu-

483 5322 723 5386 jusmodi
784 5338 896 5375 rem
954 5332 1340 5391 agnoscentes,
1386 5326 1729 5394 nequivimus
1764 5329 1857 5381 diu
1898 5331 2044 5398 pati,

490 5408 616 5473 sed,
687 5412 943 5482 consilio.
982 5413 1208 5467 invicem
1252 5413 1473 5477 habito,
1520 5413 1828 5471 audivimus
1866 5419 2046 5472 archi-

492 5500 774 5567 praesulem
821 5502 1231 5572 Lugdunensem
1269 5504 1365 5573 qui
1404 5505 1452 5557 ei
1489 5505 1914 5561 benedictionem
1958 5511 2049 5563 tri-

494 5596 681 5643 bucrat
709 5584 938 5657 abbatis,
970 5603 1023 5646 et
1054 5595 1171 5663 ejus
1210 5592 1438 5649 consilio
1459 5602 1619 5663 atque
1651 5594 1856 5664 judicio
1890 5597 2048 5652 abba-

2153 3356 2320 3409 lasset
2364 3354 2670 3424 scripsisse.
2704 3352 2862 3420 Quod
2896 3348 2929 3408 ἡ
2964 3352 3123 3408 nobis
3150 3350 3355 3411 factum
3380 3364 3740 3421 nequaquam

2155 3445 2479 3510 recolinius,
2504 3460 2607 3499 nec
2648 3444 2705 3497 in
2750 3443 2980 3513 registro
3019 3451 3210 3498 nostro
3240 3442 3406 3512 hujus
3434 3455 3624 3497 causa:
3650 3439 3739 3494 lit-

2155 3545 2297 3590 teras
2318 3533 2552 3603 reperire
2562 3533 2860 3602 potuimus.
2884 3530 3105 3587 Noverit
3128 3531 3311 3602 itaque
3330 3530 3625 3601 prudentia
3645 3537 3739 3584 tua

2152 3623 2281 3693 quia
2317 3620 2486 3675 multa
2526 3630 2789 3690 tanquam
2817 3635 2850 3674 a
2884 3619 3042 3673 nobis
3093 3618 3411 3673 deferuntur
3448 3626 3505 3672 et
3532 3618 3740 3687 scripta

2151 3722 2207 3769 et
2255 3712 2398 3768 dicta
2447 3711 2609 3766 nobis
2655 3709 3045 3767 nescientibus.
3099 3707 3272 3763 Multa
3312 3708 3477 3764 etiam
3521 3707 3739 3780 subripi

2150 3812 2380 3874 possunt
2416 3803 2581 3858 nimis
2622 3802 2693 3857 ad
2739 3802 2953 3873 singula
2981 3800 3253 3867 intentis,
3317 3807 3507 3870 utpote
3538 3798 3740 3855 divisis

2152 3896 2221 3951 ad
2267 3895 2533 3964 plurima,
2580 3902 2635 3948 et
2668 3892 2892 3948 intentis
2920 3892 2988 3946 ad
3020 3891 3290 3956 maxima,
3319 3890 3520 3960 quibus
3574 3888 3737 3944 vehe-

2153 3993 2363 4038 menter
2391 3991 2687 4049 a_rctamur.
2745 3980 2900 4036 Unde
2955 3981 3012 4034 in
3054 3981 3158 4036 hac
3187 3995 3384 4046 causa,
3420 3979 3571 4049 quod
3597 3995 3734 4050 pro—

2153 4072 2293 4129 fecto
2326 4073 2553 4127 minime
2583 4072 2974 4139 recordamur,-
2994 4072 3041 4128 si
3065 4072 3196 4142 quid
3232 4070 3375 4127 forte
3403 4070 3733 4142 subreptum

2152 4164 2479 4233 fuit,optato
2510 4162 2681 4233 magis
2703 4178 2952 4217 amamus
2971 4162 3245 4232 corrigere
3272 4176 3438 4230 quam
3461 4162 3534 4215 ab
3555 4161 3734 4230 aqui-

2152 4261 2260 4307 tate
2270 4262 2325 4306 ct
2338 4253 2564 4306 rationis
2590 4253 2805 4305 tramite
2822 4251 3057 4317 deviare,
3072 4250 3156 4306 vel
3165 4250 3288 4305 aliis
3307 4245 3632 4321 corrigenda
3654 4267 3734 4305 re-

2152 4342 2413 4411 linquere.
2455 4340 2537 4395 Ad
2566 4356 2729 4411 quem
2768 4355 2899 4411 ergo
2918 4328 3081 4411 justa:
3107 4340 3402 4397 decisiouis
3427 4342 3731 4397 terminum

2151 4432 2352 4501 negotii
2380 4432 2546 4502 hujus
2579 4429 3197 4504 quiestio'lraternitatis
3231 4441 3338 4487 tuae
3377 4431 3731 4487 considerata

2151 4522 2363 4576 actione
2377 4522 2638 4591 pervenit,
2665 4523 2795 4587 imo,
2817 4522 2865 4576 si
2880 4522 3063 4576 minus
3084 4522 3263 4576 adhuc
3282 4520 3628 4576 satisfactum
3646 4530 3733 4577 est

2155 4610 2447 4680 pervenire
2466 4610 2683 4680 poterit,
2719 4626 2829 4664 non
2855 4611 3033 4665 solum
3061 4625 3173 4665 non
3191 4619 3503 4679 mutamus,
3530 4626 3729 4667 verum

2154 4710 2376 4758 auctore
2417 4701 2527 4757 Deo
2560 4702 2854 4756 annuimus
2885 4710 2941 4755 et
2983 4701 3270 4757 laudamus
3299 4721 3313 4755 :
3362 4703 3567 4773 quippe
3597 4691 3728 4759 cum

2154 4793 2326 4863 magis
2350 4793 2547 4847 rationi
2592 4800 3019 4849 consentaneum
3070 4791 3318 4847 videatur
3346 4800 3406 4846 ut
3430 4793 3645 4860 clerici,
3680 4795 3730 4850 si

2153 4882 2417 4937 canonice
2446 4882 2628 4937 vivere
2652 4883 2861 4947 volunt,
2886 4891 2940 4936 et
2964 4883 3020 4935 in
3042 4896 3109 4936 eo
3138 4881 3429 4951 persistere
3453 4884 3614 4954 quod
3630 4900 3730 4941 vo-

2156 4980 2368 5038 verunt,
2393 4986 2495 5027 suo
2514 4972 2661 5041 quod
2696 4972 2998 5041 antiquitus
3026 4972 3316 5042 possedere
3340 4988 3451 5028 non
3489 4974 3728 5035 debeant

2155 5076 2343 5115 carere
2376 5060 2730 5126 monasterio,
2763 5061 2909 5130 quod
2928 5068 2985 5116 et
3008 5061 3111 5130 ips’i
3149 5060 3453 5117 interventu
3475 5063 3727 5132 pecuniae

2156 5152 2456 5207 obtinuisse
2478 5152 2731 5206 monachi
2755 5150 3104 5218 infamantur.
3145 5150 3319 5220 Super
3343 5152 3449 5207 hoc
3479 5166 3618 5223 ergo
3642 5153 3726 5208 ia-

2155 5239 2462 5293 dnbitanter
2488 5255 2808 5310 cognoscas,
2833 5239 2958 5309 quia
2994 5254 3276 5308 perperam
3301 5248 3420 5294 acta
3450 5241 3570 5296 sive
3603 5243 3723 5298 sub-

2153 5339 2304 5398 repta
2359 5331 2704 5396 damnamus,
2729 5331 2877 5399 justo
2909 5339 3029 5383 acta
3055 5340 3109 5383 et
3141 5328 3369 5385 difﬁaita
3409 5331 3721 5397 ﬁrmamus,

2152 5430 2205 5475 et
2228 5438 2258 5474 a
2289 5429 2340 5475 te
2374 5422 2637 5476 ﬁrmanda
2668 5429 2723 5476 et
2762 5422 3048 5476 statuentia
3084 5423 3423 5479 mandamus.
3474 5422 3556 5478 De
3581 5424 3725 5479 Car-

2154 5512 2365 5566 notensi
2409 5515 2591 5567 autem
2624 5511 2880 5581 episcopo
2917 5511 3058 5566 unde
3095 5510 3407 5566 fraternitas
3449 5519 3550 5566 tua
3592 5514 3725 5569 sub-

2154 5616 2494 5660 murmurarc
2524 5603 2733 5656 videtur
2779 5602 2922 5656 nosti
2952 5603 3099 5672 quod
3140 5601 3446 5656 dilectionis
3478 5608 3595 5658 tum
3637 5604 3725 5659 in-

563 5720 809 5810 il‘lfé‘llln
840 5725 1069 5810 registro
1099 5724 1385 5804 llutinensi
1413 5729 1655 5799 superior
1678 5730 1903 5801 epistola
1929 5732 2171 5802 signatur
2200 5751 2424 5791 numero
2452 5734 2641 5803 XXXI,
2668 5753 2786 5806 quae
2802 5738 2889 5793 hic
2910 5737 3154 5807 sequitur
3175 5736 3229 5791 in
3257 5753 3288 5791 c
3323 5736 3448 5791 dent
3476 5739 3721 5810 registro

496 5801 572 5841 cl
609 5789 813 5861 XXXII,
848 5803 897 5848 et
923 5794 999 5850 sic:
1028 5794 1296 5865 deinceps.

3889 287 3891 387 Υ

3890 466 3891 555 ι

3890 576 3891 665 i

3890 1328 3891 1393 ι
