3952 6386
173 448 286 501 655

1209 452 1436 518 ,ιωειι
1473 463 1719 521 NONUS.
1759 497 1828 506 -
1866 428 2080 525 EPIS'I‘.
2123 470 2357 525 xxxnt.

3308 479 3411 533 654

172 556 333 658 tuitu.
347 555 512 627 longo
531 574 660 614 eum
691 569 932 658 tempore
961 582 1067 658 una
1091 569 1530 629 cumParisiensi
1571 573 1759 630 Roma:
1788 587 1832 635 A
1856 577 2134 649 dignitatis
2165 581 2285 650 ejus
2308 584 2571 637 sententia
2594 586 2834 651 cesserit,
2869 589 2970 642 hoc
3002 589 3223 643 omnino
3250 589 3409 658 jube-

174 645 485 712 tenuimns,
509 658 605 704 aut
629 660 687 705 ut
709 652 824 722 ipse
861 655 1096 724 venires,
1131 667 1224 712 aut
1249 661 1325 729 ad
1360 661 1758 733 comprobanda

174 738 399 806 objecta
422 737 483 793 in
499 753 624 794 eum
644 741 878 810 capitula
897 744 1102 815 legatos
1125 757 1179 802 et
1200 757 1363 805 testes
1383 750 1606 806 idoneos
1623 752 1762 807 dele-

174 840 368 894 gares.
393 825 551 893 Quod
571 844 700 883 cum
733 831 958 886 minime
1001 833 1216 903 feceris,
1253 827 1480 908 juStitize
1521 841 1760 896 necessi-

176 923 300 970 tate
329 918 525 982 coacti,
553 919 622 974 de
647 920 767 989 ejus
790 924 1129 979 restitutione
1149 936 1350 983 sancta:
1373 928 1630 985 Romanae
1656 927 1760 984 Ec-

173 1006 371 1075 clesige
397 1007 606 1076 judicio
637 1012 1029 1080 acquievimus.
1061 1012 1162 1069 Cui
1211 1016 1259 1071 si
1306 1032 1539 1086 superna
1586 1018 1777 1087 pietas

105 1125 113 1130 -
175 1095 484 1167 aliquando
513 1101 785 1178 respirare
822 1105 1174 1172 concesserit,
1211 1107 1420 1176 liquido
1460 1118 1554 1162 tua
1586 1108 1759 1163 beati-

173 1186 324 1242 tudo
346 1187 644 1260 intelligere
663 1193 881 1262 poterit,
920 1210 1044 1250 eam
1095 1195 1267 1250 multo
1315 1197 1761 1266 irreprehensibi-

173 1275 296 1332 Iins
316 1277 424 1334 hoc
443 1280 641 1350 egisse,
676 1271 842 1352 quam
866 1291 921 1339 te
937 1286 1128 1344 matris
1161 1295 1270 1340 tum
1290 1287 1606 1356 iudicialem
1626 1302 1760 1343 cen-

175 1379 380 1424 suram
407 1385 633 1426 manum
659 1373 1100 1443 reprehensionis
1141 1372 1468 1432 extendisse.
1499 1376 1761 1433 Decuerat

175 1458 409 1528 quidem
443 1475 563 1528 vos,
587 1469 642 1517 et
661 1462 877 1533 dignius
899 1465 1171 1531 videretur
1191 1466 1294 1520 hac
1330 1467 1515 1536 potius
1559 1476 1762 1537 tempe.-

177 1557 349 1616 state,
379 1558 436 1606 et
459 1551 560 1606 has
581 1553 720 1608 inter
745 1568 883 1624 quas
903 1548 1105 1626 patitur
1136 1556 1435 1627 angustias,
1459 1556 1552 1612 Dei
1574 1558 1762 1628 utique

177 1642 536 1697 mulatione
557 1650 614 1698 et
630 1645 963 1700 conscientia
982 1647 1148 1713 bona,
1173 1656 1433 1718 tanquam
1463 1647 1604 1704 ﬁlios
1629 1663 1761 1705 suos

177 1731 628 1788 oonsolationum
679 1735 785 1790 sibi
833 1735 1013 1792 dulcia
1044 1737 1377 1806 ministrare,
1404 1753 1572 1810 quam
1629 1737 1760 1793 talia

179 1822 522 1890 mandando,
545 1833 601 1900 et
629 1826 829 1882 talibus
853 1842 976 1882 eam
999 1828 1197 1882 nazniis
1225 1827 1578 1898 implicando,
1603 1827 1759 1883 dolo-

179 1928 498 1988 rem'super
528 1896 773 1972 dolorem
787 1932 1076 1987 apponere,
1102 1896 1470 1989 multiplicare
1491 1919 1754 1990 pondera,
1789 1896 1833 1951 Β

180 2019 296 2059 non
331 2007 740 2063 communicare
768 2007 1120 2078 ponderibus.
1156 2007 1298 2063 Vale.

682 2137 1015 2195 EPISTOLA
1051 2106 1264 2206 XXXII.
1332 2154 1338 2162 -

465 2245 534 2282 AD
591 2240 1040 2286 ARCBIEPISCOPUI
1078 2245 1475 2290 LUGDUNENSEI.

778 2322 958 2390 (Anno
989 2320 1172 2389 l08l.)

139 2398 146 2405 ’
181 2407 470 2478 Signiﬁcat
496 2426 571 2475 se,
603 2420 882 2481 antequam
906 2411 1255 2481 ejus‘litteras
1295 2412 1602 2480 accepisset,
1631 2408 1758 2464 Ter-

254 2493 591 2549 carinaitsent
635 2478 940 2549 episcopum
987 2478 1291 2549 absolvisse,
1343 2478 1555 2549 accepto
1603 2481 1762 2549 jura-

257 2557 433 2617 mento
453 2547 592 2616 quod
617 2547 828 2615 judicio
852 2547 990 2617 sedis
1018 2547 1323 2616 apostolica:
1356 2548 1434 2601 vel
1468 2547 1632 2617 legati
1672 2565 1787 2614 ac-_

253 2616 542 2695 quiesceret
557 2632 582 2695 ί
605 2633 774 2695 quare
797 2616 951 2695 jubet
979 2625 1037 2695 ut
1067 2626 1248 2695 coacto
1271 2616 1534 2695 concilio,
1563 2625 1614 2695 et
1664 2617 1762 2695 ad-

253 2633 542 2695 quiesceret
563 2633 582 2679 ;
597 2633 774 2739 ἔκανε
797 2633 951 2686 jubet
979 2633 1036 2670 ut
1067 2633 1248 2670 coacto
1271 2633 1516 2682 concilio,
1563 2633 1614 2697 et
1664 2633 1762 2697 aa-

247 2693 438 2753 Juncto
467 2685 569 2755 sibi
640 2684 928 2739 luniacenti
950 2686 1156 2751 abbate,
1183 2687 1229 2738 si
1246 2687 1500 2754 depositio
1531 2702 1645 2755 ejus
1676 2702 1764 2755 λη-

254 2763 345 2807 sta
382 2753 709 2822 probabitur,
733 2756 1042 2809 sententiam
1091 2753 1398 2824 confirmet;
1429 2757 1511 2809 sin
1534 2753 1760 2824 dminus,

219 2839 376 2876 eum
397 2824 452 2876 in
480 2824 740 2894 integrum
777 2826 1041 2895 restituat,
1081 2833 1130 2878 et
1178 2823 1264 2878 eos
1295 2826 1385 2895 qui
1432 2823 1571 2878 male
1609 2823 1763 2878 illum

255 2901 636 2960 tractaverant,
661 2894 763 2948 nisi
789 2894 1152 2963 satisfaciant,
1180 2895 1617 2949 excommunicet.

254 2980 568 3038 Caesonius
593 2984 897 3052 episcopus,
929 2998 1116 3037 servus
1145 2998 1428 3038 servorum
1460 2982 1574 3048 Dei,
1605 2997 1764 3036 vene-

178 3071 350 3126 rabili
376 3070 487 3125 Il...
512 3071 767 3144 [Hucozu]
791 3072 1137 3143 Lugdunensi
1159 3072 1589 3142 archiepiscopo,
1619 3071 1765 3127 salu-

177 3173 300 3219 tem
329 3173 380 3218 et
405 3164 760 3234 apostolicam
781 3163 1232 3226 benedictionem.

255 3253 531 3320 Quoniam
559 3270 726 3310 causa
754 3253 1030 3309 Lamberti
1060 3254 1189 3309 dicti
1213 3253 1610 3309 Tervannensis
1645 3254 1758 3322 epi-

177 3345 346 3413 scopi
369 3346 568 3412 partim
591 3353 743 3409 nota,
769 3345 966 3413 partim
993 3343 1268 3413 incognita
1291 3345 1450 3410 nobis
1489 3352 1592 3409 est,
1631 3359 1763 3412 pra:-

175 3434 381 3490 sertim
400 3449 524 3489 cum
557 3433 828 3489 Robcrtus
860 3449 1045 3488 comes
1079 3433 1426 3496 Flandrensis
1471 3433 1627 3503 longe
1657 3433 1760 3514 alia

175 3523 358 3578 verba
401 3524 456 3578 in
501 3524 697 3578 litteris
731 3525 846 3579 suis
894 3525 1054 3579 nolis
1101 3524 1358 3579 direxerit
1392 3539 1557 3592 quam
1609 3524 1760 3592 prius

175 3612 548 3684 Ingelrannus
581 3615 994 3684 praesentialiter
1023 3615 1317 3680 retulisset,
1352 3629 1474 3668 eam
1510 3613 1761 3667 fraterni-

178 3705 289 3760 tati
323 3714 516 3761 vestra:
536 3706 748 3775 plenius
777 3690 1174 3760 eventilandam
1209 3705 1566 3760 destinamus.
1595 3703 1763 3774 Negat

177 3796 462 3867 siquidem
486 3795 744 3865 praefatus
773 3796 1061 3865 cpiscopus
1095 3795 1198 3849 sibi
1236 3803 1425 3848 notum
1459 3810 1578 3850 esse
1615 3796 1760 3869 quod

175 3902 323 3943 eum
362 3886 637 3958 synodalis
657 3902 754 3956 per
783 3894 836 3940 te
867 3885 1136 3942 sententia
1173 3885 1528 3951 damnaverit,
1564 3885 1646 3939 vel
1669 3900 1762 3939 ex-

176 3978 697 4043 communicaverit,
729 3993 822 4031 seu
862 3978 929 4031 ad
961 3976 1226 4047 synodum
1263 3977 1426 4030 ullam
1469 3977 1757 4032 vocaverit.

179 4065 352 4122 Unde
371 4081 472 4120 nos
493 4075 618 4120 ante
640 4066 882 4136 agnitum
907 4066 1208 4120 litterarum
1237 4059 1455 4120 tuarum
1489 4077 1756 4133 tenorem,

176 4157 470 4226 compassi
507 4156 694 4212 multis
725 4156 1006 4212 laboribus
1028 4155 1219 4225 ipsius,
1245 4173 1369 4210 eum
1395 4157 1759 4222 absolvimus;

179 4256 418 4317 accepto
438 4257 622 4302 tamen
651 4247 721 4301 ab
740 4263 806 4304 eo
842 4248 995 4316 prius
1029 4247 1360 4315 juramcnto,
1402 4247 1550 4316 quod
1602 4262 1762 4316 super

178 4340 507 4409 episcOpatu
532 4336 932 4392 Dervannensis
954 4337 1098 4392 sedis
1124 4338 1434 4406 apostolica:
1459 4339 1538 4392 vel
1562 4339 1765 4408 legato-

181 4445 322 4485 rum
348 4415 661 4483 nostrorum
677 4428 946 4499 judicium
971 4444 1079 4482 non
1102 4429 1284 4482 exibit.
1313 4428 1496 4498 itaque
1526 4429 1655 4500 quia
1678 4444 1764 4483 res

1860 683 2002 734 mus,
2041 679 2101 725 ut
2125 671 2191 726 de
2240 672 2344 726 illis
2370 673 2477 742 qui
2508 689 2633 728 eum
2684 684 2792 730 tam
2839 679 2978 733 male
3025 687 3410 747 tractaverunt,

1859 761 2006 828 quod
2040 759 2248 829 justitia
2278 764 2516 834 postulat
2544 765 2646 818 sibi
2684 781 2779 835 per
2827 779 3062 823 vestram
3098 769 3414 826 instantiam

1859 846 1972 914 ﬁat,
2004 850 2057 904 id
2087 859 2192 917 est,
2217 852 2264 906 si
2291 851 2609 908 satisfacere
2627 859 3067 927 contempserint,
3100 875 3414 918 excommu-

1859 938 2152 995 nicationis
2201 941 2256 994 in
2290 957 2386 996 eos
2423 957 2723 1014 eorumque
2770 948 3005 1016 perﬁdiae
3047 947 3287 1006 fautores
3309 952 3416 1021 gla-

1859 1028 1982 1084 dius
2001 1041 2276 1086 exoratur.
2304 1032 2449 1087 Istud
2473 1049 2602 1089 vero
2653 1036 2708 1089 in
2757 1023 2866 1091 hoc
2916 1041 3130 1108 negotio
3184 1021 3426 1097 maxime

1861 1133 2076 1173 servare
2095 1136 2194 1176 vos
2215 1123 2488 1189 volumus,
2516 1132 2630 1178 tum
2671 1141 2768 1194 pro
2797 1127 2982 1182 labore
3005 1145 3164 1197 quem
3207 1146 3415 1185 memo—

1859 1216 2012 1263 ratus
2032 1211 2321 1280 episcopus
2342 1213 2409 1266 ad
2433 1215 2787 1282 apostolicam
2830 1218 3010 1272 sedem
3045 1209 3266 1285 subivit,
3291 1237 3414 1276 eum

1859 1299 2024 1353 etiam
2064 1315 2164 1368 pro
2211 1318 2396 1356 amore
2435 1305 2761 1359 nobilissimi
2797 1307 3013 1362 comitis
3049 1308 3290 1375 Roberti,
3323 1313 3420 1380 qui

1859 1389 2018 1444 nobis
2043 1405 2203 1459 super
2223 1406 2290 1445 eo
2314 1393 2596 1461 petitorias
2622 1395 2829 1450 litteras
2858 1398 3028 1463 misit,
3070 1407 3128 1452 ut
3163 1414 3285 1453 cum
3317 1402 3419 1454 mi-

1859 1479 2154 1535 sericordia
2183 1489 2464 1548 tractetur,
2491 1492 2565 1550 et,
2601 1483 2864 1554 quantum
2887 1488 3035 1542 salva
3076 1488 3285 1558 justitia
3322 1506 3420 1560 po-

1862 1576 1986 1633 test,
2015 1585 2286 1626 canonum
2321 1572 2468 1644 rigor
2508 1575 2904 1644 compassionis
2944 1589 3190 1647 respectu
3225 1589 3424 1648 tempe—
3485 1573 3500 1586 ’

1859 1661 2030 1712 retur;
2068 1659 2308 1731 Denique
2332 1663 2408 1717 ita
2451 1678 2509 1718 se
2538 1657 3121 1730 frateniitatisjvestrie
3155 1670 3422 1738 sagacitas

1859 1748 2074 1815 habeat,
2108 1758 2167 1804 ut
2196 1767 2296 1807 nec
2329 1753 2385 1806 in
2428 1754 2673 1809 dextram
2715 1771 2816 1812 nec
2856 1757 2909 1811 in
2944 1758 3422 1852 Izevam‘declinct,

1862 1839 1956 1893 sed
1980 1853 2046 1893 ex
2075 1848 2306 1910 utroque
2337 1859 2504 1897 unum
2530 1843 2735 1900 faciens
2755 1863 2924 1901 unum
2940 1839 3424 1918 temperamentum

1858 1928 2093 1986 medium
2125 1932 2412 1988 salubriter
2442 1942 2641 1989 teneat.
2678 1944 2682 1948 '

2333 2063 2670 2120 EPISTOLA
2705 2065 2941 2124 XXXIII.

2137 2193 2204 2230 AD
2243 2193 2524 2234 ROBER'I’UI
2561 2195 2796 2234 (20111⁸1331
2826 2199 3118 2237 ιἰιλκωὶιάζ.

2463 2269 2624 2324 Anno
2653 2270 2837 2342 1081.)

1863 2367 2238 2453 ισῃοπὶιέῇω
2263 2381 2426 2453 verbis
2463 2398 2580 2452 qua:
2607 2383 2854 2436 adversus
2884 2387 3226 2453 apostolicam
3251 2389 3422 2442 sedem

1920 2448 2268 2525 gustaverat:
2307 2448 2492 2506 deinde
2531 2453 2718 2522 repetit
2754 2471 2814 2507 ea
2846 2448 2962 2524 qua:
3004 2457 3062 2508 in
3110 2459 3422 2525 prwcedcn.‘i

1930 2519 2154 2616 epistpm
2185 2519 2416 2572 dixerat.

1930 2625 2236 2684 Caesonius
2267 2631 2576 2700 episcopus,
2620 2648 2810 2689 servus
2846 2647 3126 2689 servorum
3157 2632 3272 2700 Dei,
3316 2634 3424 2690 Ilo-

1863 2733 2034 2773 usuro
2068 2719 2304 2789 glorioso
2353 2722 2539 2775 comiti
2575 2721 2913 2791 Flandrensi,
2947 2725 3173 2781 salutem
3202 2735 3256 2779 et
3294 2741 3426 2796 apo-
3495 2733 3502 2737 '

1865 2809 2111 2864 stolicam
2139 2809 2592 2867 benedictionem.

1935 2895 2135 2950 Locuta
2173 2907 2254 2952 est
2279 2899 2560 2966 prudentia
2600 2908 2692 2953 tua
2725 2899 2778 2953 in
2809 2900 3001 2955 litteris
3031 2901 3144 2955 suis
3173 2901 3426 2971 apostoli-

1864 2999 1940 3038 cae
1963 2984 2076 3038 sedi
2099 2985 2346 3053 quaedam
2391 2985 2532 3039 sicut
2576 3001 2685 3039 non
2733 2987 2952 3040 decuit:
2982 3003 3104 3055 quae
3148 3003 3248 3042 nos
3295 3003 3426 3043 sane

1866 3074 2142 3144 cupientes
2169 3075 2222 3127 in
2253 3083 2437 3130 sancta
2483 3065 2718 3130 Ecclesia
2744 3085 2794 3130 te
2836 3092 3177 3144 conservare,
3205 3094 3428 3148 suppor-

1870 3174 2049 3219 tamus
2073 3165 2270 3230 adhuc,
2295 3174 2348 3219 et
2375 3163 2604 3240 libenter
2633 3165 2986 3236 ignoscimus,
3009 3167 3074 3221 de
3116 3167 3426 3224 misericor—

1867 3256 1956 3310 dia
1998 3255 2180 3310 divina
2221 3264 2500 3324 sperantes
2528 3257 2674 3325 quod
2709 3266 2977 3311 eteorum
3021 3257 3113 3326 qui
3161 3259 3254 3311 tibi
3298 3259 3426 3312 talia

1867 3353 2250 3412 persuaserunt
2266 3343 2612 3411 imperitiam,
2633 3353 2686 3398 et
2708 3361 2875 3400 sacra:
2897 3343 3153 3400 Romana:
3175 3346 3429 3400 Ecclesia:

1867 3433 2241 3486 auctoritatem
2263 3441 2315 3485 et
2347 3431 2749 3499 discretionem,
2784 3435 3108 3504 quandoque
3141 3447 3430 3504 praesenta-

1867 3522 1982 3577 neis
2041 3522 2291 3576 affatibus
2353 3523 2720 3578 ostendemus.
2771 3523 3003 3579 Proinde
3051 3542 3213 3595 super
3260 3545 3427 3584 causa

1869 3613 2140 3667 Lamberti
2181 3613 2308 3668 dicti
2346 3613 2744 3693 Tervannensis
2797 3615 3036 3686 episcopi
3089 3618 3214 3672 licet
3257 3621 3430 3675 multo

1867 3706 2023 3759 aliter
2073 3722 2131 3761 se
2168 3707 2331 3760 verba
2363 3705 2844 3761 ‘Tervannensium
2902 3708 3224 3763 clericorum
3264 3727 3427 3780 quam

1865 3796 2055 3850 littera:
2085 3805 2189 3850 tute
2223 3797 2518 3852 nobilitatis
2562 3798 2874 3863 habuerint;
2925 3809 3103 3853 tamen
3135 3802 3262 3869 quia
3317 3817 3451 3855 non'

1865 3885 2086 3938 dubium
2109 3896 2191 3941 est
2217 3902 2377 3956 posse
2408 3887 2678 3941 interdum
2715 3889 2954 3958 subrepi,
2980 3906 3098 3943 eam
3128 3890 3424 3948 secundum
3489 3957 3494 3961 _

1865 3985 2049 4030 votum
2076 3986 2226 4030 tuum
2251 3978 2619 4032 retractationi
2642 3979 2968 4048 delegamus.
2996 3979 3148 4044 Quod
3184 3979 3421 4045 quidem,

1869 4074 1926 4120 ut
1949 4075 2212 4136 quantum
2256 4068 2509 4123 decenter
2537 4084 2850 4137 possumus,
2892 4079 2985 4121 tuo
3027 4068 3293 4122 desiderio
3321 4084 3422 4121 an-

1867 4173 2177 4222 nueremus,
2231 4159 2309 4210 sic
2353 4159 2714 4226 peragendum
2759 4158 3108 4232 providimus.
3156 4158 3424 4222 Quoniam

1866 4245 2239 4316 Lugdunensis
2281 4247 2717 4316 archiepiscopus
2756 4242 3028 4318 (quamvis
3077 4249 3143 4303 de
3183 4264 3248 4302 eo
3293 4249 3426 4304 satis

1865 4336 2154 4407 conﬁdam)
2183 4339 2335 4393 vobis
2368 4346 2653 4407 suspectus
2677 4347 2779 4403 est,
2809 4354 2874 4392 ne
2919 4339 3158 4408 suspicio
3199 4355 3425 4408 prorsus

1868 4429 2110 4484 ordinem
2144 4445 2324 4484 rerum
2360 4431 2565 4485 utiliter
2587 4413 2946 4500 gerendarum
2994 4430 3264 4497 impediat,
3295 4445 3422 4497 gra-

181 4521 417 4594 grandis
448 4527 552 4586 est,
574 4529 629 4574 ct
661 4507 1020 4588 diligentioris
1049 4528 1169 4587 eget
1204 4519 1592 4588 inquisitionis,
1624 4535 1763 4588 prai-
1797 4557 1840 4609 Β
1868 4534 1986 4573 vein
2009 4527 2063 4573 et
2095 4519 2357 4573 illustrem
2386 4519 2560 4572 virum
2596 4518 3004 4571 Cluniacensem
3045 4517 3292 4570 abbatcin
3318 4517 3423 4570 sibi

181 4611 430 4680 cipimus
458 4619 520 4665 ut
539 4611 920 4679 episcoporum
940 4617 994 4660 et
1017 4609 1272 4661 abbatum
1304 4610 1642 4678 aliorumque
1678 4627 1764 4663 re~

181 4699 518 4769 Iigiosorum
545 4699 787 4752 virorum
825 4698 1116 4751 concilium
1160 4715 1472 4769 congreges.
1518 4700 1585 4752 Et
1627 4716 1765 4767 quo-

183 4791 346 4844 niam
367 4798 668 4844 memorato
685 4787 956 4858 episcopo,
981 4797 1202 4857 propter
1229 4795 1405 4857 regem
1428 4788 1762 4842 Francorum

185 4881 352 4954 quia
386 4889 436 4935 te
456 4881 703 4944 dissidet,
738 4875 1025 4950 suspectus
1053 4895 1133 4945 es,
1171 4879 1443 4933 associato
1486 4878 1583 4932 tibi
1614 4895 1766 4932 vene—

185 4971 361 5029 rabili
389 4972 582 5026 abbate
617 4961 963 5026 Cluniaécnsi
990 4971 1130 5024 idem
1154 4971 1427 5040 negotium
1462 4969 1682 5024 uberius
1704 4986 1767 5023 ac

189 5063 458 5120 solertius
482 5069 702 5115 tractes.
737 5059 853 5125 Qua
876 5060 942 5112 de
966 5075 1021 5112 re
1041 5075 1141 5131 nos
1164 5062 1238 5114 ita
1257 5062 1370 5128 jam
1406 5076 1549 5114 nunc
1579 5076 1769 5115 cense—

191 5171 349 5218 mus,
393 5154 438 5207 si
480 5150 838 5222 depositionis
889 5149 1033 5204 illius
1069 5152 1371 5205 certissime
1414 5167 1578 5205 causa
1621 5153 1768 5218 justa

189 5253 612 5313 comprc'Iatur,
639 5252 692 5296 et
727 5241 1085 5312 peremptoria
1112 5241 1166 5294 in
1194 5258 1318 5296 eum
1350 5243 1616 5298 sententia
1642 5243 1765 5295 data

189 5341 572 5403 cognoscunt
615 5335 726 5401 ipse
751 5335 819 5388 ab
854 5334 1165 5402 episcopatu
1192 5348 1414 5387 cessans
1443 5341 1640 5387 sancta:
1666 5331 1768 5385 Ec—

132 5433 140 5447 ‘
190 5419 385 5480 clcsiae
413 5420 680 5490 judicium
708 5419 862 5477 ferat.
898 5423 992 5477 Sin
1028 5431 1208 5476 autem
1233 5437 1291 5474 se
1326 5423 1406 5475 vel
1452 5422 1648 5488 injuste
1674 5422 1768 5474 de~

189 5514 442 5586 positum
467 5510 602 5564 filis:
623 5525 656 5572 ι,
677 5511 760 5564 vel
783 5515 1094 5583 synodalem
1115 5512 1451 5566 vocationem
1474 5511 1768 5565 nescivisse

189 5602 497 5659 defendere
531 5601 782 5667 (iuuerit,
816 5605 1020 5676 integre
1047 5605 1161 5658 suis
1187 5615 1238 5656 et
1266 5604 1425 5657 rebus
1447 5613 1495 5655 et
1525 5602 1768 5671 dignitati

190 5693 533 5749 restituatur
567 5710 579 5742 :
620 5695 800 5759 sicque
831 5698 1080 5764 deincvps
1118 5697 1393 5753 canonice.
1434 5695 1476 5745 si
1510 5709 1613 5761 qua
1649 5694 1766 5744 fue-

190 5784 312 5844 rint
377 5781 590 5851 Oltjt‘Ltu
648 5782 764 5846 sibi,
813 5789 1150 5853 i'e'~+ponl._lc;it.
1212 5788 1543 5854 Qtl'lCUIlqlll.‘
1593 5795 1769 5836 tamen

1865 4610 2132 4664 associare
2160 4608 2488 4662 censuimus.
2517 4606 2701 4676 Itaque
2734 4607 3075 4675 praecipimus
3097 4616 3155 4661 ut
3193 4622 3421 4677 congre-

1864 4708 1989 4768 gato
2046 4696 2278 4751 concilio
2325 4712 2548 4750 causam
2612 4697 2783 4766 ipsius
2827 4698 3062 4768 episcopi
3116 4698 3424 4766 diligentius

1866 4788 2160 4866 eventilare
2193 4797 2512 4857 procurent;
2551 4789 2674 4843 etsi
2719 4790 2936 4858 quidem
2963 4787 3108 4857 juste
3145 4788 3424 4854 depositus

1819 4921 1822 4925 .
1867 4879 2035 4933 fuisse
2067 4880 2450 4949 comprobatus
2475 4879 2653 4944 fuerit,
2679 4879 3046 4946 acquiescens,
3065 4877 3267 4930 saniori
3291 4893 3425 4931 eon-

1869 4972 1990 5025 silio
2011 4981 2214 5036 cesset;
2246 4971 2330 5023 sin
2361 4979 2538 5023 autem
2571 4969 2651 5021 vel
2675 4966 2899 5020 omnino
2928 4967 3148 5036 injuste,
3172 4969 3253 5021 vel
3285 4985 3443 5038 pne--

1873 5077 2095 5131 propere
2129 5063 2372 5114 addictus
2393 5073 2513 5112 esse
2536 5058 2787 5126 patuerit,
2821 5059 2982 5114 rebus
3014 5068 3066 5113 et
3089 5061 3292 5113 honore
3324 5075 3426 5112 suo

1872 5159 2083 5217 recepto
2106 5151 2456 5213 instauretur,
2482 5164 2546 5202 ac
2579 5149 2773 5204 deinde
2794 5151 3073 5214 canonice,
3098 5151 3144 5204 si
3179 5165 3285 5217 qua
3321 5150 3425 5202 sibi

1870 5239 2068 5291 fat-rint
2140 5238 2368 5306 objecta,
2441 5239 2778 5306 respondeat.
2861 5237 3192 5306 Quocunque
3243 5246 3427 5291 tamen

1873 5331 2033 5383 modo
2079 5331 2353 5400 synodalis
2417 5344 2541 5396 erga
2591 5329 2905 5397 dignitatem
2949 5329 3116 5398 ipsius
3162 5329 3427 5382 sententia

1876 5421 2199 5488 provenerit,
2229 5420 2493 5488 jussimus
2520 5427 2578 5469 ut
2605 5417 2678 5470 illi
2701 5420 2793 5488 qui
2817 5419 3081 5473 diabolica
3103 5415 3282 5470 furore
3305 5431 3429 5473 suc-

1876 5515 2023 5564 (:ensi
2047 5527 2158 5564 rem
2189 5519 2296 5562 tam
2321 5523 2537 5576 gravem
2567 5517 2621 5563 et
2668 5509 2930 5563 nefariam
2974 5508 3026 5560 in
3077 5507 3194 5575 ejus
3244 5523 3431 5575 perso-

1879 5618 2004 5653 ram
2055 5607 2399 5667 patraverunt
2440 5599 2837 5666 quamprimum
2879 5607 3321 5650 commoueantur
3375 5610 3429 5649 ut

1879 5691 2229 5743 satisfaciant.
2261 5689 2313 5740 Si
2341 5705 2467 5743 vero
2499 5691 2562 5743 ad
2605 5691 2877 5742 cumulum
2930 5689 3268 5754 iniquitatum
3312 5706 3429 5740 sua.-

1881 5798 1998 5835 l'llIIl
2026 5783 2316 5848 tenuerint,
2347 5781 2683 5844 mandamus,
2709 5790 2816 5831 tam
2858 5796 2909 5831 tu
2953 5796 3041 5831 cm
3090 5793 3248 5846 quam
3283 5789 3332 5830 et
3374 5779 3422 5828 in
