3952 6414
467 516 567 569 δδδ

1096 509 1152 563 s.
1194 505 1518 563 cnseonu
1558 501 1648 557 vn
1687 497 1887 555 escas
1926 489 2208 551 oesneu
2246 486 2426 543 rans
2462 484 2501 539 ι.
2549 515 2614 526 -
2651 446 3072 536 ncolsrnuu.

3596 466 3711 524 656

467 633 725 693 tzmtores,
751 624 1149 681 contumaciam
1173 624 1415 691 ipsorum
1443 615 1805 672 anatlicmatis
1848 609 2026 683 gladio
2056 610 2101 664 Α
2127 598 2398 675 [linguae]
2430 594 2775 693 Lu'gdunensi
2800 590 3207 693 archiepiscopo
3235 592 3289 640 et
3309 584 3419 688 Α.
3454 577 3714 655 [Amata]

467 718 841 777 atiitttadverti.
873 715 1028 781 Quod
1066 729 1192 768 cum
1226 711 1389 765 fuerit
1426 726 1488 762 ea
1542 723 1673 761 cura
1718 720 1824 773 qua
1877 703 2030 756 decet

470 814 769 883 impletum,
805 819 934 863 tunc
968 806 1161 861 deinde
1191 801 1461 871 oportebit
1483 797 1856 853 excellentiam
1880 804 2030 847 tuam

472 902 767 956 Ecelesiam
791 897 1067 968 adjuvare,
1094 905 1147 948 et
1170 892 1341 961 ipsius
1379 890 1658 958 injuriam,
1700 887 1841 940 sicut
1881 885 2033 938 decet

469 994 837 1047 Christianum
866 990 1186 1060 principem,
1210 985 1516 1040 defendere.
1556 981 1707 1036 Sicut
1733 988 1912 1033 autem
1936 992 2034 1030 vo-

472 1084 654 1138 lumus
704 1082 1025 1137 industriam
1081 1089 1229 1135 tuam
1287 1078 1342 1130 in
1400 1078 1502 1129 hec
1549 1072 1767 1142 negotio
1813 1068 2036 1138 jnstitia:

473 1187 713 1227 amorem
750 1171 967 1234 habere,
1006 1170 1078 1223 ita
1109 1182 1324 1238 quoque
1358 1175 1409 1219 et
1445 1165 1498 1217 in
1521 1177 1687 1215 causa
1717 1169 2034 1214 cancrorum

472 1261 795 1315 clericorum
822 1269 875 1312 et
910 1260 1194 1321 laicorum,
1218 1255 1312 1324 qui
1357 1253 1599 1307 membra
1638 1258 1764 1303 sunt
1794 1247 2036 1317 ejusdem

475 1352 749 1418 Ecclesiae,
764 1363 833 1409 .te
853 1340 1161 1420 aequitatem
1196 1360 1411 1403 servare
1463 1338 1770 1406 monemus,
1801 1351 1854 1394 et
1889 1352 2040 1407 roga-

476 1457 598 1497 mus
624 1452 681 1497 ut
712 1444 873 1497 rebus
910 1456 1099 1496 eorum
1134 1437 1375 1501 redditis,
1412 1435 1699 1504 deinceps,
1732 1433 1776 1486 si
1811 1428 1941 1502 quid
1975 1428 2042 1483 de

475 1533 554 1587 eis
585 1532 933 1588 statuendum
961 1540 1064 1595 est,
1088 1528 1388 1583 secundum
1417 1524 1687 1594 justitiam
1718 1520 2037 1577 dittiniatur.

963 1647 1294 1705 EPlSTOLA
1325 1645 1577 1700 XXXIV.

1026 1758 1093 1796 AD
1134 1753 1517 1794 FLASDRKSSES.

1063 1832 1243 1901 (Anno
1284 1828 1464 1897 l08l.)

477 1922 608 1978 Cum
642 1923 984 1977 Flandreusis
1016 1938 1205 1985 (ornes,
1233 1929 1284 1973 et
1312 1918 1762 1972 exrornmunieato
1800 1923 1852 1969 et
1888 1913 2045 1981 depo-

551 1996 649 2049 sito
674 1992 1017 2048 Tert'mmensi
1046 1993 1188 2044 dicto
1216 1990 1453 2059 episcopo
1485 1987 1681 2055 favens,
1708 2002 1811 2059 una
1842 2000 1957 2059 cum
1982 2000 2041 2036 eo

542 2066 599 2118 'iu
628 2064 900 2117 ecclesiam
935 2055 1339 2115 TerruuneuSem
1367 2055 1585 2127 e‘lfrarto
1615 2056 1749 2109 ostio
1779 2055 2040 2127 irruisset,

551 2149 610 2187 er
639 2149 741 2202 qua
777 2123 1785 2202 Tert'aunensiscunctardeprtndatus,
1827 2123 2042 2202 clericos

550 2192 681 2260 alios
710 2202 1089 2266 rulnerarerut,
1117 2199 1250 2252 alios
1281 2192 1549 2259 semiviros
1564 2196 1804 2266 ejecerat,
1835 2202 1883 2244 et
1911 2192 2044 2266 alios

553 2273 647 2327 sibi
684 2262 1086 2324 contmmtirure'
1130 2268 1360 2321 nolentes
1401 2282 1433 2318 α
1482 2266 1673 2317 comite
1731 2264 1879 2315 rebus
1937 2262 2046 2313 suis

551 2343 779 2408 privatos
818 2357 845 2393 e
873 2341 1073 2392 ditioue
1101 2355 1196 2390 sua
1234 2336 1423 2407 expelli
1465 2336 1679 2403 fecerat,
1715 2333 1952 2408 principi!
1993 2340 2046 2383 ut

556 2402 701 2464 illum
730 2410 978 2462 adeumes
1000 2418 1225 2477 arguunt
1260 2402 1693 2477 nioneautque’ut
1755 2402 2047 2469 resipiscat,

554 2480 963 2533 'lervmmmscm
996 2496 1027 2531 α
1051 2474 1104 2531 se
1137 2476 1352 2546 repellat
1400 2485 1447 2528 et
1504 2474 1937 2546 clericosejertos
1971 2486 2050 2546 re:

552 2552 761 2604 :tituat.
799 2547 949 2611 Quod
980 2549 1082 2599 nisi
1105 2539 1364 2614 paruerit,
1391 2561 1529 2601 eum,
1560 2552 1609 2595 et
1647 2539 1939 2611 quicunque
1966 2539 2051 2592 illi

550 2619 853 2681 udimscrit,
888 2617 1396 2670 cxcommunirutum
1418 2614 1672 2665 declarat.

554 2718 861 2773 Gnnconu’s
883 2718 1171 2787 episcopus
1215 2731 1405 2768 servus
1441 2727 1719 2768 servorum
1754 2710 1846 2764 Dei

481 2807 859 2861 Catneracensi
874 2808 1127 2875 episcOpo
1144 2805 1203 2857 lt.
1216 2846 1228 2857 .
1240 2803 1276 2875 .[
1288 2798 2004 2871 Rneonojhviomensiﬁ.
2015 2839 2027 2851 .
2038 2839 2051 2851 .

482 2893 791 2967 IRORICONI]
818 2894 1192 2958 Ambiauensi,
1220 2902 1272 2945 et
1299 2890 1553 2946 munibus
1586 2888 1949 2944 Ecclesiarum
1973 2900 2057 2940 re-

484 2987 726 3041 ctoribus
751 2996 913 3055 atque
938 2984 1274 3055 principibus
1308 2982 1361 3035 in
1390 2979 1645 3035 Flandria
1688 2978 1792 3032 sub
1821 2976 2059 3030 Roberto

487 3076 681 3129 r-olnite
722 3075 1061 3130 nobilissimo
1111 3071 1491 3134 militantibus,
1540 3069 1769 3124 salutem
1826 3076 1884 3121 et
1930 3079 2062 3135 apo-

486 3166 729 3223 stolicam
758 3165 1204 3227 benedictionem,
1231 3162 1277 3215 si
1301 3160 1618 3215 obedierint.

483 3268 487 3277 '
556 3254 777 3310 Noverit
801 3254 1042 3309 charitas
1064 3239 1311 3305 amnium
1363 3257 1626 3313 vestrum,
1666 3245 1862 3300 fratres
1882 3251 1935 3298 et
1966 3241 2061 3296 lilii

488 3346 819 3410 cbarissimi,
849 3345 1128 3413 quoniam,
1155 3343 1277 3397 licet
1302 3349 1614 3411 peccatores
1654 3346 1706 3392 et
1749 3336 1817 3391 ad
1846 3345 2056 3390 tantum

490 3454 632 3491 unus
666 3436 991 3506 portandum
1019 3436 1258 3504 impares
1281 3433 1475 3494 simus,
1497 3439 1679 3483 tamen
1708 3442 1839 3482 cura
1872 3435 1926 3480 et
1950 3424 2060 3478 sol—

492 3528 716 3583 licitudo
761 3526 1004 3580 omnium
1065 3523 1431 3589 Ecclesiaru‘m
1477 3518 1727 3589 parvitati
1788 3524 1989 3572 nostra;
2029 3530 2061 3568 a

494 3620 605 3674 Deo
627 3618 919 3680 commissa
971 3626 1073 3673 est.
1113 3615 1377 3669 Dominus
1422 3611 1569 3665 enim
1612 3609 1772 3664 .lesus
1810 3606 2061 3661 Christus

496 3712 714 3767 beatum
741 3709 959 3763 Petrum
986 3705 1269 3762 constituit
1315 3702 1615 3771 principem
1669 3699 2060 3768 apostolorum,

494 3805 632 3858 dans
662 3802 710 3857 ei
733 3802 911 3857 claves
935 3800 1086 3870 regni
1112 3798 1396 3859 caelorum,
1423 3804 1473 3849 et
1506 3802 1824 3865 potestatem
1861 3791 2062 3862 ligandi

496 3903 548 3948 ct
574 3893 814 3948 solvendi
848 3892 903 3946 in
933 3890 1073 3946 coelo
1094 3898 1148 3943 et
1188 3888 1240 3941 in
1285 3898 1426 3941 terra
1454 3904 1467 3950 ;
1496 3899 1656 3954 super
1690 3898 1851 3954 quem
1900 3881 2062 3937 etiam

498 3984 794 4037 Ecclesium
826 3997 983 4035 suam
1007 3978 1293 4035 aediﬁcavit
1342 3975 1559 4043 (Matth.
1596 3976 1730 4043 XVI),
1762 3964 2065 4045 commen-

498 4075 634 4128 dans
663 4074 712 4127 ei
750 4088 878 4128 oves
922 4087 1051 4126 suas
1090 4068 1393 4139 pascendas
1441 4065 1619 4135 (Joan.
1663 4066 1818 4135 xvn),
1860 4078 1925 4118 ex
1956 4078 2067 4132 quo
2092 4117 2105 4123 _,

499 4174 740 4231 tempore
764 4162 1107 4231 principatus
1128 4160 1215 4212 ille
1243 4167 1294 4212 et
1319 4164 1559 4225 potestas
1594 4169 1689 4224 per
1714 4154 1932 4208 beatum
1963 4151 2065 4207 Pe-

499 4266 643 4310 trum
679 4256 939 4309 successit
971 4253 1224 4306 omnibus
1249 4266 1404 4303 suam
1432 4249 1744 4303 cathedram
1768 4245 2068 4315 suscipien-

501 4346 665 4408 tibus,
697 4344 779 4397 vcl
818 4359 988 4412 usque
1014 4341 1067 4394 in
1096 4340 1256 4393 liuent
1294 4337 1482 4391 mundi
1514 4337 1847 4406 suscepturis
1887 4334 2071 4388 divino

503 4433 784 4503 privilegio
806 4441 858 4485 et
875 4432 997 4499 jure
1017 4427 1381 4483 luereditario.
1408 4426 1486 4481 Ex
1510 4428 1666 4497 cujus
1691 4425 1834 4482 sedis
1856 4437 2072 4479 succes—

503 4525 655 4577 sione
670 4521 915 4575 imminet
929 4519 1086 4573 nobis
1099 4518 1391 4572 inevitabili
1407 4519 1728 4571 necessitate
1746 4525 1805 4570 ut
1818 4515 2073 4571 omnibus

2130 692 2384 761 episcopo
2406 688 2463 741 in
2488 684 2746 740 Meldensi
2786 681 3020 738 concilio
3066 676 3563 739 excommunicato,
3584 680 3713 725 tum

2132 797 2228 852 pro
2258 780 2381 835 aliis
2406 776 2649 848 nefariis,
2674 784 2788 829 tum
2814 787 2913 842 pro
2934 785 2999 825 eo
3019 769 3166 839 quod
3187 766 3427 838 quinque
3470 762 3715 818 clericos

2131 850 2199 925 ad
2233 869 2534 922 Romanam
2558 863 2824 935 synodum
2844 861 2942 926 ire,
2969 868 3024 913 et
3047 858 3112 913 de
3134 856 3342 911 malitia
3362 854 3481 924 ejus
3512 850 3714 933 queri-

2133 960 2372 1015 moniam
2396 957 2634 1012 volentes
2657 954 2854 1020 facere,
2875 952 3126 1022 captione
3153 949 3391 1020 pessima
3416 945 3633 1010 afﬂixit,
3657 950 3719 998 et

2133 1053 2278 1123 quod
2312 1053 2378 1106 de
2400 1048 2641 1105 Ecclesia
2665 1062 2763 1102 sua
2790 1043 3109 1098 canonicam
3130 1040 3471 1109 disciplinam
3493 1036 3717 1114 evitans

2135 1148 2253 1201 sine
2279 1144 2499 1198 licentia
2524 1140 2785 1209 fugitivus
2808 1136 2999 1190 evasit.
3033 1132 3091 1187 in
3123 1147 3231 1202 qua
3266 1124 3721 1184 excommunica—

2136 1237 2301 1299 tione,
2331 1232 2583 1288 hteretica
2608 1227 2871 1298 pravitate
2896 1240 2954 1279 se
2977 1222 3103 1278 fecit
3125 1222 3195 1276 ab
3224 1217 3496 1289 episcopis
3524 1213 3721 1269 ofﬁcio

2139 1320 2240 1381 suo
2261 1322 2543 1393 suspensis
2565 1314 2899 1405 consecrari,
2922 1314 3033 1367 imo
3068 1310 3251 1382 potius
3271 1305 3547 1363 exsecrari
3584 1304 3719 1358 dia-

2139 1430 2351 1479 conem,
2375 1393 2770 1483 presbyterum,
2806 1405 3141 1474 episcopum.
3189 1396 3392 1452 Deinde
3439 1393 3725 1448 hostiliter

2139 1517 2193 1563 et
2225 1513 2431 1561 armata
2461 1515 2646 1564 manu,
2671 1484 2868 1553 comite
2896 1492 3129 1547 Roberto
3161 1503 3288 1544 cum
3330 1485 3572 1543 exercitu
3628 1497 3726 1538 se—

2143 1612 2265 1653 cum
2293 1603 2477 1657 eunte,
2514 1590 2580 1645 ad
2615 1590 2785 1658 ipsam
2817 1584 3089 1639 civitatem
3112 1591 3364 1649 pergens,
3390 1582 3579 1646 portas
3619 1586 3725 1626 ec-

2143 1685 2340 1752 clesize,
2371 1697 2510 1752 quas
2530 1679 2582 1734 ei
2606 1679 2785 1733 clerus
2818 1683 2874 1728 et
2906 1671 3141 1743 populus
3180 1666 3509 1729 obcluserat,
3545 1662 3604 1716 in
3636 1676 3730 1716 se-

2144 1773 2261 1830 curi
2280 1782 2333 1827 et
2359 1751 2504 1827 ascia
2535 1778 2590 1824 et
2624 1767 2748 1823 aliis
2769 1762 3042 1819 violentiis
3072 1757 3263 1816 incidit
3301 1763 3464 1825 atque
3494 1751 3726 1809 confre-

2148 1866 2241 1936 git.
2269 1863 2499 1918 Crucem
2517 1872 2737 1929 quoque
2760 1864 2813 1910 et
2827 1852 3116 1923 imaginem
3129 1845 3449 1910 Saluatoris,
3472 1842 3751 1925 libellum‘

2076 1950 2117 2005 Β
2144 1950 2625 2010 contradictorium
2678 1955 2803 2002 ante
2863 1943 3011 2014 ipsas
3050 1949 3237 2010 portas
3288 1937 3509 1991 clausas
3549 1946 3727 1987 manu

2143 2047 2361 2101 dextera
2406 2042 2513 2097 sibi
2554 2038 2710 2109 quasi
2734 2032 3061 2107 porrigentis
3085 2038 3143 2085 et
3168 2026 3315 2098 velut
3354 2040 3448 2079 ore
3496 2020 3733 2094 proprio

2144 2139 2445 2207 ingressum
2467 2131 2707 2188 ecclesize
2744 2127 2848 2183 sibi
2874 2118 3319 2184 eontradicentis,
3348 2117 3422 2171 ita
3454 2112 3734 2170 diabolioe

2145 2205 2369 2296 apertis
2404 2220 2669 2277 abstraxit
2713 2227 2773 2273 ut
2798 2218 3074 2271 dexteram
3111 2224 3335 2266 manum
3367 2205 3540 2278 (quod
3583 2219 3733 2258 nun—

2145 2291 2309 2387 q-iam
2333 2324 2489 2369 antea
2515 2310 2747 2382 legimus
2771 2315 2864 2360 aut
2884 2302 3192 2359 audivimus
3219 2298 3443 2365 factum)
3471 2295 3547 2349 illi
3571 2291 3738 2347 evul-

2147 2381 2296 2470 sei'it,
2325 2407 2513 2474 sicque
2538 2381 2664 2457 cum
2699 2397 2904 2453 lanceis
2924 2405 2978 2450 et
3000 2392 3196 2464 gladiis
3222 2386 3525 2458 evaginatis
3553 2381 3646 2437 fur
3676 2392 3739 2437 et

2148 2500 2286 2552 latro
2308 2498 2638 2563 irrumpens,
2671 2489 2809 2545 alios
2854 2485 3179 2541 clericorum
3224 2476 3548 2539 vulneravit,
3588 2470 3739 2527 alios

2149 2588 2437 2643 semivi‘vos
2485 2582 2710 2652 fugavit,
2755 2577 3109 2644 omniumque
3164 2570 3269 2626 sibi
3316 2562 3738 2623 communicare

2153 2677 2451 2733 nolentium
2506 2675 2699 2729 domos
2746 2667 2967 2736 diripuit
3009 2673 3174 2732 atque
3218 2656 3489 2715 distraxit.
3540 2652 3737 2722 ipsum

2152 2786 2283 2825 vero
2315 2768 2568 2823 comitem
2593 2763 2649 2817 in
2673 2768 2883 2816 tantum
2925 2753 3137 2811 seduxit
3180 2760 3242 2805 ut
3276 2762 3468 2804 omnes
3499 2741 3740 2798 clericos

2156 2860 2260 2915 sibi
2282 2856 2503 2911 obedire
2521 2854 2767 2909 nolentes
2788 2847 3045 2904 omnibus
3067 2842 3230 2899 bonis
3250 2840 3493 2911 privatos
3522 2834 3592 2889 de
3617 2841 3742 2886 tota

2157 2960 2299 3005 terra
2328 2963 2425 3002 sua
2448 2944 2690 3015 eiecerit,
2715 2950 2770 2997 et
2786 2941 2924 2995 duas
2943 2936 3203 3006 epistolas
3228 2938 3450 2986 nostras
3486 2936 3602 2981 tam
3627 2939 3733 2980 su-

2158 3041 2321 3112 perbe
2344 3036 2626 3109 spreverit,
2647 3042 2708 3089 ut
2740 3028 3093 3103 portitor-ibus
3119 3036 3308 3080 earum
3330 3015 3739 3075 contumeliosa

2160 3104 2324 3184 verba
2346 3104 2400 3183 et
2418 3134 2569 3182 tanto
2600 3121 2831 3196 principi
2852 3119 3081 3175 multum
3105 3112 3326 3184 indigna
3350 3104 3663 3181 protulerit.

2238 3218 2369 3287 Quae
2393 3218 2574 3272 omnia
2602 3194 2869 3286 quantum
2902 3205 3213 3279 apostolica:
3246 3202 3391 3258 sedis
3422 3194 3755 3254 reverentia:

2089 3290 2128 3345 C
2164 3286 2277 3367 sint
2307 3307 2667 3365 intolerabilia
2695 3313 2750 3359 et
2786 3299 3113 3358 Christianae
3158 3290 3408 3363 religioni
3436 3286 3745 3350 contraria,

2160 3406 2205 3458 si
2226 3403 2394 3457 Deum
2415 3397 2808 3466 timetis,cique
2828 3392 3101 3448 hominem
3112 3401 3223 3442 non
3242 3378 3577 3455 prreponitis,
3603 3377 3751 3431 satis

2159 3493 2407 3565 intelligit
2436 3490 2700 3547 industria
2724 3495 2924 3543 vestra.
2947 3481 3054 3537 Pro
3092 3478 3291 3550 quibus
3321 3472 3751 3539 omnibuspraa-

2160 3588 2271 3644 fato
2294 3584 2480 3641 comiti
2500 3577 2897 3637 exhortatorias
2918 3582 2974 3628 et
2994 3566 3390 3640 deprecatorias
3409 3576 3556 3616 nunc
3579 3558 3753 3615 tertio

2161 3676 2483 3747 scripsimus
2499 3675 2732 3738 litteras,
2755 3676 2816 3723 ut
2835 3660 3155 3720 Antichristi
3178 3655 3481 3714 membrum
3503 3651 3750 3721 amplius

2162 3741 2617 3823 non-sustentaret
2644 3775 2820 3832 neque
2840 3756 3067 3820 foveret,
3097 3750 3190 3808 sed
3215 3745 3393 3818 magis
3416 3744 3484 3799 de
3505 3741 3751 3832 ecclesia

2161 3873 2420 3929 oppressa
2442 3856 2605 3912 citius
2648 3831 2991 3923 prepelleret,
3034 3851 3090 3899 et
3129 3838 3340 3896 clericis
3389 3849 3489 3906 pro
3523 3831 3750 3903 justiti:

2162 3925 2423 4005 casulatis
2449 3946 2633 4002 omnia
2656 3931 2759 3999 sibi
2784 3938 2963 3995 ablata
2993 3935 3048 3990 in
3097 3933 3367 4002 integrum
3404 3925 3750 3988 restitueret,

2164 4050 2217 4096 et
2248 4039 2430 4095 omnia
2452 4039 2567 4092 hare
2610 4018 2753 4090 mala
2794 4027 3117 4100 corrigendo
3158 4024 3353 4094 dignos
3403 4016 3750 4089 poenitentiae

2167 4133 2375 4189 fructus
2402 4130 2603 4185 faceret
2638 4126 2780 4182 inl‘ra
2810 4121 3106 4178 terminum
3132 4114 3495 4187 quadraginta
3522 4110 3747 4165 dierum

2167 4233 2288 4295 post
2311 4223 2516 4276 litteras
2542 4227 2759 4273 nostras
2780 4213 2883 4269 sibi
2928 4219 3196 4273 ostensas,
3243 4204 3358 4259 sive
3410 4201 3750 4257 n‘otiﬁcatas.

2171 4292 2267 4369 Sin
2290 4322 2468 4368 autem
2494 4309 2657 4382 (quod
2694 4306 2855 4371 absit,
2893 4311 2947 4357 et
2984 4300 3131 4371 quod
3167 4297 3311 4351 Deus
3353 4292 3544 4365 procul
3587 4292 3661 4346 ab
3684 4307 3755 4345 eo

2171 4405 2428 4473 avertat!)
2461 4402 2649 4466 nollet,
2671 4395 2969 4454 secundum
2994 4390 3332 4460 Apostolum,
3375 4386 3469 4456 qui
3513 4384 3591 4438 ait
3618 4402 3630 4437 :
3682 4382 3753 4437 In

2173 4504 2415 4567 promptu
2438 4493 2681 4545 habentes
2705 4487 2890 4541 ulcisci
2936 4497 3139 4535 omnem
3182 4477 3592 4533 inobedientiam
3629 4473 3649 4539 (
3681 4473 3747 4526 11

502 4613 779 4682 oppressis
802 4611 1098 4665 debeamus
1129 4623 1285 4677 opem
1315 4607 1477 4673 ferre,
1500 4615 1553 4660 et
1586 4596 1776 4661 contra
1820 4605 2057 4658 inimicos

2177 4588 2298 4643 Cor.
2327 4587 2415 4654 x);
2444 4593 2497 4639 et
2519 4581 2646 4637 alibi
2680 4600 2693 4634 :
2724 4577 2784 4634 Si
2807 4577 2924 4649 quis
2948 4591 3049 4628 non
3073 4570 3325 4626 obedierit
3353 4567 3504 4621 verba
3539 4574 3750 4631 nostra,

504 4701 595 4753 Dei
621 4713 717 4768 pro
742 4697 1073 4751 defendenda
1096 4698 1327 4765 justitia,
1356 4710 1643 4766 quousque
1664 4702 2066 4758 convertantur,

504 4793 737 4860 Spiritus
758 4789 929 4844 sancti
965 4789 1160 4859 gladio,
1184 4790 1330 4857 quod
1362 4798 1444 4843 est
1468 4790 1690 4843 verbum
1716 4787 1811 4842 Dei
1849 4784 2065 4858 (Ephes.

504 4884 598 4939 γι),
628 4880 789 4931 etiam
822 4895 992 4947 usque
1022 4878 1087 4932 ad
1112 4887 1363 4943 mortem,
1388 4877 1433 4930 si
1455 4878 1777 4945 oportuerit,
1805 4889 2067 4946 pugnare.

508 4968 658 5023 l'nde
688 4969 939 5021 volumus
969 4984 1159 5022 omnes
1185 4983 1285 5023 vos
1312 4968 1452 5022 scire
1479 4969 1589 5021 Α...
1631 4966 2070 5021 archidiaconem

505 5059 942 5110 Tarvanneusem
980 5099 993 5121 ,
1033 5067 1085 5110 et
1118 5057 1233 5113 Μ...
1261 5058 1530 5119 abbatem,
1560 5066 1608 5109 et
1635 5054 1741 5109 L...
1765 5055 2071 5118 diae-onem,

507 5158 557 5200 et
589 5162 682 5215 per
702 5163 795 5200 eos
820 5148 1017 5200 multos
1053 5147 1371 5201 clericorum
1416 5148 1563 5201 illius
1605 5145 1879 5211 Ecclesite,
1916 5137 2074 5199 nubis

512 5236 913 5321 lacrymabilem
966 5236 1365 5307 querimoniam
1418 5235 1612 5290 fecisse
1662 5253 1825 5306 super
1874 5235 2075 5290 comite

513 5327 765 5388 llobcrto,
795 5342 952 5395 quem
990 5330 1214 5384 antehae
1248 5344 1346 5398 pro
1382 5328 1525 5381 bona
1554 5327 1697 5381 fama
1727 5341 1891 5397 quam
1937 5341 2078 5394 saepe

511 5418 576 5470 tle
610 5431 674 5470 eo
712 5416 1035 5480 audivlmus,
1063 5418 1201 5471 sicut
1232 5419 1400 5471 tilium
1424 5426 1669 5471 nostrum
1695 5414 2076 5470 charissimum

513 5518 565 5559 ct
589 5505 896 5571 dileximus,
914 5519 965 5562 et
992 5508 1060 5573 (si
1090 5507 1295 5561 monita
1317 5508 1508 5562 salutis
1530 5523 1640 5561 sua:
1662 5520 1772 5559 non
1795 5502 2076 5573 spreverit)

512 5597 733 5668 diligere
759 5594 1031 5662 volumus,
1055 5598 1283 5651 dicendo
1309 5597 1454 5666 quod
1487 5611 1581 5650 eos
1623 5596 1878 5648 omnibus
1917 5593 2078 5648 bonis

472 5755 478 5761 η
513 5687 628 5740 suis
650 5686 880 5741 nudatos
901 5688 966 5742 de.
997 5699 1137 5742 terra
1168 5706 1265 5743 sua
1288 5688 1505 5756 cjecerit
1532 5702 1628 5756 pro
1656 5702 1722 5739 eo
1744 5685 1888 5755 quod
1938 5698 2077 5754 prae—

512 5776 682 5844 ceptis
704 5778 1015 5847 apostolicis
1039 5778 1340 5832 obediendo
1362 5777 1654 5830 noluerunt
1677 5775 1890 5829 cuidam
1925 5772 2080 5826 Lam-

517 5870 667 5921 berto
691 5871 1149 5941 pscudoepiscopo
1175 5884 1203 5923 τι
1229 5868 1384 5921 nobis
1406 5876 1459 5921 et
1480 5883 1508 5920 a
1534 5868 1721 5934 legatis
1744 5866 1943 5919 nostris
1964 5863 2072 5917 ll...

2169 4695 2261 4749 per
2308 4673 2586 4747 epistolam
2645 4673 2780 4725 hunc
2827 4677 3004 4721 notate
3049 4673 3100 4718 et
3149 4680 3253 4716 non
3298 4657 3750 4729 commisceonzim

2172 4748 2288 4823 cum
2330 4767 2445 4834 illo,
2485 4774 2542 4820 ut
2602 4761 2959 4831 confundatur
2989 4758 3006 4825 (
3032 4753 3101 4808 Π
3130 4753 3307 4806 Thess.
3368 4751 3486 4820 ix);
3537 4757 3593 4801 et
3637 4748 3754 4804 alio

2172 4864 2292 4917 loco
2318 4879 2329 4914 :
2356 4860 2572 4927 Auferte
2606 4853 2805 4907 malum
2833 4867 2897 4905 ex
2953 4845 3376 4913 t'obismetipsis(
3411 4839 3476 4893 11
3511 4838 3637 4894 Cor.
3669 4842 3727 4909 v)
3754 4874 3761 4883 ι

2170 4956 2297 5025 quia
2326 4949 2589 5004 modicum
2607 4944 2939 5015 irermentum
2984 4947 3145 4991 totam
3186 4948 3413 4986 massam
3454 4933 3752 4999 corrumpit

2177 5024 2321 5106 (Gal.
2357 5057 2389 5096 v
2415 5039 2452 5108 ).
2480 5038 2537 5092 Si
2571 5037 2755 5101 nollet,
2786 5036 3032 5102 inquam,
3067 5024 3305 5090 obedire,
3344 5030 3666 5093 segregatus
3689 5035 3745 5108 es

2174 5132 2675 5189 excommunicatus
2697 5127 2888 5181 foreta
2914 5134 3142 5189 corpore
3187 5126 3241 5172 et
3285 5130 3314 5170 a
3360 5093 3761 5171 communioni:

2178 5234 2378 5280 sanctm
2399 5219 2672 5284 Ecclesiae,
2718 5213 3042 5279 auctoritate
3071 5209 3187 5274 Dei,
3218 5216 3273 5261 et
3316 5204 3522 5273 judicio
3572 5211 3761 5281 sanctt

2183 5317 2435 5386 Spiritus,
2466 5327 2626 5383 quem
2654 5304 3053 5379 quodammodo
3072 5298 3433 5369 blasphemat,
3461 5290 3758 5354 inimicum

2178 5409 2297 5477 ejus
2326 5414 2514 5461 contra
2537 5417 2660 5455 eum
2683 5401 2914 5461 scienter
2936 5389 3312 5454 sustentando,
3343 5387 3437 5458 qui
3462 5386 3625 5440 toties
3645 5401 3754 5443 ex-

2182 5495 2615 5552 communicatus
2645 5492 2971 5546 charismata
3012 5484 3294 5544 virtutum,
3326 5487 3380 5533 et
3431 5477 3578 5531 dona
3624 5490 3757 5545 gra—

2181 5592 2377 5644 tiarum
2417 5586 2535 5653 ejus
2565 5581 2804 5653 quotidie
2846 5576 3025 5631 adhuc
3072 5571 3359 5642 profanare
3407 5580 3521 5620 non
3574 5564 3757 5633 timet,

2184 5771 2433 5823 cordibus
2461 5766 2703 5821 omnium
2738 5765 2977 5815 vestrum
3009 5765 3062 5811 et
3102 5752 3251 5809 cordi
3291 5749 3434 5804 illius
3455 5747 3663 5802 indicet
3687 5763 3754 5803 ex

2185 5868 2389 5922 εειιθηιο
2430 5858 2614 5913 dolore
2667 5852 2844 5908 cordis
2907 5851 3022 5905 haec
3065 5847 3206 5908 dico,
3239 5839 3498 5908 quoniam
3559 5853 3755 5893 omnes
