3952 6382
208 407 319 462 657

1273 404 1473 463 LIBER
1511 402 1758 461 NONUS.
1785 433 1852 445 —-
1875 400 2093 457 l-II‘IST.
2135 394 2372 453 XXXIV.

3352 384 3456 435 638

210 520 393 576 Deum
427 519 714 592 diligentes
742 518 928 593 diligo,
948 528 1003 574 et
1025 519 1174 573 illum
1206 519 1441 589 quadam
1466 517 1685 587 speciali
1709 515 1791 568 di-
1820 517 1864 573 Α
1893 514 2048 583 gerit,
2076 507 2266 580 procul
2291 505 2457 565 dubio
2489 510 2573 559 est
2603 499 2960 593 repellendus.
2989 495 3137 593 δίκη,
3155 494 3247 593 qui
3271 494 3349 549 sic
3378 509 3457 555 m-

210 608 474 676 lectione,
509 610 653 664 sicut
668 610 781 678 jam
819 607 1074 680 praelatus
1104 622 1248 673 sum,
1290 606 1472 671 dilexi,
1527 606 1653 680 quia
1690 604 1789 657 bo-

212 713 295 751 na
320 697 605 752 multoties
622 698 690 752 de
707 713 773 752 eo
796 677 1003 763 audivi;
1034 697 1125 750 sed
1164 693 1508 750 dissimulare
1549 677 1662 748 haec
1694 707 1792 747 ne—

211 803 332 857 que
359 788 481 843 sine
508 788 705 842 anima:
728 802 861 841 mea:
904 784 1099 856 magno
1126 785 1367 854 periculo
1403 765 1806 856 preptcrjillud

210 878 544 947 prophetae:
572 877 630 931 Si
668 894 772 930 non
819 876 1211 930 annnntiureris
1249 875 1430 944 iniquo
1460 874 1792 945 illiquimtem

210 966 360 1035 ejus,
382 967 688 1036 sanguinem
708 965 819 1033 ejus
842 965 905 1018 de
940 980 1096 1016 manu
1144 972 1235 1015 tim
1278 963 1535 1033 requiram
1562 962 1579 1027 (
1600 960 1787 1013 Ezech.

214 1056 332 1122 In),
364 1064 420 1109 et
440 1054 572 1108 illud
605 1053 846 1122 Apostoli
877 1072 890 1106 :
920 1052 1038 1105 Non
1068 1051 1236 1105 solum
1259 1053 1348 1122 qui
1373 1051 1600 1120 faciunt,
1632 1051 1721 1103 sed
1741 1058 1791 1102 et

211 1147 316 1216 qui
342 1144 857 1214 consentiunt,digni
876 1153 997 1196 sunt
1020 1153 1184 1197 morte
1212 1142 1383 1213 (Rom.
1416 1143 1485 1209 I);
1520 1149 1575 1194 et
1602 1140 1792 1195 beatus

214 1231 525 1302 Gregorius
548 1232 625 1286 ait
652 1250 665 1287 :
700 1250 718 1282 ι
750 1230 885 1286 Mala
910 1248 1037 1302 qua:
1059 1232 1126 1285 ad
1161 1246 1262 1287 nos
1286 1235 1646 1300 pervenerunt
1682 1229 1795 1282 dis-

217 1324 489 1379 simulare
515 1339 625 1379 non
661 1322 943 1387 audemus,
977 1323 1106 1392 quia
1142 1322 1237 1391 qui
1279 1321 1568 1375 einendare
1616 1327 1796 1389 potest

214 1420 279 1467 et
302 1413 548 1492 negligit,
582 1411 763 1467 delicti
792 1412 1106 1481 participem
1137 1411 1326 1480 procul
1367 1410 1534 1464 dubio
1566 1423 1623 1464 se
1662 1423 1795 1462 con-

216 1503 426 1567 stituit,
455 1521 476 1555 ν
510 1512 568 1558 et
598 1502 726 1557 alibi
757 1521 768 1557 :
802 1521 820 1552 ι
857 1501 1123 1572 Quisquis
1164 1511 1355 1555 contra
1402 1499 1703 1569 neophytos
1740 1505 1796 1551 et

220 1592 574 1648 Simoniacos
599 1608 699 1662 pro
728 1591 888 1647 ofﬁcii
915 1591 1001 1646 sui
1034 1590 1471 1645 consideratione
1506 1586 1795 1641 vehemen-

217 1691 308 1737 ter
344 1698 456 1738 non
504 1683 720 1749 arserit,
770 1697 895 1737 cum
944 1696 1011 1736 eo
1062 1696 1171 1735 non
1216 1680 1423 1735 dubitet
1477 1693 1536 1733 se
1596 1677 1796 1731 habere

190 1776 556 1846 portionem,
613 1790 646 1831 a
683 1789 794 1843 quo
835 1773 939 1827 hoc
998 1773 1272 1842 piaculare
1333 1769 1596 1839 ﬂagitium
1639 1784 1793 1823 sum—

1893 605 2025 661 titur
2048 603 2115 657 ad
2146 601 2339 655 altiora
2374 595 2759 656 conscendere,
2781 591 2911 660 quid
2937 588 3060 657 ,agit
3086 586 3189 640 nisi
3235 595 3296 639 ut
3338 600 3456 639 cre-

1892 693 2090 747 scendo
2114 692 2412 752 decrescat,
2442 690 2515 739 et
2540 680 2879 737 ascendendo
2922 676 3180 740 exterius,
3230 674 3457 728 interius

1892 762 1959 839 ad
1983 780 2248 853 profunda
2274 775 2601 833 descendat?
2624 794 2640 823 ι
2663 771 2744 842 (S.
2771 770 2961 833 Gneo;
2990 768 3128 820 hom.
3154 762 3323 846 59,13:
3349 762 3459 816 Lu—

1892 889 2027 937 cam,
2059 878 2112 925 ct
2132 870 2286 939 epist.
2337 866 2431 920 lib.
2490 881 2566 929 ix,
2627 862 2785 931 epist.
2825 860 2939 924 64.)
2979 865 3028 910 ct
3084 855 3246 924 paulo
3294 862 3454 923 post:

1899 978 1916 1013 ι
1941 960 2221 1029 Templum
2256 956 2517 1010 Dominus
2541 962 2596 1007 et
2630 951 2877 1005 Salvator
2924 956 3107 1002 noster
3162 946 3456 1014 ingressus,

1892 1052 2054 1121 (‘n'pil
2074 1046 2269 1117 ejicere
2296 1061 2488 1100 omnes
2538 1043 2829 1097 vendentes
2850 1048 2905 1093 et
2949 1046 3191 1093 ementes
3242 1037 3298 1088 in
3343 1035 3457 1100 illo,

1891 1153 1945 1199 et
1978 1140 2263 1197 cathedras
2284 1136 2631 1192 vendentium
2659 1133 2941 1188 columbas
2965 1131 3176 1184 evertit.
3208 1127 3313 1193 Qui
3335 1136 3462 1181 sunt

1892 1235 1980 1289 isti
2012 1232 2300 1287 vendentes
2332 1237 2387 1283 ct
2406 1235 2665 1288 ementes,
2693 1240 2925 1295 quorum
2959 1220 3226 1274 cathedra:
3260 1233 3462 1272 eversm

1893 1332 2040 1388 sunt,
2068 1322 2170 1375 nisi
2202 1319 2295 1390 qui
2319 1318 2558 1373 vendunt
2586 1326 2639 1370 et
2663 1322 2854 1369 emunt
2880 1311 3241 1367 sacerdotium
3277 1318 3329 1362 et
3345 1307 3464 1375 Spi-

1894 1416 2058 1469 ritum
2110 1422 2652 1478 sanctum,quorum
2700 1403 3061 1459 sacerdotium
3110 1408 3233 1453 ante
3274 1398 3463 1452 oculos

1895 1506 1989 1560 Dei
2020 1504 2278 1560 cecidisse
2304 1499 2687 1554 eatbcdrarum
2705 1495 2986 1550 eversione
3016 1501 3264 1561 patenter
3289 1490 3467 1556 signa-

1893 1605 2008 1650 tum
2038 1594 2156 1648 est?
2185 1591 2251 1646 Et
2281 1606 2403 1644 cum
2441 1588 2642 1657 liqueat
2664 1586 2806 1638 banc
2837 1581 3084 1636 haeresim
3120 1587 3244 1633 ante
3275 1591 3468 1631 omnes

1896 1687 2030 1742 alias
2061 1683 2241 1737 radice
2261 1674 2517 1750 pestifera
2536 1679 2589 1731 in
2614 1675 2854 1730 Ecclesia
2886 1672 3240 1741 surrepsisse,
3300 1677 3466 1738 atque.

1898 1778 1952 1831 in
1984 1778 2103 1846 ipso
2160 1782 2318 1844 portu
2375 1772 2686 1841 apostolicae
2735 1766 3129 1822 maledictionis
3177 1763 3279 1815 leln
3346 1777 3467 1814 esse.

217 1862 336 1932 psit
372 1862 674 1916 exordium.
708 1881 727 1913 ι
771 1860 947 1925 Unde,
976 1859 1316 1914 dilectissimi
1360 1857 1555 1912 fratres
1581 1866 1637 1910 ct
1676 1856 1793 1923 lilii,

1904 1871 2229 1931 damnatam,
2267 1881 2365 1919 cur
2398 1879 2507 1917 non
2537 1872 2781 1925 cavetur,
2811 1875 2909 1913 cur
2953 1874 3063 1911 non
3119 1853 3469 1925 perpenditur

220 1970 325 2008 vos
376 1969 566 2009 omnes
609 1968 883 2024 rogamus,
947 1960 1000 2006 et
1049 1966 1143 2020 per
1208 1965 1392 2003 veram
1436 1947 1793 2002 obedientiam

219 2060 291 2099 ex
338 2053 491 2114 parte
542 2044 687 2098 beati
737 2041 884 2098 Petri
941 2041 1310 2111 apostolorum
1360 2037 1619 2109 principis
1652 2052 1793 2106 prie—

220 2134 463 2203 cipimus
503 2141 566 2187 ut
590 2147 712 2188 eum
736 2130 1163 2201 persuasibiliter
1209 2137 1263 2183 et
1297 2127 1615 2191 honorifice,
1655 2125 1797 2179 sicut

221 2223 383 2280 decet
426 2223 589 2277 talem
624 2232 679 2278 et
715 2232 826 2276 tam
877 2221 1113 2277 nobilem
1157 2221 1356 2283 virum,
1407 2218 1575 2273 Deum
1614 2227 1795 2271 tamen

221 2316 334 2371 sibi
403 2329 618 2383 semper
671 2298 1067 2383 praeponentes,
1117 2312 1494 2380 unusquisque
1549 2318 1789 2363 vestrum

221 2413 538 2475 opportuno
569 2412 809 2473 tempore
843 2402 1067 2468 adeatis,
1117 2397 1339 2470 rogetis
1377 2410 1431 2454 et
1484 2398 1794 2467 increpetis,

222 2510 297 2549 ne
372 2497 612 2569 seipsum
672 2502 728 2548 et
810 2502 983 2547 totum
1042 2493 1300 2562 populum
1374 2491 1523 2543 illum
1586 2489 1793 2557 perdat,

223 2591 539 2653 apostatam
622 2582 776 2637 illum
837 2581 1172 2637 defendendo
1227 2599 1240 2635 :
1300 2580 1393 2636 sed
1469 2579 1797 2648 quantocius

222 2689 256 2727 a
299 2673 601 2744 perditione
625 2672 817 2743 eripiat
847 2672 1062 2743 longius
1089 2688 1122 2727 a
1155 2686 1230 2727 se
1287 2670 1618 2739 expellendo.
1688 2668 1797 2724 \‘os

221 2779 449 2834 quoque
476 2762 672 2818 fratres
728 2762 1032 2827 G......,et
1076 2761 1419 2816 et

223 2853 524 2922 separatim
544 2861 600 2908 et
631 2869 741 2923 prie
774 2854 983 2909 catteris
1028 2868 1161 2923 rogo
1218 2860 1273 2907 et
1335 2851 1588 2921 praecipio
1614 2860 1672 2903 nt
1700 2867 1800 2905 vos

227 2950 345 2997 tres
366 2942 551 3008 simul,
581 2944 665 2996 vel
689 2944 962 3009 semotim,
988 2959 1111 2997 cum
1139 2941 1332 2996 litteris
1362 2941 1585 3004 nostris,
1620 2949 1675 2994 et
1710 2941 1799 2993 lit-

224 3041 473 3089 terarum
504 3034 877 3102 portitoribus,
910 3031 1523 3104 praefatum‘principem
1573 3031 1798 3095 adeatis,

224 3133 286 3180 et
311 3125 517 3180 litteras
543 3124 593 3179 ei
628 3124 836 3195 legatis,
856 3133 911 3179 et
926 3132 1247 3192 constanter
1273 3121 1514 3191 arguatis
1534 3121 1660 3190 quia
1682 3130 1803 3175 tan—

223 3225 419 3286 topere
448 3192 703 3271 defendit
722 3216 893 3281 illum,
921 3215 1013 3285 qui
1039 3213 1257 3283 quando
1292 3212 1575 3266 Dominum
1608 3227 1706 3280 pro
1744 3228 1801 3266 se
1830 3192 1871 3247 (ἶ

224 3314 287 3361 et
316 3298 518 3375 populo
544 3315 755 3371 exorat,
791 3307 964 3375 magis
990 3306 1140 3358 illum
1175 3304 1416 3367 oll‘endit,
1456 3312 1508 3356 et
1561 3302 1630 3357 ad
1692 3302 1803 3355 ira-

226 3396 489 3450 cundiam
520 3402 796 3464 provocat.
827 3395 908 3447 An
940 3409 1048 3447 non
1077 3395 1153 3447 de
1178 3394 1377 3447 talibus
1422 3391 1553 3445 dicit
1594 3389 1801 3446 lsaias':

228 3482 321 3539 Ne
341 3486 583 3553 o/feratis
604 3483 749 3537 ultra
769 3485 1096 3553 sacriﬁcium
1110 3468 1313 3553 frustra
1338 3499 1355 3534 :
1383 3484 1649 3535 incensum
1676 3483 1804 3534 abo-

188 3608 199 3615 -
227 3576 460 3629 minutio
481 3584 559 3628 est
589 3576 735 3642 mihi,
756 3584 806 3629 et
828 3592 945 3628 cum
987 3574 1326 3628 extenderitis
1374 3589 1560 3626 manus
1608 3581 1804 3625 vestras

227 3664 307 3720 ad
331 3682 430 3728 me.
468 3673 701 3719 avertam
730 3665 908 3719 oculos
932 3651 1074 3718 meos,
1105 3683 1137 3718 α
1177 3665 1339 3729 vobis,
1378 3673 1428 3717 et
1462 3679 1580 3716 cum
1623 3664 1807 3716 multi-

226 3758 560 3828 plicaueritis
621 3758 913 3822 orationes,
971 3773 1071 3809 non
1133 3757 1413 3810 exaudiam
1465 3754 1602 3824 (Isa.
1646 3755 1717 3825 t);
1754 3763 1809 3809 et

227 3848 571 3904 Malachias:
606 3847 675 3901 Et
711 3866 845 3903 nunc
871 3849 940 3902 ad
984 3865 1070 3902 vos
1112 3848 1424 3901 mandatum
1462 3847 1556 3899 llOC
1585 3888 1599 3911 ,
1658 3862 1689 3899 ο
1719 3863 1807 3899 sa-

230 3940 492 4001 cerdotes,
523 3939 600 3991 ait
625 3938 886 3994 Dominus
911 3958 924 3992 :
964 3938 1022 3993 Si
1048 3938 1321 3992 nolueritis
1348 3939 1553 4001 audire,
1571 3947 1620 3991 et
1650 3953 1809 4006 pone—

231 4044 294 4083 re
312 4043 471 4096 super
490 4042 598 4091 cor,
626 4035 682 4079 ut
704 4026 837 4079 detis
860 4025 1083 4096 gloriam
1107 4029 1306 4080 nomini
1328 4044 1460 4091 meo,
1496 4027 1808 4080 maledicam

228 4117 684 4174 benedictionibus
720 4118 922 4171 vestris.
960 4115 1057 4169 Vos
1094 4118 1232 4170 enim
1284 4117 1566 4169 recessistis
1618 4132 1651 4168 α
1707 4134 1806 4181 me,

226 4218 286 4265 et
313 4207 717 4263 scandalizastis
740 4206 993 4277 plurimos
1018 4208 1070 4260 in
1096 4206 1225 4276 lege,
1252 4207 1521 4275 o/I‘crentcs
1553 4222 1707 4273 super
1730 4207 1810 4259 al-

231 4310 352 4355 tare
376 4316 548 4353 meum
580 4315 765 4369 panem
796 4299 1057 4368 pollutum
1095 4298 1349 4369 (Malacli.
1380 4298 1561 4367 n);'et
1620 4297 1809 4353 beatus

229 4389 538 4461 Gregorius
563 4408 576 4444 :
607 4408 625 4441 α
656 4389 887 4444 Maxima
919 4390 1205 4445 metuenda
1228 4398 1312 4444 est
1336 4389 1388 4444 in
1404 4389 1509 4443 illis
1537 4388 1672 4443 locis
1696 4387 1810 4444 fore

230 4483 543 4546 calamitas,
574 4481 665 4535 ubi
704 4481 837 4543 tales
871 4481 1255 4536 intercessores
1282 4482 1347 4535 ad
1378 4481 1557 4535 locum
1586 4481 1805 4550 regimi-

1897 1960 2024 2029 quia
2060 1957 2361 2012 benedictio
2399 1955 2475 2008 illi
2543 1954 2600 2007 in.
2649 1951 3082 2006 inaledictionem
3134 1946 3468 2001 convertitur

1896 2051 1987 2119 qui
2014 2049 2078 2101 ad
2104 2048 2207 2101 hoc
2242 2056 2297 2100 ut
2322 2046 2415 2099 fiat
2444 2044 2729 2099 lucreticus
2748 2039 3131 2111 promovetur?
3163 2057 3179 2088 ›
3211 2036 3334 2090 llmc
3356 2049 3469 2088 om-

1898 2144 1984 2196 nia
2014 2151 2068 2195 et
2095 2141 2291 2193 borum
2314 2138 2513 2191 similia
2529 2135 2655 2200 sibi,
2681 2133 2808 2204 quia
2834 2133 3009 2185 virum
3027 2131 3320 2183 litteratum
3344 2143 3466 2180 eum

1897 2233 2226 2293 audivimus,
2259 2229 2419 2282 dicite
2445 2247 2456 2280 :
2482 2226 2890 2281 considerantes
2944 2223 3228 2291 diligenter
3254 2229 3306 2272 et
3344 2235 3468 2271 cum

1898 2323 2091 2376 timore
2116 2321 2242 2390 quia
2260 2318 2648 2379 inobedicntes,
2678 2314 2928 2367 Samuele
2953 2314 3213 2382 propheta
3244 2318 3473 2363 testante.

1899 2410 1988 2477 (il
2040 2412 2164 2480 llcg.
2220 2412 2310 2475 xv)
2341 2452 2356 2471 ,
2409 2409 2587 2460 scelus
2625 2406 2909 2458 incurrunt
2942 2400 3294 2455 idololalrim:
3354 2399 3473 2452 sine

1898 2521 2001 2573 sua
2040 2502 2286 2555 videlicet
2316 2499 2640 2560 oin-dientia,
2675 2496 2811 2549 sicut
2843 2496 3032 2547 lttfilllls
3086 2490 3377 2558 lircgorius
3417 2489 3473 2542 in

1899 2595 2090 2647 ultimo
2130 2590 2415 2643 Moralium
2458 2589 2597 2641 libro
2649 2588 2906 2649 declarat,
2957 2583 3188 2636 inlirlelis
3241 2582 3473 2649 quisque

1898 2666 2259 2745 convincitur,
2282 2679 2495 2733 etiamsi
2526 2678 2697 2732 fidelis
2730 2692 2851 2730 esse
2907 2675 3172 2727 videatur.
3229 2670 3470 2724 l’lurima

1900 2775 2001 2829 sibi
2028 2776 2080 2828 in
2118 2771 2380 2841 epistolis,
2410 2770 2551 2823 sicut
2574 2776 2629 2820 et
2653 2766 2814 2827 modo
2849 2764 3004 2817 vobis
3050 2762 3183 2825 dixi,
3234 2761 3361 2830 quia
3420 2771 3475 2813 et

1900 2865 2193 2935 plurimum
2222 2877 2348 2916 cum
2374 2859 2573 2924 dilexi;
2606 2858 2713 2911 nisi
2738 2857 2884 2910 cuitu
2920 2871 3047 2909 eum
3080 2854 3313 2906 multum
3345 2851 3474 2906 dde-

1902 2957 2103 3009 xissem
2157 2967 2266 3005 non
2302 2960 2413 3004 tam
2441 2950 2609 3002 multa
2640 2947 2744 3001 sibi
2770 2947 2853 3000 vel
2880 2947 2946 3000 de
2965 2960 3032 2999 eo
3053 2942 3475 3010 dixissem,quia
3537 2985 3553 2999 .

1903 3062 2009 3100 non
2039 3052 2123 3097 est
2142 3040 2552 3097 consuetudinis
2585 3034 2796 3091 nostrte‘
2838 3036 3000 3090 alicui
3042 3042 3153 3088 tam
3208 3032 3477 3102 prolixam

1903 3134 2191 3204 epistolam
2221 3131 2418 3201 facere,
2470 3128 2576 3184 nisi
2619 3144 2708 3183 res
2748 3142 2944 3197 magna
2992 3125 3064 3180 sit
3104 3124 3276 3179 valde.
3320 3122 3476 3188 Quod

1905 3229 2026 3282 ideo
2063 3224 2183 3286 feci,
2210 3224 2339 3292 quia
2368 3221 2742 3287 desideramus
2763 3234 2886 3272 eum
2914 3217 3004 3272 .ad
3041 3215 3304 3285 gremium
3350 3214 3477 3267 uui-

1904 3316 2133 3371 versalis
2156 3312 2350 3367 matris
2378 3318 2579 3375 sancta:
2610 3307 2869 3362 Romana:
2897 3305 3151 3363 Ecclesiae
3196 3303 3476 3367 reducere,

1903 3416 1957 3461 et
1983 3405 2085 3460 sub
2119 3403 2220 3456 alis
2253 3402 2395 3455 beati
2420 3400 2586 3465 Petri,
2623 3399 2763 3454 sicut
2783 3396 3166 3452 charissimam
3187 3393 3355 3449 lilium
3380 3408 3479 3445 no-

1905 3506 2079 3551 strum
2143 3493 2347 3547 fovere.
2400 3490 2555 3556 Quod
2610 3488 2656 3544 si
2706 3484 3279 3555 litteras'apostoliea:
3332 3483 3478 3537 sedis

1906 3585 2046 3640 infra
2131 3570 2504 3652 prwscriptnm
2587 3579 2881 3634 terminum
2914 3618 2931 3644 ,
3026 3576 3208 3644 aliqua
3289 3572 3479 3643 fraude

1906 3685 2001 3729 aut
2033 3674 2284 3743 superbia
2342 3672 2621 3741 suscipere
2685 3670 2770 3742 vel
2823 3668 3011 3723 audire
3070 3662 3478 3731 contempserit,

1909 3782 2016 3820 non
2088 3766 2263 3819 solum
2328 3762 2431 3815 sibi
2496 3775 2604 3813 non
2656 3759 2941 3828 proderit,
3000 3756 3094 3810 sed
3147 3752 3310 3808 etiam
3380 3766 3481 3822 pro

1909 3855 2133 3925 majoris
2154 3852 2532 3925 inobedientia:
2544 3845 3105 3918 culpadivinojmlicio
3118 3844 3482 3899 anatbetnatis

1909 3946 2140 4001 vinculis
2188 3945 2465 4013 alligatum
2511 3940 2715 3995 arctius
2762 3937 3130 3994 indubitanter
3176 3935 3392 3998 sciatis,
3428 3942 3484 3986 et

1911 4053 2020 4090 non
2059 4035 2238 4091 solum
2276 4048 2422 4096 cum,
2450 4031 2545 4087 sed
2574 4039 2629 4084 et
2654 4044 2845 4085 omnes
2872 4028 3186 4097 quicunque
3208 4025 3257 4076 ei
3294 4032 3481 4092 postea

1910 4127 2146 4179 scienter
2176 4125 2229 4176 in
2274 4121 2660 4176 ecclesiasticis
2706 4118 2895 4173 olliciis
2928 4114 3478 4175 communicaverint,

1910 4216 1993 4267 vel
2033 4214 2089 4266 in
2120 4210 2312 4266 militia
2338 4210 2585 4265 smculari
2618 4209 2922 4263 servierint.
2973 4206 3310 4276 Quapropter
3350 4219 3485 4273 rogo

1911 4320 2010 4359 vos
2035 4304 2251 4365 iterum,
2288 4310 2425 4355 etes
2458 4310 2609 4371 parte
2640 4299 2733 4353 Dei
2759 4310 2811 4355 et
2836 4298 2893 4353 Β.
2931 4298 3072 4353 Petri
3110 4297 3483 4367 apostolorum

1912 4394 2173 4465 principis
2202 4393 2454 4462 principio
2499 4402 2558 4446 ut
2585 4393 2742 4447 vobis
2771 4392 2840 4445 ab
2869 4406 2935 4444 eo
2965 4387 3225 4449 caveatis,
3268 4393 3322 4437 ct
3358 4385 3484 4436 nul-

1913 4486 2025 4539 lum
2097 4484 2343 4538 divinum
2405 4482 2641 4535 ollicium
2701 4482 2843 4534 intra
2898 4486 3107 4531 vestras
3173 4473 3485 4545 provincias

230 4575 328 4658 nis
360 4573 725 4635 adducuntur,
756 4570 849 4638 qui
882 4569 977 4623 Dei
1026 4570 1363 4623 iracundiam
1414 4572 1586 4639 magis
1640 4571 1695 4623 in
1747 4586 1806 4625 se
1914 4584 2125 4643 agatur,
2149 4574 2242 4626 ubi
2266 4572 2349 4625 vel
2376 4571 2490 4639 ipse
2512 4570 2596 4623 vel
2626 4569 2823 4638 aliquis
2851 4568 3083 4622 Scienter
3107 4567 3209 4621 sibi
3236 4580 3485 4619 commu-

230 4661 536 4724 concitant,
571 4673 735 4728 quam
757 4672 854 4726 per
875 4658 1195 4726 semetipsos
1223 4659 1437 4727 placare
1485 4660 1799 4712 debuerant.

231 4750 434 4806 Cuncti
461 4749 667 4818 liquido
701 4747 974 4813 novimus,
999 4748 1124 4817 quia
1168 4764 1292 4802 cum
1327 4749 1371 4803 is
1407 4749 1499 4818 qui
1550 4747 1660 4802 Deo
1689 4748 1803 4803 dis-

232 4842 400 4912 plicet
433 4839 501 4893 ad
531 4836 967 4891 intercedendum
994 4852 1092 4906 pro
1118 4839 1316 4907 populo
1348 4837 1599 4901 mittitur,
1643 4838 1803 4892 citius

236 4931 366 4987 irati
394 4929 613 4984 animus
628 4926 693 4980 ad
714 4925 979 4980 deteriora
1002 4936 1349 4995 provocatur.
1365 4947 1382 4977 ι
1416 4926 1483 4981 Et
1507 4928 1614 4980 alio
1640 4927 1760 4981 loco
1786 4945 1798 4979 :

242 5040 269 5072 ι
291 5020 447 5074 Malis
460 5018 683 5073 subesse
706 5014 1037 5085 pastoribus,
1054 5017 1184 5088 quid
1197 5025 1281 5072 est
1294 5018 1436 5073 aliud
1456 5019 1561 5073 nisi
1579 5027 1637 5072 ut
1654 5018 1802 5089 plebs

239 5108 551 5179 imputanda
573 5096 916 5176 praedonibus
932 5115 1269 5178 permaneat,
1291 5115 1347 5161 et
1373 5109 1496 5162 inde
1520 5116 1700 5163 sumat
1722 5109 1804 5161 in-

237 5196 485 5259 teritum,
508 5194 651 5248 unde
680 5191 1031 5263 protectionis
1051 5192 1447 5250 debuithabere
1461 5183 1761 5250 subsidium
1783 5198 1806 5249 ?

242 5284 567 5362 Sacerdotes
614 5286 757 5340 enim
805 5287 933 5341 mali
972 5302 1135 5363 causa
1166 5296 1295 5341 sunt
1331 5286 1500 5342 ruina:
1548 5289 1750 5355 populi.
1777 5303 1799 5341 Δι

240 5374 375 5430 Item
406 5373 535 5427 alibi
559 5391 572 5427 :
608 5393 627 5425 ι
655 5374 760 5441 Qui
788 5377 1030 5446 improbe
1049 5378 1115 5432 ad
1137 5377 1350 5431 inanem
1380 5377 1605 5448 gloriam
1628 5378 1807 5434 locum

240 5464 468 5520 festinat
488 5464 789 5520 sanctitatis
836 5468 1093 5537 arripere,
1121 5483 1187 5522 eo
1239 5466 1356 5537 ipso
1383 5481 1494 5537 quo
1548 5469 1808 5525 honorem

239 5555 461 5625 quaerit,
493 5552 741 5622 indignus
769 5564 868 5610 est.
896 5555 1049 5613 Sicut
1076 5559 1221 5635 enim
1253 5558 1301 5613 is
1332 5558 1423 5627 qui
1450 5557 1706 5616 invitatus
1733 5577 1813 5615 re-

242 5648 387 5710 nuit,
424 5645 684 5714 quresitus
712 5646 927 5717 refugit,
965 5654 1135 5707 sacris
1186 5661 1271 5709 est
1317 5653 1579 5708 altaribus
1630 5654 1812 5709 admo-

245 5738 478 5812 vendus,
510 5736 590 5791 sic
619 5736 709 5806 qui
736 5738 879 5819 ultro
905 5742 1092 5808 ambit,
1119 5745 1202 5798 vel
1237 5746 1604 5815 importunum
1633 5740 1691 5800 sc
1725 5746 1800 5799 in-

631 5900 656 5919 Ι

1912 4663 2210 4717 nicantium
2238 4660 2505 4715 adfuerit:
2537 4676 2823 4730 quousque
2852 4676 2946 4729 per
2978 4658 3071 4731 Dei
3110 4659 3362 4727 pietatem
3394 4671 3486 4709 sa-

1910 4752 2187 4807 tisfecerit.
2217 4751 2454 4805 Rursum
2486 4767 2701 4821 quoque
2738 4764 3042 4813 mouemus,
3073 4748 3219 4815 quod
3250 4745 3487 4813 pruden-

1908 4846 1998 4899 tize
2027 4854 2218 4898 vestra:
2248 4843 2534 4913 vigilanter
2583 4839 2981 4895 observandum
3027 4851 3149 4891 esse
3193 4836 3485 4905 cegnosci-

1910 4952 2055 5001 mus,
2088 4951 2156 4990 ne
2186 4936 2367 5004 aliqua
2391 4930 2825 4986 dissimulatione
2852 4927 3134 4998 praeceptis
3163 4927 3486 4996 apostolicis

1912 5027 2284 5093 obtemperare
2326 5021 2628 5090 negligatis,
2668 5020 2757 5074 sed
2796 5020 3023 5073 sollicite
3044 5020 3482 5085 considerantes,

1911 5131 1974 5167 ac.
1996 5114 2112 5183 jugi
2148 5112 2408 5165 memoria
2443 5111 2584 5165 beati
2619 5110 2863 5181 Gregorii
2893 5111 3056 5164 verba
3097 5126 3262 5179 super
3290 5110 3484 5163 inobo-

1911 5203 2114 5256 dientia
2162 5201 2229 5255 in'
2249 5202 2518 5254 Samuelis
2560 5202 2903 5255 sermonibus
2936 5202 3119 5255 habita
3162 5202 3482 5263 retinentes,

1914 5310 1959 5362 p
1979 5292 2213 5347 mau'etis
2234 5301 2522 5361 quatenus,
2555 5292 2856 5346 obedieudo
2878 5291 3017 5344 sicut
3040 5297 3271 5357 oportet,
3299 5289 3486 5342 vidca-

1917 5385 2047 5436 miai
2081 5400 2204 5437 eum
2239 5383 2398 5436 saluti
2442 5393 2635 5436 vestra:
2659 5382 2966 5452 prospicere
2997 5388 3112 5433 tum
3142 5380 3286 5432 illius
3316 5381 3484 5435 etiam

1913 5474 2246 5529 consulendo
2268 5473 2567 5542 providere.

2204 5584 2509 5638 Observatio
2553 5586 2609 5637 in
2640 5591 2903 5654 sequentes
2937 5581 3208 5651 epistolas.

1986 5676 2118 5729 Tres
2169 5682 2457 5741 sequentes
2502 5673 2759 5742 epistolas
2810 5673 3083 5727 addendos
3122 5671 3221 5742 hic
3268 5673 3477 5742 censui,

1916 5746 2058 5815 quod
2101 5739 2367 5813 pertinere
2398 5739 2775 5811 illas—cognrvi
2817 5742 2884 5796 ad
2932 5757 3017 5794 res
3047 5741 3286 5810 episcopi
3320 5739 3479 5791 Lamc
