  <div class='ocr_page' id='page_1' title='image "/cluster/home/n/w/nwhite01/storage/ocr_20150623/148/uva.x000829792/327.png"; bbox 0 0 3952 6418; ppageno 0'>
   <div class='ocr_carea' id='block_1_1' title="bbox 498 453 604 521">
    <p class='ocr_par' dir='ltr' id='par_1_1' title="bbox 498 453 604 521">
     <span class='ocr_line' id='line_1_1' title="bbox 498 453 604 521; baseline 0.009 -1"><span class='ocrx_word' id='word_1_1' title='bbox 498 453 604 521; x_wconf 55' lang='grc'><strong>’639</strong></span> 
     </span>
    </p>
   </div>
   <div class='ocr_carea' id='block_1_2' title="bbox 1031 441 2062 541">
    <p class='ocr_par' dir='ltr' id='par_1_2' title="bbox 1031 441 2062 535">
     <span class='ocr_line' id='line_1_2' title="bbox 1031 441 2062 535; baseline 0.007 -9"><span class='ocrx_word' id='word_1_2' title='bbox 1031 441 1038 449; x_wconf 81' lang='grc'><em>’</em></span> <span class='ocrx_word' id='word_1_3' title='bbox 1130 471 1185 527; x_wconf 91' lang='lat' dir='ltr'><strong>s.</strong></span> <span class='ocrx_word' id='word_1_4' title='bbox 1227 475 1550 532; x_wconf 73' lang='lat' dir='ltr'><strong>cnsconu</strong></span> <span class='ocrx_word' id='word_1_5' title='bbox 1588 478 1678 531; x_wconf 77' lang='lat' dir='ltr'><strong>vn</strong></span> <span class='ocrx_word' id='word_1_6' title='bbox 1716 479 1915 533; x_wconf 63' lang='lat' dir='ltr'><strong>pars;</strong></span> <span class='ocrx_word' id='word_1_7' title='bbox 1955 480 2062 535; x_wconf 78' lang='lat' dir='ltr'><strong>om</strong></span> 
     </span>
    </p>
   </div>
   <div class='ocr_carea' id='block_1_3' title="bbox 2159 441 3088 541">
    <p class='ocr_par' dir='ltr' id='par_1_3' title="bbox 2159 467 3088 541">
     <span class='ocr_line' id='line_1_3' title="bbox 2159 467 3088 541; baseline -0.003 -6"><span class='ocrx_word' id='word_1_8' title='bbox 2159 479 2235 535; x_wconf 68' lang='lat' dir='ltr'><strong>3M</strong></span> <span class='ocrx_word' id='word_1_9' title='bbox 2275 479 2454 541; x_wconf 77' lang='lat' dir='ltr'><strong>PARS</strong></span> <span class='ocrx_word' id='word_1_10' title='bbox 2490 479 2529 533; x_wconf 88' lang='grc' dir='ltr'><strong>ι.</strong></span> <span class='ocrx_word' id='word_1_11' title='bbox 2570 467 2648 519; x_wconf 43' lang='grc'><strong><em>--’-</em></strong></span> <span class='ocrx_word' id='word_1_12' title='bbox 2672 479 3088 536; x_wconf 69' lang='grc' dir='ltr'><strong>ῐιΕΕΙΞΤΙὶυῊ.</strong></span> 
     </span>
    </p>
   </div>
   <div class='ocr_carea' id='block_1_4' title="bbox 3614 478 3735 534">
    <p class='ocr_par' dir='ltr' id='par_1_4' title="bbox 3614 478 3735 534">
     <span class='ocr_line' id='line_1_4' title="bbox 3614 478 3735 534; baseline -0.025 0"><span class='ocrx_word' id='word_1_13' title='bbox 3614 478 3735 534; x_wconf 70' lang='grc' dir='ltr'><strong>σεο</strong></span> 
     </span>
    </p>
   </div>
   <div class='ocr_carea' id='block_1_5' title="bbox 501 573 3733 663">
    <p class='ocr_par' dir='ltr' id='par_1_5' title="bbox 501 573 3733 663">
     <span class='ocr_line' id='line_1_5' title="bbox 501 573 3733 663; baseline 0.007 -32"><span class='ocrx_word' id='word_1_14' title='bbox 501 579 639 663; x_wconf 55' lang='lat' dir='ltr'><strong>berti</strong></span> <span class='ocrx_word' id='word_1_15' title='bbox 674 575 1051 663; x_wconf 53' lang='lat' dir='ltr'><strong>:l‘ervauensis,</strong></span> <span class='ocrx_word' id='word_1_16' title='bbox 1081 586 1148 641; x_wconf 89' lang='lat' dir='ltr'><strong>de</strong></span> <span class='ocrx_word' id='word_1_17' title='bbox 1177 573 1375 663; x_wconf 62' lang='lat' dir='ltr'><strong>quibus</strong></span> <span class='ocrx_word' id='word_1_18' title='bbox 1402 590 1713 663; x_wconf 84' lang='lat' dir='ltr'><strong>superiores</strong></span> <span class='ocrx_word' id='word_1_19' title='bbox 1739 593 1979 661; x_wconf 79' lang='lat' dir='ltr'><strong>epistola</strong></span> <span class='ocrx_word' id='word_1_20' title='bbox 2002 593 2056 663; x_wconf 78' lang='lat' dir='ltr'><strong>in</strong></span> <span class='ocrx_word' id='word_1_21' title='bbox 2086 597 2132 651; x_wconf 76' lang='grc' dir='ltr'><strong>Α</strong></span> <span class='ocrx_word' id='word_1_22' title='bbox 2155 600 2210 646; x_wconf 88' lang='lat' dir='ltr'><strong>et</strong></span> <span class='ocrx_word' id='word_1_23' title='bbox 2230 593 2431 662; x_wconf 87' lang='lat' dir='ltr'><strong>populo</strong></span> <span class='ocrx_word' id='word_1_24' title='bbox 2464 591 2828 650; x_wconf 83' lang='lat' dir='ltr'><strong>Tarvanensis</strong></span> <span class='ocrx_word' id='word_1_25' title='bbox 2848 580 3120 658; x_wconf 78' lang='lat' dir='ltr'><strong>Ecclesia,</strong></span> <span class='ocrx_word' id='word_1_26' title='bbox 3150 592 3527 663; x_wconf 65' lang='lat' dir='ltr'><strong>praecipueque</strong></span> <span class='ocrx_word' id='word_1_27' title='bbox 3548 593 3733 648; x_wconf 63' lang='lat' dir='ltr'><strong>nobili</strong></span> 
     </span>
    </p>
   </div>
   <div class='ocr_carea' id='block_1_6' title="bbox 490 646 2055 725">
    <p class='ocr_par' dir='ltr' id='par_1_6' title="bbox 490 646 2055 725">
     <span class='ocr_line' id='line_1_6' title="bbox 490 646 2055 725; baseline 0.01 -25"><span class='ocrx_word' id='word_1_28' title='bbox 490 646 746 725; x_wconf 45' lang='grc' dir='ltr'><strong>ἐξείρεαι</strong></span> <span class='ocrx_word' id='word_1_29' title='bbox 751 658 1017 725; x_wconf 76' lang='lat' dir='ltr'><strong>contenta</strong></span> <span class='ocrx_word' id='word_1_30' title='bbox 1038 646 1224 725; x_wconf 67' lang='lat' dir='ltr'><strong>agunt.</strong></span> <span class='ocrx_word' id='word_1_31' title='bbox 1260 646 1489 713; x_wconf 73' lang='lat' dir='ltr'><strong>Deduin</strong></span> <span class='ocrx_word' id='word_1_32' title='bbox 1509 676 1638 714; x_wconf 87' lang='lat' dir='ltr'><strong>vero</strong></span> <span class='ocrx_word' id='word_1_33' title='bbox 1675 646 1795 717; x_wconf 72' lang='lat' dir='ltr'><strong>illas</strong></span> <span class='ocrx_word' id='word_1_34' title='bbox 1834 646 1901 717; x_wconf 59' lang='lat' dir='ltr'><strong>ei</strong></span> <span class='ocrx_word' id='word_1_35' title='bbox 1939 646 1978 716; x_wconf 74' lang='lat' dir='ltr'><strong>t.</strong></span> <span class='ocrx_word' id='word_1_36' title='bbox 2008 661 2055 715; x_wconf 74' lang='grc' dir='ltr'>Χ</span> 
     </span>
    </p>
   </div>
   <div class='ocr_carea' id='block_1_7' title="bbox 500 715 1706 799">
    <p class='ocr_par' dir='ltr' id='par_1_7' title="bbox 500 715 1706 799">
     <span class='ocr_line' id='line_1_7' title="bbox 500 715 1706 799; baseline 0.012 -29"><span class='ocrx_word' id='word_1_37' title='bbox 500 715 685 771; x_wconf 76' lang='lat' dir='ltr'><strong>Gallia</strong></span> <span class='ocrx_word' id='word_1_38' title='bbox 706 715 1047 792; x_wconf 75' lang='lat' dir='ltr'><strong>Christiana,</strong></span> <span class='ocrx_word' id='word_1_39' title='bbox 1066 715 1201 794; x_wconf 37' lang='lat' dir='ltr'><strong>&quot;pag.</strong></span> <span class='ocrx_word' id='word_1_40' title='bbox 1229 726 1353 794; x_wconf 77' lang='lat'><strong>595,</strong></span> <span class='ocrx_word' id='word_1_41' title='bbox 1379 726 1434 781; x_wconf 90' lang='lat' dir='ltr'><strong>in</strong></span> <span class='ocrx_word' id='word_1_42' title='bbox 1463 728 1706 799; x_wconf 83' lang='lat' dir='ltr'><strong>Append.</strong></span> 
     </span>
    </p>
   </div>
   <div class='ocr_carea' id='block_1_8' title="bbox 501 894 2056 965">
    <p class='ocr_par' dir='ltr' id='par_1_8' title="bbox 501 894 2056 965">
     <span class='ocr_line' id='line_1_8' title="bbox 501 894 2056 965; baseline 0.009 -14"><span class='ocrx_word' id='word_1_43' title='bbox 501 913 589 952; x_wconf 64' lang='lat' dir='ltr'><strong>AD‘</strong></span> <span class='ocrx_word' id='word_1_44' title='bbox 612 914 666 952; x_wconf 76' lang='grc' dir='ltr'><strong>ιι.</strong></span> <span class='ocrx_word' id='word_1_45' title='bbox 702 906 1114 960; x_wconf 60' lang='grc' dir='ltr'><strong>ἠαυιιεκειωι</strong></span> <span class='ocrx_word' id='word_1_46' title='bbox 1164 921 1402 963; x_wconf 66' lang='grc'><strong>(1011⁸1⁸811</strong></span> <span class='ocrx_word' id='word_1_47' title='bbox 1449 924 1516 963; x_wconf 74' lang='lat' dir='ltr'><strong>DE</strong></span> <span class='ocrx_word' id='word_1_48' title='bbox 1569 894 1850 965; x_wconf 69' lang='lat' dir='ltr'><strong>LAIDERTO</strong></span> <span class='ocrx_word' id='word_1_49' title='bbox 1898 925 2056 965; x_wconf 65' lang='lat' dir='ltr'><strong>I031-</strong></span> 
     </span>
    </p>
   </div>
   <div class='ocr_carea' id='block_1_9' title="bbox 951 978 1602 1049">
    <p class='ocr_par' dir='ltr' id='par_1_9' title="bbox 951 978 1602 1049">
     <span class='ocr_line' id='line_1_9' title="bbox 951 978 1602 1049; baseline 0.006 -22"><span class='ocrx_word' id='word_1_50' title='bbox 951 989 1134 1049; x_wconf 72' lang='lat' dir='ltr'><strong>nssSIs</strong></span> <span class='ocrx_word' id='word_1_51' title='bbox 1161 990 1309 1031; x_wconf 75' lang='lat' dir='ltr'><strong>SEDIS</strong></span> <span class='ocrx_word' id='word_1_52' title='bbox 1330 978 1602 1033; x_wconf 63' lang='lat' dir='ltr'><strong>muscas.</strong></span> 
     </span>
    </p>
   </div>
   <div class='ocr_carea' id='block_1_10' title="bbox 1082 1063 1468 1138">
    <p class='ocr_par' dir='ltr' id='par_1_10' title="bbox 1082 1063 1468 1138">
     <span class='ocr_line' id='line_1_10' title="bbox 1082 1063 1468 1138; baseline 0.008 -21"><span class='ocrx_word' id='word_1_53' title='bbox 1082 1063 1261 1137; x_wconf 82' lang='lat' dir='ltr'><strong>(Anno</strong></span> <span class='ocrx_word' id='word_1_54' title='bbox 1287 1065 1468 1138; x_wconf 80' lang='grc'><strong>1081.)</strong></span> 
     </span>
    </p>
   </div>
   <div class='ocr_carea' id='block_1_11' title="bbox 571 1148 2054 1224">
    <p class='ocr_par' dir='ltr' id='par_1_11' title="bbox 571 1148 2054 1224">
     <span class='ocr_line' id='line_1_11' title="bbox 571 1148 2054 1224; baseline 0.005 -20"><span class='ocrx_word' id='word_1_55' title='bbox 571 1148 876 1212; x_wconf 66' lang='lat' dir='ltr'><strong>Caesonius</strong></span> <span class='ocrx_word' id='word_1_56' title='bbox 919 1154 1229 1224; x_wconf 91' lang='lat' dir='ltr'><strong>episcopus,</strong></span> <span class='ocrx_word' id='word_1_57' title='bbox 1275 1171 1468 1212; x_wconf 86' lang='lat' dir='ltr'><strong>servus</strong></span> <span class='ocrx_word' id='word_1_58' title='bbox 1516 1171 1797 1211; x_wconf 88' lang='lat' dir='ltr'><strong>servorum</strong></span> <span class='ocrx_word' id='word_1_59' title='bbox 1839 1156 1956 1224; x_wconf 88' lang='lat' dir='ltr'><strong>Dei,</strong></span> <span class='ocrx_word' id='word_1_60' title='bbox 1989 1157 2054 1211; x_wconf 73' lang='grc' dir='ltr'><strong>Β.</strong></span> 
     </span>
    </p>
   </div>
   <div class='ocr_carea' id='block_1_12' title="bbox 500 1237 2061 1317">
    <p class='ocr_par' dir='ltr' id='par_1_12' title="bbox 500 1237 2061 1317">
     <span class='ocr_line' id='line_1_12' title="bbox 500 1237 2061 1317; baseline 0.006 -26"><span class='ocrx_word' id='word_1_61' title='bbox 500 1237 737 1307; x_wconf 80' lang='lat' dir='ltr'><strong>glorioso</strong></span> <span class='ocrx_word' id='word_1_62' title='bbox 782 1240 1193 1300; x_wconf 86' lang='lat' dir='ltr'><strong>Flandrensium</strong></span> <span class='ocrx_word' id='word_1_63' title='bbox 1228 1246 1412 1303; x_wconf 89' lang='lat' dir='ltr'><strong>comiti</strong></span> <span class='ocrx_word' id='word_1_64' title='bbox 1460 1247 1689 1302; x_wconf 89' lang='lat' dir='ltr'><strong>salutem</strong></span> <span class='ocrx_word' id='word_1_65' title='bbox 1708 1257 1762 1303; x_wconf 90' lang='lat' dir='ltr'><strong>et</strong></span> <span class='ocrx_word' id='word_1_66' title='bbox 1801 1247 2061 1317; x_wconf 86' lang='lat' dir='ltr'><strong>apostoli-</strong></span> 
     </span>
    </p>
   </div>
   <div class='ocr_carea' id='block_1_13' title="bbox 500 1329 1102 1395">
    <p class='ocr_par' dir='ltr' id='par_1_13' title="bbox 500 1329 1102 1395">
     <span class='ocr_line' id='line_1_13' title="bbox 500 1329 1102 1395; baseline 0.015 -15"><span class='ocrx_word' id='word_1_67' title='bbox 500 1342 621 1382; x_wconf 86' lang='lat' dir='ltr'><strong>cam</strong></span> <span class='ocrx_word' id='word_1_68' title='bbox 656 1329 1102 1395; x_wconf 80' lang='lat' dir='ltr'><strong>benedictionem.</strong></span> 
     </span>
    </p>
   </div>
   <div class='ocr_carea' id='block_1_14' title="bbox 570 1417 2106 1505">
    <p class='ocr_par' dir='ltr' id='par_1_14' title="bbox 570 1417 2106 1505">
     <span class='ocr_line' id='line_1_14' title="bbox 570 1417 2106 1505; baseline 0.008 -33"><span class='ocrx_word' id='word_1_69' title='bbox 570 1417 769 1475; x_wconf 85' lang='lat' dir='ltr'><strong>Notum</strong></span> <span class='ocrx_word' id='word_1_70' title='bbox 808 1422 1077 1505; x_wconf 55' lang='lat' dir='ltr'><strong>tibi\esse</strong></span> <span class='ocrx_word' id='word_1_71' title='bbox 1126 1440 1236 1479; x_wconf 88' lang='lat' dir='ltr'><strong>non</strong></span> <span class='ocrx_word' id='word_1_72' title='bbox 1295 1426 1607 1483; x_wconf 77' lang='lat' dir='ltr'><strong>dubitamus</strong></span> <span class='ocrx_word' id='word_1_73' title='bbox 1651 1419 1919 1498; x_wconf 67' lang='lat' dir='ltr'><strong>quantum</strong></span> <span class='ocrx_word' id='word_1_74' title='bbox 1959 1445 2060 1485; x_wconf 92' lang='lat' dir='ltr'><strong>nos</strong></span> <span class='ocrx_word' id='word_1_75' title='bbox 2098 1478 2106 1485; x_wconf 88' lang='lat'><strong>.</strong></span> 
     </span>
    </p>
   </div>
   <div class='ocr_carea' id='block_1_15' title="bbox 501 1506 2063 1585">
    <p class='ocr_par' dir='ltr' id='par_1_15' title="bbox 501 1506 2063 1585">
     <span class='ocr_line' id='line_1_15' title="bbox 501 1506 2063 1585; baseline 0.008 -23"><span class='ocrx_word' id='word_1_76' title='bbox 501 1508 765 1566; x_wconf 83' lang='lat' dir='ltr'><strong>hactenus</strong></span> <span class='ocrx_word' id='word_1_77' title='bbox 810 1506 1149 1581; x_wconf 79' lang='lat' dir='ltr'><strong>nobilitatem</strong></span> <span class='ocrx_word' id='word_1_78' title='bbox 1174 1524 1321 1571; x_wconf 89' lang='lat' dir='ltr'><strong>tuam</strong></span> <span class='ocrx_word' id='word_1_79' title='bbox 1343 1518 1713 1585; x_wconf 79' lang='lat' dir='ltr'><strong>dilexerimus,</strong></span> <span class='ocrx_word' id='word_1_80' title='bbox 1764 1520 1855 1575; x_wconf 89' lang='lat' dir='ltr'><strong>cui</strong></span> <span class='ocrx_word' id='word_1_81' title='bbox 1902 1520 2063 1575; x_wconf 90' lang='lat' dir='ltr'><strong>indu-</strong></span> 
     </span>
    </p>
   </div>
   <div class='ocr_carea' id='block_1_16' title="bbox 502 1599 2061 1683">
    <p class='ocr_par' dir='ltr' id='par_1_16' title="bbox 502 1599 2061 1683">
     <span class='ocr_line' id='line_1_16' title="bbox 502 1599 2061 1683; baseline 0.01 -31"><span class='ocrx_word' id='word_1_82' title='bbox 502 1599 691 1653; x_wconf 87' lang='lat' dir='ltr'><strong>striam</strong></span> <span class='ocrx_word' id='word_1_83' title='bbox 702 1600 855 1662; x_wconf 78' lang='lat' dir='ltr'><strong>inter</strong></span> <span class='ocrx_word' id='word_1_84' title='bbox 875 1612 1098 1660; x_wconf 82' lang='lat' dir='ltr'><strong>cateros</strong></span> <span class='ocrx_word' id='word_1_85' title='bbox 1124 1603 1366 1662; x_wconf 70' lang='lat' dir='ltr'><strong>Francia</strong></span> <span class='ocrx_word' id='word_1_86' title='bbox 1379 1608 1811 1683; x_wconf 75' lang='lat' dir='ltr'><strong>principessatis</strong></span> <span class='ocrx_word' id='word_1_87' title='bbox 1832 1610 2061 1667; x_wconf 89' lang='lat' dir='ltr'><strong>honesta</strong></span> 
     </span>
    </p>
   </div>
   <div class='ocr_carea' id='block_1_17' title="bbox 504 1685 2060 1767">
    <p class='ocr_par' dir='ltr' id='par_1_17' title="bbox 504 1685 2060 1767">
     <span class='ocr_line' id='line_1_17' title="bbox 504 1685 2060 1767; baseline 0.011 -28"><span class='ocrx_word' id='word_1_88' title='bbox 504 1685 647 1751; x_wconf 88' lang='lat' dir='ltr'><strong>fama</strong></span> <span class='ocrx_word' id='word_1_89' title='bbox 675 1693 1104 1749; x_wconf 77' lang='lat' dir='ltr'><strong>commendabat.</strong></span> <span class='ocrx_word' id='word_1_90' title='bbox 1139 1693 1293 1751; x_wconf 86' lang='lat' dir='ltr'><strong>Unde</strong></span> <span class='ocrx_word' id='word_1_91' title='bbox 1314 1737 1330 1764; x_wconf 91' lang='lat'><strong>,</strong></span> <span class='ocrx_word' id='word_1_92' title='bbox 1369 1698 1498 1767; x_wconf 83' lang='lat' dir='ltr'><strong>quia</strong></span> <span class='ocrx_word' id='word_1_93' title='bbox 1535 1699 1695 1754; x_wconf 90' lang='lat' dir='ltr'><strong>bonis</strong></span> <span class='ocrx_word' id='word_1_94' title='bbox 1724 1700 1917 1756; x_wconf 89' lang='lat' dir='ltr'><strong>studiis</strong></span> <span class='ocrx_word' id='word_1_95' title='bbox 1951 1702 2060 1757; x_wconf 90' lang='lat' dir='ltr'><strong>tuis</strong></span> 
     </span>
    </p>
   </div>
   <div class='ocr_carea' id='block_1_18' title="bbox 502 1780 2077 1848">
    <p class='ocr_par' dir='ltr' id='par_1_18' title="bbox 502 1780 2077 1848">
     <span class='ocr_line' id='line_1_18' title="bbox 502 1780 2077 1848; baseline 0.011 -18"><span class='ocrx_word' id='word_1_96' title='bbox 502 1780 958 1848; x_wconf 85' lang='lat' dir='ltr'><strong>congratulamur,</strong></span> <span class='ocrx_word' id='word_1_97' title='bbox 986 1799 1112 1838; x_wconf 89' lang='lat' dir='ltr'><strong>cum</strong></span> <span class='ocrx_word' id='word_1_98' title='bbox 1137 1788 1408 1841; x_wconf 88' lang='lat' dir='ltr'><strong>contraria</strong></span> <span class='ocrx_word' id='word_1_99' title='bbox 1420 1788 1489 1843; x_wconf 88' lang='lat' dir='ltr'><strong>de</strong></span> <span class='ocrx_word' id='word_1_100' title='bbox 1511 1798 1564 1844; x_wconf 87' lang='lat' dir='ltr'><strong>te</strong></span> <span class='ocrx_word' id='word_1_101' title='bbox 1591 1788 1897 1845; x_wconf 89' lang='lat' dir='ltr'><strong>referuntur</strong></span> <span class='ocrx_word' id='word_1_102' title='bbox 1916 1793 2077 1847; x_wconf 53' lang='lat' dir='ltr'><strong>mul-r</strong></span> 
     </span>
    </p>
   </div>
   <div class='ocr_carea' id='block_1_19' title="bbox 501 1868 2059 1950">
    <p class='ocr_par' dir='ltr' id='par_1_19' title="bbox 501 1868 2059 1950">
     <span class='ocr_line' id='line_1_19' title="bbox 501 1868 2059 1950; baseline 0.012 -31"><span class='ocrx_word' id='word_1_103' title='bbox 501 1873 618 1921; x_wconf 79' lang='lat' dir='ltr'><strong>tum</strong></span> <span class='ocrx_word' id='word_1_104' title='bbox 645 1868 887 1940; x_wconf 90' lang='lat' dir='ltr'><strong>profecto</strong></span> <span class='ocrx_word' id='word_1_105' title='bbox 923 1872 1189 1930; x_wconf 84' lang='lat' dir='ltr'><strong>dolemus.</strong></span> <span class='ocrx_word' id='word_1_106' title='bbox 1220 1875 1542 1935; x_wconf 81' lang='lat' dir='ltr'><strong>Audivimus</strong></span> <span class='ocrx_word' id='word_1_107' title='bbox 1574 1895 1746 1950; x_wconf 83' lang='lat' dir='ltr'><strong>nuper</strong></span> <span class='ocrx_word' id='word_1_108' title='bbox 1767 1882 1822 1936; x_wconf 87' lang='lat' dir='ltr'><strong>te</strong></span> <span class='ocrx_word' id='word_1_109' title='bbox 1845 1882 2059 1937; x_wconf 84' lang='lat' dir='ltr'><strong>cuidam</strong></span> 
     </span>
    </p>
   </div>
   <div class='ocr_carea' id='block_1_20' title="bbox 501 1957 2056 2038">
    <p class='ocr_par' dir='ltr' id='par_1_20' title="bbox 501 1957 2056 2038">
     <span class='ocr_line' id='line_1_20' title="bbox 501 1957 2056 2038; baseline 0.01 -26"><span class='ocrx_word' id='word_1_110' title='bbox 501 1957 700 2014; x_wconf 80' lang='lat' dir='ltr'><strong>clerico</strong></span> <span class='ocrx_word' id='word_1_111' title='bbox 725 1961 986 2034; x_wconf 86' lang='lat' dir='ltr'><strong>sacrilego</strong></span> <span class='ocrx_word' id='word_1_112' title='bbox 1024 1962 1311 2022; x_wconf 89' lang='lat' dir='ltr'><strong>Lamberto</strong></span> <span class='ocrx_word' id='word_1_113' title='bbox 1326 2008 1343 2033; x_wconf 93' lang='lat'><strong>,</strong></span> <span class='ocrx_word' id='word_1_114' title='bbox 1373 1969 1467 2038; x_wconf 85' lang='lat' dir='ltr'><strong>qui</strong></span> <span class='ocrx_word' id='word_1_115' title='bbox 1495 1967 1708 2038; x_wconf 82' lang='lat' dir='ltr'><strong>publice</strong></span> <span class='ocrx_word' id='word_1_116' title='bbox 1743 1969 2056 2027; x_wconf 87' lang='lat' dir='ltr'><strong>Tarvauen-</strong></span> 
     </span>
    </p>
   </div>
   <div class='ocr_carea' id='block_1_21' title="bbox 502 2050 2056 2126">
    <p class='ocr_par' dir='ltr' id='par_1_21' title="bbox 502 2050 2056 2126">
     <span class='ocr_line' id='line_1_21' title="bbox 502 2050 2056 2126; baseline 0.011 -25"><span class='ocrx_word' id='word_1_117' title='bbox 502 2062 617 2102; x_wconf 82' lang='lat' dir='ltr'><strong>sem</strong></span> <span class='ocrx_word' id='word_1_118' title='bbox 659 2050 1023 2122; x_wconf 83' lang='lat' dir='ltr'><strong>episcopatum</strong></span> <span class='ocrx_word' id='word_1_119' title='bbox 1063 2066 1335 2114; x_wconf 83' lang='lat' dir='ltr'><strong>mercatus</strong></span> <span class='ocrx_word' id='word_1_120' title='bbox 1377 2067 1479 2126; x_wconf 87' lang='lat' dir='ltr'><strong>est,</strong></span> <span class='ocrx_word' id='word_1_121' title='bbox 1510 2069 1699 2116; x_wconf 88' lang='lat' dir='ltr'><strong>contra</strong></span> <span class='ocrx_word' id='word_1_122' title='bbox 1727 2062 2056 2118; x_wconf 83' lang='lat' dir='ltr'><strong>voluntatem</strong></span> 
     </span>
    </p>
   </div>
   <div class='ocr_carea' id='block_1_22' title="bbox 503 2138 2058 2219">
    <p class='ocr_par' dir='ltr' id='par_1_22' title="bbox 503 2138 2058 2219">
     <span class='ocr_line' id='line_1_22' title="bbox 503 2138 2058 2219; baseline 0.011 -28"><span class='ocrx_word' id='word_1_123' title='bbox 503 2138 821 2205; x_wconf 78' lang='lat' dir='ltr'><strong>clericorum</strong></span> <span class='ocrx_word' id='word_1_124' title='bbox 862 2144 940 2198; x_wconf 86' lang='lat' dir='ltr'><strong>illi</strong></span> <span class='ocrx_word' id='word_1_125' title='bbox 966 2144 1222 2203; x_wconf 82' lang='lat' dir='ltr'><strong>Ecclesia</strong></span> <span class='ocrx_word' id='word_1_126' title='bbox 1269 2149 1546 2219; x_wconf 89' lang='lat' dir='ltr'><strong>imposito,</strong></span> <span class='ocrx_word' id='word_1_127' title='bbox 1582 2150 1694 2207; x_wconf 89' lang='lat' dir='ltr'><strong>imo</strong></span> <span class='ocrx_word' id='word_1_128' title='bbox 1732 2153 1803 2207; x_wconf 85' lang='lat' dir='ltr'><strong>ab</strong></span> <span class='ocrx_word' id='word_1_129' title='bbox 1834 2153 1916 2208; x_wconf 91' lang='lat' dir='ltr'><strong>eis</strong></span> <span class='ocrx_word' id='word_1_130' title='bbox 1939 2168 2058 2207; x_wconf 89' lang='lat' dir='ltr'><strong>om-</strong></span> 
     </span>
    </p>
   </div>
   <div class='ocr_carea' id='block_1_23' title="bbox 503 2229 2056 2313">
    <p class='ocr_par' dir='ltr' id='par_1_23' title="bbox 503 2229 2056 2313">
     <span class='ocr_line' id='line_1_23' title="bbox 503 2229 2056 2313; baseline 0.011 -32"><span class='ocrx_word' id='word_1_131' title='bbox 503 2229 636 2284; x_wconf 88' lang='lat' dir='ltr'><strong>nino</strong></span> <span class='ocrx_word' id='word_1_132' title='bbox 654 2229 979 2302; x_wconf 82' lang='lat' dir='ltr'><strong>jampridem</strong></span> <span class='ocrx_word' id='word_1_133' title='bbox 1000 2238 1282 2306; x_wconf 76' lang='lat' dir='ltr'><strong>repudiato</strong></span> <span class='ocrx_word' id='word_1_134' title='bbox 1305 2241 1604 2296; x_wconf 89' lang='lat' dir='ltr'><strong>assensisse</strong></span> <span class='ocrx_word' id='word_1_135' title='bbox 1623 2282 1639 2307; x_wconf 85' lang='lat'><strong>,</strong></span> <span class='ocrx_word' id='word_1_136' title='bbox 1661 2242 1820 2312; x_wconf 85' lang='lat' dir='ltr'><strong>eique</strong></span> <span class='ocrx_word' id='word_1_137' title='bbox 1841 2243 2056 2313; x_wconf 86' lang='lat' dir='ltr'><strong>adjuto-</strong></span> 
     </span>
    </p>
   </div>
   <div class='ocr_carea' id='block_1_24' title="bbox 502 2319 2057 2402">
    <p class='ocr_par' dir='ltr' id='par_1_24' title="bbox 502 2319 2057 2402">
     <span class='ocr_line' id='line_1_24' title="bbox 502 2319 2057 2402; baseline 0.01 -29"><span class='ocrx_word' id='word_1_138' title='bbox 502 2319 645 2375; x_wconf 89' lang='lat' dir='ltr'><strong>rium</strong></span> <span class='ocrx_word' id='word_1_139' title='bbox 670 2330 724 2376; x_wconf 86' lang='lat' dir='ltr'><strong>et</strong></span> <span class='ocrx_word' id='word_1_140' title='bbox 747 2333 1062 2391; x_wconf 88' lang='lat' dir='ltr'><strong>potestatem</strong></span> <span class='ocrx_word' id='word_1_141' title='bbox 1093 2325 1390 2385; x_wconf 79' lang='lat' dir='ltr'><strong>Ec&#39;clesiam</strong></span> <span class='ocrx_word' id='word_1_142' title='bbox 1415 2331 1701 2386; x_wconf 84' lang='lat' dir='ltr'><strong>invadendi</strong></span> <span class='ocrx_word' id='word_1_143' title='bbox 1723 2333 2057 2402; x_wconf 87' lang='lat' dir='ltr'><strong>prastitisse,</strong></span> 
     </span>
    </p>
   </div>
   <div class='ocr_carea' id='block_1_25' title="bbox 501 2408 2061 2493">
    <p class='ocr_par' dir='ltr' id='par_1_25' title="bbox 501 2408 2061 2493">
     <span class='ocr_line' id='line_1_25' title="bbox 501 2408 2061 2493; baseline 0.01 -30"><span class='ocrx_word' id='word_1_144' title='bbox 501 2408 569 2463; x_wconf 87' lang='lat' dir='ltr'><strong>de</strong></span> <span class='ocrx_word' id='word_1_145' title='bbox 594 2412 846 2480; x_wconf 83' lang='lat' dir='ltr'><strong>qualibus</strong></span> <span class='ocrx_word' id='word_1_146' title='bbox 879 2415 997 2483; x_wconf 87' lang='lat' dir='ltr'><strong>ipsa</strong></span> <span class='ocrx_word' id='word_1_147' title='bbox 1042 2416 1253 2474; x_wconf 81' lang='lat' dir='ltr'><strong>Veritas</strong></span> <span class='ocrx_word' id='word_1_148' title='bbox 1280 2420 1411 2475; x_wconf 87' lang='lat' dir='ltr'><strong>dicit</strong></span> <span class='ocrx_word' id='word_1_149' title='bbox 1451 2440 1462 2475; x_wconf 95' lang='lat'>:</span> <span class='ocrx_word' id='word_1_150' title='bbox 1504 2420 1608 2486; x_wconf 82' lang='lat' dir='ltr'><strong>Qui</strong></span> <span class='ocrx_word' id='word_1_151' title='bbox 1634 2438 1737 2476; x_wconf 84' lang='lat' dir='ltr'><strong>non</strong></span> <span class='ocrx_word' id='word_1_152' title='bbox 1762 2423 1926 2478; x_wconf 84' lang='lat' dir='ltr'><strong>intrat</strong></span> <span class='ocrx_word' id='word_1_153' title='bbox 1969 2441 2061 2493; x_wconf 84' lang='lat' dir='ltr'><strong>per</strong></span> 
     </span>
    </p>
   </div>
   <div class='ocr_carea' id='block_1_26' title="bbox 503 2498 2059 2581">
    <p class='ocr_par' dir='ltr' id='par_1_26' title="bbox 503 2498 2059 2581">
     <span class='ocr_line' id='line_1_26' title="bbox 503 2498 2059 2581; baseline 0.011 -33"><span class='ocrx_word' id='word_1_154' title='bbox 503 2498 696 2551; x_wconf 73' lang='lat' dir='ltr'><strong>ostium</strong></span> <span class='ocrx_word' id='word_1_155' title='bbox 719 2500 776 2552; x_wconf 84' lang='lat' dir='ltr'><strong>in</strong></span> <span class='ocrx_word' id='word_1_156' title='bbox 794 2502 926 2557; x_wconf 79' lang='lat' dir='ltr'><strong>ovile</strong></span> <span class='ocrx_word' id='word_1_157' title='bbox 943 2506 1115 2558; x_wconf 78' lang='lat' dir='ltr'><strong>ovium</strong></span> <span class='ocrx_word' id='word_1_158' title='bbox 1136 2508 1225 2561; x_wconf 79' lang='lat' dir='ltr'><strong>sed</strong></span> <span class='ocrx_word' id='word_1_159' title='bbox 1247 2510 1483 2563; x_wconf 76' lang='lat' dir='ltr'><strong>ascendit</strong></span> <span class='ocrx_word' id='word_1_160' title='bbox 1502 2511 1734 2577; x_wconf 81' lang='lat' dir='ltr'><strong>aliunde,</strong></span> <span class='ocrx_word' id='word_1_161' title='bbox 1760 2511 1852 2566; x_wconf 82' lang='lat' dir='ltr'><strong>ille</strong></span> <span class='ocrx_word' id='word_1_162' title='bbox 1873 2514 1962 2581; x_wconf 79' lang='lat' dir='ltr'><strong>i&#39;ur</strong></span> <span class='ocrx_word' id='word_1_163' title='bbox 1981 2522 2059 2567; x_wconf 75' lang='lat' dir='ltr'><strong>est</strong></span> 
     </span>
    </p>
   </div>
   <div class='ocr_carea' id='block_1_27' title="bbox 502 2589 2061 2673">
    <p class='ocr_par' dir='ltr' id='par_1_27' title="bbox 502 2589 2061 2673">
     <span class='ocr_line' id='line_1_27' title="bbox 502 2589 2061 2673; baseline 0.013 -32"><span class='ocrx_word' id='word_1_164' title='bbox 502 2597 551 2641; x_wconf 82' lang='lat' dir='ltr'><strong>et</strong></span> <span class='ocrx_word' id='word_1_165' title='bbox 565 2589 704 2646; x_wconf 82' lang='lat' dir='ltr'><strong>latro</strong></span> <span class='ocrx_word' id='word_1_166' title='bbox 735 2591 917 2664; x_wconf 83' lang='lat' dir='ltr'><strong>(Joan.</strong></span> <span class='ocrx_word' id='word_1_167' title='bbox 941 2612 996 2662; x_wconf 71' lang='grc' dir='ltr'><strong>ι,</strong></span> <span class='ocrx_word' id='word_1_168' title='bbox 1020 2598 1092 2667; x_wconf 84' lang='lat' dir='ltr'><strong>l).</strong></span> <span class='ocrx_word' id='word_1_169' title='bbox 1118 2598 1183 2654; x_wconf 82' lang='lat' dir='ltr'><strong>Et</strong></span> <span class='ocrx_word' id='word_1_170' title='bbox 1204 2601 1393 2657; x_wconf 88' lang='lat' dir='ltr'><strong>beatus</strong></span> <span class='ocrx_word' id='word_1_171' title='bbox 1417 2619 1554 2673; x_wconf 90' lang='lat' dir='ltr'><strong>papa</strong></span> <span class='ocrx_word' id='word_1_172' title='bbox 1576 2603 1712 2659; x_wconf 87' lang='lat' dir='ltr'><strong>Leo:</strong></span> <span class='ocrx_word' id='word_1_173' title='bbox 1734 2604 1853 2659; x_wconf 85' lang='lat' dir='ltr'><strong>Non</strong></span> <span class='ocrx_word' id='word_1_174' title='bbox 1869 2606 2061 2660; x_wconf 80' lang='lat' dir='ltr'><strong>habea-</strong></span> 
     </span>
    </p>
   </div>
   <div class='ocr_carea' id='block_1_28' title="bbox 505 2682 2059 2762">
    <p class='ocr_par' dir='ltr' id='par_1_28' title="bbox 505 2682 2059 2762">
     <span class='ocr_line' id='line_1_28' title="bbox 505 2682 2059 2762; baseline 0.011 -29"><span class='ocrx_word' id='word_1_175' title='bbox 505 2688 591 2734; x_wconf 81' lang='lat' dir='ltr'><strong>tur</strong></span> <span class='ocrx_word' id='word_1_176' title='bbox 619 2682 757 2737; x_wconf 78' lang='lat' dir='ltr'><strong>inter</strong></span> <span class='ocrx_word' id='word_1_177' title='bbox 770 2686 1033 2757; x_wconf 73' lang='lat' dir='ltr'><strong>episcopos</strong></span> <span class='ocrx_word' id='word_1_178' title='bbox 1059 2691 1149 2758; x_wconf 84' lang='lat' dir='ltr'><strong>qui</strong></span> <span class='ocrx_word' id='word_1_179' title='bbox 1178 2704 1279 2744; x_wconf 76' lang='lat' dir='ltr'><strong>non</strong></span> <span class='ocrx_word' id='word_1_180' title='bbox 1316 2693 1475 2762; x_wconf 82' lang='lat' dir='ltr'><strong>fuerit</strong></span> <span class='ocrx_word' id='word_1_181' title='bbox 1504 2712 1537 2748; x_wconf 82' lang='grc' dir='ltr'><em>α</em></span> <span class='ocrx_word' id='word_1_182' title='bbox 1558 2694 1697 2749; x_wconf 85' lang='lat' dir='ltr'><strong>clero</strong></span> <span class='ocrx_word' id='word_1_183' title='bbox 1731 2695 1923 2750; x_wconf 80' lang='lat' dir='ltr'><strong>electus</strong></span> <span class='ocrx_word' id='word_1_184' title='bbox 1942 2706 1992 2751; x_wconf 82' lang='lat' dir='ltr'><strong>et</strong></span> <span class='ocrx_word' id='word_1_185' title='bbox 2027 2716 2059 2750; x_wconf 83' lang='grc' dir='ltr'><em>α</em></span> 
     </span>
    </p>
   </div>
   <div class='ocr_carea' id='block_1_29' title="bbox 502 2771 2061 2854">
    <p class='ocr_par' dir='ltr' id='par_1_29' title="bbox 502 2771 2061 2854">
     <span class='ocr_line' id='line_1_29' title="bbox 502 2771 2061 2854; baseline 0.012 -31"><span class='ocrx_word' id='word_1_186' title='bbox 502 2771 694 2840; x_wconf 68' lang='lat' dir='ltr'><strong>populo</strong></span> <span class='ocrx_word' id='word_1_187' title='bbox 720 2777 997 2843; x_wconf 63' lang='lat' dir='ltr'><strong>expetitus.</strong></span> <span class='ocrx_word' id='word_1_188' title='bbox 1031 2778 1251 2849; x_wconf 67' lang='lat' dir='ltr'><strong>Oportet</strong></span> <span class='ocrx_word' id='word_1_189' title='bbox 1278 2798 1406 2854; x_wconf 89' lang='lat' dir='ltr'><strong>ergo</strong></span> <span class='ocrx_word' id='word_1_190' title='bbox 1428 2784 1768 2853; x_wconf 87' lang='lat' dir='ltr'><strong>prudentiam</strong></span> <span class='ocrx_word' id='word_1_191' title='bbox 1796 2796 1945 2842; x_wconf 87' lang='lat' dir='ltr'><strong>tuam</strong></span> <span class='ocrx_word' id='word_1_192' title='bbox 1978 2788 2061 2843; x_wconf 87' lang='lat' dir='ltr'><strong>di-</strong></span> 
     </span>
    </p>
   </div>
   <div class='ocr_carea' id='block_1_30' title="bbox 503 2859 2063 2946">
    <p class='ocr_par' dir='ltr' id='par_1_30' title="bbox 503 2859 2063 2946">
     <span class='ocr_line' id='line_1_30' title="bbox 503 2859 2063 2946; baseline 0.013 -33"><span class='ocrx_word' id='word_1_193' title='bbox 503 2859 645 2915; x_wconf 77' lang='lat' dir='ltr'><strong>vina</strong></span> <span class='ocrx_word' id='word_1_194' title='bbox 665 2864 963 2933; x_wconf 88' lang='lat' dir='ltr'><strong>majestatis</strong></span> <span class='ocrx_word' id='word_1_195' title='bbox 986 2869 1428 2939; x_wconf 87' lang='lat' dir='ltr'><strong>omnipotentiam</strong></span> <span class='ocrx_word' id='word_1_196' title='bbox 1459 2883 1511 2928; x_wconf 91' lang='lat' dir='ltr'><strong>ct</strong></span> <span class='ocrx_word' id='word_1_197' title='bbox 1538 2874 1930 2932; x_wconf 85' lang='lat' dir='ltr'><strong>districtionem</strong></span> <span class='ocrx_word' id='word_1_198' title='bbox 1952 2893 2063 2946; x_wconf 86' lang='lat' dir='ltr'><strong>pra</strong></span> 
     </span>
    </p>
   </div>
   <div class='ocr_carea' id='block_1_31' title="bbox 504 2950 2063 3034">
    <p class='ocr_par' dir='ltr' id='par_1_31' title="bbox 504 2950 2063 3034">
     <span class='ocr_line' id='line_1_31' title="bbox 504 2950 2063 3034; baseline 0.013 -32"><span class='ocrx_word' id='word_1_199' title='bbox 504 2950 681 3006; x_wconf 90' lang='lat' dir='ltr'><strong>oculis</strong></span> <span class='ocrx_word' id='word_1_200' title='bbox 698 2952 1063 3034; x_wconf 21' lang='lat' dir='ltr'><strong>“incessanter</strong></span> <span class='ocrx_word' id='word_1_201' title='bbox 1108 2955 1338 3028; x_wconf 87' lang='lat' dir='ltr'><strong>habere,</strong></span> <span class='ocrx_word' id='word_1_202' title='bbox 1389 2964 1695 3034; x_wconf 87' lang='lat' dir='ltr'><strong>nulliusque</strong></span> <span class='ocrx_word' id='word_1_203' title='bbox 1751 2968 2063 3022; x_wconf 75' lang='lat' dir='ltr'><strong>mortalium</strong></span> 
     </span>
    </p>
   </div>
   <div class='ocr_carea' id='block_1_32' title="bbox 504 3028 2062 3122">
    <p class='ocr_par' dir='ltr' id='par_1_32' title="bbox 504 3028 2062 3122">
     <span class='ocr_line' id='line_1_32' title="bbox 504 3028 2062 3122; baseline 0.012 -28"><span class='ocrx_word' id='word_1_204' title='bbox 504 3028 734 3109; x_wconf 73' lang='lat' dir='ltr'><strong>gratiam</strong></span> <span class='ocrx_word' id='word_1_205' title='bbox 775 3046 855 3101; x_wconf 79' lang='lat' dir='ltr'><strong>vel</strong></span> <span class='ocrx_word' id='word_1_206' title='bbox 898 3047 1148 3104; x_wconf 80' lang='lat' dir='ltr'><strong>timorem</strong></span> <span class='ocrx_word' id='word_1_207' title='bbox 1193 3052 1269 3105; x_wconf 89' lang='lat' dir='ltr'><strong>illi</strong></span> <span class='ocrx_word' id='word_1_208' title='bbox 1304 3052 1584 3122; x_wconf 86' lang='lat' dir='ltr'><strong>praferre,</strong></span> <span class='ocrx_word' id='word_1_209' title='bbox 1607 3028 1714 3111; x_wconf 49' lang='lat' dir='ltr'><strong>-cui</strong></span> <span class='ocrx_word' id='word_1_210' title='bbox 1737 3066 1791 3112; x_wconf 89' lang='lat' dir='ltr'><strong>et</strong></span> <span class='ocrx_word' id='word_1_211' title='bbox 1816 3056 1982 3111; x_wconf 89' lang='lat' dir='ltr'><strong>vitam</strong></span> <span class='ocrx_word' id='word_1_212' title='bbox 2009 3069 2062 3113; x_wconf 89' lang='lat' dir='ltr'><strong>et</strong></span> 
     </span>
    </p>
   </div>
   <div class='ocr_carea' id='block_1_33' title="bbox 506 3131 2055 3218">
    <p class='ocr_par' dir='ltr' id='par_1_33' title="bbox 506 3131 2055 3218">
     <span class='ocr_line' id='line_1_33' title="bbox 506 3131 2055 3218; baseline 0.012 -35"><span class='ocrx_word' id='word_1_213' title='bbox 506 3131 734 3188; x_wconf 81' lang='lat' dir='ltr'><strong>salutem</strong></span> <span class='ocrx_word' id='word_1_214' title='bbox 762 3142 818 3190; x_wconf 90' lang='lat' dir='ltr'><strong>et</strong></span> <span class='ocrx_word' id='word_1_215' title='bbox 844 3133 1107 3215; x_wconf 84' lang='lat' dir='ltr'><strong>honorem</strong></span> <span class='ocrx_word' id='word_1_216' title='bbox 1142 3150 1295 3197; x_wconf 91' lang='lat' dir='ltr'><strong>tuum</strong></span> <span class='ocrx_word' id='word_1_217' title='bbox 1338 3160 1450 3199; x_wconf 91' lang='lat' dir='ltr'><strong>non</strong></span> <span class='ocrx_word' id='word_1_218' title='bbox 1495 3147 1724 3218; x_wconf 81' lang='lat' dir='ltr'><strong>ambigis</strong></span> <span class='ocrx_word' id='word_1_219' title='bbox 1765 3158 1818 3204; x_wconf 89' lang='lat' dir='ltr'><strong>te</strong></span> <span class='ocrx_word' id='word_1_220' title='bbox 1843 3146 2055 3203; x_wconf 84' lang='lat' dir='ltr'><strong>debere.</strong></span> 
     </span>
    </p>
   </div>
   <div class='ocr_carea' id='block_1_34' title="bbox 504 3217 2131 3324">
    <p class='ocr_par' dir='ltr' id='par_1_34' title="bbox 504 3217 2131 3324">
     <span class='ocr_line' id='line_1_34' title="bbox 504 3217 2131 3324; baseline 0.015 -53"><span class='ocrx_word' id='word_1_221' title='bbox 504 3217 649 3290; x_wconf 86' lang='lat' dir='ltr'><strong>Ergo</strong></span> <span class='ocrx_word' id='word_1_222' title='bbox 674 3223 802 3292; x_wconf 87' lang='lat' dir='ltr'><strong>quia</strong></span> <span class='ocrx_word' id='word_1_223' title='bbox 826 3233 877 3280; x_wconf 88' lang='lat' dir='ltr'><strong>te</strong></span> <span class='ocrx_word' id='word_1_224' title='bbox 906 3229 1247 3301; x_wconf 74' lang='lat' dir='ltr'><strong>audivimus,</strong></span> <span class='ocrx_word' id='word_1_225' title='bbox 1278 3234 1555 3307; x_wconf 84' lang='lat' dir='ltr'><strong>admonitu</strong></span> <span class='ocrx_word' id='word_1_226' title='bbox 1582 3217 1856 3311; x_wconf 81' lang='lat' dir='ltr'><strong>ﬁdelitatis</strong></span> <span class='ocrx_word' id='word_1_227' title='bbox 1895 3254 2059 3308; x_wconf 88' lang='lat' dir='ltr'><strong>quam</strong></span> <span class='ocrx_word' id='word_1_228' title='bbox 2090 3270 2131 3324; x_wconf 67' lang='grc' dir='ltr'><strong><em>ε</em></strong></span> 
     </span>
    </p>
   </div>
   <div class='ocr_carea' id='block_1_35' title="bbox 508 3309 2062 3394">
    <p class='ocr_par' dir='ltr' id='par_1_35' title="bbox 508 3309 2062 3394">
     <span class='ocr_line' id='line_1_35' title="bbox 508 3309 2062 3394; baseline 0.014 -34"><span class='ocrx_word' id='word_1_229' title='bbox 508 3309 623 3379; x_wconf 83' lang='lat' dir='ltr'><strong>regi</strong></span> <span class='ocrx_word' id='word_1_230' title='bbox 653 3309 900 3383; x_wconf 86' lang='lat' dir='ltr'><strong>Philippo</strong></span> <span class='ocrx_word' id='word_1_231' title='bbox 930 3316 1156 3387; x_wconf 89' lang='lat' dir='ltr'><strong>feceras,</strong></span> <span class='ocrx_word' id='word_1_232' title='bbox 1204 3322 1272 3375; x_wconf 91' lang='lat' dir='ltr'><strong>ad</strong></span> <span class='ocrx_word' id='word_1_233' title='bbox 1315 3323 1369 3378; x_wconf 90' lang='lat' dir='ltr'><strong>id</strong></span> <span class='ocrx_word' id='word_1_234' title='bbox 1408 3325 1708 3394; x_wconf 72' lang='lat' dir='ltr'><strong>periculose</strong></span> <span class='ocrx_word' id='word_1_235' title='bbox 1739 3309 1863 3383; x_wconf 87' lang='lat' dir='ltr'><strong>esse</strong></span> <span class='ocrx_word' id='word_1_236' title='bbox 1901 3328 2062 3383; x_wconf 89' lang='lat' dir='ltr'><strong>indu-</strong></span> 
     </span>
    </p>
   </div>
   <div class='ocr_carea' id='block_1_36' title="bbox 491 3407 2062 3487">
    <p class='ocr_par' dir='ltr' id='par_1_36' title="bbox 491 3407 2062 3487">
     <span class='ocr_line' id='line_1_36' title="bbox 491 3407 2062 3487; baseline 0.015 -35"><span class='ocrx_word' id='word_1_237' title='bbox 491 3407 673 3467; x_wconf 83' lang='lat' dir='ltr'><strong>ctum,</strong></span> <span class='ocrx_word' id='word_1_238' title='bbox 711 3417 777 3458; x_wconf 81' lang='lat' dir='ltr'><strong>ex</strong></span> <span class='ocrx_word' id='word_1_239' title='bbox 809 3415 959 3474; x_wconf 87' lang='lat' dir='ltr'><strong>parte</strong></span> <span class='ocrx_word' id='word_1_240' title='bbox 996 3410 1381 3481; x_wconf 89' lang='lat' dir='ltr'><strong>omnipotentis</strong></span> <span class='ocrx_word' id='word_1_241' title='bbox 1410 3414 1503 3470; x_wconf 85' lang='lat' dir='ltr'><strong>D&#39;ei</strong></span> <span class='ocrx_word' id='word_1_242' title='bbox 1536 3418 1878 3487; x_wconf 85' lang='lat' dir='ltr'><strong>pracipimns</strong></span> <span class='ocrx_word' id='word_1_243' title='bbox 1901 3426 1982 3486; x_wconf 86' lang='lat' dir='ltr'><strong>ut,</strong></span> <span class='ocrx_word' id='word_1_244' title='bbox 2015 3419 2062 3475; x_wconf 88' lang='lat' dir='ltr'><strong>si</strong></span> 
     </span>
    </p>
   </div>
   <div class='ocr_carea' id='block_1_37' title="bbox 507 3491 2059 3580">
    <p class='ocr_par' dir='ltr' id='par_1_37' title="bbox 507 3491 2059 3580">
     <span class='ocr_line' id='line_1_37' title="bbox 507 3491 2059 3580; baseline 0.014 -36"><span class='ocrx_word' id='word_1_245' title='bbox 507 3491 779 3571; x_wconf 77' lang='lat' dir='ltr'><strong>predictus</strong></span> <span class='ocrx_word' id='word_1_246' title='bbox 810 3495 1130 3555; x_wconf 87' lang='lat' dir='ltr'><strong>Lambertus</strong></span> <span class='ocrx_word' id='word_1_247' title='bbox 1155 3510 1264 3556; x_wconf 90' lang='lat' dir='ltr'><strong>tam</strong></span> <span class='ocrx_word' id='word_1_248' title='bbox 1293 3504 1518 3561; x_wconf 79' lang='lat' dir='ltr'><strong>nefariis</strong></span> <span class='ocrx_word' id='word_1_249' title='bbox 1541 3509 1717 3565; x_wconf 90' lang='lat' dir='ltr'><strong>modis</strong></span> <span class='ocrx_word' id='word_1_250' title='bbox 1749 3510 1818 3564; x_wconf 91' lang='lat' dir='ltr'><strong>ad</strong></span> <span class='ocrx_word' id='word_1_251' title='bbox 1845 3510 2059 3580; x_wconf 90' lang='lat' dir='ltr'><strong>episco-</strong></span> 
     </span>
    </p>
   </div>
   <div class='ocr_carea' id='block_1_38' title="bbox 508 3588 2083 3671">
    <p class='ocr_par' dir='ltr' id='par_1_38' title="bbox 508 3588 2083 3671">
     <span class='ocr_line' id='line_1_38' title="bbox 508 3588 2083 3671; baseline 0.017 -38"><span class='ocrx_word' id='word_1_252' title='bbox 508 3588 693 3647; x_wconf 88' lang='lat' dir='ltr'><strong>patum</strong></span> <span class='ocrx_word' id='word_1_253' title='bbox 716 3588 978 3663; x_wconf 80' lang='lat' dir='ltr'><strong>prorupit,</strong></span> <span class='ocrx_word' id='word_1_254' title='bbox 998 3592 1305 3649; x_wconf 81' lang='lat' dir='ltr'><strong>nullatenus</strong></span> <span class='ocrx_word' id='word_1_255' title='bbox 1323 3595 1373 3649; x_wconf 89' lang='lat' dir='ltr'><strong>ei</strong></span> <span class='ocrx_word' id='word_1_256' title='bbox 1396 3598 1782 3671; x_wconf 77' lang='lat' dir='ltr'><strong>sacerdotalem</strong></span> <span class='ocrx_word' id='word_1_257' title='bbox 1805 3601 2083 3663; x_wconf 10' lang='lat' dir='ltr'><strong>obedien-e</strong></span> 
     </span>
    </p>
   </div>
   <div class='ocr_carea' id='block_1_39' title="bbox 509 3671 2061 3755">
    <p class='ocr_par' dir='ltr' id='par_1_39' title="bbox 509 3671 2061 3755">
     <span class='ocr_line' id='line_1_39' title="bbox 509 3671 2061 3755; baseline 0.016 -32"><span class='ocrx_word' id='word_1_258' title='bbox 509 3671 640 3725; x_wconf 87' lang='lat' dir='ltr'><strong>tiam</strong></span> <span class='ocrx_word' id='word_1_259' title='bbox 665 3675 749 3728; x_wconf 82' lang='lat' dir='ltr'><strong>vel</strong></span> <span class='ocrx_word' id='word_1_260' title='bbox 775 3682 1124 3736; x_wconf 79' lang='lat' dir='ltr'><strong>reverentiam</strong></span> <span class='ocrx_word' id='word_1_261' title='bbox 1154 3686 1430 3755; x_wconf 80' lang='lat' dir='ltr'><strong>exhibeas,</strong></span> <span class='ocrx_word' id='word_1_262' title='bbox 1458 3688 1555 3745; x_wconf 87' lang='lat' dir='ltr'><strong>sed</strong></span> <span class='ocrx_word' id='word_1_263' title='bbox 1570 3700 1625 3746; x_wconf 79' lang='lat' dir='ltr'><strong>’a‘</strong></span> <span class='ocrx_word' id='word_1_264' title='bbox 1645 3691 1787 3748; x_wconf 86' lang='lat' dir='ltr'><strong>male</strong></span> <span class='ocrx_word' id='word_1_265' title='bbox 1821 3702 2061 3748; x_wconf 89' lang='lat' dir='ltr'><strong>mercata</strong></span> 
     </span>
    </p>
   </div>
   <div class='ocr_carea' id='block_1_40' title="bbox 508 3761 2062 3850">
    <p class='ocr_par' dir='ltr' id='par_1_40' title="bbox 508 3761 2062 3850">
     <span class='ocr_line' id='line_1_40' title="bbox 508 3761 2062 3850; baseline 0.015 -37"><span class='ocrx_word' id='word_1_266' title='bbox 508 3768 563 3814; x_wconf 88' lang='lat' dir='ltr'><strong>et</strong></span> <span class='ocrx_word' id='word_1_267' title='bbox 592 3761 778 3819; x_wconf 86' lang='lat' dir='ltr'><strong>invasa</strong></span> <span class='ocrx_word' id='word_1_268' title='bbox 806 3767 929 3821; x_wconf 88' lang='lat' dir='ltr'><strong>sede</strong></span> <span class='ocrx_word' id='word_1_269' title='bbox 958 3770 1194 3827; x_wconf 88' lang='lat' dir='ltr'><strong>alienum</strong></span> <span class='ocrx_word' id='word_1_270' title='bbox 1227 3784 1280 3829; x_wconf 90' lang='lat' dir='ltr'><strong>et</strong></span> <span class='ocrx_word' id='word_1_271' title='bbox 1310 3784 1579 3832; x_wconf 84' lang='lat' dir='ltr'><strong>extorrem</strong></span> <span class='ocrx_word' id='word_1_272' title='bbox 1607 3779 1784 3835; x_wconf 89' lang='lat' dir='ltr'><strong>facere</strong></span> <span class='ocrx_word' id='word_1_273' title='bbox 1823 3781 2062 3850; x_wconf 84' lang='lat' dir='ltr'><strong>prafatis</strong></span> 
     </span>
    </p>
   </div>
   <div class='ocr_carea' id='block_1_41' title="bbox 510 3852 2063 3934">
    <p class='ocr_par' dir='ltr' id='par_1_41' title="bbox 510 3852 2063 3934">
     <span class='ocr_line' id='line_1_41' title="bbox 510 3852 2063 3934; baseline 0.014 -26"><span class='ocrx_word' id='word_1_274' title='bbox 510 3852 721 3912; x_wconf 89' lang='lat' dir='ltr'><strong>clericis</strong></span> <span class='ocrx_word' id='word_1_275' title='bbox 751 3858 1186 3918; x_wconf 89' lang='lat' dir='ltr'><strong>adminiculando</strong></span> <span class='ocrx_word' id='word_1_276' title='bbox 1206 3881 1482 3934; x_wconf 86' lang='lat' dir='ltr'><strong>procures.</strong></span> <span class='ocrx_word' id='word_1_277' title='bbox 1510 3868 1627 3925; x_wconf 84' lang='lat' dir='ltr'><strong>Non</strong></span> <span class='ocrx_word' id='word_1_278' title='bbox 1653 3873 1801 3927; x_wconf 89' lang='lat' dir='ltr'><strong>enim</strong></span> <span class='ocrx_word' id='word_1_279' title='bbox 1822 3882 1879 3928; x_wconf 90' lang='lat' dir='ltr'><strong>te</strong></span> <span class='ocrx_word' id='word_1_280' title='bbox 1910 3874 2063 3931; x_wconf 87' lang='lat' dir='ltr'><strong>decet</strong></span> 
     </span>
    </p>
   </div>
   <div class='ocr_carea' id='block_1_42' title="bbox 509 3946 2062 4032">
    <p class='ocr_par' dir='ltr' id='par_1_42' title="bbox 509 3946 2062 4032">
     <span class='ocr_line' id='line_1_42' title="bbox 509 3946 2062 4032; baseline 0.014 -33"><span class='ocrx_word' id='word_1_281' title='bbox 509 3946 776 4003; x_wconf 72' lang='lat' dir='ltr'><strong>aestimare</strong></span> <span class='ocrx_word' id='word_1_282' title='bbox 817 3949 907 4004; x_wconf 90' lang='lat' dir='ltr'><strong>illa</strong></span> <span class='ocrx_word' id='word_1_283' title='bbox 941 3959 992 4006; x_wconf 88' lang='lat' dir='ltr'><strong>te</strong></span> <span class='ocrx_word' id='word_1_284' title='bbox 1020 3953 1359 4023; x_wconf 85' lang='lat' dir='ltr'><strong>adjuratione</strong></span> <span class='ocrx_word' id='word_1_285' title='bbox 1408 3958 1476 4013; x_wconf 89' lang='lat' dir='ltr'><strong>ad</strong></span> <span class='ocrx_word' id='word_1_286' title='bbox 1522 3968 1632 4015; x_wconf 89' lang='lat' dir='ltr'><strong>tam</strong></span> <span class='ocrx_word' id='word_1_287' title='bbox 1682 3963 2062 4032; x_wconf 83' lang='lat' dir='ltr'><strong>gravissimum</strong></span> 
     </span>
    </p>
   </div>
   <div class='ocr_carea' id='block_1_43' title="bbox 446 4036 2062 4126">
    <p class='ocr_par' dir='ltr' id='par_1_43' title="bbox 446 4036 2062 4126">
     <span class='ocr_line' id='line_1_43' title="bbox 446 4036 2062 4126; baseline 0.015 -38"><span class='ocrx_word' id='word_1_288' title='bbox 446 4036 685 4092; x_wconf 69' lang='lat' dir='ltr'><strong>“scelus</strong></span> <span class='ocrx_word' id='word_1_289' title='bbox 732 4039 1027 4113; x_wconf 79' lang='lat' dir='ltr'><strong>adstringi,</strong></span> <span class='ocrx_word' id='word_1_290' title='bbox 1074 4046 1200 4114; x_wconf 82' lang='lat' dir='ltr'><strong>quia</strong></span> <span class='ocrx_word' id='word_1_291' title='bbox 1248 4048 1605 4116; x_wconf 78' lang='lat' dir='ltr'><strong>perniciosius</strong></span> <span class='ocrx_word' id='word_1_292' title='bbox 1628 4060 1713 4106; x_wconf 89' lang='lat' dir='ltr'><strong>est</strong></span> <span class='ocrx_word' id='word_1_293' title='bbox 1760 4054 1914 4109; x_wconf 90' lang='lat' dir='ltr'><strong>illum</strong></span> <span class='ocrx_word' id='word_1_294' title='bbox 1964 4072 2062 4126; x_wconf 88' lang='lat' dir='ltr'><strong>per</strong></span> 
     </span>
    </p>
   </div>
   <div class='ocr_carea' id='block_1_44' title="bbox 512 4128 2062 4215">
    <p class='ocr_par' dir='ltr' id='par_1_44' title="bbox 512 4128 2062 4215">
     <span class='ocr_line' id='line_1_44' title="bbox 512 4128 2062 4215; baseline 0.014 -35"><span class='ocrx_word' id='word_1_295' title='bbox 512 4142 670 4194; x_wconf 89' lang='lat' dir='ltr'><strong>quem</strong></span> <span class='ocrx_word' id='word_1_296' title='bbox 693 4128 908 4197; x_wconf 76' lang='lat' dir='ltr'><strong>juratur</strong></span> <span class='ocrx_word' id='word_1_297' title='bbox 942 4150 1104 4204; x_wconf 88' lang='lat' dir='ltr'><strong>quam</strong></span> <span class='ocrx_word' id='word_1_298' title='bbox 1133 4137 1221 4191; x_wconf 87' lang='lat' dir='ltr'><strong>cui</strong></span> <span class='ocrx_word' id='word_1_299' title='bbox 1250 4137 1483 4207; x_wconf 88' lang='lat' dir='ltr'><strong>juratur,</strong></span> <span class='ocrx_word' id='word_1_300' title='bbox 1506 4149 1562 4195; x_wconf 92' lang='lat' dir='ltr'><strong>et</strong></span> <span class='ocrx_word' id='word_1_301' title='bbox 1583 4140 1750 4198; x_wconf 87' lang='lat' dir='ltr'><strong>Deum</strong></span> <span class='ocrx_word' id='word_1_302' title='bbox 1774 4160 1939 4215; x_wconf 89' lang='lat' dir='ltr'><strong>quam</strong></span> <span class='ocrx_word' id='word_1_303' title='bbox 1963 4146 2062 4201; x_wconf 89' lang='lat' dir='ltr'><strong>ho-</strong></span> 
     </span>
    </p>
   </div>
   <div class='ocr_carea' id='block_1_45' title="bbox 515 4216 2061 4305">
    <p class='ocr_par' dir='ltr' id='par_1_45' title="bbox 515 4216 2061 4305">
     <span class='ocr_line' id='line_1_45' title="bbox 515 4216 2061 4305; baseline 0.015 -38"><span class='ocrx_word' id='word_1_304' title='bbox 515 4216 713 4269; x_wconf 86' lang='lat' dir='ltr'><strong>minem</strong></span> <span class='ocrx_word' id='word_1_305' title='bbox 743 4218 1041 4289; x_wconf 60' lang='lat' dir='ltr'><strong>onfendere,</strong></span> <span class='ocrx_word' id='word_1_306' title='bbox 1084 4225 1247 4279; x_wconf 84' lang='lat' dir='ltr'><strong>simul</strong></span> <span class='ocrx_word' id='word_1_307' title='bbox 1281 4227 1395 4296; x_wconf 89' lang='lat' dir='ltr'><strong>ipse</strong></span> <span class='ocrx_word' id='word_1_308' title='bbox 1436 4229 1568 4284; x_wconf 88' lang='lat' dir='ltr'><strong>satis</strong></span> <span class='ocrx_word' id='word_1_309' title='bbox 1608 4234 1894 4302; x_wconf 89' lang='lat' dir='ltr'><strong>perpendis</strong></span> <span class='ocrx_word' id='word_1_310' title='bbox 1934 4235 2061 4305; x_wconf 87' lang='lat' dir='ltr'><strong>quia</strong></span> 
     </span>
    </p>
   </div>
   <div class='ocr_carea' id='block_1_46' title="bbox 512 4301 2062 4393">
    <p class='ocr_par' dir='ltr' id='par_1_46' title="bbox 512 4301 2062 4393">
     <span class='ocr_line' id='line_1_46' title="bbox 512 4301 2062 4393; baseline 0.018 -40"><span class='ocrx_word' id='word_1_311' title='bbox 512 4301 633 4370; x_wconf 86' lang='lat' dir='ltr'><strong>plus</strong></span> <span class='ocrx_word' id='word_1_312' title='bbox 653 4304 875 4360; x_wconf 84' lang='lat' dir='ltr'><strong>debetur</strong></span> <span class='ocrx_word' id='word_1_313' title='bbox 898 4310 1092 4365; x_wconf 83' lang='lat' dir='ltr'><strong>anima</strong></span> <span class='ocrx_word' id='word_1_314' title='bbox 1124 4330 1287 4381; x_wconf 87' lang='lat' dir='ltr'><strong>quam</strong></span> <span class='ocrx_word' id='word_1_315' title='bbox 1314 4321 1547 4386; x_wconf 90' lang='lat' dir='ltr'><strong>corpori.</strong></span> <span class='ocrx_word' id='word_1_316' title='bbox 1574 4319 1641 4375; x_wconf 83' lang='lat' dir='ltr'><strong>Et</strong></span> <span class='ocrx_word' id='word_1_317' title='bbox 1676 4301 1803 4378; x_wconf 90' lang='lat' dir='ltr'><strong>tunc</strong></span> <span class='ocrx_word' id='word_1_318' title='bbox 1823 4301 2062 4393; x_wconf 78' lang='lat' dir='ltr'><strong>profecto</strong></span> 
     </span>
    </p>
   </div>
   <div class='ocr_carea' id='block_1_47' title="bbox 512 4389 2064 4481">
    <p class='ocr_par' dir='ltr' id='par_1_47' title="bbox 512 4389 2064 4481">
     <span class='ocr_line' id='line_1_47' title="bbox 512 4389 2064 4481; baseline 0.014 -34"><span class='ocrx_word' id='word_1_319' title='bbox 512 4389 737 4448; x_wconf 82' lang='lat' dir='ltr'><strong>ﬁdelitas</strong></span> <span class='ocrx_word' id='word_1_320' title='bbox 779 4397 1061 4465; x_wconf 89' lang='lat' dir='ltr'><strong>perspicue</strong></span> <span class='ocrx_word' id='word_1_321' title='bbox 1099 4402 1269 4471; x_wconf 88' lang='lat' dir='ltr'><strong>magis</strong></span> <span class='ocrx_word' id='word_1_322' title='bbox 1306 4414 1552 4459; x_wconf 88' lang='lat' dir='ltr'><strong>servatur</strong></span> <span class='ocrx_word' id='word_1_323' title='bbox 1585 4389 2064 4481; x_wconf 37' lang='lat' dir='ltr'><strong>jubenti,_quando</strong></span> 
     </span>
    </p>
   </div>
   <div class='ocr_carea' id='block_1_48' title="bbox 512 4483 2064 4572">
    <p class='ocr_par' dir='ltr' id='par_1_48' title="bbox 512 4483 2064 4572">
     <span class='ocr_line' id='line_1_48' title="bbox 512 4483 2064 4572; baseline 0.014 -35"><span class='ocrx_word' id='word_1_324' title='bbox 512 4483 658 4537; x_wconf 87' lang='lat' dir='ltr'><strong>salus</strong></span> <span class='ocrx_word' id='word_1_325' title='bbox 705 4486 899 4539; x_wconf 81' lang='lat' dir='ltr'><strong>anima</strong></span> <span class='ocrx_word' id='word_1_326' title='bbox 946 4489 1063 4558; x_wconf 87' lang='lat' dir='ltr'><strong>ejus</strong></span> <span class='ocrx_word' id='word_1_327' title='bbox 1105 4495 1378 4562; x_wconf 87' lang='lat' dir='ltr'><strong>corporeis</strong></span> <span class='ocrx_word' id='word_1_328' title='bbox 1414 4499 1715 4552; x_wconf 88' lang='lat' dir='ltr'><strong>commodis</strong></span> <span class='ocrx_word' id='word_1_329' title='bbox 1764 4508 1818 4554; x_wconf 91' lang='lat' dir='ltr'><strong>ct</strong></span> <span class='ocrx_word' id='word_1_330' title='bbox 1864 4503 2064 4572; x_wconf 88' lang='lat' dir='ltr'><strong>iniquis</strong></span> 
     </span>
    </p>
   </div>
   <div class='ocr_carea' id='block_1_49' title="bbox 2156 678 3734 753">
    <p class='ocr_par' dir='ltr' id='par_1_49' title="bbox 2156 678 3734 753">
     <span class='ocr_line' id='line_1_49' title="bbox 2156 678 3734 753; baseline 0.003 -18"><span class='ocrx_word' id='word_1_331' title='bbox 2156 682 2342 737; x_wconf 90' lang='lat' dir='ltr'><strong>comiti</strong></span> <span class='ocrx_word' id='word_1_332' title='bbox 2362 681 2453 748; x_wconf 69' lang='grc' dir='ltr'><strong>Β..</strong></span> <span class='ocrx_word' id='word_1_333' title='bbox 2478 683 2706 737; x_wconf 80' lang='lat' dir='ltr'><strong>salutem</strong></span> <span class='ocrx_word' id='word_1_334' title='bbox 2734 692 2789 738; x_wconf 92' lang='lat' dir='ltr'><strong>et</strong></span> <span class='ocrx_word' id='word_1_335' title='bbox 2821 681 3174 753; x_wconf 87' lang='lat' dir='ltr'><strong>apostolicam</strong></span> <span class='ocrx_word' id='word_1_336' title='bbox 3202 682 3635 739; x_wconf 86' lang='lat' dir='ltr'><strong>benedictionem</strong></span> <span class='ocrx_word' id='word_1_337' title='bbox 3673 678 3734 739; x_wconf 72' lang='lat' dir='ltr'><strong>si</strong></span> 
     </span>
    </p>
   </div>
   <div class='ocr_carea' id='block_1_50' title="bbox 2156 755 2478 826">
    <p class='ocr_par' dir='ltr' id='par_1_50' title="bbox 2156 755 2478 826">
     <span class='ocr_line' id='line_1_50' title="bbox 2156 755 2478 826; baseline 0.009 -3"><span class='ocrx_word' id='word_1_338' title='bbox 2156 755 2478 826; x_wconf 73' lang='lat' dir='ltr'><strong>obedierint.</strong></span> 
     </span>
    </p>
   </div>
   <div class='ocr_carea' id='block_1_51' title="bbox 2229 859 3734 932">
    <p class='ocr_par' dir='ltr' id='par_1_51' title="bbox 2229 859 3734 932">
     <span class='ocr_line' id='line_1_51' title="bbox 2229 859 3734 932; baseline 0.001 -19"><span class='ocrx_word' id='word_1_339' title='bbox 2229 859 2382 915; x_wconf 90' lang='lat' dir='ltr'><strong>Sicut</strong></span> <span class='ocrx_word' id='word_1_340' title='bbox 2414 861 2537 917; x_wconf 89' lang='lat' dir='ltr'><strong>aliis</strong></span> <span class='ocrx_word' id='word_1_341' title='bbox 2560 862 2755 918; x_wconf 90' lang='lat' dir='ltr'><strong>litteris</strong></span> <span class='ocrx_word' id='word_1_342' title='bbox 2793 862 3065 928; x_wconf 83' lang='lat' dir='ltr'><strong>misimus,</strong></span> <span class='ocrx_word' id='word_1_343' title='bbox 3089 875 3202 916; x_wconf 90' lang='lat' dir='ltr'><strong>non</strong></span> <span class='ocrx_word' id='word_1_344' title='bbox 3243 863 3460 932; x_wconf 90' lang='lat' dir='ltr'><strong>ignorat</strong></span> <span class='ocrx_word' id='word_1_345' title='bbox 3495 860 3734 917; x_wconf 82' lang='lat' dir='ltr'><strong>solertia</strong></span> 
     </span>
    </p>
   </div>
   <div class='ocr_carea' id='block_1_52' title="bbox 2156 950 3736 1023">
    <p class='ocr_par' dir='ltr' id='par_1_52' title="bbox 2156 950 3736 1023">
     <span class='ocr_line' id='line_1_52' title="bbox 2156 950 3736 1023; baseline 0.001 -20"><span class='ocrx_word' id='word_1_346' title='bbox 2156 958 2247 1004; x_wconf 87' lang='lat' dir='ltr'><strong>tua</strong></span> <span class='ocrx_word' id='word_1_347' title='bbox 2281 964 2383 1006; x_wconf 90' lang='lat' dir='ltr'><strong>nos</strong></span> <span class='ocrx_word' id='word_1_348' title='bbox 2404 951 2723 1021; x_wconf 86' lang='lat' dir='ltr'><strong>jamdudum</strong></span> <span class='ocrx_word' id='word_1_349' title='bbox 2744 961 2798 1008; x_wconf 89' lang='lat' dir='ltr'><strong>te</strong></span> <span class='ocrx_word' id='word_1_350' title='bbox 2833 952 2967 1008; x_wconf 89' lang='lat' dir='ltr'><strong>satis</strong></span> <span class='ocrx_word' id='word_1_351' title='bbox 2994 951 3241 1023; x_wconf 73' lang='lat' dir='ltr'><strong>diligere,</strong></span> <span class='ocrx_word' id='word_1_352' title='bbox 3260 960 3545 1022; x_wconf 79' lang='lat' dir='ltr'><strong>propterea</strong></span> <span class='ocrx_word' id='word_1_353' title='bbox 3572 950 3736 1021; x_wconf 81' lang='lat' dir='ltr'><strong>quod</strong></span> 
     </span>
    </p>
   </div>
   <div class='ocr_carea' id='block_1_53' title="bbox 2160 1040 3732 1112">
    <p class='ocr_par' dir='ltr' id='par_1_53' title="bbox 2160 1040 3732 1112">
     <span class='ocr_line' id='line_1_53' title="bbox 2160 1040 3732 1112; baseline 0.001 -18"><span class='ocrx_word' id='word_1_354' title='bbox 2160 1048 2211 1094; x_wconf 88' lang='lat' dir='ltr'><strong>te</strong></span> <span class='ocrx_word' id='word_1_355' title='bbox 2255 1040 2415 1096; x_wconf 90' lang='lat' dir='ltr'><strong>bonis</strong></span> <span class='ocrx_word' id='word_1_356' title='bbox 2459 1041 2654 1099; x_wconf 89' lang='lat' dir='ltr'><strong>studiis</strong></span> <span class='ocrx_word' id='word_1_357' title='bbox 2698 1043 2839 1098; x_wconf 90' lang='lat' dir='ltr'><strong>inter</strong></span> <span class='ocrx_word' id='word_1_358' title='bbox 2878 1051 3105 1097; x_wconf 86' lang='lat' dir='ltr'><strong>cateros</strong></span> <span class='ocrx_word' id='word_1_359' title='bbox 3141 1040 3385 1098; x_wconf 85' lang='lat' dir='ltr'><strong>Francia</strong></span> <span class='ocrx_word' id='word_1_360' title='bbox 3422 1040 3732 1112; x_wconf 84' lang='lat' dir='ltr'><strong>principes,</strong></span> 
     </span>
    </p>
   </div>
   <div class='ocr_carea' id='block_1_54' title="bbox 2130 1128 3737 1203">
    <p class='ocr_par' dir='ltr' id='par_1_54' title="bbox 2130 1128 3737 1203">
     <span class='ocr_line' id='line_1_54' title="bbox 2130 1128 3737 1203; baseline 0.001 -21"><span class='ocrx_word' id='word_1_361' title='bbox 2130 1128 2303 1185; x_wconf 89' lang='lat' dir='ltr'><strong>.fama</strong></span> <span class='ocrx_word' id='word_1_362' title='bbox 2361 1129 2587 1198; x_wconf 78' lang='lat' dir='ltr'><strong>ferente,</strong></span> <span class='ocrx_word' id='word_1_363' title='bbox 2646 1130 2952 1189; x_wconf 88' lang='lat' dir='ltr'><strong>audivimus</strong></span> <span class='ocrx_word' id='word_1_364' title='bbox 2995 1132 3268 1203; x_wconf 85' lang='lat' dir='ltr'><strong>eminere;</strong></span> <span class='ocrx_word' id='word_1_365' title='bbox 3320 1147 3449 1187; x_wconf 90' lang='lat' dir='ltr'><strong>nam</strong></span> <span class='ocrx_word' id='word_1_366' title='bbox 3493 1129 3737 1202; x_wconf 83' lang='lat' dir='ltr'><strong>potioris</strong></span> 
     </span>
    </p>
   </div>
   <div class='ocr_carea' id='block_1_55' title="bbox 2157 1219 3735 1289">
    <p class='ocr_par' dir='ltr' id='par_1_55' title="bbox 2157 1219 3735 1289">
     <span class='ocr_line' id='line_1_55' title="bbox 2157 1219 3735 1289; baseline 0.003 -17"><span class='ocrx_word' id='word_1_367' title='bbox 2157 1233 2285 1289; x_wconf 84' lang='lat' dir='ltr'><strong>erga</strong></span> <span class='ocrx_word' id='word_1_368' title='bbox 2319 1227 2372 1273; x_wconf 91' lang='lat' dir='ltr'><strong>te</strong></span> <span class='ocrx_word' id='word_1_369' title='bbox 2395 1219 2703 1277; x_wconf 90' lang='lat' dir='ltr'><strong>dilectionis</strong></span> <span class='ocrx_word' id='word_1_370' title='bbox 2729 1222 2991 1278; x_wconf 82' lang='lat' dir='ltr'><strong>habenda</strong></span> <span class='ocrx_word' id='word_1_371' title='bbox 3011 1237 3178 1279; x_wconf 89' lang='lat' dir='ltr'><strong>causa</strong></span> <span class='ocrx_word' id='word_1_372' title='bbox 3215 1221 3374 1278; x_wconf 90' lang='lat' dir='ltr'><strong>nobis</strong></span> <span class='ocrx_word' id='word_1_373' title='bbox 3415 1222 3531 1278; x_wconf 84' lang='lat' dir='ltr'><strong>hac</strong></span> <span class='ocrx_word' id='word_1_374' title='bbox 3551 1220 3735 1276; x_wconf 76' lang='lat' dir='ltr'><strong>exsti-</strong></span> 
     </span>
    </p>
   </div>
   <div class='ocr_carea' id='block_1_56' title="bbox 2157 1307 3731 1383">
    <p class='ocr_par' dir='ltr' id='par_1_56' title="bbox 2157 1307 3731 1383">
     <span class='ocr_line' id='line_1_56' title="bbox 2157 1307 3731 1383; baseline 0.003 -21"><span class='ocrx_word' id='word_1_375' title='bbox 2157 1307 2242 1374; x_wconf 87' lang='lat' dir='ltr'><strong>tit,</strong></span> <span class='ocrx_word' id='word_1_376' title='bbox 2283 1308 2411 1379; x_wconf 89' lang='lat' dir='ltr'><strong>quia</strong></span> <span class='ocrx_word' id='word_1_377' title='bbox 2442 1317 2497 1365; x_wconf 90' lang='lat' dir='ltr'><strong>te</strong></span> <span class='ocrx_word' id='word_1_378' title='bbox 2520 1309 2845 1367; x_wconf 69' lang='lat' dir='ltr'><strong>Christiana</strong></span> <span class='ocrx_word' id='word_1_379' title='bbox 2880 1312 3158 1383; x_wconf 79' lang='lat' dir='ltr'><strong>religionis</strong></span> <span class='ocrx_word' id='word_1_380' title='bbox 3186 1319 3508 1379; x_wconf 89' lang='lat' dir='ltr'><strong>amatorem,</strong></span> <span class='ocrx_word' id='word_1_381' title='bbox 3541 1311 3731 1367; x_wconf 85' lang='lat' dir='ltr'><strong>eccle-</strong></span> 
     </span>
    </p>
   </div>
   <div class='ocr_carea' id='block_1_57' title="bbox 2158 1398 3736 1473">
    <p class='ocr_par' dir='ltr' id='par_1_57' title="bbox 2158 1398 3736 1473">
     <span class='ocr_line' id='line_1_57' title="bbox 2158 1398 3736 1473; baseline 0.002 -20"><span class='ocrx_word' id='word_1_382' title='bbox 2158 1398 2499 1470; x_wconf 84' lang='lat' dir='ltr'><strong>siasticaque</strong></span> <span class='ocrx_word' id='word_1_383' title='bbox 2527 1401 2830 1471; x_wconf 89' lang='lat' dir='ltr'><strong>disciplina</strong></span> <span class='ocrx_word' id='word_1_384' title='bbox 2863 1411 2919 1457; x_wconf 90' lang='lat' dir='ltr'><strong>et</strong></span> <span class='ocrx_word' id='word_1_385' title='bbox 2944 1402 3169 1458; x_wconf 88' lang='lat' dir='ltr'><strong>honoris</strong></span> <span class='ocrx_word' id='word_1_386' title='bbox 3208 1403 3622 1473; x_wconf 79' lang='lat' dir='ltr'><strong>suﬂ&#39;ragatorem</strong></span> <span class='ocrx_word' id='word_1_387' title='bbox 3657 1416 3736 1456; x_wconf 87' lang='lat' dir='ltr'><strong>ac</strong></span> 
     </span>
    </p>
   </div>
   <div class='ocr_carea' id='block_1_58' title="bbox 2158 1486 3734 1564">
    <p class='ocr_par' dir='ltr' id='par_1_58' title="bbox 2158 1486 3734 1564">
     <span class='ocr_line' id='line_1_58' title="bbox 2158 1486 3734 1564; baseline 0.004 -23"><span class='ocrx_word' id='word_1_388' title='bbox 2158 1486 2497 1545; x_wconf 78' lang='lat' dir='ltr'><strong>defensorem</strong></span> <span class='ocrx_word' id='word_1_389' title='bbox 2539 1491 2597 1546; x_wconf 92' lang='lat' dir='ltr'><strong>in</strong></span> <span class='ocrx_word' id='word_1_390' title='bbox 2625 1492 2952 1562; x_wconf 87' lang='lat' dir='ltr'><strong>quibusdam</strong></span> <span class='ocrx_word' id='word_1_391' title='bbox 2977 1493 3347 1564; x_wconf 74' lang='lat' dir='ltr'><strong>cognovimus.</strong></span> <span class='ocrx_word' id='word_1_392' title='bbox 3380 1491 3566 1557; x_wconf 84' lang='lat' dir='ltr'><strong>Unde,</strong></span> <span class='ocrx_word' id='word_1_393' title='bbox 3594 1504 3734 1547; x_wconf 67' lang='lat' dir='ltr'><strong>cu.</strong></span> 
     </span>
    </p>
   </div>
   <div class='ocr_carea' id='block_1_59' title="bbox 2159 1577 3716 1662">
    <p class='ocr_par' dir='ltr' id='par_1_59' title="bbox 2159 1577 3716 1662">
     <span class='ocr_line' id='line_1_59' title="bbox 2159 1577 3716 1662; baseline 0.003 -31"><span class='ocrx_word' id='word_1_394' title='bbox 2159 1593 2191 1631; x_wconf 88' lang='lat' dir='ltr'><strong>a</strong></span> <span class='ocrx_word' id='word_1_395' title='bbox 2219 1577 2378 1639; x_wconf 74' lang='lat' dir='ltr'><strong>solita</strong></span> <span class='ocrx_word' id='word_1_396' title='bbox 2409 1581 2677 1649; x_wconf 84' lang='lat' dir='ltr'><strong>probitate</strong></span> <span class='ocrx_word' id='word_1_397' title='bbox 2708 1583 2985 1639; x_wconf 87' lang='lat' dir='ltr'><strong>contraria</strong></span> <span class='ocrx_word' id='word_1_398' title='bbox 3013 1581 3153 1638; x_wconf 87' lang='lat' dir='ltr'><strong>forte</strong></span> <span class='ocrx_word' id='word_1_399' title='bbox 3172 1582 3501 1649; x_wconf 83' lang='lat' dir='ltr'><strong>audivimus,</strong></span> <span class='ocrx_word' id='word_1_400' title='bbox 3518 1596 3716 1662; x_wconf 38' lang='lat' dir='ltr'><strong>&#39;quan-</strong></span> 
     </span>
    </p>
   </div>
   <div class='ocr_carea' id='block_1_60' title="bbox 2160 1668 3735 1745">
    <p class='ocr_par' dir='ltr' id='par_1_60' title="bbox 2160 1668 3735 1745">
     <span class='ocr_line' id='line_1_60' title="bbox 2160 1668 3735 1745; baseline 0.004 -24"><span class='ocrx_word' id='word_1_401' title='bbox 2160 1676 2276 1722; x_wconf 91' lang='lat' dir='ltr'><strong>tum</strong></span> <span class='ocrx_word' id='word_1_402' title='bbox 2307 1668 2587 1727; x_wconf 82' lang='lat' dir='ltr'><strong>doleamus</strong></span> <span class='ocrx_word' id='word_1_403' title='bbox 2611 1674 2897 1743; x_wconf 88' lang='lat' dir='ltr'><strong>prudentia</strong></span> <span class='ocrx_word' id='word_1_404' title='bbox 2924 1683 3019 1729; x_wconf 89' lang='lat' dir='ltr'><strong>tua</strong></span> <span class='ocrx_word' id='word_1_405' title='bbox 3053 1672 3353 1745; x_wconf 76' lang='lat' dir='ltr'><strong>perpendit.</strong></span> <span class='ocrx_word' id='word_1_406' title='bbox 3389 1669 3572 1742; x_wconf 82' lang='lat' dir='ltr'><strong>Nuper</strong></span> <span class='ocrx_word' id='word_1_407' title='bbox 3592 1685 3735 1727; x_wconf 80' lang='lat' dir='ltr'><strong>vero</strong></span> 
     </span>
    </p>
   </div>
   <div class='ocr_carea' id='block_1_61' title="bbox 2161 1759 3736 1835">
    <p class='ocr_par' dir='ltr' id='par_1_61' title="bbox 2161 1759 3736 1835">
     <span class='ocr_line' id='line_1_61' title="bbox 2161 1759 3736 1835; baseline -0.001 -20"><span class='ocrx_word' id='word_1_408' title='bbox 2161 1760 2227 1815; x_wconf 89' lang='lat' dir='ltr'><strong>de</strong></span> <span class='ocrx_word' id='word_1_409' title='bbox 2255 1767 2307 1814; x_wconf 89' lang='lat' dir='ltr'><strong>te</strong></span> <span class='ocrx_word' id='word_1_410' title='bbox 2332 1762 2604 1831; x_wconf 90' lang='lat' dir='ltr'><strong>quoddam</strong></span> <span class='ocrx_word' id='word_1_411' title='bbox 2636 1763 2891 1831; x_wconf 90' lang='lat' dir='ltr'><strong>innotuit,</strong></span> <span class='ocrx_word' id='word_1_412' title='bbox 2918 1764 3066 1835; x_wconf 87' lang='lat' dir='ltr'><strong>quod</strong></span> <span class='ocrx_word' id='word_1_413' title='bbox 3093 1765 3237 1820; x_wconf 90' lang='lat' dir='ltr'><strong>sicut</strong></span> <span class='ocrx_word' id='word_1_414' title='bbox 3256 1779 3289 1819; x_wconf 89' lang='lat' dir='ltr'><strong>a</strong></span> <span class='ocrx_word' id='word_1_415' title='bbox 3320 1763 3519 1835; x_wconf 81' lang='lat' dir='ltr'><strong>priscis</strong></span> <span class='ocrx_word' id='word_1_416' title='bbox 3553 1759 3736 1817; x_wconf 77' lang='lat' dir='ltr'><strong>mori-</strong></span> 
     </span>
    </p>
   </div>
   <div class='ocr_carea' id='block_1_62' title="bbox 2163 1849 3734 1925">
    <p class='ocr_par' dir='ltr' id='par_1_62' title="bbox 2163 1849 3734 1925">
     <span class='ocr_line' id='line_1_62' title="bbox 2163 1849 3734 1925; baseline 0.001 -22"><span class='ocrx_word' id='word_1_417' title='bbox 2163 1849 2264 1906; x_wconf 90' lang='lat' dir='ltr'><strong>bus</strong></span> <span class='ocrx_word' id='word_1_418' title='bbox 2286 1850 2397 1907; x_wconf 89' lang='lat' dir='ltr'><strong>tuis</strong></span> <span class='ocrx_word' id='word_1_419' title='bbox 2418 1851 2677 1921; x_wconf 84' lang='lat' dir='ltr'><strong>alienum,</strong></span> <span class='ocrx_word' id='word_1_420' title='bbox 2704 1853 2778 1907; x_wconf 92' lang='lat' dir='ltr'><strong>ita</strong></span> <span class='ocrx_word' id='word_1_421' title='bbox 2807 1868 3024 1925; x_wconf 86' lang='lat' dir='ltr'><strong>quoque</strong></span> <span class='ocrx_word' id='word_1_422' title='bbox 3050 1854 3268 1924; x_wconf 88' lang='lat' dir='ltr'><strong>penitus</strong></span> <span class='ocrx_word' id='word_1_423' title='bbox 3294 1853 3517 1921; x_wconf 78' lang='lat' dir='ltr'><strong>credere</strong></span> <span class='ocrx_word' id='word_1_424' title='bbox 3541 1852 3734 1906; x_wconf 86' lang='lat' dir='ltr'><strong>visum</strong></span> 
     </span>
    </p>
   </div>
   <div class='ocr_carea' id='block_1_63' title="bbox 2092 1918 3741 2015">
    <p class='ocr_par' dir='ltr' id='par_1_63' title="bbox 2092 1918 3741 2015">
     <span class='ocr_line' id='line_1_63' title="bbox 2092 1918 3741 2015; baseline 0.003 -23"><span class='ocrx_word' id='word_1_425' title='bbox 2092 1918 2134 1972; x_wconf 78' lang='grc' dir='ltr'>Β</span> <span class='ocrx_word' id='word_1_426' title='bbox 2160 1938 2328 1995; x_wconf 89' lang='lat' dir='ltr'><strong>fuerit</strong></span> <span class='ocrx_word' id='word_1_427' title='bbox 2363 1918 2672 2013; x_wconf 75' lang='lat' dir='ltr'><strong>indignum,</strong></span> <span class='ocrx_word' id='word_1_428' title='bbox 2710 1918 2960 2000; x_wconf 71' lang='lat' dir='ltr'><strong>videlicet</strong></span> <span class='ocrx_word' id='word_1_429' title='bbox 3005 1918 3179 2015; x_wconf 76' lang='lat' dir='ltr'><strong>quod,</strong></span> <span class='ocrx_word' id='word_1_430' title='bbox 3224 1918 3741 1999; x_wconf 77' lang='lat' dir='ltr'><strong>contradicentibus</strong></span> 
     </span>
    </p>
   </div>
   <div class='ocr_carea' id='block_1_64' title="bbox 2159 2022 3734 2104">
    <p class='ocr_par' dir='ltr' id='par_1_64' title="bbox 2159 2022 3734 2104">
     <span class='ocr_line' id='line_1_64' title="bbox 2159 2022 3734 2104; baseline 0.004 -22"><span class='ocrx_word' id='word_1_431' title='bbox 2159 2029 2523 2088; x_wconf 87' lang='lat' dir='ltr'><strong>Tarvanensis</strong></span> <span class='ocrx_word' id='word_1_432' title='bbox 2554 2022 2809 2091; x_wconf 77' lang='lat' dir='ltr'><strong>Ecclesia</strong></span> <span class='ocrx_word' id='word_1_433' title='bbox 2844 2035 3057 2091; x_wconf 89' lang='lat' dir='ltr'><strong>clericis</strong></span> <span class='ocrx_word' id='word_1_434' title='bbox 3097 2033 3585 2104; x_wconf 88' lang='lat' dir='ltr'><strong>renitentibusqne,</strong></span> <span class='ocrx_word' id='word_1_435' title='bbox 3630 2042 3734 2088; x_wconf 84' lang='lat' dir='ltr'><strong>tua</strong></span> 
     </span>
    </p>
   </div>
   <div class='ocr_carea' id='block_1_65' title="bbox 2154 2121 3734 2196">
    <p class='ocr_par' dir='ltr' id='par_1_65' title="bbox 2154 2121 3734 2196">
     <span class='ocr_line' id='line_1_65' title="bbox 2154 2121 3734 2196; baseline 0.003 -23"><span class='ocrx_word' id='word_1_436' title='bbox 2154 2121 2490 2189; x_wconf 86' lang='lat' dir='ltr'><strong>protectione</strong></span> <span class='ocrx_word' id='word_1_437' title='bbox 2513 2124 2833 2195; x_wconf 80' lang='lat' dir='ltr'><strong>auxilioque</strong></span> <span class='ocrx_word' id='word_1_438' title='bbox 2864 2124 3035 2182; x_wconf 87' lang='lat' dir='ltr'><strong>fretus</strong></span> <span class='ocrx_word' id='word_1_439' title='bbox 3065 2125 3287 2196; x_wconf 87' lang='lat' dir='ltr'><strong>quidam</strong></span> <span class='ocrx_word' id='word_1_440' title='bbox 3308 2124 3638 2181; x_wconf 87' lang='lat' dir='ltr'><strong>Lambertus</strong></span> <span class='ocrx_word' id='word_1_441' title='bbox 3660 2124 3734 2178; x_wconf 82' lang='lat' dir='ltr'><strong>il-</strong></span> 
     </span>
    </p>
   </div>
   <div class='ocr_carea' id='block_1_66' title="bbox 2103 2206 3734 2286">
    <p class='ocr_par' dir='ltr' id='par_1_66' title="bbox 2103 2206 3734 2286">
     <span class='ocr_line' id='line_1_66' title="bbox 2103 2206 3734 2286; baseline 0.003 -23"><span class='ocrx_word' id='word_1_442' title='bbox 2103 2243 2113 2253; x_wconf 85' lang='lat'><strong>-</strong></span> <span class='ocrx_word' id='word_1_443' title='bbox 2144 2210 2261 2265; x_wconf 86' lang='lat' dir='ltr'><strong>lius</strong></span> <span class='ocrx_word' id='word_1_444' title='bbox 2282 2206 2538 2268; x_wconf 84' lang='lat' dir='ltr'><strong>Ecclesia</strong></span> <span class='ocrx_word' id='word_1_445' title='bbox 2561 2214 2744 2270; x_wconf 88' lang='lat' dir='ltr'><strong>sedem</strong></span> <span class='ocrx_word' id='word_1_446' title='bbox 2769 2215 3029 2270; x_wconf 89' lang='lat' dir='ltr'><strong>invaserit</strong></span> <span class='ocrx_word' id='word_1_447' title='bbox 3044 2256 3060 2280; x_wconf 90' lang='lat'><strong>,</strong></span> <span class='ocrx_word' id='word_1_448' title='bbox 3095 2216 3190 2286; x_wconf 86' lang='lat' dir='ltr'><strong>qui</strong></span> <span class='ocrx_word' id='word_1_449' title='bbox 3215 2216 3427 2286; x_wconf 77' lang='lat' dir='ltr'><strong>publice</strong></span> <span class='ocrx_word' id='word_1_450' title='bbox 3449 2214 3734 2270; x_wconf 83' lang='lat' dir='ltr'><strong>Simonia-</strong></span> 
     </span>
    </p>
   </div>
   <div class='ocr_carea' id='block_1_67' title="bbox 2156 2303 3733 2376">
    <p class='ocr_par' dir='ltr' id='par_1_67' title="bbox 2156 2303 3733 2376">
     <span class='ocr_line' id='line_1_67' title="bbox 2156 2303 3733 2376; baseline 0.004 -21"><span class='ocrx_word' id='word_1_451' title='bbox 2156 2316 2255 2355; x_wconf 90' lang='lat' dir='ltr'><strong>cus</strong></span> <span class='ocrx_word' id='word_1_452' title='bbox 2284 2316 2317 2355; x_wconf 90' lang='lat' dir='ltr'><strong>a</strong></span> <span class='ocrx_word' id='word_1_453' title='bbox 2344 2309 2497 2371; x_wconf 89' lang='lat' dir='ltr'><strong>parte</strong></span> <span class='ocrx_word' id='word_1_454' title='bbox 2516 2303 2686 2358; x_wconf 86' lang='lat' dir='ltr'><strong>divini</strong></span> <span class='ocrx_word' id='word_1_455' title='bbox 2708 2304 2953 2360; x_wconf 88' lang='lat' dir='ltr'><strong>muneris</strong></span> <span class='ocrx_word' id='word_1_456' title='bbox 2975 2316 3208 2376; x_wconf 87' lang='lat' dir='ltr'><strong>emptor,</strong></span> <span class='ocrx_word' id='word_1_457' title='bbox 3234 2315 3442 2376; x_wconf 87' lang='lat' dir='ltr'><strong>quanto</strong></span> <span class='ocrx_word' id='word_1_458' title='bbox 3468 2321 3531 2362; x_wconf 86' lang='lat' dir='ltr'><strong>se</strong></span> <span class='ocrx_word' id='word_1_459' title='bbox 3548 2305 3608 2361; x_wconf 90' lang='lat' dir='ltr'><strong>in</strong></span> <span class='ocrx_word' id='word_1_460' title='bbox 3629 2307 3733 2362; x_wconf 84' lang='lat' dir='ltr'><strong>tali</strong></span> 
     </span>
    </p>
   </div>
   <div class='ocr_carea' id='block_1_68' title="bbox 2158 2391 3734 2466">
    <p class='ocr_par' dir='ltr' id='par_1_68' title="bbox 2158 2391 3734 2466">
     <span class='ocr_line' id='line_1_68' title="bbox 2158 2391 3734 2466; baseline 0.005 -22"><span class='ocrx_word' id='word_1_461' title='bbox 2158 2391 2378 2461; x_wconf 88' lang='lat' dir='ltr'><strong>negotio</strong></span> <span class='ocrx_word' id='word_1_462' title='bbox 2400 2393 2699 2463; x_wconf 87' lang='lat' dir='ltr'><strong>turpiorem</strong></span> <span class='ocrx_word' id='word_1_463' title='bbox 2732 2403 2788 2450; x_wconf 89' lang='lat' dir='ltr'><strong>et</strong></span> <span class='ocrx_word' id='word_1_464' title='bbox 2816 2395 3264 2466; x_wconf 88' lang='lat' dir='ltr'><strong>impudentiorem</strong></span> <span class='ocrx_word' id='word_1_465' title='bbox 3291 2395 3554 2463; x_wconf 80' lang='lat' dir='ltr'><strong>ostendit,</strong></span> <span class='ocrx_word' id='word_1_466' title='bbox 3572 2404 3734 2452; x_wconf 89' lang='lat' dir='ltr'><strong>tanto</strong></span> 
     </span>
    </p>
   </div>
   <div class='ocr_carea' id='block_1_69' title="bbox 2159 2481 3735 2571">
    <p class='ocr_par' dir='ltr' id='par_1_69' title="bbox 2159 2481 3735 2571">
     <span class='ocr_line' id='line_1_69' title="bbox 2159 2481 3735 2571; baseline 0.004 -38"><span class='ocrx_word' id='word_1_467' title='bbox 2159 2488 2313 2534; x_wconf 91' lang='lat' dir='ltr'><strong>tuum</strong></span> <span class='ocrx_word' id='word_1_468' title='bbox 2328 2497 2439 2536; x_wconf 92' lang='lat' dir='ltr'><strong>non</strong></span> <span class='ocrx_word' id='word_1_469' title='bbox 2469 2481 2729 2551; x_wconf 86' lang='lat' dir='ltr'><strong>favorem,</strong></span> <span class='ocrx_word' id='word_1_470' title='bbox 2755 2486 2847 2541; x_wconf 89' lang='lat' dir='ltr'><strong>sed</strong></span> <span class='ocrx_word' id='word_1_471' title='bbox 2868 2486 3067 2552; x_wconf 86' lang='lat' dir='ltr'><strong>zelum,</strong></span> <span class='ocrx_word' id='word_1_472' title='bbox 3088 2501 3198 2541; x_wconf 91' lang='lat' dir='ltr'><strong>non</strong></span> <span class='ocrx_word' id='word_1_473' title='bbox 3220 2501 3400 2557; x_wconf 90' lang='lat' dir='ltr'><strong>opem,</strong></span> <span class='ocrx_word' id='word_1_474' title='bbox 3414 2487 3525 2571; x_wconf 75' lang='lat' dir='ltr'><strong>sed</strong></span> <span class='ocrx_word' id='word_1_475' title='bbox 3542 2488 3735 2558; x_wconf 81' lang='lat' dir='ltr'><strong>expul—</strong></span> 
     </span>
    </p>
   </div>
   <div class='ocr_carea' id='block_1_70' title="bbox 2158 2570 3731 2648">
    <p class='ocr_par' dir='ltr' id='par_1_70' title="bbox 2158 2570 3731 2648">
     <span class='ocr_line' id='line_1_70' title="bbox 2158 2570 3731 2648; baseline 0.006 -23"><span class='ocrx_word' id='word_1_476' title='bbox 2158 2570 2368 2626; x_wconf 91' lang='lat' dir='ltr'><strong>sionem</strong></span> <span class='ocrx_word' id='word_1_477' title='bbox 2392 2574 2625 2643; x_wconf 80' lang='lat' dir='ltr'><strong>experiri</strong></span> <span class='ocrx_word' id='word_1_478' title='bbox 2656 2575 2859 2630; x_wconf 86' lang='lat' dir='ltr'><strong>debuit.</strong></span> <span class='ocrx_word' id='word_1_479' title='bbox 2890 2575 3091 2633; x_wconf 81' lang='lat' dir='ltr'><strong>Verum</strong></span> <span class='ocrx_word' id='word_1_480' title='bbox 3110 2577 3259 2648; x_wconf 84' lang='lat' dir='ltr'><strong>quia,</strong></span> <span class='ocrx_word' id='word_1_481' title='bbox 3281 2570 3534 2633; x_wconf 88' lang='lat' dir='ltr'><strong>obstante</strong></span> <span class='ocrx_word' id='word_1_482' title='bbox 3565 2592 3695 2648; x_wconf 83' lang='lat' dir='ltr'><strong>rege</strong></span> <span class='ocrx_word' id='word_1_483' title='bbox 3710 2621 3731 2644; x_wconf 87' lang='lat'><strong>,</strong></span> 
     </span>
    </p>
   </div>
   <div class='ocr_carea' id='block_1_71' title="bbox 2159 2660 3735 2737">
    <p class='ocr_par' dir='ltr' id='par_1_71' title="bbox 2159 2660 3735 2737">
     <span class='ocr_line' id='line_1_71' title="bbox 2159 2660 3735 2737; baseline 0.008 -23"><span class='ocrx_word' id='word_1_484' title='bbox 2159 2660 2262 2715; x_wconf 87' lang='lat' dir='ltr'><strong>sub</strong></span> <span class='ocrx_word' id='word_1_485' title='bbox 2286 2663 2466 2731; x_wconf 88' lang='lat' dir='ltr'><strong>specie</strong></span> <span class='ocrx_word' id='word_1_486' title='bbox 2495 2664 2707 2721; x_wconf 91' lang='lat' dir='ltr'><strong>timoris</strong></span> <span class='ocrx_word' id='word_1_487' title='bbox 2725 2682 2794 2722; x_wconf 89' lang='lat' dir='ltr'><strong>ne</strong></span> <span class='ocrx_word' id='word_1_488' title='bbox 2812 2667 3103 2737; x_wconf 89' lang='lat' dir='ltr'><strong>pejerares,</strong></span> <span class='ocrx_word' id='word_1_489' title='bbox 3142 2668 3211 2724; x_wconf 90' lang='lat' dir='ltr'><strong>ad</strong></span> <span class='ocrx_word' id='word_1_490' title='bbox 3233 2668 3289 2725; x_wconf 90' lang='lat' dir='ltr'><strong>id</strong></span> <span class='ocrx_word' id='word_1_491' title='bbox 3309 2669 3440 2725; x_wconf 88' lang='lat' dir='ltr'><strong>mali</strong></span> <span class='ocrx_word' id='word_1_492' title='bbox 3468 2669 3735 2726; x_wconf 82' lang='lat' dir='ltr'><strong>inductus</strong></span> 
     </span>
    </p>
   </div>
   <div class='ocr_carea' id='block_1_72' title="bbox 2160 2750 3734 2828">
    <p class='ocr_par' dir='ltr' id='par_1_72' title="bbox 2160 2750 3734 2828">
     <span class='ocr_line' id='line_1_72' title="bbox 2160 2750 3734 2828; baseline 0.008 -24"><span class='ocrx_word' id='word_1_493' title='bbox 2160 2750 2328 2807; x_wconf 89' lang='lat' dir='ltr'><strong>fuisse</strong></span> <span class='ocrx_word' id='word_1_494' title='bbox 2351 2752 2578 2821; x_wconf 90' lang='lat' dir='ltr'><strong>diceris,</strong></span> <span class='ocrx_word' id='word_1_495' title='bbox 2610 2755 2811 2812; x_wconf 89' lang='lat' dir='ltr'><strong>idcirco</strong></span> <span class='ocrx_word' id='word_1_496' title='bbox 2835 2756 3162 2828; x_wconf 85' lang='lat' dir='ltr'><strong>jampridem</strong></span> <span class='ocrx_word' id='word_1_497' title='bbox 3192 2768 3247 2816; x_wconf 89' lang='lat' dir='ltr'><strong>et</strong></span> <span class='ocrx_word' id='word_1_498' title='bbox 3279 2752 3429 2817; x_wconf 84' lang='lat' dir='ltr'><strong>nunc</strong></span> <span class='ocrx_word' id='word_1_499' title='bbox 3449 2760 3647 2817; x_wconf 86' lang='lat' dir='ltr'><strong>litteris</strong></span> <span class='ocrx_word' id='word_1_500' title='bbox 3676 2770 3734 2817; x_wconf 87' lang='lat' dir='ltr'><strong>te</strong></span> 
     </span>
    </p>
   </div>
   <div class='ocr_carea' id='block_1_73' title="bbox 2109 2832 3730 2917">
    <p class='ocr_par' dir='ltr' id='par_1_73' title="bbox 2109 2832 3730 2917">
     <span class='ocr_line' id='line_1_73' title="bbox 2109 2832 3730 2917; baseline 0.009 -25"><span class='ocrx_word' id='word_1_501' title='bbox 2109 2847 2129 2863; x_wconf 80' lang='lat'><strong><em>‘</em></strong></span> <span class='ocrx_word' id='word_1_502' title='bbox 2160 2841 2455 2904; x_wconf 85' lang='lat' dir='ltr'><strong>admonere</strong></span> <span class='ocrx_word' id='word_1_503' title='bbox 2498 2832 2810 2902; x_wconf 84' lang='lat' dir='ltr'><strong>censuimus</strong></span> <span class='ocrx_word' id='word_1_504' title='bbox 2853 2856 3123 2917; x_wconf 90' lang='lat' dir='ltr'><strong>quatenus</strong></span> <span class='ocrx_word' id='word_1_505' title='bbox 3145 2892 3160 2916; x_wconf 89' lang='lat'><strong>,</strong></span> <span class='ocrx_word' id='word_1_506' title='bbox 3210 2865 3413 2905; x_wconf 88' lang='lat' dir='ltr'><strong>vanum</strong></span> <span class='ocrx_word' id='word_1_507' title='bbox 3469 2852 3730 2908; x_wconf 88' lang='lat' dir='ltr'><strong>timorem</strong></span> 
     </span>
    </p>
   </div>
   <div class='ocr_carea' id='block_1_74' title="bbox 2161 2930 3735 3005">
    <p class='ocr_par' dir='ltr' id='par_1_74' title="bbox 2161 2930 3735 3005">
     <span class='ocr_line' id='line_1_74' title="bbox 2161 2930 3735 3005; baseline 0.011 -23"><span class='ocrx_word' id='word_1_508' title='bbox 2161 2930 2485 2998; x_wconf 84' lang='lat' dir='ltr'><strong>abjiciendo,</strong></span> <span class='ocrx_word' id='word_1_509' title='bbox 2516 2935 2669 3003; x_wconf 86' lang='lat' dir='ltr'><strong>quod</strong></span> <span class='ocrx_word' id='word_1_510' title='bbox 2696 2936 2819 3005; x_wconf 85' lang='lat' dir='ltr'><strong>jure</strong></span> <span class='ocrx_word' id='word_1_511' title='bbox 2845 2939 3193 2994; x_wconf 86' lang='lat' dir='ltr'><strong>metuendum</strong></span> <span class='ocrx_word' id='word_1_512' title='bbox 3231 2941 3443 2996; x_wconf 86' lang='lat' dir='ltr'><strong>videtur</strong></span> <span class='ocrx_word' id='word_1_513' title='bbox 3479 2943 3735 2999; x_wconf 84' lang='lat' dir='ltr'><strong>attende-</strong></span> 
     </span>
    </p>
   </div>
   <div class='ocr_carea' id='block_1_75' title="bbox 2161 3015 3735 3101">
    <p class='ocr_par' dir='ltr' id='par_1_75' title="bbox 2161 3015 3735 3101">
     <span class='ocr_line' id='line_1_75' title="bbox 2161 3015 3735 3101; baseline 0.01 -29"><span class='ocrx_word' id='word_1_514' title='bbox 2161 3015 2268 3074; x_wconf 75' lang='lat' dir='ltr'><strong>res.</strong></span> <span class='ocrx_word' id='word_1_515' title='bbox 2311 3018 2534 3076; x_wconf 82' lang='lat' dir='ltr'><strong>Noverit</strong></span> <span class='ocrx_word' id='word_1_516' title='bbox 2560 3038 2691 3093; x_wconf 87' lang='lat' dir='ltr'><strong>ergo</strong></span> <span class='ocrx_word' id='word_1_517' title='bbox 2713 3026 2998 3094; x_wconf 88' lang='lat' dir='ltr'><strong>prudentia</strong></span> <span class='ocrx_word' id='word_1_518' title='bbox 3026 3037 3121 3084; x_wconf 89' lang='lat' dir='ltr'><strong>tua</strong></span> <span class='ocrx_word' id='word_1_519' title='bbox 3163 3030 3474 3101; x_wconf 84' lang='lat' dir='ltr'><strong>fidelitatem</strong></span> <span class='ocrx_word' id='word_1_520' title='bbox 3508 3041 3735 3087; x_wconf 85' lang='lat' dir='ltr'><strong>terreno</strong></span> 
     </span>
    </p>
   </div>
   <div class='ocr_carea' id='block_1_76' title="bbox 2160 3109 3731 3185">
    <p class='ocr_par' dir='ltr' id='par_1_76' title="bbox 2160 3109 3731 3185">
     <span class='ocr_line' id='line_1_76' title="bbox 2160 3109 3731 3185; baseline 0.011 -23"><span class='ocrx_word' id='word_1_521' title='bbox 2160 3109 2382 3165; x_wconf 88' lang='lat' dir='ltr'><strong>domino</strong></span> <span class='ocrx_word' id='word_1_522' title='bbox 2412 3119 2539 3168; x_wconf 87' lang='lat' dir='ltr'><strong>tunc</strong></span> <span class='ocrx_word' id='word_1_523' title='bbox 2574 3128 2685 3167; x_wconf 92' lang='lat' dir='ltr'><strong>non</strong></span> <span class='ocrx_word' id='word_1_524' title='bbox 2710 3123 2856 3170; x_wconf 87' lang='lat' dir='ltr'><strong>recte</strong></span> <span class='ocrx_word' id='word_1_525' title='bbox 2900 3119 3127 3185; x_wconf 87' lang='lat' dir='ltr'><strong>servari,</strong></span> <span class='ocrx_word' id='word_1_526' title='bbox 3164 3124 3295 3175; x_wconf 71' lang='lat' dir='ltr'><strong>‘cum</strong></span> <span class='ocrx_word' id='word_1_527' title='bbox 3328 3122 3567 3179; x_wconf 68' lang='lat' dir='ltr'><strong>caelestis</strong></span> <span class='ocrx_word' id='word_1_528' title='bbox 3614 3121 3731 3178; x_wconf 89' lang='lat' dir='ltr'><strong>Do-</strong></span> 
     </span>
    </p>
   </div>
   <div class='ocr_carea' id='block_1_77' title="bbox 2165 3199 3728 3281">
    <p class='ocr_par' dir='ltr' id='par_1_77' title="bbox 2165 3199 3728 3281">
     <span class='ocr_line' id='line_1_77' title="bbox 2165 3199 3728 3281; baseline 0.014 -30"><span class='ocrx_word' id='word_1_529' title='bbox 2165 3199 2297 3253; x_wconf 74' lang='lat' dir='ltr'><strong>mini</strong></span> <span class='ocrx_word' id='word_1_530' title='bbox 2320 3200 2670 3258; x_wconf 87' lang='lat' dir='ltr'><strong>et-Creatoris</strong></span> <span class='ocrx_word' id='word_1_531' title='bbox 2693 3206 2866 3275; x_wconf 86' lang='lat' dir='ltr'><strong>gratia</strong></span> <span class='ocrx_word' id='word_1_532' title='bbox 2887 3223 2985 3276; x_wconf 87' lang='lat' dir='ltr'><strong>per</strong></span> <span class='ocrx_word' id='word_1_533' title='bbox 3006 3208 3154 3264; x_wconf 87' lang='lat' dir='ltr'><strong>illam</strong></span> <span class='ocrx_word' id='word_1_534' title='bbox 3190 3211 3467 3281; x_wconf 66' lang='lat' dir='ltr'><strong>probatur</strong></span> <span class='ocrx_word' id='word_1_535' title='bbox 3487 3211 3728 3280; x_wconf 68' lang='lat' dir='ltr'><strong>offendi;</strong></span> 
     </span>
    </p>
   </div>
   <div class='ocr_carea' id='block_1_78' title="bbox 2163 3290 3729 3369">
    <p class='ocr_par' dir='ltr' id='par_1_78' title="bbox 2163 3290 3729 3369">
     <span class='ocr_line' id='line_1_78' title="bbox 2163 3290 3729 3369; baseline 0.011 -27"><span class='ocrx_word' id='word_1_536' title='bbox 2163 3300 2235 3355; x_wconf 86' lang='lat' dir='ltr'><strong>et,</strong></span> <span class='ocrx_word' id='word_1_537' title='bbox 2277 3290 2325 3344; x_wconf 92' lang='lat' dir='ltr'><strong>si</strong></span> <span class='ocrx_word' id='word_1_538' title='bbox 2376 3293 2613 3361; x_wconf 87' lang='lat' dir='ltr'><strong>corpori,</strong></span> <span class='ocrx_word' id='word_1_539' title='bbox 2650 3297 2822 3350; x_wconf 89' lang='lat' dir='ltr'><strong>multo</strong></span> <span class='ocrx_word' id='word_1_540' title='bbox 2874 3299 3107 3367; x_wconf 89' lang='lat' dir='ltr'><strong>amplius</strong></span> <span class='ocrx_word' id='word_1_541' title='bbox 3141 3301 3368 3369; x_wconf 83' lang='lat' dir='ltr'><strong>anima;</strong></span> <span class='ocrx_word' id='word_1_542' title='bbox 3412 3304 3460 3358; x_wconf 90' lang='lat' dir='ltr'><strong>si</strong></span> <span class='ocrx_word' id='word_1_543' title='bbox 3507 3298 3729 3359; x_wconf 59' lang='lat' dir='ltr'><strong>mortali</strong></span> 
     </span>
    </p>
   </div>
   <div class='ocr_carea' id='block_1_79' title="bbox 2163 3376 3730 3460">
    <p class='ocr_par' dir='ltr' id='par_1_79' title="bbox 2163 3376 3730 3460">
     <span class='ocr_line' id='line_1_79' title="bbox 2163 3376 3730 3460; baseline 0.013 -27"><span class='ocrx_word' id='word_1_544' title='bbox 2163 3376 2391 3448; x_wconf 78' lang='lat' dir='ltr'><strong>homini,</strong></span> <span class='ocrx_word' id='word_1_545' title='bbox 2437 3384 2611 3438; x_wconf 90' lang='lat' dir='ltr'><strong>multo</strong></span> <span class='ocrx_word' id='word_1_546' title='bbox 2638 3386 2896 3442; x_wconf 79' lang='lat' dir='ltr'><strong>maxime</strong></span> <span class='ocrx_word' id='word_1_547' title='bbox 2940 3392 3267 3460; x_wconf 87' lang='lat' dir='ltr'><strong>sempiterno</strong></span> <span class='ocrx_word' id='word_1_548' title='bbox 3311 3392 3422 3449; x_wconf 90' lang='lat' dir='ltr'><strong>Deo</strong></span> <span class='ocrx_word' id='word_1_549' title='bbox 3463 3394 3624 3451; x_wconf 82' lang='lat' dir='ltr'><strong>ﬁdem</strong></span> <span class='ocrx_word' id='word_1_550' title='bbox 3672 3408 3730 3453; x_wconf 92' lang='lat' dir='ltr'><strong>ct</strong></span> 
     </span>
    </p>
   </div>
   <div class='ocr_carea' id='block_1_80' title="bbox 2161 3470 3726 3560">
    <p class='ocr_par' dir='ltr' id='par_1_80' title="bbox 2161 3470 3726 3560">
     <span class='ocr_line' id='line_1_80' title="bbox 2161 3470 3726 3560; baseline 0.015 -37"><span class='ocrx_word' id='word_1_551' title='bbox 2161 3470 2502 3526; x_wconf 84' lang='lat' dir='ltr'><strong>devotionem</strong></span> <span class='ocrx_word' id='word_1_552' title='bbox 2518 3473 2720 3531; x_wconf 87' lang='lat' dir='ltr'><strong>deberi.</strong></span> <span class='ocrx_word' id='word_1_553' title='bbox 2745 3475 2980 3536; x_wconf 87' lang='lat' dir='ltr'><strong>Proinde</strong></span> <span class='ocrx_word' id='word_1_554' title='bbox 2998 3489 3111 3537; x_wconf 90' lang='lat' dir='ltr'><strong>tam</strong></span> <span class='ocrx_word' id='word_1_555' title='bbox 3132 3484 3401 3541; x_wconf 86' lang='lat' dir='ltr'><strong>nobilitati</strong></span> <span class='ocrx_word' id='word_1_556' title='bbox 3430 3496 3539 3543; x_wconf 80' lang='lat' dir='ltr'><strong>tua</strong></span> <span class='ocrx_word' id='word_1_557' title='bbox 3554 3504 3726 3560; x_wconf 73' lang='lat' dir='ltr'><strong>quam</strong></span> 
     </span>
    </p>
   </div>
   <div class='ocr_carea' id='block_1_81' title="bbox 2159 3562 3720 3649">
    <p class='ocr_par' dir='ltr' id='par_1_81' title="bbox 2159 3562 3720 3649">
     <span class='ocr_line' id='line_1_81' title="bbox 2159 3562 3720 3649; baseline 0.015 -36"><span class='ocrx_word' id='word_1_558' title='bbox 2159 3570 2214 3649; x_wconf 80' lang='lat' dir='ltr'><strong>et</strong></span> <span class='ocrx_word' id='word_1_559' title='bbox 2242 3562 2476 3631; x_wconf 79' lang='lat' dir='ltr'><strong>prafata</strong></span> <span class='ocrx_word' id='word_1_560' title='bbox 2518 3565 2789 3636; x_wconf 77' lang='lat' dir='ltr'><strong>Ecclesia,</strong></span> <span class='ocrx_word' id='word_1_561' title='bbox 2831 3571 2979 3627; x_wconf 91' lang='lat' dir='ltr'><strong>clero</strong></span> <span class='ocrx_word' id='word_1_562' title='bbox 3018 3583 3072 3628; x_wconf 91' lang='lat' dir='ltr'><strong>et</strong></span> <span class='ocrx_word' id='word_1_563' title='bbox 3104 3577 3305 3646; x_wconf 91' lang='lat' dir='ltr'><strong>populo</strong></span> <span class='ocrx_word' id='word_1_564' title='bbox 3339 3595 3406 3634; x_wconf 78' lang='lat' dir='ltr'><strong>ex</strong></span> <span class='ocrx_word' id='word_1_565' title='bbox 3449 3589 3607 3649; x_wconf 89' lang='lat' dir='ltr'><strong>parte</strong></span> <span class='ocrx_word' id='word_1_566' title='bbox 3655 3579 3720 3637; x_wconf 77' lang='grc' dir='ltr'><strong>Β.</strong></span> 
     </span>
    </p>
   </div>
   <div class='ocr_carea' id='block_1_82' title="bbox 2159 3647 3728 3740">
    <p class='ocr_par' dir='ltr' id='par_1_82' title="bbox 2159 3647 3728 3740">
     <span class='ocr_line' id='line_1_82' title="bbox 2159 3647 3728 3740; baseline 0.016 -39"><span class='ocrx_word' id='word_1_567' title='bbox 2159 3647 2302 3703; x_wconf 88' lang='lat' dir='ltr'><strong>Petri</strong></span> <span class='ocrx_word' id='word_1_568' title='bbox 2325 3653 2664 3740; x_wconf 80' lang='lat' dir='ltr'><strong>pracipimiis</strong></span> <span class='ocrx_word' id='word_1_569' title='bbox 2698 3665 2759 3711; x_wconf 91' lang='lat' dir='ltr'><strong>ut</strong></span> <span class='ocrx_word' id='word_1_570' title='bbox 2782 3659 3040 3730; x_wconf 75' lang='lat' dir='ltr'><strong>pradicto</strong></span> <span class='ocrx_word' id='word_1_571' title='bbox 3062 3661 3353 3721; x_wconf 85' lang='lat' dir='ltr'><strong>Lamberto</strong></span> <span class='ocrx_word' id='word_1_572' title='bbox 3380 3647 3586 3723; x_wconf 77' lang='lat' dir='ltr'><strong>nullam</strong></span> <span class='ocrx_word' id='word_1_573' title='bbox 3605 3655 3728 3740; x_wconf 77' lang='lat' dir='ltr'><strong>epi-</strong></span> 
     </span>
    </p>
   </div>
   <div class='ocr_carea' id='block_1_83' title="bbox 2160 3738 3731 3826">
    <p class='ocr_par' dir='ltr' id='par_1_83' title="bbox 2160 3738 3731 3826">
     <span class='ocr_line' id='line_1_83' title="bbox 2160 3738 3731 3826; baseline 0.014 -33"><span class='ocrx_word' id='word_1_574' title='bbox 2160 3741 2427 3809; x_wconf 87' lang='lat' dir='ltr'><strong>scopalem</strong></span> <span class='ocrx_word' id='word_1_575' title='bbox 2458 3738 2815 3803; x_wconf 76' lang='lat' dir='ltr'><strong>reverentiam</strong></span> <span class='ocrx_word' id='word_1_576' title='bbox 2848 3750 3180 3821; x_wconf 78' lang='lat' dir='ltr'><strong>exbibeatis,</strong></span> <span class='ocrx_word' id='word_1_577' title='bbox 3220 3757 3316 3812; x_wconf 88' lang='lat' dir='ltr'><strong>sed</strong></span> <span class='ocrx_word' id='word_1_578' title='bbox 3356 3758 3537 3826; x_wconf 87' lang='lat' dir='ltr'><strong>ipsum</strong></span> <span class='ocrx_word' id='word_1_579' title='bbox 3578 3738 3731 3815; x_wconf 74' lang='lat' dir='ltr'><strong>velut</strong></span> 
     </span>
    </p>
   </div>
   <div class='ocr_carea' id='block_1_84' title="bbox 2158 3829 3729 3933">
    <p class='ocr_par' dir='ltr' id='par_1_84' title="bbox 2158 3829 3729 3933">
     <span class='ocr_line' id='line_1_84' title="bbox 2158 3829 3729 3933; baseline 0.016 -50"><span class='ocrx_word' id='word_1_580' title='bbox 2158 3829 2338 3891; x_wconf 83' lang='lat' dir='ltr'><strong>furem</strong></span> <span class='ocrx_word' id='word_1_581' title='bbox 2381 3843 2437 3888; x_wconf 89' lang='lat' dir='ltr'><strong>et</strong></span> <span class='ocrx_word' id='word_1_582' title='bbox 2483 3836 2751 3893; x_wconf 89' lang='lat' dir='ltr'><strong>latronem</strong></span> <span class='ocrx_word' id='word_1_583' title='bbox 2796 3838 3320 3933; x_wconf 48' lang='lat' dir='ltr'><strong>existimantem/ab</strong></span> <span class='ocrx_word' id='word_1_584' title='bbox 3358 3847 3550 3905; x_wconf 83' lang='lat' dir='ltr'><strong>invasa</strong></span> <span class='ocrx_word' id='word_1_585' title='bbox 3597 3851 3729 3907; x_wconf 76' lang='lat' dir='ltr'><strong>sedc</strong></span> 
     </span>
    </p>
   </div>
   <div class='ocr_carea' id='block_1_85' title="bbox 2159 3922 3725 4011">
    <p class='ocr_par' dir='ltr' id='par_1_85' title="bbox 2159 3922 3725 4011">
     <span class='ocr_line' id='line_1_85' title="bbox 2159 3922 3725 4011; baseline 0.017 -39"><span class='ocrx_word' id='word_1_586' title='bbox 2159 3922 2475 3999; x_wconf 83' lang='lat' dir='ltr'><strong>propellere,</strong></span> <span class='ocrx_word' id='word_1_587' title='bbox 2523 3924 2875 4000; x_wconf 87' lang='lat' dir='ltr'><strong>fautoresque</strong></span> <span class='ocrx_word' id='word_1_588' title='bbox 2915 3932 3107 4001; x_wconf 88' lang='lat' dir='ltr'><strong>ipsius,</strong></span> <span class='ocrx_word' id='word_1_589' title='bbox 3151 3922 3326 4006; x_wconf 80' lang='lat' dir='ltr'><strong>donec</strong></span> <span class='ocrx_word' id='word_1_590' title='bbox 3371 3941 3725 4011; x_wconf 74' lang='lat' dir='ltr'><strong>resipueriat,</strong></span> 
     </span>
    </p>
   </div>
   <div class='ocr_carea' id='block_1_86' title="bbox 2150 4011 3729 4096">
    <p class='ocr_par' dir='ltr' id='par_1_86' title="bbox 2150 4011 3729 4096">
     <span class='ocr_line' id='line_1_86' title="bbox 2150 4011 3729 4096; baseline 0.018 -33"><span class='ocrx_word' id='word_1_591' title='bbox 2150 4011 2412 4068; x_wconf 78' lang='lat' dir='ltr'><strong>cohibere</strong></span> <span class='ocrx_word' id='word_1_592' title='bbox 2435 4020 2759 4083; x_wconf 88' lang='lat' dir='ltr'><strong>procuretis.</strong></span> <span class='ocrx_word' id='word_1_593' title='bbox 2785 4020 2942 4089; x_wconf 86' lang='lat' dir='ltr'><strong>Quod</strong></span> <span class='ocrx_word' id='word_1_594' title='bbox 2963 4025 3011 4080; x_wconf 89' lang='lat' dir='ltr'><strong>si</strong></span> <span class='ocrx_word' id='word_1_595' title='bbox 3031 4029 3318 4096; x_wconf 83' lang='lat' dir='ltr'><strong>pradictus</strong></span> <span class='ocrx_word' id='word_1_596' title='bbox 3340 4031 3562 4089; x_wconf 89' lang='lat' dir='ltr'><strong>invasor</strong></span> <span class='ocrx_word' id='word_1_597' title='bbox 3580 4034 3729 4092; x_wconf 83' lang='lat' dir='ltr'><strong>ferre</strong></span> 
     </span>
    </p>
   </div>
   <div class='ocr_carea' id='block_1_87' title="bbox 2160 4105 3725 4197">
    <p class='ocr_par' dir='ltr' id='par_1_87' title="bbox 2160 4105 3725 4197">
     <span class='ocr_line' id='line_1_87' title="bbox 2160 4105 3725 4197; baseline 0.019 -39"><span class='ocrx_word' id='word_1_598' title='bbox 2160 4105 2531 4177; x_wconf 86' lang='lat' dir='ltr'><strong>prajudicium</strong></span> <span class='ocrx_word' id='word_1_599' title='bbox 2551 4113 2768 4183; x_wconf 76' lang='lat' dir='ltr'><strong>dixerit,</strong></span> <span class='ocrx_word' id='word_1_600' title='bbox 2784 4127 2839 4174; x_wconf 90' lang='lat' dir='ltr'><strong>et</strong></span> <span class='ocrx_word' id='word_1_601' title='bbox 2858 4119 2925 4175; x_wconf 90' lang='lat' dir='ltr'><strong>de</strong></span> <span class='ocrx_word' id='word_1_602' title='bbox 2947 4136 3006 4176; x_wconf 88' lang='lat' dir='ltr'><strong>re</strong></span> <span class='ocrx_word' id='word_1_603' title='bbox 3030 4138 3131 4179; x_wconf 90' lang='lat' dir='ltr'><strong>sua</strong></span> <span class='ocrx_word' id='word_1_604' title='bbox 3152 4125 3227 4180; x_wconf 91' lang='lat' dir='ltr'><strong>ita</strong></span> <span class='ocrx_word' id='word_1_605' title='bbox 3250 4141 3392 4194; x_wconf 89' lang='lat' dir='ltr'><strong>esse,</strong></span> <span class='ocrx_word' id='word_1_606' title='bbox 3414 4137 3477 4184; x_wconf 88' lang='lat' dir='ltr'><strong>ut</strong></span> <span class='ocrx_word' id='word_1_607' title='bbox 3496 4129 3725 4197; x_wconf 85' lang='lat' dir='ltr'><strong>dicitur,</strong></span> 
     </span>
    </p>
   </div>
   <div class='ocr_carea' id='block_1_88' title="bbox 2161 4202 3726 4305">
    <p class='ocr_par' dir='ltr' id='par_1_88' title="bbox 2161 4202 3726 4305">
     <span class='ocr_line' id='line_1_88' title="bbox 2161 4202 3726 4305; baseline 0.018 -51"><span class='ocrx_word' id='word_1_608' title='bbox 2161 4214 2219 4255; x_wconf 89' lang='lat' dir='ltr'><strong>se</strong></span> <span class='ocrx_word' id='word_1_609' title='bbox 2263 4216 2424 4271; x_wconf 89' lang='lat' dir='ltr'><strong>posse</strong></span> <span class='ocrx_word' id='word_1_610' title='bbox 2462 4202 2693 4274; x_wconf 87' lang='lat' dir='ltr'><strong>probare</strong></span> <span class='ocrx_word' id='word_1_611' title='bbox 2719 4212 3132 4285; x_wconf 82' lang='lat' dir='ltr'><strong>existimaverit,</strong></span> <span class='ocrx_word' id='word_1_612' title='bbox 3160 4221 3513 4305; x_wconf 70' lang='lat' dir='ltr'><strong>audientiam</strong></span> <span class='ocrx_word' id='word_1_613' title='bbox 3560 4225 3726 4297; x_wconf 83' lang='lat' dir='ltr'><strong>legati</strong></span> 
     </span>
    </p>
   </div>
   <div class='ocr_carea' id='block_1_89' title="bbox 2160 4290 3730 4383">
    <p class='ocr_par' dir='ltr' id='par_1_89' title="bbox 2160 4290 3730 4383">
     <span class='ocr_line' id='line_1_89' title="bbox 2160 4290 3730 4383; baseline 0.022 -43"><span class='ocrx_word' id='word_1_614' title='bbox 2160 4291 2335 4344; x_wconf 87' lang='lat' dir='ltr'><strong>nostri</strong></span> <span class='ocrx_word' id='word_1_615' title='bbox 2376 4290 2609 4362; x_wconf 88' lang='lat' dir='ltr'><strong>Dieusis,</strong></span> <span class='ocrx_word' id='word_1_616' title='bbox 2651 4297 2763 4354; x_wconf 90' lang='lat' dir='ltr'><strong>imo</strong></span> <span class='ocrx_word' id='word_1_617' title='bbox 2799 4301 3176 4383; x_wconf 84' lang='lat' dir='ltr'><strong>Lugdunensis</strong></span> <span class='ocrx_word' id='word_1_618' title='bbox 3201 4293 3600 4383; x_wconf 77' lang='lat' dir='ltr'><strong>archiepiscopi</strong></span> <span class='ocrx_word' id='word_1_619' title='bbox 3613 4290 3730 4383; x_wconf 43' lang='lat' dir='ltr'><strong>vpe-</strong></span> 
     </span>
    </p>
   </div>
   <div class='ocr_carea' id='block_1_90' title="bbox 2162 4380 3724 4475">
    <p class='ocr_par' dir='ltr' id='par_1_90' title="bbox 2162 4380 3724 4475">
     <span class='ocr_line' id='line_1_90' title="bbox 2162 4380 3724 4475; baseline 0.019 -42"><span class='ocrx_word' id='word_1_620' title='bbox 2162 4389 2260 4469; x_wconf 70' lang='lat' dir='ltr'><strong>tat,</strong></span> <span class='ocrx_word' id='word_1_621' title='bbox 2297 4391 2565 4451; x_wconf 87' lang='lat' dir='ltr'><strong>quate&#39;uus</strong></span> <span class='ocrx_word' id='word_1_622' title='bbox 2600 4404 2694 4456; x_wconf 90' lang='lat' dir='ltr'><strong>per</strong></span> <span class='ocrx_word' id='word_1_623' title='bbox 2714 4380 3109 4475; x_wconf 82' lang='lat' dir='ltr'><strong>competentem</strong></span> <span class='ocrx_word' id='word_1_624' title='bbox 3142 4399 3289 4456; x_wconf 87' lang='lat' dir='ltr'><strong>illius</strong></span> <span class='ocrx_word' id='word_1_625' title='bbox 3319 4380 3724 4461; x_wconf 76' lang='lat' dir='ltr'><strong>discussiouem</strong></span> 
     </span>
    </p>
   </div>
   <div class='ocr_carea' id='block_1_91' title="bbox 2156 4457 3727 4566">
    <p class='ocr_par' dir='ltr' id='par_1_91' title="bbox 2156 4457 3727 4566">
     <span class='ocr_line' id='line_1_91' title="bbox 2156 4457 3727 4566; baseline 0.021 -44"><span class='ocrx_word' id='word_1_626' title='bbox 2156 4457 2475 4543; x_wconf 77' lang='lat' dir='ltr'><strong>justumque</strong></span> <span class='ocrx_word' id='word_1_627' title='bbox 2495 4477 2760 4544; x_wconf 85' lang='lat' dir='ltr'><strong>judicium</strong></span> <span class='ocrx_word' id='word_1_628' title='bbox 2786 4457 3195 4558; x_wconf 74' lang='lat' dir='ltr'><strong>obtinerequod</strong></span> <span class='ocrx_word' id='word_1_629' title='bbox 3220 4482 3460 4560; x_wconf 84' lang='lat' dir='ltr'><strong>postulat</strong></span> 
     </span>
    </p>
   </div>
   <div class='ocr_carea' id='block_1_92' title="bbox 512 4567 2473 4660">
    <p class='ocr_par' dir='ltr' id='par_1_92' title="bbox 512 4567 2473 4660">
     <span class='ocr_line' id='line_1_92' title="bbox 512 4567 2473 4660; baseline 0.013 -35"><span class='ocrx_word' id='word_1_630' title='bbox 512 4573 730 4640; x_wconf 86' lang='lat' dir='ltr'><strong>pralata</strong></span> <span class='ocrx_word' id='word_1_631' title='bbox 756 4576 926 4642; x_wconf 88' lang='lat' dir='ltr'><strong>jussis</strong></span> <span class='ocrx_word' id='word_1_632' title='bbox 956 4582 1125 4651; x_wconf 79' lang='lat' dir='ltr'><strong>magis</strong></span> <span class='ocrx_word' id='word_1_633' title='bbox 1160 4586 1471 4639; x_wconf 82' lang='lat' dir='ltr'><strong>attenditur.</strong></span> <span class='ocrx_word' id='word_1_634' title='bbox 1500 4586 1646 4657; x_wconf 83' lang='lat' dir='ltr'><strong>Euge</strong></span> <span class='ocrx_word' id='word_1_635' title='bbox 1670 4604 1819 4660; x_wconf 86' lang='lat' dir='ltr'><strong>ergo,</strong></span> <span class='ocrx_word' id='word_1_636' title='bbox 1858 4600 1917 4646; x_wconf 91' lang='lat' dir='ltr'><strong>ut</strong></span> <span class='ocrx_word' id='word_1_637' title='bbox 1955 4567 2061 4648; x_wconf 77' lang='lat' dir='ltr'><strong>non</strong></span> <span class='ocrx_word' id='word_1_638' title='bbox 2096 4587 2140 4641; x_wconf 84' lang='grc' dir='ltr'><strong>Ι)</strong></span> <span class='ocrx_word' id='word_1_639' title='bbox 2166 4567 2360 4622; x_wconf 62' lang='lat' dir='ltr'><strong>mea&quot;</strong></span> <span class='ocrx_word' id='word_1_640' title='bbox 2468 4643 2473 4648; x_wconf 85' lang='lat'><strong>.</strong></span> 
     </span>
    </p>
   </div>
   <div class='ocr_carea' id='block_1_93' title="bbox 515 4662 2060 4752">
    <p class='ocr_par' dir='ltr' id='par_1_93' title="bbox 515 4662 2060 4752">
     <span class='ocr_line' id='line_1_93' title="bbox 515 4662 2060 4752; baseline 0.018 -41"><span class='ocrx_word' id='word_1_641' title='bbox 515 4674 611 4728; x_wconf 86' lang='lat' dir='ltr'><strong>pro</strong></span> <span class='ocrx_word' id='word_1_642' title='bbox 625 4662 842 4718; x_wconf 86' lang='lat' dir='ltr'><strong>homine</strong></span> <span class='ocrx_word' id='word_1_643' title='bbox 859 4671 1199 4740; x_wconf 86' lang='lat' dir='ltr'><strong>supplicium,</strong></span> <span class='ocrx_word' id='word_1_644' title='bbox 1216 4678 1306 4730; x_wconf 86' lang='lat' dir='ltr'><strong>sed</strong></span> <span class='ocrx_word' id='word_1_645' title='bbox 1327 4694 1424 4746; x_wconf 87' lang='lat' dir='ltr'><strong>pro</strong></span> <span class='ocrx_word' id='word_1_646' title='bbox 1437 4673 1529 4732; x_wconf 85' lang='lat' dir='ltr'><strong>Dei</strong></span> <span class='ocrx_word' id='word_1_647' title='bbox 1546 4680 1736 4734; x_wconf 87' lang='lat' dir='ltr'><strong>timore</strong></span> <span class='ocrx_word' id='word_1_648' title='bbox 1751 4673 2060 4752; x_wconf 80' lang='lat' dir='ltr'><strong>exspectare</strong></span> 
     </span>
    </p>
   </div>
   <div class='ocr_carea' id='block_1_94' title="bbox 512 4751 2056 4845">
    <p class='ocr_par' dir='ltr' id='par_1_94' title="bbox 512 4751 2056 4845">
     <span class='ocr_line' id='line_1_94' title="bbox 512 4751 2056 4845; baseline 0.017 -40"><span class='ocrx_word' id='word_1_649' title='bbox 512 4751 708 4808; x_wconf 85' lang='lat' dir='ltr'><strong>debeas</strong></span> <span class='ocrx_word' id='word_1_650' title='bbox 734 4757 1035 4824; x_wconf 81' lang='lat' dir='ltr'><strong>pramium,</strong></span> <span class='ocrx_word' id='word_1_651' title='bbox 1058 4776 1121 4815; x_wconf 92' lang='lat' dir='ltr'><strong>ac</strong></span> <span class='ocrx_word' id='word_1_652' title='bbox 1149 4764 1228 4818; x_wconf 89' lang='lat' dir='ltr'><strong>sic</strong></span> <span class='ocrx_word' id='word_1_653' title='bbox 1259 4768 1525 4833; x_wconf 71' lang='lat' dir='ltr'><strong>pmdictis</strong></span> <span class='ocrx_word' id='word_1_654' title='bbox 1549 4771 1779 4839; x_wconf 88' lang='lat' dir='ltr'><strong>clericis,</strong></span> <span class='ocrx_word' id='word_1_655' title='bbox 1806 4776 1897 4843; x_wconf 81' lang='lat' dir='ltr'><strong>qui</strong></span> <span class='ocrx_word' id='word_1_656' title='bbox 1928 4792 2056 4845; x_wconf 87' lang='lat' dir='ltr'><strong>pro-</strong></span> 
     </span>
    </p>
   </div>
   <div class='ocr_carea' id='block_1_95' title="bbox 462 4844 2057 4932">
    <p class='ocr_par' dir='ltr' id='par_1_95' title="bbox 462 4844 2057 4932">
     <span class='ocr_line' id='line_1_95' title="bbox 462 4844 2057 4932; baseline 0.015 -36"><span class='ocrx_word' id='word_1_657' title='bbox 462 4851 466 4854; x_wconf 77' lang='grc'><strong><em>’</em></strong></span> <span class='ocrx_word' id='word_1_658' title='bbox 513 4844 739 4899; x_wconf 89' lang='lat' dir='ltr'><strong>motioui</strong></span> <span class='ocrx_word' id='word_1_659' title='bbox 769 4846 917 4903; x_wconf 92' lang='lat' dir='ltr'><strong>illius</strong></span> <span class='ocrx_word' id='word_1_660' title='bbox 962 4849 1127 4906; x_wconf 74' lang='lat' dir='ltr'><strong>libere</strong></span> <span class='ocrx_word' id='word_1_661' title='bbox 1168 4869 1233 4907; x_wconf 83' lang='lat' dir='ltr'><strong>ex</strong></span> <span class='ocrx_word' id='word_1_662' title='bbox 1282 4864 1430 4923; x_wconf 87' lang='lat' dir='ltr'><strong>parte</strong></span> <span class='ocrx_word' id='word_1_663' title='bbox 1470 4856 1564 4912; x_wconf 89' lang='lat' dir='ltr'><strong>Dei</strong></span> <span class='ocrx_word' id='word_1_664' title='bbox 1597 4844 2057 4932; x_wconf 80' lang='lat' dir='ltr'><strong>contradixerunt,</strong></span> 
     </span>
    </p>
   </div>
   <div class='ocr_carea' id='block_1_96' title="bbox 478 4935 2057 5019">
    <p class='ocr_par' dir='ltr' id='par_1_96' title="bbox 478 4935 2057 5019">
     <span class='ocr_line' id='line_1_96' title="bbox 478 4935 2057 5019; baseline 0.015 -33"><span class='ocrx_word' id='word_1_665' title='bbox 478 4946 494 4968; x_wconf 62' lang='lat'><strong>‘</strong></span> <span class='ocrx_word' id='word_1_666' title='bbox 521 4935 762 5002; x_wconf 71' lang='lat' dir='ltr'><strong>)pitulari</strong></span> <span class='ocrx_word' id='word_1_667' title='bbox 790 4953 991 5008; x_wconf 84' lang='lat' dir='ltr'><strong>eosque</strong></span> <span class='ocrx_word' id='word_1_668' title='bbox 1040 4943 1321 4999; x_wconf 81' lang='lat' dir='ltr'><strong>defendere</strong></span> <span class='ocrx_word' id='word_1_669' title='bbox 1350 4962 1627 5015; x_wconf 87' lang='lat' dir='ltr'><strong>procures,</strong></span> <span class='ocrx_word' id='word_1_670' title='bbox 1657 4958 1716 5003; x_wconf 91' lang='lat' dir='ltr'><strong>ut</strong></span> <span class='ocrx_word' id='word_1_671' title='bbox 1757 4961 1961 5019; x_wconf 89' lang='lat' dir='ltr'><strong>quanto</strong></span> <span class='ocrx_word' id='word_1_672' title='bbox 2008 4964 2057 5011; x_wconf 90' lang='lat' dir='ltr'><strong>te</strong></span> 
     </span>
    </p>
   </div>
   <div class='ocr_carea' id='block_1_97' title="bbox 515 5024 2059 5109">
    <p class='ocr_par' dir='ltr' id='par_1_97' title="bbox 515 5024 2059 5109">
     <span class='ocr_line' id='line_1_97' title="bbox 515 5024 2059 5109; baseline 0.014 -34"><span class='ocrx_word' id='word_1_673' title='bbox 515 5024 687 5093; x_wconf 85' lang='lat' dir='ltr'><strong>gratia</strong></span> <span class='ocrx_word' id='word_1_674' title='bbox 716 5026 895 5083; x_wconf 88' lang='lat' dir='ltr'><strong>divina</strong></span> <span class='ocrx_word' id='word_1_675' title='bbox 917 5034 1075 5087; x_wconf 75' lang='lat' dir='ltr'><strong>altius</strong></span> <span class='ocrx_word' id='word_1_676' title='bbox 1103 5036 1429 5104; x_wconf 65' lang='lat' dir='ltr'><strong>sublimauit,</strong></span> <span class='ocrx_word' id='word_1_677' title='bbox 1456 5046 1605 5091; x_wconf 84' lang='lat' dir='ltr'><strong>tanto</strong></span> <span class='ocrx_word' id='word_1_678' title='bbox 1631 5040 1803 5109; x_wconf 77' lang='lat' dir='ltr'><strong>magis</strong></span> <span class='ocrx_word' id='word_1_679' title='bbox 1827 5054 1880 5094; x_wconf 83' lang='lat' dir='ltr'><strong>et</strong></span> <span class='ocrx_word' id='word_1_680' title='bbox 1901 5042 2059 5097; x_wconf 74' lang='lat' dir='ltr'><strong>bonis</strong></span> 
     </span>
    </p>
   </div>
   <div class='ocr_carea' id='block_1_98' title="bbox 517 5111 2058 5201">
    <p class='ocr_par' dir='ltr' id='par_1_98' title="bbox 517 5111 2058 5201">
     <span class='ocr_line' id='line_1_98' title="bbox 517 5111 2058 5201; baseline 0.015 -37"><span class='ocrx_word' id='word_1_681' title='bbox 517 5111 768 5169; x_wconf 87' lang='lat' dir='ltr'><strong>fiduciam</strong></span> <span class='ocrx_word' id='word_1_682' title='bbox 810 5127 865 5170; x_wconf 89' lang='lat' dir='ltr'><strong>et</strong></span> <span class='ocrx_word' id='word_1_683' title='bbox 913 5125 1091 5187; x_wconf 80' lang='lat' dir='ltr'><strong>pravis</strong></span> <span class='ocrx_word' id='word_1_684' title='bbox 1132 5134 1391 5182; x_wconf 80' lang='lat' dir='ltr'><strong>terrorem</strong></span> <span class='ocrx_word' id='word_1_685' title='bbox 1444 5130 1704 5197; x_wconf 70' lang='lat' dir='ltr'><strong>praebeas,</strong></span> <span class='ocrx_word' id='word_1_686' title='bbox 1746 5132 2058 5201; x_wconf 63' lang='lat' dir='ltr'><strong>ueterisque</strong></span> 
     </span>
    </p>
   </div>
   <div class='ocr_carea' id='block_1_99' title="bbox 515 5205 2057 5295">
    <p class='ocr_par' dir='ltr' id='par_1_99' title="bbox 515 5205 2057 5295">
     <span class='ocr_line' id='line_1_99' title="bbox 515 5205 2057 5295; baseline 0.016 -39"><span class='ocrx_word' id='word_1_687' title='bbox 515 5205 844 5275; x_wconf 90' lang='lat' dir='ltr'><strong>principibus</strong></span> <span class='ocrx_word' id='word_1_688' title='bbox 878 5217 929 5264; x_wconf 84' lang='lat' dir='ltr'><strong>te</strong></span> <span class='ocrx_word' id='word_1_689' title='bbox 960 5210 1268 5271; x_wconf 85' lang='lat' dir='ltr'><strong>imitabilem</strong></span> <span class='ocrx_word' id='word_1_690' title='bbox 1313 5222 1520 5276; x_wconf 88' lang='lat' dir='ltr'><strong>reddas.</strong></span> <span class='ocrx_word' id='word_1_691' title='bbox 1571 5221 1829 5278; x_wconf 84' lang='lat' dir='ltr'><strong>Plumbco</strong></span> <span class='ocrx_word' id='word_1_692' title='bbox 1876 5226 2057 5295; x_wconf 72' lang='lat' dir='ltr'><strong>sigillo</strong></span> 
     </span>
    </p>
   </div>
   <div class='ocr_carea' id='block_1_100' title="bbox 516 5296 2056 5379">
    <p class='ocr_par' dir='ltr' id='par_1_100' title="bbox 516 5296 2056 5379">
     <span class='ocr_line' id='line_1_100' title="bbox 516 5296 2056 5379; baseline 0.015 -31"><span class='ocrx_word' id='word_1_693' title='bbox 516 5296 716 5352; x_wconf 85' lang='lat' dir='ltr'><strong>idcirco</strong></span> <span class='ocrx_word' id='word_1_694' title='bbox 746 5298 947 5370; x_wconf 82' lang='lat' dir='ltr'><strong>signari</strong></span> <span class='ocrx_word' id='word_1_695' title='bbox 978 5303 1182 5360; x_wconf 53' lang='lat' dir='ltr'><strong>lita-ras</strong></span> <span class='ocrx_word' id='word_1_696' title='bbox 1215 5308 1347 5363; x_wconf 88' lang='lat' dir='ltr'><strong>istas</strong></span> <span class='ocrx_word' id='word_1_697' title='bbox 1388 5313 1680 5379; x_wconf 87' lang='lat' dir='ltr'><strong>noluimus,</strong></span> <span class='ocrx_word' id='word_1_698' title='bbox 1715 5332 1801 5378; x_wconf 90' lang='lat' dir='ltr'><strong>ne,</strong></span> <span class='ocrx_word' id='word_1_699' title='bbox 1840 5316 2056 5371; x_wconf 81' lang='lat' dir='ltr'><strong>siforte</strong></span> 
     </span>
    </p>
   </div>
   <div class='ocr_carea' id='block_1_101' title="bbox 516 5393 2057 5471">
    <p class='ocr_par' dir='ltr' id='par_1_101' title="bbox 516 5393 2057 5471">
     <span class='ocr_line' id='line_1_101' title="bbox 516 5393 2057 5471; baseline 0.014 -32"><span class='ocrx_word' id='word_1_700' title='bbox 516 5399 832 5457; x_wconf 85' lang='lat' dir='ltr'><strong>caperentur</strong></span> <span class='ocrx_word' id='word_1_701' title='bbox 872 5394 940 5447; x_wconf 89' lang='lat' dir='ltr'><strong>ab</strong></span> <span class='ocrx_word' id='word_1_702' title='bbox 965 5393 1163 5463; x_wconf 85' lang='lat' dir='ltr'><strong>impiis,</strong></span> <span class='ocrx_word' id='word_1_703' title='bbox 1189 5400 1378 5453; x_wconf 74' lang='lat' dir='ltr'><strong>eodem</strong></span> <span class='ocrx_word' id='word_1_704' title='bbox 1401 5401 1576 5470; x_wconf 82' lang='lat' dir='ltr'><strong>sigillo</strong></span> <span class='ocrx_word' id='word_1_705' title='bbox 1597 5413 1779 5471; x_wconf 83' lang='lat' dir='ltr'><strong>posset</strong></span> <span class='ocrx_word' id='word_1_706' title='bbox 1806 5405 2057 5462; x_wconf 87' lang='lat' dir='ltr'><strong>falsitatis</strong></span> 
     </span>
    </p>
   </div>
   <div class='ocr_carea' id='block_1_102' title="bbox 395 5471 949 5548">
    <p class='ocr_par' dir='ltr' id='par_1_102' title="bbox 395 5471 949 5548">
     <span class='ocr_line' id='line_1_102' title="bbox 395 5471 949 5548; baseline 0.016 -19"><span class='ocrx_word' id='word_1_707' title='bbox 395 5471 408 5480; x_wconf 86' lang='grc'><em>’</em></span> <span class='ocrx_word' id='word_1_708' title='bbox 515 5478 789 5548; x_wconf 85' lang='lat' dir='ltr'><strong>quidpiam</strong></span> <span class='ocrx_word' id='word_1_709' title='bbox 818 5484 949 5538; x_wconf 78' lang='lat' dir='ltr'><strong>fieri.</strong></span> 
     </span>
    </p>
   </div>
   <div class='ocr_carea' id='block_1_103' title="bbox 1038 5666 1518 5705">
    <p class='ocr_par' dir='ltr' id='par_1_103' title="bbox 1038 5666 1518 5705">
     <span class='ocr_line' id='line_1_103' title="bbox 1038 5666 1518 5705; baseline 0.008 -6"><span class='ocrx_word' id='word_1_710' title='bbox 1038 5666 1099 5700; x_wconf 74' lang='lat' dir='ltr'><strong>AD</strong></span> <span class='ocrx_word' id='word_1_711' title='bbox 1142 5666 1275 5702; x_wconf 66' lang='grc' dir='ltr'><strong>τεκν</strong></span> <span class='ocrx_word' id='word_1_712' title='bbox 1288 5667 1518 5705; x_wconf 59' lang='grc' dir='ltr'><strong>νςεκεῑς.</strong></span> 
     </span>
    </p>
   </div>
   <div class='ocr_carea' id='block_1_104' title="bbox 1093 5740 1467 5805">
    <p class='ocr_par' dir='ltr' id='par_1_104' title="bbox 1093 5740 1467 5805">
     <span class='ocr_line' id='line_1_104' title="bbox 1093 5740 1467 5805; baseline 0.024 -18"><span class='ocrx_word' id='word_1_713' title='bbox 1093 5740 1265 5797; x_wconf 59' lang='lat' dir='ltr'><strong>(Auno</strong></span> <span class='ocrx_word' id='word_1_714' title='bbox 1298 5743 1467 5805; x_wconf 70' lang='grc'><strong>1082.)</strong></span> 
     </span>
    </p>
   </div>
   <div class='ocr_carea' id='block_1_105' title="bbox 588 5817 2050 5893">
    <p class='ocr_par' dir='ltr' id='par_1_105' title="bbox 588 5817 2050 5893">
     <span class='ocr_line' id='line_1_105' title="bbox 588 5817 2050 5893; baseline 0.005 -17"><span class='ocrx_word' id='word_1_715' title='bbox 588 5817 882 5879; x_wconf 65' lang='grc' dir='ltr'><strong>(ἶηεοοκιινδ</strong></span> <span class='ocrx_word' id='word_1_716' title='bbox 905 5828 1202 5893; x_wconf 54' lang='lat' dir='ltr'><strong>episcopus,</strong></span> <span class='ocrx_word' id='word_1_717' title='bbox 1235 5850 1418 5884; x_wconf 64' lang='lat' dir='ltr'><strong>smws</strong></span> <span class='ocrx_word' id='word_1_718' title='bbox 1451 5849 1726 5885; x_wconf 54' lang='lat' dir='ltr'><strong>servorum</strong></span> <span class='ocrx_word' id='word_1_719' title='bbox 1766 5832 1875 5893; x_wconf 75' lang='lat' dir='ltr'><strong>Dei,</strong></span> <span class='ocrx_word' id='word_1_720' title='bbox 1909 5833 2050 5883; x_wconf 60' lang='lat' dir='ltr'><strong>clum</strong></span> 
     </span>
    </p>
   </div>
   <div class='ocr_carea' id='block_1_106' title="bbox 2888 4689 2974 4746">
    <p class='ocr_par' dir='ltr' id='par_1_106' title="bbox 2888 4689 2974 4746">
     <span class='ocr_line' id='line_1_106' title="bbox 2888 4689 2974 4746; baseline 0.035 -3"><span class='ocrx_word' id='word_1_721' title='bbox 2888 4689 2974 4746; x_wconf 85' lang='lat' dir='ltr'><strong>Ill.</strong></span> 
     </span>
    </p>
   </div>
   <div class='ocr_carea' id='block_1_107' title="bbox 2436 4788 3430 4862">
    <p class='ocr_par' dir='ltr' id='par_1_107' title="bbox 2436 4788 3430 4862">
     <span class='ocr_line' id='line_1_107' title="bbox 2436 4788 3430 4862; baseline 0.019 -36"><span class='ocrx_word' id='word_1_722' title='bbox 2436 4788 2501 4827; x_wconf 72' lang='lat' dir='ltr'><strong>AD</strong></span> <span class='ocrx_word' id='word_1_723' title='bbox 2538 4789 2820 4833; x_wconf 69' lang='lat' dir='ltr'><strong>ROBEBTUI</strong></span> <span class='ocrx_word' id='word_1_724' title='bbox 2842 4796 3131 4840; x_wconf 67' lang='grc' dir='ltr'><strong>οιιίλιωιιω</strong></span> <span class='ocrx_word' id='word_1_725' title='bbox 3167 4801 3430 4862; x_wconf 56' lang='grc' dir='ltr'><strong>εοιιτειι.</strong></span> 
     </span>
    </p>
   </div>
   <div class='ocr_carea' id='block_1_108' title="bbox 2358 4851 3124 4945">
    <p class='ocr_par' dir='ltr' id='par_1_108' title="bbox 2358 4851 3124 4945">
     <span class='ocr_line' id='line_1_108' title="bbox 2358 4851 3124 4945; baseline 0.018 -30"><span class='ocrx_word' id='word_1_726' title='bbox 2358 4851 2362 4854; x_wconf 71' lang='grc'><em>“</em></span> <span class='ocrx_word' id='word_1_727' title='bbox 2739 4868 2919 4940; x_wconf 82' lang='lat' dir='ltr'><strong>(Anno</strong></span> <span class='ocrx_word' id='word_1_728' title='bbox 2943 4872 3124 4945; x_wconf 73' lang='lat'><strong>1082.)</strong></span> 
     </span>
    </p>
   </div>
   <div class='ocr_carea' id='block_1_109' title="bbox 2230 4947 3719 5037">
    <p class='ocr_par' dir='ltr' id='par_1_109' title="bbox 2230 4947 3719 5037">
     <span class='ocr_line' id='line_1_109' title="bbox 2230 4947 3719 5037; baseline 0.019 -36"><span class='ocrx_word' id='word_1_729' title='bbox 2230 4947 2534 5005; x_wconf 76' lang='lat' dir='ltr'><strong>GREGORIUS</strong></span> <span class='ocrx_word' id='word_1_730' title='bbox 2580 4955 2868 5025; x_wconf 88' lang='lat' dir='ltr'><strong>episcopus</strong></span> <span class='ocrx_word' id='word_1_731' title='bbox 2933 4976 3123 5020; x_wconf 90' lang='lat' dir='ltr'><strong>servus</strong></span> <span class='ocrx_word' id='word_1_732' title='bbox 3160 4982 3441 5025; x_wconf 84' lang='lat' dir='ltr'><strong>servorum</strong></span> <span class='ocrx_word' id='word_1_733' title='bbox 3485 4970 3603 5037; x_wconf 88' lang='lat' dir='ltr'><strong>Dei,</strong></span> <span class='ocrx_word' id='word_1_734' title='bbox 3648 4973 3719 5029; x_wconf 71' lang='grc' dir='ltr'><strong>Β.</strong></span> 
     </span>
    </p>
   </div>
   <div class='ocr_carea' id='block_1_110' title="bbox 2161 5036 3721 5128">
    <p class='ocr_par' dir='ltr' id='par_1_110' title="bbox 2161 5036 3721 5128">
     <span class='ocr_line' id='line_1_110' title="bbox 2161 5036 3721 5128; baseline 0.019 -42"><span class='ocrx_word' id='word_1_735' title='bbox 2161 5036 2396 5103; x_wconf 77' lang='lat' dir='ltr'><strong>glorioso</strong></span> <span class='ocrx_word' id='word_1_736' title='bbox 2419 5039 2833 5101; x_wconf 84' lang='lat' dir='ltr'><strong>Flandrcnsium</strong></span> <span class='ocrx_word' id='word_1_737' title='bbox 2850 5052 3034 5108; x_wconf 77' lang='lat' dir='ltr'><strong>cumiti</strong></span> <span class='ocrx_word' id='word_1_738' title='bbox 3052 5054 3249 5111; x_wconf 88' lang='lat' dir='ltr'><strong>dilecto</strong></span> <span class='ocrx_word' id='word_1_739' title='bbox 3269 5057 3325 5111; x_wconf 91' lang='lat' dir='ltr'><strong>in</strong></span> <span class='ocrx_word' id='word_1_740' title='bbox 3342 5058 3563 5114; x_wconf 79' lang='lat' dir='ltr'><strong>Christo</strong></span> <span class='ocrx_word' id='word_1_741' title='bbox 3579 5036 3721 5128; x_wconf 75' lang='lat' dir='ltr'><strong>suo,</strong></span> 
     </span>
    </p>
   </div>
   <div class='ocr_carea' id='block_1_111' title="bbox 2161 5128 3311 5201">
    <p class='ocr_par' dir='ltr' id='par_1_111' title="bbox 2161 5128 3311 5201">
     <span class='ocr_line' id='line_1_111' title="bbox 2161 5128 3311 5201; baseline 0.018 -21"><span class='ocrx_word' id='word_1_742' title='bbox 2161 5128 2387 5181; x_wconf 88' lang='lat' dir='ltr'><strong>salutem</strong></span> <span class='ocrx_word' id='word_1_743' title='bbox 2420 5139 2473 5183; x_wconf 90' lang='lat' dir='ltr'><strong>et</strong></span> <span class='ocrx_word' id='word_1_744' title='bbox 2495 5135 2848 5201; x_wconf 88' lang='lat' dir='ltr'><strong>apostolicam</strong></span> <span class='ocrx_word' id='word_1_745' title='bbox 2867 5140 3311 5199; x_wconf 86' lang='lat' dir='ltr'><strong>benedictionem.</strong></span> 
     </span>
    </p>
   </div>
   <div class='ocr_carea' id='block_1_112' title="bbox 2178 5217 3721 5309">
    <p class='ocr_par' dir='ltr' id='par_1_112' title="bbox 2178 5217 3721 5309">
     <span class='ocr_line' id='line_1_112' title="bbox 2178 5217 3721 5309; baseline 0.015 -40"><span class='ocrx_word' id='word_1_746' title='bbox 2178 5271 2196 5285; x_wconf 59' lang='grc'><strong><em>,</em></strong></span> <span class='ocrx_word' id='word_1_747' title='bbox 2228 5217 2347 5272; x_wconf 75' lang='lat' dir='ltr'><strong>iam</strong></span> <span class='ocrx_word' id='word_1_748' title='bbox 2413 5235 2554 5290; x_wconf 85' lang='lat' dir='ltr'><strong>sape</strong></span> <span class='ocrx_word' id='word_1_749' title='bbox 2620 5229 2951 5285; x_wconf 81' lang='lat' dir='ltr'><strong>excellentia</strong></span> <span class='ocrx_word' id='word_1_750' title='bbox 3016 5240 3123 5286; x_wconf 89' lang='lat' dir='ltr'><strong>tua</strong></span> <span class='ocrx_word' id='word_1_751' title='bbox 3170 5232 3489 5301; x_wconf 88' lang='lat' dir='ltr'><strong>scripsimus</strong></span> <span class='ocrx_word' id='word_1_752' title='bbox 3551 5251 3721 5309; x_wconf 77' lang='lat' dir='ltr'><strong>super</strong></span> 
     </span>
    </p>
   </div>
   <div class='ocr_carea' id='block_1_113' title="bbox 2160 5304 3716 5392">
    <p class='ocr_par' dir='ltr' id='par_1_113' title="bbox 2160 5304 3716 5392">
     <span class='ocr_line' id='line_1_113' title="bbox 2160 5304 3716 5392; baseline 0.017 -38"><span class='ocrx_word' id='word_1_753' title='bbox 2160 5318 2323 5357; x_wconf 78' lang='lat' dir='ltr'><strong>causa</strong></span> <span class='ocrx_word' id='word_1_754' title='bbox 2336 5304 2654 5362; x_wconf 80' lang='lat' dir='ltr'><strong>clericorum</strong></span> <span class='ocrx_word' id='word_1_755' title='bbox 2670 5309 3033 5368; x_wconf 84' lang='lat' dir='ltr'><strong>Tarvanensis</strong></span> <span class='ocrx_word' id='word_1_756' title='bbox 3056 5313 3311 5371; x_wconf 81' lang='lat' dir='ltr'><strong>Ecclesia</strong></span> <span class='ocrx_word' id='word_1_757' title='bbox 3329 5314 3391 5371; x_wconf 79' lang='grc' dir='ltr'><strong>Ε.</strong></span> <span class='ocrx_word' id='word_1_758' title='bbox 3415 5304 3716 5392; x_wconf 68' lang='lat' dir='ltr'><strong>prapositi,</strong></span> 
     </span>
    </p>
   </div>
   <div class='ocr_carea' id='block_1_114' title="bbox 2164 5391 3720 5483">
    <p class='ocr_par' dir='ltr' id='par_1_114' title="bbox 2164 5391 3720 5483">
     <span class='ocr_line' id='line_1_114' title="bbox 2164 5391 3720 5483; baseline 0.017 -38"><span class='ocrx_word' id='word_1_759' title='bbox 2164 5391 2218 5445; x_wconf 91' lang='lat' dir='ltr'><strong>S.</strong></span> <span class='ocrx_word' id='word_1_760' title='bbox 2252 5393 2459 5460; x_wconf 84' lang='lat' dir='ltr'><strong>decani,</strong></span> <span class='ocrx_word' id='word_1_761' title='bbox 2490 5393 2537 5449; x_wconf 81' lang='lat' dir='ltr'><strong>J.</strong></span> <span class='ocrx_word' id='word_1_762' title='bbox 2571 5397 2786 5453; x_wconf 84' lang='lat' dir='ltr'><strong>diaconi</strong></span> <span class='ocrx_word' id='word_1_763' title='bbox 2814 5408 2869 5454; x_wconf 91' lang='lat' dir='ltr'><strong>et</strong></span> <span class='ocrx_word' id='word_1_764' title='bbox 2895 5401 3248 5469; x_wconf 84' lang='lat' dir='ltr'><strong>reliquorum,</strong></span> <span class='ocrx_word' id='word_1_765' title='bbox 3272 5421 3410 5475; x_wconf 88' lang='lat' dir='ltr'><strong>quos</strong></span> 
     </span>
    </p>
   </div>
   <div class='ocr_carea' id='block_1_115' title="bbox 2163 5483 3719 5570">
    <p class='ocr_par' dir='ltr' id='par_1_115' title="bbox 2163 5483 3719 5570">
     <span class='ocr_line' id='line_1_115' title="bbox 2163 5483 3719 5570; baseline 0.013 -38"><span class='ocrx_word' id='word_1_766' title='bbox 2163 5496 2281 5534; x_wconf 87' lang='lat' dir='ltr'><strong>rum</strong></span> <span class='ocrx_word' id='word_1_767' title='bbox 2306 5483 2599 5541; x_wconf 89' lang='lat' dir='ltr'><strong>mortiferis</strong></span> <span class='ocrx_word' id='word_1_768' title='bbox 2627 5488 3080 5557; x_wconf 87' lang='lat' dir='ltr'><strong>suggestionibus,</strong></span> <span class='ocrx_word' id='word_1_769' title='bbox 3133 5491 3289 5550; x_wconf 82' lang='lat' dir='ltr'><strong>bonis</strong></span> <span class='ocrx_word' id='word_1_770' title='bbox 3335 5499 3569 5568; x_wconf 69' lang='lat' dir='ltr'><strong>propriis</strong></span> <span class='ocrx_word' id='word_1_771' title='bbox 3596 5503 3719 5570; x_wconf 71' lang='lat' dir='ltr'><strong>pri-</strong></span> 
     </span>
    </p>
   </div>
   <div class='ocr_carea' id='block_1_116' title="bbox 2163 5569 3715 5648">
    <p class='ocr_par' dir='ltr' id='par_1_116' title="bbox 2163 5569 3715 5648">
     <span class='ocr_line' id='line_1_116' title="bbox 2163 5569 3715 5648; baseline 0.018 -31"><span class='ocrx_word' id='word_1_772' title='bbox 2163 5578 2332 5633; x_wconf 80' lang='lat' dir='ltr'><strong>vates.</strong></span> <span class='ocrx_word' id='word_1_773' title='bbox 2369 5569 2425 5624; x_wconf 93' lang='lat' dir='ltr'><strong>in</strong></span> <span class='ocrx_word' id='word_1_774' title='bbox 2443 5573 2694 5627; x_wconf 73' lang='lat' dir='ltr'><strong>exsilium</strong></span> <span class='ocrx_word' id='word_1_775' title='bbox 2721 5588 2821 5643; x_wconf 90' lang='lat' dir='ltr'><strong>pro</strong></span> <span class='ocrx_word' id='word_1_776' title='bbox 2845 5577 3138 5643; x_wconf 90' lang='lat' dir='ltr'><strong>apostolica</strong></span> <span class='ocrx_word' id='word_1_777' title='bbox 3167 5578 3465 5641; x_wconf 83' lang='lat' dir='ltr'><strong>obedientia</strong></span> <span class='ocrx_word' id='word_1_778' title='bbox 3485 5569 3715 5648; x_wconf 73' lang='lat' dir='ltr'><strong>detrusi-</strong></span> 
     </span>
    </p>
   </div>
   <div class='ocr_carea' id='block_1_117' title="bbox 2163 5657 3717 5748">
    <p class='ocr_par' dir='ltr' id='par_1_117' title="bbox 2163 5657 3717 5748">
     <span class='ocr_line' id='line_1_117' title="bbox 2163 5657 3717 5748; baseline 0.019 -40"><span class='ocrx_word' id='word_1_779' title='bbox 2163 5657 2250 5721; x_wconf 86' lang='lat' dir='ltr'><strong>sti,</strong></span> <span class='ocrx_word' id='word_1_780' title='bbox 2275 5666 2332 5712; x_wconf 89' lang='lat' dir='ltr'><strong>ut</strong></span> <span class='ocrx_word' id='word_1_781' title='bbox 2352 5674 2444 5714; x_wconf 89' lang='lat' dir='ltr'><strong>eos</strong></span> <span class='ocrx_word' id='word_1_782' title='bbox 2466 5662 2531 5715; x_wconf 87' lang='lat' dir='ltr'><strong>ad</strong></span> <span class='ocrx_word' id='word_1_783' title='bbox 2550 5660 2818 5731; x_wconf 82' lang='lat' dir='ltr'><strong>integrum</strong></span> <span class='ocrx_word' id='word_1_784' title='bbox 2847 5663 2987 5719; x_wconf 88' lang='lat' dir='ltr'><strong>sicut</strong></span> <span class='ocrx_word' id='word_1_785' title='bbox 3002 5667 3209 5736; x_wconf 88' lang='lat' dir='ltr'><strong>justum</strong></span> <span class='ocrx_word' id='word_1_786' title='bbox 3228 5683 3332 5742; x_wconf 87' lang='lat' dir='ltr'><strong>est,</strong></span> <span class='ocrx_word' id='word_1_787' title='bbox 3352 5686 3717 5748; x_wconf 69' lang='lat' dir='ltr'><strong>restant-ares,</strong></span> 
     </span>
    </p>
   </div>
   <div class='ocr_carea' id='block_1_118' title="bbox 2158 5746 3721 5824">
    <p class='ocr_par' dir='ltr' id='par_1_118' title="bbox 2158 5746 3721 5824">
     <span class='ocr_line' id='line_1_118' title="bbox 2158 5746 3721 5824; baseline 0.019 -29"><span class='ocrx_word' id='word_1_788' title='bbox 2158 5754 2212 5796; x_wconf 83' lang='lat' dir='ltr'><strong>ct</strong></span> <span class='ocrx_word' id='word_1_789' title='bbox 2233 5746 2380 5800; x_wconf 86' lang='lat' dir='ltr'><strong>illum</strong></span> <span class='ocrx_word' id='word_1_790' title='bbox 2408 5750 2716 5805; x_wconf 81' lang='lat' dir='ltr'><strong>hareticum</strong></span> <span class='ocrx_word' id='word_1_791' title='bbox 2746 5750 2805 5806; x_wconf 90' lang='lat' dir='ltr'><strong>L.</strong></span> <span class='ocrx_word' id='word_1_792' title='bbox 2854 5753 3155 5824; x_wconf 79' lang='lat' dir='ltr'><strong>depositam</strong></span> <span class='ocrx_word' id='word_1_793' title='bbox 3182 5772 3236 5817; x_wconf 91' lang='lat' dir='ltr'><strong>et</strong></span> <span class='ocrx_word' id='word_1_794' title='bbox 3282 5746 3721 5823; x_wconf 49' lang='lat' dir='ltr'><strong>“communia;</strong></span> 
     </span>
    </p>
   </div>
   <div class='ocr_carea' id='block_1_119' title="bbox 2159 5837 3717 5925">
    <p class='ocr_par' dir='ltr' id='par_1_119' title="bbox 2159 5837 3717 5925">
     <span class='ocr_line' id='line_1_119' title="bbox 2159 5837 3717 5925; baseline 0.019 -41"><span class='ocrx_word' id='word_1_795' title='bbox 2159 5842 2269 5886; x_wconf 83' lang='lat' dir='ltr'><strong>tum</strong></span> <span class='ocrx_word' id='word_1_796' title='bbox 2302 5837 2529 5903; x_wconf 88' lang='lat' dir='ltr'><strong>amplius</strong></span> <span class='ocrx_word' id='word_1_797' title='bbox 2560 5855 2667 5893; x_wconf 82' lang='lat' dir='ltr'><strong>non</strong></span> <span class='ocrx_word' id='word_1_798' title='bbox 2700 5848 3049 5915; x_wconf 81' lang='lat' dir='ltr'><strong>sustentares,</strong></span> <span class='ocrx_word' id='word_1_799' title='bbox 3081 5851 3173 5907; x_wconf 89' lang='lat' dir='ltr'><strong>sed</strong></span> <span class='ocrx_word' id='word_1_800' title='bbox 3203 5854 3377 5925; x_wconf 86' lang='lat' dir='ltr'><strong>magis</strong></span> <span class='ocrx_word' id='word_1_801' title='bbox 3425 5854 3717 5913; x_wconf 75' lang='lat' dir='ltr'><strong>ecclesiam</strong></span> 
     </span>
    </p>
   </div>
  </div>
