3952 6374
168 409 254 488 sit

1228 405 1429 461 LIBER
1466 398 1881 458 BNDECIMIJS.
1910 427 1982 438 —-
2004 394 2218 450 EPIST.
2262 393 2323 448 ll.

3187 359 3380 437 Vota

167 541 479 611 captivatam
503 534 572 589 de
599 531 718 601 ejus
747 525 1028 600 tyrannide
1055 531 1109 576 et
1143 530 1496 590 Oppnessione
1522 514 1721 567 libera-
1752 518 1798 572 Λ
1817 519 2030 611 menter
2058 507 2333 608 restituas,
2363 515 2432 611 ei
2445 503 2673 574 gratiam
2690 511 2851 604 .tuam
2881 500 3164 611 pristinam
3184 499 3264 568 eis
3292 499 3383 553 hac

167 606 264 688 res.
294 623 451 693 Quod
477 623 630 694 quia,
657 621 796 676 sicut
819 617 900 679 illi,
924 614 1100 669 adhuc
1134 606 1552 680 lacrymabiliter
1578 619 1714 658 oon-

166 725 478 791 queruntur,
507 713 750 768 nondum
779 707 1006 778 plenitcr
1027 699 1299 772 peregisti,
1329 695 1534 791 crebris
1579 708 1716 763 que-

167 788 406 863 rimoniis
433 819 625 860 eorum
654 798 860 870 fatigati
889 796 1067 850 adhuc
1092 788 1364 846 nobilitati
1413 796 1522 841 tua:
1566 799 1719 838 man-

169 901 372 963 damus,
402 905 458 952 et
483 911 552 950 ex
598 901 750 964 parte
795 888 890 943 Dei
937 895 993 940 et
1040 882 1412 954 apostolorum
1455 873 1716 946 principis
1756 896 1757 899 η

169 995 524 1067 pracipimus,
562 998 625 1045 ut
665 984 948 1044 ecclesiam
989 981 1057 1035 de
1102 976 1361 1048 pradicto
1396 967 1715 1067 Antichristi

170 1057 405 1142 membro
424 1057 648 1152 eripias,
677 1075 994 1143 clericisque
1013 1067 1250 1142 praafatis
1277 1080 1376 1121 sua
1404 1059 1590 1118 omnia
1616 1057 1720 1112 cle-

1817 601 1944 654 bere
1971 597 2272 668 permittas,
2303 603 2363 648 ut
2390 592 2535 647 Deus
2557 592 2900 661 omnipotens
2930 590 3024 644 tibi
3077 605 3232 643 suam
3262 604 3384 658 gra-

1817 691 1948 743 tiam
1972 688 2062 742 hic
2089 695 2145 742 et
2173 686 2230 740 in
2258 684 2447 740 futuro
2476 683 2677 738 saeculo
2705 682 2929 747 tribuat,
2958 689 3012 734 ct
3037 681 3230 734 beatus
3278 677 3383 732 Pe-

1816 787 1959 844 trus,
1983 778 2052 832 ad
2080 777 2238 847 cujus
2267 779 2608 846 praesentiam
2640 772 2954 841 confugium
2992 770 3256 834 fecerunt,
3295 769 3386 838 ja-
3447 803 3450 806 ‹

1817 887 1955 926 uuas
1982 871 2106 926 caeli
2133 877 2258 940 post
2285 869 2448 939 hujus
2501 867 2625 921 vitae
2673 865 2883 920 felicem
2937 864 3230 919 terminum
3288 861 3386 915 tibi

1819 965 2042 1033 aperiat.

1174 1217 1256 1276 In
1285 1208 1631 1289 exemplari
1659 1205 1819 1267 liber
1852 1202 2123 1264 decimus
2151 1208 2352 1262 vacat.

883 1388 1238 1516 LIBER
1305 1403 1995 1496 UNDECIMUS
2066 1353 2654 1488 REGISTRI.

647 1569 984 1661 Episrom
1007 1587 1236 1655 PRIMA.

439 1740 510 1779 ΔΙ)
547 1737 829 1779 ιοιειιτυι
864 1732 1098 1774 COIITEI
1136 1727 1429 1768 FLMDBIE.

731 1811 913 1882 (Anno
943 1807 1122 1879 ωδε).

169 1908 338 1963 Nona
366 1922 432 1961 ne
464 1903 686 1958 ulterius
719 1897 1062 1954 Terrannemi
1085 1893 1549 1963 excommunicato
1571 1891 1729 1963 euagi-

234 1959 555 2046 iiiintllferat,
578 1971 669 2046 sed
700 1986 760 2023 eo
782 1967 996 2046 expulso
1021 1967 1328 2046 episcopum
1361 1961 1610 2015 canonice
1632 1959 1730 2011 ele-

236 2031 373 2100 ctum
392 2031 676 2112 suscipiat,
697 2048 748 2092 et
769 2031 1030 2091 auiilium
1052 2031 1365 2113 impendet-

235 2161 542 2217 Caesonius
561 2154 871 2225 episcopus,
889 2164 1080 2204 servus
1097 2161 1379 2202 servorum
1400 2143 1514 2210 Dei,
1533 2142 1732 2198 Robcr~

173 2258 227 2306 to
253 2250 490 2322 glorioso
509 2243 717 2310 comiti,
747 2241 975 2298 salutem
1008 2245 1064 2292 et
1104 2236 1461 2308 apostolicam
1508 2236 1731 2290 benedi-

173 2342 424 2397 ctionem.
812 2401 815 2405 ,
1109 2379 1113 2383 ,
1481 2351 1484 2354 λ

237 2428 488 2486 Pervenit
515 2426 583 2481 ad
605 2438 764 2480 aures
788 2427 1010 2476 nostras
1029 2417 1176 2488 quod
1206 2416 1531 2470 Lambertus
1551 2414 1733 2467 inimi-

174 2535 265 2577 cus
286 2519 403 2583 Dei,
425 2525 484 2571 ct
511 2516 730 2570 invasor
758 2508 1157 2566 Tervannensis
1199 2505 1474 2570 Eeclesim,
1522 2518 1626 2574 ope
1680 2514 1735 2558 et

176 2607 561 2666 sustentatione
595 2614 688 2659 tua
715 2603 893 2658 adhuc
929 2599 1031 2655 sibi
1068 2599 1207 2652 iram
1251 2595 1346 2649 Dei
1379 2594 1730 2650 thesaurizet.

174 2698 416 2767 Quicum
437 2695 672 2751 traditus
699 2694 772 2748 sit
800 2691 1035 2755 Satanaa,
1077 2703 1188 2743 non
1227 2687 1510 2741 miramur
1530 2684 1579 2739 si
1615 2684 1736 2754 ejus

175 2789 412 2854 consiliis
433 2787 674 2852 ducitur,
698 2793 754 2838 et
806 2784 862 2837 in
904 2781 1190 2852 iniquitate
1237 2777 1513 2849 perdurat.
1553 2774 1631 2830 De
1685 2783 1738 2828 te

175 2888 347 2936 autem
370 2893 488 2934 non
510 2877 689 2935 solum
725 2875 1010 2938 miramur,
1035 2871 1130 2926 sed
1155 2885 1224 2924 ex
1254 2869 1419 2924 corde
1464 2867 1731 2930 dolemus,

174 2971 315 3040 quod
339 2971 545 3036 virum,
575 2982 738 3039 quem
767 2967 910 3020 bona
936 2962 1081 3017 fama
1129 2961 1337 3030 passim
1385 2956 1735 3013 commenda-

174 3067 339 3128 verat,
359 3059 509 3114 mala
553 3071 699 3112 nunc
731 3054 959 3110 intentio
991 3053 1060 3107 ad
1102 3063 1393 3108 commune
1437 3045 1738 3118 periculum

1831 1605 2026 1645 ιηεωιο
2053 1590 2164 1659 negi
2186 1590 2502 1660 Anglorum,
2529 1563 2756 1643 salutem
2778 1589 3207 1666 et'apostolicam
3228 1589 3394 1644 bene-

1831 1681 2144 1735 dictionem.
3007 1672 3012 1676 ’
3185 1673 3189 1676 ’

1759 1826 1803 1880 Β
1895 1814 2216 1870 Communis
2251 1829 2408 1868 amor
2443 1821 2498 1868 et
2544 1814 2757 1868 sincera
2791 1814 3026 1880 devotio,
3063 1829 3228 1883 quam
3265 1829 3393 1884 erga

1829 1907 2047 1960 beatum
2087 1906 2318 1960 Petrum‘
2348 1905 2654 1974 apostolum
2696 1905 2953 1974 gerimus,
2983 1919 3050 1958 ex
3083 1906 3245 1973 longo
3277 1904 3393 1972 jam

1830 2005 2072 2066 tempore
2102 1997 2243 2050 inter
2266 2011 2368 2049 nos
2397 1995 2692 2049 amicitiam
2715 1995 2914 2062 junxit,
2939 2002 3109 2068 atque
3145 1993 3280 2059 adeo
3305 1992 3394 2046 in-

1828 2086 2003 2140 vicem
2030 2087 2156 2140 inde
2184 2086 2358 2156 magis
2386 2085 2680 2150 convaluit,
2711 2086 2839 2154 quia
2861 2093 2914 2138 et
2942 2099 3042 2153 ego
3074 2092 3125 2138 te
3145 2099 3256 2154 pne
3276 2091 3397 2138 ἀε-

1831 2177 1963 2231 teris
2005 2175 2084 2229 tui
2113 2175 2322 2231 ordinis
2363 2175 2675 2245 apostolicae
2715 2175 2830 2241 sedi
2866 2174 3120 2230 devotum
3151 2173 3397 2228 animad-

1833 2266 1990 2331 verti,
2019 2275 2078 2321 et
2116 2274 2210 2321 tua
2245 2281 2333 2320 me
2361 2266 2628 2320 claritudo
2663 2265 2804 2320 inter
2846 2266 3058 2334 aliquos
3097 2266 3395 2334 prmdcces-

1834 2371 1988 2412 sores
2030 2365 2153 2410 tuos
2177 2357 2325 2410 circa
2360 2357 2626 2410 honorem
2652 2357 2964 2424 apostolica:
2997 2356 3140 2409 sedis
3170 2355 3400 2409 credidit

1834 2445 2068 2514 amplius
2108 2445 2423 2500 desudasse.
2459 2444 2849 2514 Deniquecum
2872 2445 2937 2503 in.
2964 2444 3125 2500 malis
3154 2443 3400 2498 moribus

1836 2537 1975 2590 idem
1999 2536 2135 2591 velle
2159 2544 2215 2591 ct
2233 2537 2375 2592 nolle
2398 2537 2758 2606 perniciosam
2787 2551 2927 2605 sepe
2953 2534 3244 2590 factionem
3267 2550 3402 2590 con-

1833 2625 2001 2691 ficiat,
2052 2641 2392 2696 consequens
2428 2627 2639 2680 videtur
2673 2635 2734 2680 ut
2769 2625 2823 2679 in
2866 2625 3025 2680 bonis
3065 2625 3231 2680 rebus
3256 2626 3397 2680 idem

1837 2717 2078 2771 studium
2123 2717 2400 2787 animique
2447 2717 2796 2783 desiderium,
2842 2716 3059 2772 diverso
3107 2717 3403 2785 quamlibet

1838 2808 2014 2877 spatio
2042 2816 2312 2880 terrarum
2347 2808 2651 2877 disjunctos
2673 2809 2730 2861 in
2759 2823 2928 2861 unum
2957 2807 3262 2862 dilectionis
3284 2807 3404 2876 glu-

1837 2897 1953 2950 tino
1974 2898 2209 2965 copulet.
2257 2896 2478 2961 Verum,
2511 2898 2636 2951 licet
2663 2898 2884 2966 quidam
2918 2896 3079 2966 regia:
3117 2899 3406 2966 potestatis

1838 2999 1952 3040 non
1977 2986 2253 3041 modicum
2273 2987 2511 3051 doleant,
2544 2995 2599 3040 et
2625 2987 2679 3040 in
2710 3002 2813 3041 nos
2834 2988 3132 3056 smpissime
3151 3003 3403 3042 murmu-

1839 3084 1964 3131 rent
1979 3091 2039 3131 se
2051 3077 2456 3146 quodammodo
2471 3077 2746 3131 contemni
2761 3095 2774 3130 :
2790 3087 3196 3147 conquerantur
3216 3095 3274 3133 se
3295 3095 3405 3134 non

175 3149 314 3206 illius
330 3149 527 3220 μιτίε
543 3153 898 3217 τειοιηυθτειο
911 3142 1091 3237 _U_“de’
1108 3142 1177 3197 de
1198 3141 1380 3237 ³¹¹ίξ¹¹³
1403 3147 1495 3237 {ua
1512 3136 1742 3237 ωυξωω
1769 3146 1811 3201 C
1844 3167 1924 3221 sic
1938 3167 2008 3220 ab
2021 3136 2318 3236 apostolica
2337 3163 2461 3222 sede
2475 3169 2647 3237 diligi,
2665 3185 2765 3224 nec
2785 3170 2858 3223 ita
2870 3136 3026 3224 factis
3041 3177 3134 3224 aut
3149 3171 3409 3224 sermoni-

175 3240 442 3305 timentes,
473 3253 760 3293 monemus
791 3244 850 3288 ut
877 3235 946 3288 ab
960 3234 1063 3287 hac
1088 3230 1535 3302 praevaricatione
1556 3227 1624 3280 ad
1645 3241 1742 3280 cor

177 3329 405 3394 rediens,
429 3327 722 3382 Dominum
743 3325 798 3378 in
827 3323 1067 3392 pmdicti
1093 3320 1330 3375 hominis
1349 3316 1741 3374 sustentatione

177 3433 282 3475 non
298 3418 568 3482 edendas,
594 3415 690 3471 sed
711 3414 866 3469 abeo
899 3413 1042 3471 sicut
1086 3429 1120 3467 a
1151 3409 1392 3482 pessimo
1430 3406 1651 3462 homine
1687 3413 1742 3458 ct

173 3508 644 3566 «Mmunicato
670 3517 724 3561 te
745 3505 1054 3571 custodias;
1078 3503 1174 3574 qui
1222 3501 1483 3555 nimirum
1513 3496 1741 3553 audien-

174 3600 301 3655 tiam
324 3616 428 3670 pro
454 3613 644 3653 amore
676 3611 770 3650 tuo
805 3611 838 3649 a
862 3595 1014 3649 nobis
1042 3593 1147 3648 sibi
1197 3606 1516 3647 concessam
1572 3587 1742 3642 decli-

175 3705 331 3757 nans,
366 3697 548 3760 totum
580 3702 642 3742 se
671 3701 704 3740 a
749 3685 935 3756 planta
985 3682 1139 3752 pedis
1175 3695 1350 3750 usque
1385 3681 1453 3733 ad
1487 3679 1744 3732 verticem

176 3780 523 3836 anathemate
541 3774 851 3832 maculavit.
885 3771 992 3827 Pro
1042 3770 1265 3834 scelere,
1303 3769 1533 3838 aliisque
1568 3767 1744 3835 culpis

176 3870 625 3942 pmwdmtibus,
647 3873 839 3922 saneta
858 3862 1182 3918 universalis
1202 3860 1444 3915 Ecclesia
1471 3859 1745 3927 irrecupe-

176 3962 417 4017 rabililer
438 3958 750 4037 depositum
784 3954 1061 4010 maledixit
1091 3949 1666 4016 etanathematizavit,
1691 3957 1745 4003 et

174 4059 448 4107 extorrem
470 4047 700 4102 omnino
743 4061 776 4098 a
819 4041 1206 4100 communione
1265 4041 1436 4094 totius
1491 4039 1746 4094 Ecclesiae

175 4155 295 4196 esse
306 4136 600 4210 judicavit.
626 4133 967 4203 Quapropter
992 4129 1332 4184 nobilitatem
1356 4137 1507 4183 tuam
1552 4144 1744 4183 mone-

179 4245 299 4286 mus
330 4237 394 4284 ut
424 4242 545 4283 non
566 4226 745 4280 solum
773 4221 1104 4291 adjutorium
1144 4219 1248 4273 sibi
1287 4233 1398 4273 non
1441 4218 1742 4287 impendas,

177 4337 369 4378 verum
390 4320 566 4396 etiam
592 4313 860 4371 Dominici
880 4312 1060 4385 gregis
1079 4309 1478 4371 multitudinem
1505 4307 1748 4364 foeditate

180 4430 276 4471 sua
289 4408 707 4470 conmaculans
714 4407 781 4461 de
793 4405 969 4460 medio
982 4411 1224 4458 vestrum
1234 4409 1294 4455 ut
1304 4399 1580 4471 putridum
1591 4408 1645 4454 et
1660 4400 1748 4454 in-

181 4497 635 4559 utilemembrum
647 4495 830 4552 studio
840 4503 935 4548 tuo
945 4494 1224 4547 evellatur.
1237 4491 1576 4561 lnjungimus
1585 4490 1748 4546 etiam
1781 4476 1826 4529 Ῑ)

181 4589 452 4649 nobilitati
469 4599 581 4644 tua:
593 4599 654 4660 ut
666 4585 732 4640 G.
843 4583 1143 4637 Gerardum
1157 4581 1418 4635 canonice
1429 4581 1683 4645 electum,
1697 4589 1753 4635 et

181 4683 484 4740 Eeclesiam
505 4677 941 4732 Tenannensem
955 4687 1051 4742 per
1069 4672 1293 4737 ostium,
1316 4671 1371 4745 id
1392 4679 1478 4724 est
1490 4685 1585 4739 per
1596 4669 1754 4723 Chri-

182 4784 324 4830 stum
341 4768 757 4843 ingredientem,
773 4765 997 4823 honeste
1007 4770 1064 4817 et
1089 4763 1232 4817 sicut
1253 4761 1408 4815 decet
1420 4759 1751 4828 suscipiatis,

179 4873 234 4920 et
250 4865 300 4919 ei
334 4858 674 4933 pastoralem
693 4850 1009 4933 exhibentes
1034 4851 1415 4917 neverentia,
1461 4849 1754 4905 consilium

182 4919 238 5011 et
262 4919 539 5010 au-xilium
559 4919 882 5015 impendatis
909 4963 922 4998 :
950 4952 1011 4998 ut
1034 4944 1130 5013 qui
1165 4943 1222 4997 in
1249 4942 1425 4997 altero
1463 4940 1775 5008 Dominum,

186 5043 514 5106 olendistis,
541 5053 639 5109 per
658 5037 801 5090 hunc
815 5035 927 5104 ipsi
951 5034 1059 5087 Deo
1071 5044 1124 5088 et
1139 5035 1295 5089 beato
1313 5032 1473 5087 Petro
1487 5031 1755 5100 justitiam

188 5145 425 5191 vestram
447 5126 860 5189 commendetis.
935 5171 978 5267 Π

499 5326 565 5366 ω
590 5322 912 5363 (ιυιιιειιιυι
947 5318 1120 5358 REGE!
1155 5316 1451 5358 ANGLOIUI.

778 5398 956 5468 (Anno
990 5392 1171 5462 l083.)

193 5496 586 5563 Commemorat
639 5494 873 5539 mutuam
916 5487 1054 5539 inter
1103 5500 1158 5563 se
1203 5481 1554 5562 dilectionem.
1605 5479 1757 5562 Dolet

257 5565 398 5640 quod
427 5561 733 5640 episcopum
769 5571 1070 5624 germanum
1099 5561 1212 5620 ejus
1241 5561 1295 5603 in
1328 5565 1588 5603 carcerem
1625 5561 1759 5618 inje-

259 5635 411 5686 terit.

261 5702 582 5778 Cosconius
607 5717 910 5789 episcopus,
945 5729 1132 5769 servus
1171 5708 1452 5770 servarum
1478 5697 1604 5778 Dei,
1629 5709 1758 5764 Gui-

1840 3258 1945 3311 bus
1960 3273 2056 3326 per
2067 3273 2170 3312 nos
2185 3257 2442 3311 honorari
2459 3275 2473 3321 ;
2493 3259 2717 3311 minimc
2738 3267 2919 3312 tamen
2934 3275 3035 3312 nos
3051 3261 3298 3327 paenitet,
3307 3276 3407 3314 nec

1841 3346 2115 3415 deinceps,
2146 3345 2257 3400 Deo
2282 3345 2831 3413 faventc,pt‘enitcbit.
2880 3347 3174 3416 Speramus
3205 3350 3406 3404 etenim

1840 3435 2178 3491 celsitudinis
2205 3443 2311 3488 tua:
2334 3435 2658 3489 industriam
2685 3436 2738 3489 in
2765 3437 2954 3491 eadem
2985 3447 3188 3493 sancta:
3217 3437 3405 3496 Eccle-

1842 3528 1937 3582 sia:
1963 3525 2252 3581 devotione
2275 3526 2608 3596 justitimque
2633 3527 2814 3582 studio
2834 3544 3044 3598 semper
3067 3545 3411 3598 mansuram,

1843 3635 1907 3674 ac
1937 3619 1993 3672 in
2018 3618 2214 3673 melius
2227 3619 2413 3686 etiam,
2429 3615 2730 3687 opitulante
2750 3619 3002 3687 Domino,
3017 3621 3084 3676 de
3105 3631 3302 3678 caetero
3327 3625 3412 3678 di-

1843 3710 2137 3766 latandam.
2188 3707 2342 3764 Unde
2370 3710 2569 3776 merito
2592 3721 2696 3764 nos
2726 3714 2939 3780 oportet
2970 3696 3023 3765 in
3053 3713 3296 3782 ejusdem
3322 3714 3410 3768 di-
3441 3725 3444 3730 '

1841 3799 2092 3854 lectionis
2119 3807 2308 3853 tenore
2337 3813 2705 3868 perseverare,
2738 3800 2850 3854 imo
2877 3817 2974 3870 per
3001 3802 3413 3858 diuturnitatem

1844 3897 2169 3960 temporum,
2216 3889 2587 3944 crescentibus
2627 3891 2861 3970 meritis,
2904 3891 3078 3961 magis
3122 3908 3187 3946 ac
3236 3895 3414 3964 magis

1776 4015 1784 4023 -
1843 3983 2172 4040 excrescere.
2217 3978 2394 4034 Tuum
2425 3989 2607 4034 tamen
2636 3980 2840 4034 interea
2867 3995 2970 4034 nos
2998 3981 3187 4050 tangit,
3207 3990 3262 4037 et
3290 3990 3414 4038 tan-

1845 4071 2022 4139 gendo
2047 4078 2323 4139 angustat,
2355 4077 2518 4136 atque
2545 4069 2688 4122 inter
2713 4069 2975 4138 regalium
2997 4073 3214 4127 t‘uarum
3236 4075 3412 4130 virtu.-

1844 4169 1960 4212 tum
1979 4159 2214 4228 insignia
2233 4167 2584 4212 monumenta
2599 4158 2839 4213 laetitiam
2851 4159 2908 4214 in
2928 4162 3106 4218 amico
3124 4165 3288 4221 corde
3299 4168 3416 4222 vio-

1844 4249 2016 4303 lenter
2043 4249 2342 4316 obnubilat,
2370 4239 2619 4304 videlicet
2651 4252 2796 4321 quod
2825 4251 2879 4307 in
2909 4254 3172 4324 capiendo
3199 4273 3414 4328 germa-
3458 4266 3471 4277 ‘

1847 4355 1978 4394 num
2001 4349 2157 4395 tuum
2189 4341 2524 4411 episcopum,
2550 4357 2662 4396 non
2682 4343 2825 4398 sicut
2845 4344 3043 4410 decuit,
3070 4348 3299 4414 propria:
3310 4349 3418 4401 ho-
3472 4379 3475 4381 »

1849 4433 2046 4489 nestati
2071 4432 2429 4502 prospiciens,
2455 4433 2549 4486 sed
2566 4425 2878 4487 saecularem
2892 4435 3159 4490 cautelam
3173 4445 3227 4491 et
3247 4438 3416 4494 ratio-

1849 4540 1975 4580 nem
1987 4524 2183 4578 divina:
2195 4523 2298 4590 legi
2312 4523 3044 4589 pratpouens,sacerdotalcm
3057 4531 3416 4586 reverentiam

1852 4616 2034 4668 minus
2073 4613 2354 4683 vigilanter
2401 4612 2696 4669 attendisti.
2730 4613 2795 4670 Et
2835 4617 3054 4686 quidem
3101 4635 3212 4674 non
3250 4622 3416 4676 latere

1852 4713 2000 4758 tuam
2029 4705 2370 4774 prudentiam
2400 4705 2673 4761 credimus
2703 4690 2962 4776 scriptum
2993 4723 3134 4772 esse,
3173 4711 3318 4777 quod
3347 4712 3432 4780 de.

1853 4797 2224 4853 sacerdotibus
2242 4798 2474 4852 maxime
2485 4805 2696 4867 oportet
2710 4797 2932 4864 intelligi
2951 4814 2963 4848 :
2983 4794 3086 4859 Qui
3111 4814 3199 4851 eos
3223 4801 3427 4869 tangit,-

1857 4895 2026 4964 tangit
2043 4892 2302 4962 pupillam
2328 4892 2467 4945 oculi
2495 4891 2596 4942 mei
2620 4887 2805 4959 (lac/3.
2833 4886 2928 4957 ii);
2954 4897 3009 4944 et
3030 4889 3201 4946 alibi:
3236 4892 3418 4948 Nolite
3448 4950 3454 4954 _

1858 4997 2068 5057 tangere
2091 4987 2310 5050 chrisma
2333 4999 2470 5036 meo:
2493 4981 2583 5053 (ΙΙ
2601 4981 2790 5036 Paral.
2814 4984 2926 5055 xvi)
2954 4991 3041 5038 :ct
3061 4985 3208 5055 quod
3229 4984 3420 5040 Domi-

1855 5094 1960 5131 nus
1989 5078 2104 5144 ipse
2143 5070 2516 5129 sacerdOtibus
2545 5073 2669 5129 licet
2695 5075 2878 5145 pravis
2906 5084 2960 5130 et
2986 5076 3143 5131 valde
3179 5069 3423 5146 indignis

1855 5168 2121 5222 honorem
2165 5165 2376 5221 deferre
2417 5181 2528 5221 non
2577 5166 2649 5220 sit
2693 5166 3033 5236 dedignatus.
3076 5165 3250 5230 Quam
3299 5181 3416 5221 rem

1854 5257 1958 5326 pia:
1985 5247 2262 5312 memoriae
2289 5256 2682 5311 Constantinus
2708 5257 3012 5325 praecipuus
3041 5255 3286 5318 videlicet
3314 5257 3422 5311 im-

1856 5357 2073 5418 perator
2102 5350 2424 5417 intelligens,
2442 5346 2497 5398 in
2519 5343 2736 5400 Nicaeum
2766 5347 2971 5417 synodo
3001 5344 3204 5398 nullam
3226 5345 3279 5399 in
3303 5349 3424 5416 cpi-

1858 5455 2053 5509 scopus
2081 5441 2150 5493 ab
2179 5438 2311 5507 ipsis
2339 5437 2504 5490 etiam
2527 5437 2795 5506 epise0pis
2816 5426 3218 5511 accusationem
3249 5437 3426 5493 voluit

1817 5574 1819 5576 .
1859 5525 2154 5598 suscipere,
2185 5528 2504 5598 nullumque
2533 5536 2720 5582 contra
2749 5540 2845 5580 eos
2855 5525 3122 5594 judicium
3151 5539 3422 5593 praesum-

1857 5621 1967 5688 psit
1993 5618 2216 5685 inferrc,
2245 5619 2431 5674 dicens
2465 5637 2479 5671 :
2511 5617 2621 5670 Vos
2647 5616 2725 5669 dii
2752 5617 2885 5672 estis
2914 5633 2945 5670 a
2975 5630 3104 5669 vero
3141 5613 3253 5668 Deo
3283 5629 3414 5669 ροη-

1859 5711 2070 5766 stituti:
2105 5711 2225 5767 ideo
2254 5726 2364 5766 non
2393 5715 2603 5778 oportet
2631 5715 2688 5760 ut
2719 5723 2819 5763 nos
2849 5705 3094 5760 homines
3129 5705 3260 5760 deos
3283 5719 3423 5773 pra:-
