3952 6412
493 482 596 537 ΜΞ

1411 475 1467 528 S.
1509 470 1837 529 GREGORll
1878 468 1965 524 Vll
2001 467 2203 523 I'Al‘zli
2242 467 2523 524 Ol’EltEM
2563 467 2742 522 PARS
2778 464 2840 521 11.

3600 445 3735 518 οςίι
3798 418 3801 419 ί

494 609 776 650 sumamus
799 593 1041 663 judicare
1068 590 1347 659 (RtTlSl‘S,
1374 589 1469 644 lib.
1498 605 1538 654 t,
1565 603 1685 657 cap.
1720 587 1775 653 2,
1806 586 2063 640 Historia:
2090 587 2135 642 Λ
2160 585 2323 640 mitas
2392 585 2714 654 episcopalis
2765 580 2930 637 nullis
2972 581 3172 652 poterit
3230 574 3756 650 comparationibus

491 686 899 754 ecclesiastica').
951 682 1164 748 Quanta
1193 681 1355 735 etiam
1386 680 1458 735 sit
1486 679 1773 734 sacenlotit
1803 677 2059 747 dignitas,

493 784 803 845 quantaque
827 773 1133 829 sublimitas
1156 770 1499 841 episcopalis,
1524 769 1717 823 beatus
1742 766 2063 822 Ambrosius

494 865 683 920 doctor
728 865 934 926 scilicet
958 864 1193 919 eximius
1222 870 1457 917 vestram
1495 859 1688 914 doceat
1730 854 2080 927 magnitudir

497 971 641 1019 lit'ttl,
675 965 1015 1025 vestramque
1045 954 1279 1008 instruat
1305 953 1681 1022 prudentiam;
1716 949 1769 1002 in
1797 946 2068 1003 Pastorali

495 1054 597 1097 stto
637 1045 714 1098 sie
754 1035 1011 1115 ponens":
1067 1063 1086 1095 ι
1113 1042 1299 1097 llonor
1323 1042 1507 1112 igitur,
1548 1039 1763 1107 fratres,
1808 1049 1862 1094 et
1894 1037 2068 1094 subli-

494 1203 805 1230 επ-..-

1101 1372 1778 1537 SANCTI

1979 1199 2203 1210 .——-——-

2162 676 2455 745 aquuari.
2487 674 2542 728 Si
2566 689 2751 744 regum
2775 672 2971 743 fulguri
3000 686 3303 741 compares,
3328 678 3384 726 et
3419 666 3736 739 principum

2164 766 2477 831 diademati,
2509 766 2665 836 longe
2703 765 2807 818 erit
2842 759 3276 833 inferius,'qnam
3298 761 3345 816 si
3368 758 3577 830 plumbi
3613 773 3737 811 tne-

2166 858 2355 912 tallum
2386 857 2453 910 ad
2501 857 2619 910 auri
2675 855 2941 924 fulgorem
2978 868 3260 922 compares
3310 848 3393 919 (S.
3427 851 3740 904 Asianosws

2168 948 2247 1003 De
2269 949 2527 1019 dignitate
2550 946 2875 1013 sacerdotii).
2908 963 2927 995 ι
2967 943 3170 999 Cretera
3198 942 3407 995 desunt.

2210 1199 2469 1208 ..ωας-ν-

806 1184 3713 1231 W

1863 1361 2785 1522 GREGORII
2865 1362 3137 1515 VII

1784 1608 2169 1666 PONTIFICIS
2209 1602 2471 1662 ROMANI

1369 1793 1827 1951 OPERUM
1927 1787 2228 1944 PARS
2331 1786 2878 1941 SECUNDA.

838 2074 1455 2173 EPISTPLAE
1523 2069 1924 2162 EXTRA
1995 2032 2678 2157 REGISTRUM
2747 2063 3393 2157 VAGANTES.

1845 2268 2457 2294 w-

504 2571 744 2644 Epistoia
771 2568 1005 2644 Gregorii
1031 2562 1142 2644 Υ]
1155 2561 1235 2644 ἐπὶ
1258 2560 1613 2644 ρηηίταηεωη
1635 2553 2073 2644 ﬂantum-iamet»

574 2624 899 2713 episcopum:
959 2637 1035 2691 De
1086 2624 1481 2703 difficultatibus
1541 2624 1809 2697 regiminis
1860 2630 2074 2692 aposto-

579 2714 741 2767 latus.

1091 2794 1272 2866 (Anno
1302 2789 1485 2857 i073.)

887 2886 1083 2961 [315x51
1108 2882 1315 2939 Concil.
1346 2879 1470 2945 XX,
1495 2875 1649 2949 274.]

576 3002 884 3059 Caaconnrs
907 2997 1216 3068 episcOpns.
1242 3007 1432 3049 servus
1461 3001 1744 3045 servorum
1782 2983 1902 3051 Dei,
1942 2983 2075 3039 cha-

430 3090 435 3094 ’
508 3095 728 3152 rissimo
760 3091 913 3147 fratri
950 3087 1241 3143 inChristn
1269 3084 1582 3138 Lasrnmco
1610 3075 1907 3133 venerabili
1934 3074 2079 3129 Can-

511 3187 809 3243 tuariorum
863 3179 1304 3251 archiepiscopo,
1358 3174 1589 3228 salutem
1630 3178 1683 3224 et
1720 3167 2077 3237 apostolicam

509 3276 957 3333 benedictionem.

581 3368 823 3435 Qualiter
846 3363 1000 3418 nobis
1029 3358 1311 3430 apostolici
1344 3353 1622 3426 regiminis
1651 3353 1829 3406 honor
1859 3358 1914 3404 et
1938 3364 2079 3403 onus

510 3459 823 3529 impositum
854 3455 946 3520 sit,
966 3462 1020 3507 ct
1045 3450 1264 3521 quantis
1288 3447 1529 3515 undique
1548 3443 1881 3511 stringamur
1903 3455 2078 3509 angu-

512 3550 652 3615 stiis,
685 3543 1031 3618 pratscntitnn
1066 3538 1161 3601 tibi
1188 3538 1418 3608 portitor
1449 3532 1727 3597 indicabit,
1765 3529 1853 3585 cui
1893 3542 2078 3606 respe-

458 3632 465 3641 ’
511 3642 606 3698 (τω
649 3650 754 3695 tua:-
798 3634 1100 3693 dilcctionis
1143 3633 1310 3687 etiam
1353 3626 1613 3683 nonnulla
1657 3623 1860 3677 nostris
1902 3620 2081 3674 adhuc

512 3730 871 3787 familiaribus
893 3727 1105 3780 occulta
1138 3721 1473 3793 aperuimus.
1502 3716 1576 3771 De
1598 3723 1792 3769 caetero
1814 3716 1869 3766 in
1890 3709 2082 3782 primis

510 3822 903 3879 fraternitatem
956 3826 1104 3872 tuam
1155 3826 1412 3884 rogamus
1458 3818 1517 3862 ut
1561 3806 1733 3861 Deum
1776 3818 1877 3874 pro
1921 3801 2080 3856 nobis

507 3914 706 3986 jngiter
734 3926 960 3967 exorare
991 3925 1099 3962 non
1128 3906 1325 3976 pigeat,
1356 3911 1408 3956 et
1432 3899 1677 3955 subditos
1706 3896 1807 3952 sibi
1829 3895 1914 3949 vel
1943 3910 2078 3949 con-

508 4003 729 4075 junctus
768 4002 1021 4056 fraternis
1055 4013 1157 4051 nos
1203 3996 1317 4050 suis
1358 3992 1701 4046 orationibus
1739 3980 1878 4057 apud
1908 3985 2079 4039 Deum

447 4088 453 4094 ’
508 4074 701 4168 jurare
728 4095 1089 4149 commoneat.
1123 4086 1336 4153 Quanto
1360 4083 1503 4138 enim
1535 4082 1587 4135 in
1620 4078 1811 4149 majori
1841 4074 2082 4148 periculo

511 4187 675 4260 positi
706 4191 1081 4252 sumus,tanto
1095 4179 1329 4247 amplius
1349 4176 1456 4232 tuis
1478 4183 1533 4229 et
1544 4174 1813 4228 bonorum
1836 4168 2081 4224 omnium

515 4258 790 4348 suffragiis
823 4275 1145 4344 indigemus.
1178 4267 1288 4323 Nos
1312 4266 1510 4320 ctenim
1543 4264 1591 4319 si
1616 4261 1813 4317 divina:
1834 4258 2083 4314 vindicta:

511 4369 776 4442 judicium
799 4367 1031 4436 eli'ugerc
1053 4361 1323 4424 volumus,
1346 4364 1535 4411 contra
1557 4352 1759 4409 multos
1780 4351 2080 4419 insurgere,

515 4471 569 4516 ct
598 4475 693 4515 eos
717 4458 774 4513 in
803 4457 1040 4511 animam
1077 4461 1319 4506 nostram
1359 4457 1657 4519 prevocare
1684 4442 2079 4513 compellimur.

516 4550 663 4606 Nam
686 4550 814 4605 dum
843 4559 1033 4601 omnes
1054 4540 1189 4607 fere,
1216 4541 1354 4595 sicut
1385 4539 1461 4592 ait
1487 4536 1800 4606 Apostolus,
1830 4549 1952 4604 qua:
1985 4547 2082 4586 sua

517 4651 681 4707 θωπί
715 4650 823 4695 non
874 4652 996 4708 qua:
1029 4632 1156 4689 Iesu
1198 4630 1421 4693 Christi,
1452 4614 1702 4699 quatrunt
1746 4624 1969 4695 (Philip.
2000 4621 2083 4690 ιι),

519 4745 810 4805 regnorum
849 4728 1142 4798 principes,
1192 4734 1246 4777 et
1288 4723 1452 4791 hujus
1500 4719 1688 4776 mundi
1725 4724 1992 4789 potentes,
2028 4720 2089 4767 ut

519 4824 843 4895 cupiditates
892 4834 1021 4875 suas
1070 4817 1341 4886 expirant,
1390 4814 1561 4883 legem
1600 4812 1695 4867 Dei
1724 4820 1777 4865 et
1816 4809 2086 4880 justitiam

521 4933 629 4971 non
653 4915 762 4985 jam
795 4913 1123 4984 negligenter
1163 4908 1441 4972 deserunt,
1474 4903 1569 4960 sed
1603 4902 1833 4958 summis
1872 4900 2087 4955 conati-

522 5009 625 5063 lms
652 5006 1005 5074 impugnant:
1038 5011 1099 5055 ut
1130 4999 1259 5055 illud
1292 4996 1568 5068 propheta:
1602 5008 1749 5047 nunc
1790 4991 1891 5045 sub
1914 4990 2088 5044 oculis

2104 2442 2147 2496 B
2173 2452 2371 2505 .osum,
2413 2438 2668 2495 resistere
2709 2445 2889 2491 autem
2923 2445 2978 2492 et
3003 2452 3194 2493 eorum
3230 2438 3529 2509 nequitiam
3572 2440 3756 2498 refre-

2175 2545 2325 2593 nare,
2355 2546 2519 2600 quam
2569 2528 2783 2585 dillieile
2823 2529 2914 2594 sit,
2960 2538 3051 2584 tua
3092 2530 3375 2599 prudentia
3409 2531 3584 2586 novit.
3642 2531 3755 2590 Sed

2173 2619 2435 2689 quoniam
2459 2636 2599 2689 quos
2620 2621 2838 2675 dolores
2866 2618 3007 2673 inter
3023 2620 3122 2674 has
3142 2620 3416 2690 patiamur
3437 2624 3752 2693 angustias,

2174 2722 2233 2766 ut
2278 2728 2444 2783 supra
2484 2711 2748 2776 diximus,
2799 2709 2927 2765 huic
2952 2711 3231 2765 communi
3263 2711 3376 2765 tilio
3418 2717 3610 2768 nostro
3651 2715 3755 2771 tibi

2174 2800 2517 2857 referendum
2560 2800 2875 2856 exeruimus
2917 2798 3329 2871 [exaravimus],
3361 2801 3517 2870 plura
3549 2802 3621 2858 de
3662 2804 3757 2861 his

2175 2888 2355 2945 dicere
2384 2889 2824 2959 supersedemus.
2853 2887 3027 2942 Tuam
3052 2904 3177 2942 vero
3204 2888 3620 2958 fraternitatem,
3644 2893 3757 2949 etsi

2176 2980 2447 3036 monitore
2468 2993 2578 3033 non
2599 2985 2774 3048 egeat,
2802 2977 3106 3047 impellente
3139 2986 3322 3032 tamen
3360 2980 3760 3035 nossollieitu-

2177 3072 2322 3135 dine,
2371 3071 2730 3125 admonentes
2769 3076 3040 3138 quatenus
3072 3066 3320 3139 graviora
3355 3082 3759 3141 usquequaque

2178 3178 2427 3236 resecare
2459 3162 2590 3216 vitia
2623 3161 2836 3215 studeat
2858 3178 2875 3215 :
2902 3169 2975 3223 et,
3002 3161 3143 3214 inter
3162 3160 3343 3215 omnia
3359 3170 3411 3215 et
3437 3176 3548 3231 pra:
3565 3142 3759 3217 ~enini-

2177 3256 2303 3321 bus,
2331 3253 2485 3309 nefas
2514 3252 2661 3322 quod
2682 3251 2749 3306 de
2771 3251 2949 3306 Seotis
2983 3250 3312 3315 audivimus,
3336 3252 3481 3320 quod
3504 3250 3761 3322 plerique

2178 3344 2422 3399 videlicet
2450 3341 2700 3412 proprias
2746 3356 2945 3395 uxores
2995 3355 3100 3394 non
3133 3339 3308 3394 solum
3337 3336 3616 3406 deserunt,
3654 3340 3758 3397 sed

2178 3435 2341 3488 etiam
2372 3433 2633 3497 vendunt,
2657 3431 2913 3486 omnibus
2938 3429 3113 3485 modis
3130 3429 3411 3499 prohibere
3432 3429 3756 3488 contendat.

2180 3524 2261 3579 Ad
2290 3526 2406 3580 haec
2425 3524 2572 3578 enim
2602 3522 2897 3591 apostolica
2923 3520 3243 3575 auctoritate
3277 3518 3471 3575 fultum
3494 3520 3633 3575 esse
3654 3534 3761 3573 vo—

2180 3616 2390 3680 lumus,
2407 3623 2468 3667 ut
2486 3627 2597 3666 non
2627 3611 2803 3666 solum
2835 3610 2891 3664 in
2916 3608 3094 3664 Scotis
3115 3609 3219 3663 hoc
3246 3608 3444 3672 scelus,
3468 3607 3563 3662 sed
3583 3607 3758 3664 etiam

2132 3766 2147 3782 η
2181 3709 2236 3761 in
2263 3706 2406 3770 aliis,
2446 3703 2495 3759 si
2517 3718 2656 3773 quos
2690 3703 2745 3765 in
2777 3702 3074 3773 Anglorum
3117 3700 3295 3755 insula
3341 3699 3476 3755 talis
3502 3715 3627 3755 esse
3659 3715 3762 3755 co—

2181 3798 2453 3870 gnoveris;
2489 3797 2625 3852 dura
2665 3794 3134 3850 animadversione
3182 3793 3397 3863 punias,
3418 3801 3475 3846 et
3494 3779 3761 3849 'radiccsi

2180 3891 2318 3945 tanti
2347 3889 2474 3943 mali
2500 3888 2753 3957 prudenti
2775 3870 3371 3941 sareulocormetionis
3405 3882 3624 3952 penitus
3647 3897 3753 3938 ex-

2182 3979 2415 4048 stirpare
2441 3992 2549 4031 non
2574 3975 2810 4030 dilleras.

2933 4094 2998 4148 11.
3054 4114 3061 4120 -

2184 4190 2428 4262 Epistula
2458 4188 2697 4260 Gregorii
2732 4186 2841 4239 VII
2865 4186 2934 4238 ad
2958 4185 3236 4237 monachos
3269 4183 3438 4236 Vallis
3461 4182 3757 4238 Umbrosar.

2257 4261 2407 4313 loses
2457 4258 2683 4312 Joannis
2727 4254 3001 4310 (ianiberti
3047 4253 3253 4307 abbatis
3303 4251 3763 4308 Vallnmbro'siani

2257 4261 2407 4329 Ipsos
2457 4252 2683 4312 Joannis
2727 4254 3001 4310 (ianiberti
3047 4253 3253 4307 abbatis
3303 4252 3762 4308 Vallnmbro'siatii

2254 4329 2543 4400 discipulos
2576 4327 2645 4380 ad
2675 4326 3025 4379 imitationem
3052 4323 3295 4394 magistri
3325 4323 3592 4377 hortatur.

2769 4418 2949 4489 (Anno
2982 4417 3162 4484 1075.)

2590 4511 2803 4582 [iussn
2838 4506 3042 4563 Concil.
3071 4503 3188 4571 XX,
3216 4502 3367 4574 374.]

2257 4606 2574 4683 Gnaeomes’
2603 4601 2912 4670 epiScopns,
2934 4611 3136 4661 servus
3171 4608 3450 4649 servorum
3487 4591 3607 4659 Dei,
3645 4593 3768 4650 cle-

2188 4699 2339 4764 ricis,
2384 4695 2690 4760 monachis,
2732 4691 3074 4762 disciplinam
3115 4697 3317 4744 sancta:
3360 4687 3769 4743 recordationis

2188 4791 2416 4845 Joannis
2459 4786 2735 4844 Gualherti
2775 4785 2987 4838 abbatis
3027 4779 3388 4845 imitantibus,
3429 4778 3672 4835 salutem
3710 4788 3771 4833 et

2188 4881 2542 4952 apostolicam
2566 4867 3015 4931 benedictionem.

2262 4975 2412 5028 Licet
2447 4968 2765 5026 veneranda!
2789 4963 3065 5019 memoriae
3089 4959 3338 5015 eumdem
3373 4956 3640 5013 Joannem
3672 4974 3771 5030 pa.

521 5097 804 5151 \ideatnus
852 5092 1131 5161 impletum
1184 5109 1196 5144 :
1248 5090 1543 5143 Artiterunt
1608 5099 1749 5154 reges
1799 5092 1981 5143 (ενι-α’,
2038 5089 2085 5132 ct
2118 5089 2164 5143 Ι)
2188 5068 2330 5126 trem
2358 5076 2598 5123 vestrum
2623 5060 2901 5133 corporeis
2923 5058 3096 5114 oculis
3135 5071 3245 5112 non
3267 5056 3587 5121 viderimus,
3627 5056 3768 5126 quia

523 5187 782 5257 principes
821 5187 1165 5236 convenerunt
1201 5180 1255 5231 in
1292 5162 1453 5230 u’num
1502 5176 1751 5230 adversus
1803 5171 2088 5225 Dominum

521 5289 572 5332 et
601 5277 848 5331 adversus
893 5273 1161 5327 Christum
1208 5269 1322 5340 ejus
1350 5268 1521 5339 (Psal.
1556 5268 1637 5335 ιι).
1663 5264 1915 5336 Episcopi
1937 5278 2086 5327 vero,

524 5379 577 5423 ct
632 5366 725 5437 qui
763 5373 1010 5437 pastores
1054 5356 1363 5417 animarum
1411 5371 1531 5413 esse
1585 5357 1863 5420 deberent,
1900 5354 2087 5409 mundi

527 5457 751 5530 gloriam
781 5465 835 5510 et
862 5451 1083 5510 delicias
1120 5452 1300 5506 carnis
1334 5445 1627 5507 insatiabili
1663 5444 1932 5501 desiderio
1959 5457 2088 5513 pro-

527 5559 835 5620 sequentes,
857 5561 966 5599 non
986 5544 1163 5600 solum
1181 5542 1235 5595 in
1258 5540 1565 5608 semetipsis
1584 5552 1706 5609 quae
1720 5542 1927 5599 sancta,
1951 5547 2093 5603 qua:-

527 5656 633 5711 qne
681 5645 809 5694 sunt
851 5636 1104 5706 religiosa
1151 5630 1514 5695 confundunt,
1563 5638 1615 5683 et
1658 5626 1801 5699 [sed]
1845 5625 2092 5682 subditos

528 5744 659 5785 suos
698 5728 767 5784 ad
803 5739 964 5782 omne
994 5722 1145 5778 nefas
1175 5737 1399 5792 operum
1431 5734 1655 5774 suorum
1694 5717 1942 5785 exenqtlo
1971 5730 2094 5784 per—

530 5819 769 5874 trahunt.
821 5815 1030 5888 Quibus
1060 5829 1168 5869 non
1192 5810 1463 5868 contraire
1490 5824 1652 5882 quam
1687 5807 1844 5863 nobis
1874 5806 2091 5876 perieu-

2191 5167 2372 5213 tamen
2404 5154 2526 5209 ﬁdei
2553 5153 2671 5222 ejus
2690 5151 2903 5221 paritas
2932 5149 2989 5203 in
3010 5146 3223 5203 Tusciae
3255 5146 3503 5216 partibus
3532 5143 3769 5199 mirabi-

2190 5251 2314 5304 liter
2344 5245 2696 5317 resplenduit,
2733 5228 2964 5297 multum
2986 5255 3109 5294 eum
3145 5251 3333 5292 amore
3353 5235 3670 5301 dileximus,
3695 5236 3768 5291 ad

2191 5338 2348 5407 cujus
2378 5324 2605 5392 sancta)"
2617 5331 3052 5390 conversationis
3093 5326 3352 5391 studium,
3376 5324 3631 5395 quamvis
3661 5340 3773 5382 vos

2193 5430 2492 5483 imitatores
2516 5441 2763 5482 essenon
2783 5422 3132 5493 atnbigimus,
3149 5427 3210 5472 ut
3234 5417 3389 5488 vigor
3417 5416 3777 5473 rectitudinis

2195 5531 2386 5575 vestra:
2412 5520 2478 5574 ad
2500 5516 2902 5585 exstirpandam
2930 5514 2997 5567 de
3024 5525 3156 5582 agro
3175 5509 3459 5566 Dominico
3495 5508 3775 5569 zizaniam

2193 5611 2478 5667 sollicitius
2520 5609 2791 5679 invigilet,
2834 5605 3199 5673 attentiusque
3244 5600 3470 5663 ferveat,
3521 5605 3777 5668 paterna

2195 5703 2347 5758 vobis
2375 5700 2767 5758 exhortationis
2793 5697 2954 5751 verba
2996 5680 3374 5765 impendimus.
3405 5687 3525 5744 Vos
3555 5687 3774 5763 itaque,

2194 5793 2553 5863 dilectissimi,
2584 5793 2638 5847 in
2682 5798 2946 5860 quantum
2987 5788 3224 5845 humana
3268 5778 3609 5855 possibilitas
3640 5794 3775 5843 uer-
