3952 6380
187 436 299 490 6ιῦ

1068 424 1426 481 ΕΡΙΞΤΟῙΑΕ
1467 421 1704 476 EXTRA
1743 417 2145 476 REGISTRUM
2187 419 2572 476 VAGANTES.

3350 419 3456 474 6M5

181 545 377 608 mittit,
405 544 577 596 vitam
625 541 774 595 illius
806 548 1118 609 sequentes,
1149 545 1204 592 et
1222 551 1347 592 vere
1382 535 1524 589 ﬁlios
1562 534 1682 602 ejus
1718 541 1772 586 et
1800 533 1846 589 Α
1872 533 2218 588 ministraudi
2246 534 2425 588 locum
2453 532 2709 586 habeant.
2771 531 2849 585 illi
2901 548 3118 602 quoque
3147 532 3239 602 qui
3271 531 3458 584 Eri-le-

179 635 434 689 ineredes
456 632 623 687 simili
648 647 746 686 vos
767 629 1179 686 conversatione
1209 628 1519 698 probantes,
1543 626 1771 679 viriliter

181 725 352 794 agite,
376 732 432 778 et
457 721 845 777 confortamini
869 721 925 774 in
954 720 1206 784 Domino,
1223 727 1277 772 et
1300 718 1354 771 in
1378 717 1636 787 patientia
1659 716 1774 786 [po-

180 812 383 884 tentia]
405 813 626 868 virtutis
647 813 792 881 ejus,
819 811 1144 866 documenta
1175 818 1488 865 sanctarum
1523 807 1772 876 Scriptu-

182 919 402 969 rarum,
430 903 634 973 quibus
655 900 1034 955 haereticorum
1053 907 1374 968 argumenta
1394 898 1771 962 destruuntur,

181 1003 236 1046 et
262 992 408 1046 ﬁdes
445 999 649 1046 sanctae
670 989 928 1044 Ecclesia:
959 986 1264 1043 defenditur
1295 995 1484 1042 contra
1529 987 1771 1041 membra

183 1082 420 1146 diaboli,
451 1097 574 1152 qua:
600 1080 835 1135 diversis
880 1078 1378 1133 machinationibus
1403 1067 1772 1131 Christianam

186 1173 512 1243 religionem
548 1179 818 1225 conantur
840 1180 1099 1250 evertere,
1143 1185 1298 1223 mens
1332 1176 1506 1222 vestra
1535 1167 1774 1237 quotidie

185 1263 506 1328 meditetur,
556 1271 611 1316 et
658 1277 723 1316 ea
763 1277 886 1331 quze
932 1260 1069 1315 solet
1101 1261 1348 1314 libertate
1400 1260 1454 1312 in
1505 1260 1772 1312 malorum

187 1348 518 1407 confusione
562 1351 843 1420 erigatur:
887 1365 982 1405 eos
1008 1366 1139 1403 vero
1186 1349 1367 1419 quiin
1410 1349 1564 1403 vobis
1601 1348 1774 1402 contio

187 1443 347 1507 dunt,
397 1452 452 1496 et
501 1442 796 1497 consilium
844 1441 1124 1511 religionis
1157 1451 1354 1495 vestra:
1403 1440 1555 1509 sequi
1591 1439 1774 1508 dispo-

189 1541 351 1598 nunt,
387 1547 542 1587 more
567 1531 808 1601 praedicti
834 1530 1011 1584 Patris
1034 1530 1199 1584 vestri
1231 1530 1578 1598 suscipite,et
1603 1529 1667 1582 de
1690 1529 1774 1582 his

187 1638 311 1693 quae
332 1623 407 1676 ad
451 1623 682 1676 salutem
726 1637 916 1675 eorum
963 1621 1231 1690 pertinere
1271 1621 1524 1674 videntur
1571 1619 1774 1674 sanctis

190 1712 674 1767 exhortationibus
697 1711 950 1766 instruite
976 1730 989 1765 :
1023 1709 1081 1766 ut
1111 1728 1220 1766 non
1257 1712 1431 1766 solum
1456 1721 1657 1776 vestra,
1682 1712 1774 1766 sed

191 1811 243 1856 ct
275 1817 376 1857 vos
402 1802 747 1871 sequentium
780 1801 1152 1870 circumpositi
1188 1801 1370 1870 populi
1418 1802 1774 1857 consideran-

196 1899 274 1946 tes
303 1901 500 1946 sancta
531 1905 719 1960 opera,
745 1889 1048 1960 gloriﬁcent
1079 1889 1294 1943 Patrem
1321 1899 1562 1943 vestrum
1594 1891 1687 1959 qui
1721 1892 1774 1945 in

193 1983 349 2038 cadis
378 1990 486 2037 est.
514 1980 629 2037 Nos
673 1981 854 2035 au'tem
900 1981 1078 2050 ipsum
1113 1995 1379 2046 amorem,
1426 1997 1588 2051 quem
1629 1980 1776 2036 Patri

192 2081 376 2126 vestro
398 2081 454 2126 et
485 2071 643 2125 vobis
666 2070 796 2124 olim
820 2067 1206 2139 impendimus,
1230 2070 1404 2124 donec
1422 2079 1640 2125 nostros
1669 2073 1773 2140 spi-

194 2160 336 2216 ritus
363 2159 569 2213 rexerit
595 2168 770 2224 artus,
812 2157 1069 2213 exhibere
1097 2157 1496 2223 desideramus,
1542 2167 1594 2212 et
1628 2166 1777 2212 tanto

194 2247 418 2317 quidem
465 2247 722 2316 deinceps
768 2245 965 2316 majori
1009 2261 1109 2299 vos
1153 2245 1419 2299 eharitate
1453 2244 1774 2312 fovebimus,

196 2347 401 2407 quanto
429 2353 529 2393 vos
551 2337 606 2391 in
629 2336 828 2391 divinis
851 2336 1083 2406 negotiis
1118 2334 1472 2392 ferventiorcs
1502 2349 1623 2391 esse
1648 2353 1776 2406 pro-

197 2424 853 2497 habimus,'quibus‘non
891 2427 1070 2482 solum
1106 2427 1408 2496 spirituaie,
1445 2427 1541 2481 sed
1579 2439 1634 2481 et
1672 2443 1776 2482 sa:-

197 2520 401 2585 culare,
439 2519 488 2573 si
524 2533 748 2574 necesse
775 2517 958 2584 fuerit,
983 2507 1268 2584 auxilium,
1315 2517 1427 2573 Deo
1465 2521 1774 2589 adjuvante,

197 2608 656 2665 ministrabimus.
696 2605 808 2662 Vos
838 2606 1005 2677 igitur
1029 2605 1457 2675 omnipotentem
1485 2606 1773 2663 Dominum

196 2706 438 2764 exorate,
483 2706 541 2752 ut
589 2699 707 2767 ipse
745 2696 890 2752 vires
933 2707 987 2751 et
1037 2696 1320 2752 facultates
1346 2697 1504 2752 nobis
1551 2699 1772 2764 tribuat,

196 2798 466 2857 quatenus
488 2788 723 2857 suscepti
740 2787 1020 2857 regiminis
1043 2787 1384 2857 importabile
1413 2790 1627 2857 pondus
1649 2806 1774 2859 pos-

197 2879 369 2936 simus
399 2879 657 2944 tolerare,
684 2887 736 2934 et
761 2888 1005 2933 sanctam
1035 2877 1335 2932 Eeeicsiam
1366 2879 1420 2932 in
1446 2888 1647 2934 statum
1671 2898 1772 2935 an-

198 2967 360 3038 tiquae
381 2967 666 3039 religionis
692 2969 966 3022 reducere.
1004 2966 1208 3022 Valete.

1875 625 1985 679 sias
2014 624 2231 678 (latione
2263 624 2505 692 pecunise
2534 623 3039 686 obtinent,omnino
3068 639 3160 676 eas
3191 625 3414 692 perdant
3440 644 3453 688 ;

1876 715 2258 784 necdeineeps
2289 715 2518 769 vendere
2560 714 2642 766 vel
2693 730 2872 766 emere
2897 713 3057 766 alicui
3111 707 3288 768 liceat.
3350 714 3455 768 Sed

1876 820 1974 858 nec
1999 804 2072 857 iiii
2103 805 2197 874 qui
2230 805 2281 858 in
2337 804 2564 858 crimine
2615 803 2992 856 fornicationis
3032 800 3213 873 jacent
3255 805 3458 860 missas

1874 896 2146 949 celebrare
2176 904 2270 949 aut
2326 896 2624 950 secundum
2685 895 2975 948 inferiores
3025 895 3244 949 ordines
3295 895 3457 948 inini-

1875 996 2047 1040 strare
2076 986 2234 1042 altari
2292 986 2542 1040 debeant.
2607 985 2908 1039 Statuitnus
2964 985 3125 1038 etiam
3183 995 3241 1039 ut
3274 985 3318 1039 si
3354 986 3454 1054 ipsi

1875 1086 2276 1146 contemptores
2343 1076 2542 1130 fuerint
2594 1085 2928 1140 nostrarum,
2974 1075 3083 1128 imo
3140 1086 3454 1130 sanctorum

1875 1166 2097 1221 Patrum
2129 1167 2603 1230 constitutionum,
2636 1167 2869 1235 populus
2895 1167 3042 1219 nullo
3074 1167 3234 1220 modo
3263 1183 3455 1221 eorum

1876 1257 2047 1312 officia
2079 1257 2332 1327 recipiat;
2367 1269 2424 1312 ut
2473 1259 2567 1327 qui
2596 1273 2693 1326 pro
2724 1271 2910 1310 amore
2965 1255 3058 1309 Dei
3099 1267 3153 1310 et
3181 1257 3339 1312 oilicii
3369 1259 3455 1312 di-

1877 1348 2078 1416 gnitate
2134 1365 2242 1402 non
2300 1344 2668 1418 corriguntur,
2714 1347 3035 1400 verecundia
3063 1347 3243 1400 surculi
3274 1357 3329 1402 et
3357 1349 3443 1401 ob-

1872 1437 2178 1508 jurgatione
2203 1439 2384 1508 populi
2416 1439 2760 1508 resipiscam.
2796 1437 3019 1490 Studeat
3070 1437 3232 1506 igitur
3263 1437 3456 1492 frater-

1877 1533 2020 1585 nitas
2051 1539 2140 1582 tua
2171 1530 2250 1584 sic
2281 1546 2338 1583 se
2363 1529 2416 1582 in
2455 1529 2540 1582 his
2572 1528 2729 1582 nobis
2759 1528 3185 1596 cooperatricem
3229 1529 3453 1583 exhibe-

1876 1638 1954 1688 re,
1987 1636 2080 1676 seu
2111 1621 2338 1674 crimina
2373 1620 2474 1674 ista
2503 1621 2568 1673 de
2599 1618 2853 1672 Ecelesiis
2885 1618 2992 1672 tuis
3016 1617 3275 1671 radicitus
3304 1621 3448 1673 evel-

1877 1714 2013 1779 iere,
2091 1719 2361 1781 quatenus
2445 1711 2572 1764 boni
2654 1708 2889 1778 pastoris
2976 1708 3229 1760 meritum
3311 1707 3452 1777 apud

1880 1805 2049 1859 Deum
2106 1804 2286 1856 valcas
2341 1801 2585 1855 obtinere
2641 1811 2692 1854 et
2763 1799 3006 1852 Romana
3079 1797 3317 1852 Ecclesia
3388 1799 3454 1850 de

1881 1906 1931 1951 te
1978 1896 2120 1950 sicut
2179 1894 2244 1947 de
2298 1893 2443 1947 bono
2488 1891 2653 1947 fratre
2702 1900 2756 1944 et
2804 1891 3050 1945 studioso
3099 1899 3454 1958 cooperatore

1877 1989 2067 2042 debeat
2095 1986 2346 2056 gaudere.

2631 2092 2695 2149 ν.

1879 2185 2473 2260 PrivilegiumGregorii
2514 2186 2621 2309 VIII
2640 2202 2791 2268 papa:
2819 2202 2913 2256 pro
2941 2182 3136 2238 eremio
3160 2182 3452 2238 Camaldu-

2603 2273 2736 2309 ensi.

2603 2273 2736 2309 ιίιδι.

2194 2346 2374 2416 (Anno
2416 2347 2572 2411 i074,
2609 2363 2703 2399 xm
2737 2345 2853 2398 Kal.
2882 2344 3132 2412 Aprilis.)
3173 2395 3176 2399 ,

1877 2435 2265 2508 [Μιττ.ιιιειᾲ.ᾼι.ι,
2296 2435 2503 2508 Annal.
2526 2434 2854 2508 Cam_aldu_l.,
2905 2443 3038 2508 tom.
3064 2503 3074 2508 _
3096 2431 3158 2508 i_l,
3190 2432 3446 2508 apricum,

1945 2499 2310 2630 gag’i‘ﬂg'l’xx
2339 2505 2507 2646 ἴριδι-ἰ
2559 2504 2869 2558 authentico
2928 2502 3135 2556 arcliivi
3192 2499 3448 2556 S’flilasii

1982 2595 2013 2630 e
2085 2593 2114 2629 a
2155 2589 2330 2628 riano.

1982 2595 2013 2630 r3
2042 2589 2330 2629 l'aDl‘laIIO.

1945 2686 2249 2741 Gnsconws
2265 2686 2576 2755 episcopus,
2608 2698 2796 2738 servus
2827 2697 3110 2738 servorum
3162 2679 3276 2746 Dei,
3326 2681 3462 2737 ιιυγ

1877 2792 1998 2831 rtco
2026 2776 2194 2846 priori
2224 2784 2278 2830 et
2305 2784 2513 2830 cunctze
2538 2775 2656 2842 ejus
2680 2773 3085 2845 congregationi
3119 2768 3184 2822 de
3210 2771 3329 2827 loco
3353 2784 3448 2854 qui

1874 2866 2070 2921 dicitur
2090 2865 2328 2935 Campus
2356 2863 2638 2931 Amabiiis,
2671 2865 2726 2917 in
2751 2874 3088 2932 perpetuum.

1943 2954 2087 3008 Nulli
2118 2951 2370 3008 ﬁdeiiunf
2386 2954 2533 3006 venit
2574 2954 2628 3006 in
2677 2953 2902 3006 dubium
2934 2952 3066 3018 quin
3119 2951 3273 3003 sedes
3307 2965 3444 3017 apo-

1874 3044 2086 3106 stolica,
2117 3057 2182 3096 eo
2217 3041 2362 3110 quod
2392 3041 2644 3110 princeps
2685 3049 2737 3094 et
2768 3049 2938 3093 mater
2969 3037 3214 3092 omnium
3255 3037 3444 3091 Eccle-

201 3143 443 3214 ερίειοια
470 3145 712 3226 σζεςονξξ
743 3143 851 3196 vn
883 3144 954 3225 ριι
987 3142 1240 3226 saucium
1273 3163 1436 3226 regem
1466 3146 1769 3217 A,-ago,m,-
1795 3171 1836 3225 Β
1874 3132 2100 3197 siarnm,
2143 3131 2396 3184 omnibus
2441 3130 2543 3184 hoc
2586 3130 2709 3199 jure
2759 3139 2812 3184 ct
2866 3130 3043 3184 debita
3082 3127 3447 3182 sollicitudine

261 3217 400 3268 sium
423 3225 475 3268 et
498 3213 1004 3286 Pa'mpilottensiuttt.
1031 3245 1103 3254 —
1123 3213 1424 3284 Gregorius,
1453 3213 1623 3270 recens
1645 3235 1768 3286 pon-

265 3286 395 3353 tifex
425 3282 657 3346 creatus,
687 3283 758 3336 ad
790 3282 1081 3351 exemplum
1109 3282 1504 3352 praedecessoris
1535 3289 1617 3338 sui
1646 3282 1768 3339 dle-

262 3353 461 3406 xaudri
491 3353 726 3415 secundi,
767 3353 817 3422 ei
848 3354 1330 3422 successoribusquc
1368 3355 1482 3421 ejus
1509 3357 1765 3422 permittit

263 3422 486 3492 liberam
534 3421 929 3492 dispositionem
951 3421 1210 3492 euntium
1246 3421 1597 3492 ecclesiarum
1633 3441 1767 3492 quas

263 3491 374 3559 ipse
403 3487 484 3542 vel
512 3487 832 3559 successores
863 3489 1027 3556 ipsius
1063 3487 1281 3558 eripient
1305 3491 1369 3542 de
1399 3487 1765 3545 manilius'Sa-

264 3558 598 3628 facetiarum,
635 3558 712 3611 vel
734 3575 866 3626 quas
896 3559 997 3626 ipsi
1021 3559 1075 3612 in
1103 3575 1255 3628 regna
1285 3576 1379 3612 suo
1408 3562 1764 3628 wdiﬁcabunt,

268 3630 468 3698 facibus
515 3627 789 3698 duntaxat
818 3627 1200 3698 episcopalibus
1248 3631 1494 3698 exceptis.
1514 3627 1611 3698 ί-
1658 3631 1764 3684 De-

264 3695 522 3766 scriptam
544 3713 610 3750 ex
645 3695 855 3748 archiva
893 3698 1033 3765 regio
1063 3695 1442 3750 Barcinoneitsi
1472 3697 1612 3762 ultro
1639 3702 1767 3755 mihi

264 3768 532 3836 libensque
559 3767 881 3836 promiserat
901 3767 1270 3836 rigentique)»
1299 3768 1432 3820 satis
1462 3768 1591 3819 mihi
1627 3785 1768 3822 com-

266 3834 596 3891 mcnddndus
627 3835 818 3888 Petrus
849 3835 912 3888 de
943 3834 1140 3889 Marco:
1164 3835 1558 3889 illustrissimus
1589 3838 1766 3890 archi-

263 3909 534 3975 episcopus
580 3904 869 3975 Tolostmus
897 3913 948 3975 et
989 3903 1326 3975 Parisiensis.
1379 3904 1504 3959 Vide
1532 3907 1766 3974 publicas

264 3973 622 4043 solemnesque
649 3974 949 4044 donationis
971 3973 1367 4044 illiustabulas,
1391 3992 1443 4044 p.
1471 3976 1574 4030 579
1603 3977 1768 4030 histo-

267 4045 390 4096 ricw
411 4041 692 4110 synopscos
729 4041 1085 4094 Contiliorum
1118 4042 1310 4097 Μανιδῂ

787 4131 967 4198 (Anno
1009 4130 1190 4200 1073.)

583 4219 812 4291 [Msssn
844 4219 1047 4274 Concil.
1079 4219 1198 4287 XX,
1231 4221 1418 4295 622.]‘

942 4309 1030 4364 ιν.

204 4399 258 4454 S.
286 4401 524 4472 Gregorii
577 4401 820 4472 epistolg.
880 4401 962 4453 Ad
990 4400 1234 4472 Ottonem
1279 4404 1576 4471 episcopum
1631 4403 1767 4458 Con-

263 4473 626 4526 stantiensem.
647 4501 719 4511 —
749 4471 827 4524 De
849 4472 1104 4539 episcopis
1127 4471 1464 4526 Simonideis.

651 4621 660 4628 _
786 4561 966 4629 (Anno
1003 4559 1184 4630 1074.)

456 4636 933 4721 [ωηιπεεεειι.
958 4649 1086 4703 edit.
1112 4649 1242 4705 Luc.
1268 4649 1332 4715 ιι,
1355 4650 1506 4721 252.]

159 4811 169 4820 η
270 4739 578 4796 Caesonius
598 4739 905 4808 episcOpus,
928 4753 1120 4793 servus
1141 4755 1420 4793 servorum
1444 4739 1558 4807 Dei,
1573 4742 1767 4798 dilecto

205 4829 256 4884 in
278 4829 499 4885 Christo
522 4827 675 4882 fratri
703 4826 913 4880 Orrost
949 4825 1351 4883 Constantiensi
1373 4830 1629 4902 episcopo
1676 4849 1766 4889 sa-

205 4919 363 4980 lutem
381 4929 438 4974 et
475 4917 833 4991 apostolicam
856 4908 1306 4980 benedictionem.
1487 4938 1492 4947 ν
1569 4970 1572 4973 .

265 5009 527 5066 instantia
572 5009 884 5062 nuntiorum
930 5015 1148 5061 tuorum
1220 5006 1539 5066 festinanter
1592 5015 1769 5069 redire

204 5099 495 5155 volentium
520 5113 630 5158 non
658 5097 900 5168 permisit
936 5113 1038 5154 nos
1081 5097 1403 5154 fraternitati
1429 5110 1535 5156 tua:
1555 5118 1676 5172 quae
1715 5106 1766 5158 in

208 5182 443 5243 Romana
489 5189 697 5260 synodo
727 5190 1020 5244 constituta
1061 5198 1190 5244 sunt
1213 5191 1449 5246 seriatim
1495 5193 1764 5248 intimare.

208 5271 325 5331 litae
343 5284 528 5330 tamen
574 5279 884 5334 necessario
930 5279 1027 5333 tibi
1055 5280 1342 5335 scribendo
1360 5281 1486 5336 .fore
1524 5283 1768 5336 arbitrati

211 5378 410 5432 sumus,
443 5380 548 5420 nos
589 5366 746 5434 juxta
786 5369 1162 5424 auctoritatem
1201 5378 1512 5423 sanctorum
1543 5370 1763 5427 Patrum

211 5451 262 5504 in
286 5456 470 5511 eadem
501 5455 711 5526 synodo
756 5459 1080 5512 sententiam
1116 5458 1328 5513 dedisse
1384 5468 1442 5512 ut
1470 5460 1525 5512 bi
1550 5461 1643 5530 qui
1674 5479 1767 5531 per

211 5537 569 5602 Simoniacam
595 5545 864 5612 haeresim,
897 5546 1000 5600 hoc
1028 5557 1130 5612 est,
1163 5548 1463 5602 interventu
1494 5553 1671 5619 pretii,
1698 5555 1765 5608 ad

213 5630 434 5701 aliquem
479 5651 767 5692 sacrorum
818 5635 1070 5691 ordinum
1121 5637 1348 5705 gradum
1405 5641 1488 5695 vel
1530 5642 1763 5697 cilicium

216 5725 434 5785 promoti
483 5736 632 5794 sunt,
681 5730 887 5784 nullam
931 5728 985 5783 in
1035 5737 1219 5784 sancta
1267 5729 1503 5790 Ecclesia
1544 5734 1767 5794 ulterius

1870 3221 2125 3276 Ecelcsiis
2175 3233 2402 3288 praeesse
2449 3217 2660 3282 debeat,
2691 3231 2746 3275 ut
2780 3233 2888 3287 non
2914 3219 3090 3271 solum
3125 3232 3219 3272 eas
3253 3217 3446 3271 catino--

1871 3313 1987 3370 lica:
2017 3309 2291 3380 religionis
2315 3309 2521 3362 unitate
2549 3309 2868 3372 concludat,
2904 3310 2998 3380 sed
3027 3307 3349 3378 generaliter
3378 3307 3447 3360 ab

1871 3402 1955 3454 his
1979 3415 2100 3469 qua:
2143 3397 2483 3450 extrinsecus
2538 3406 2949 3464 promoventur,
2983 3413 3081 3452 sua
3123 3396 3447 3475 auctoritate

1868 3490 2037 3543 salvet
2063 3495 2117 3541 et
2137 3487 2373 3546 muniat.
2402 3484 2547 3539 inter
2575 3501 2714 3554 quas
2744 3496 2928 3559 tamen
2961 3485 3268 3555 complures
3295 3486 3447 3540 inve-

1868 3564 2120 3641 niuntur,
2153 3591 2272 3645 qure
2297 3574 2516 3644 speciali
2546 3591 2609 3630 ac
2639 3577 2856 3644 propria
2883 3576 3353 3632 commendatione
3392 3579 3446 3632 in

1869 3669 2090 3721 tutelam
2117 3667 2356 3736 ejusdem
2409 3665 2552 3720 sedis
2583 3667 2897 3735 apostolicae
2954 3683 3012 3721 se
3073 3666 3443 3731 contulerun‘t,

1867 3768 1928 3812 ut
1957 3757 2174 3825 speciali
2217 3755 2476 3809 eharitate
2504 3763 2557 3808 et
2580 3755 2761 3808 studio
2799 3769 2913 3818 sua:
2951 3756 3142 3808 matris
3169 3757 3447 3824 amplectze

1869 3847 2174 3901 securiores
2227 3854 2276 3898 et
2308 3843 2586 3898 liberiores
2624 3843 2692 3896 ab
2721 3844 2871 3896 omni
2917 3843 3262 3900 infestatione
3313 3861 3446 3903 con-

1869 3937 2138 3990 sisterent.

1912 4025 2109 4092 Quas,
2168 4039 2226 4078 ut
2255 4024 2476 4093 dignum
2521 4034 2658 4088 erat,
2706 4025 2778 4078 ita
2813 4025 2865 4078 in
2918 4042 3019 4079 suo
3045 4027 3164 4082 sinu
3199 4028 3442 4087 Romana

1871 4107 2107 4184 suscepit
2152 4114 2412 4179 Ecclesia,
2451 4124 2708 4183 tantaque
2769 4117 3003 4183 protexit
3051 4119 3291 4186 undique
3319 4121 3436 4174 (ἰίΙί-

1829 4240 1841 4248 -
1870 4208 2068 4276 gentia,
2093 4215 2148 4259 ut
2179 4206 2432 4260 omnibus
2459 4214 2775 4258 ornamenta
2830 4215 3128 4273 praestaret,
3166 4210 3444 4266 nonnullis

1870 4311 2086 4364 quoque
2115 4296 2341 4365 gratiam
2373 4293 2642 4347 conferret
2669 4295 3126 4363 ampliﬁcationis.
3161 4297 3332 4368 Cujus
3362 4301 3443 4356 rei

1869 4387 2100 4455 plurima
2132 4386 2288 4440 nobis
2317 4383 2560 4453 exempla
2592 4385 2920 4440 sanctissimi
2941 4387 3041 4440 viri
3083 4404 3443 4459 praecessores

1805 4483 1848 4535 D
1875 4478 2045 4530 nostri
2070 4477 2424 4546 reliquerunt,
2452 4476 2542 4544 qui
2575 4486 2700 4530 ante
2752 4493 2852 4531 nos
2905 4479 2959 4532 in
2990 4495 3075 4544 ea,
3108 4496 3270 4548 quam
3301 4483 3442 4537 ditio

1873 4583 2014 4632 mus,
2038 4569 2332 4636 apostolica
2355 4568 2480 4622 sede
2503 4567 2768 4638 fulgentes
2809 4583 2907 4637 pro
2938 4570 3142 4624 honore
3173 4570 3442 4627 Ecclesia-

1791 4656 1797 4662 ’
1870 4674 1992 4711 rum
2026 4657 2117 4712 Dei
2146 4668 2200 4712 et
2226 4673 2412 4712 earum
2443 4657 2766 4711 exaltatione
2798 4659 2968 4728 magis
2998 4676 3161 4727 quam
3203 4676 3302 4728 pro
3330 4663 3440 4718 vita

1870 4761 1962 4804 aut
1992 4751 2164 4804 salute
2186 4765 2284 4804 sua
2313 4748 2531 4804 solliciti
2568 4747 2801 4801 fuerunt.
2834 4747 3093 4802 Novimus
3135 4749 3279 4803 enim
3318 4767 3446 4810 mea

1869 4841 2106 4894 nasteria
2135 4840 2367 4908 plurima
2413 4846 2467 4890 et
2495 4845 2687 4889 caetera
2716 4835 2857 4889 bona
2884 4837 3248 4893 ecclesiastica
3267 4883 3279 4906 ,
3319 4858 3441 4912 qua:

1869 4930 2188 4999 areiigiosis
2240 4927 2371 4980 viris
2427 4925 2494 4978 ad
2534 4926 2896 4994 patrocinium
2950 4937 3004 4981 et
3064 4929 3437 4988 defensionem

1869 5019 2176 5088 apostolicae
2199 5017 2341 5070 sedis
2372 5027 2499 5069 sunt
2539 5017 2735 5093 delata,
2768 5033 2890 5071 cum
2924 5034 3138 5074 summa
3175 5024 3439 5077 eharitate

1871 5111 1938 5162 ab
1975 5108 2081 5162 illis
2129 5116 2398 5176 suscepta,
2429 5115 2482 5159 et
2510 5107 2789 5177 privilegio
2815 5107 3128 5178 apostolica:
3163 5111 3438 5166 defensio-

1867 5198 1954 5252 nis
1978 5198 2135 5266 quasi
2160 5211 2318 5250 muro
2342 5196 2551 5251 munita
2583 5187 2914 5252 firmissimo.
2945 5199 3000 5252 in
3031 5209 3136 5266 Qua
3183 5215 3239 5252 re
3268 5217 3434 5270 quam

1867 5289 1972 5356 pie,
2004 5303 2168 5357 quam
2191 5297 2377 5341 sancte
2407 5287 2650 5352 fecerint,
2673 5298 2725 5341 et
2748 5289 2962 5342 illorum
3000 5288 3157 5342 nobis
3197 5294 3436 5347 ostendit

1867 5379 2056 5447 gloria,
2088 5389 2141 5433 et
2171 5380 2341 5449 ipsius
2369 5379 2446 5430 rei
2473 5387 2582 5430 tam
2622 5377 2895 5431 fructuosa
2917 5380 3108 5447 gratia.
3141 5379 3276 5436 Nam
3307 5400 3431 5438 cum

1866 5472 2101 5522 oratoria
2126 5471 2178 5522 in
2208 5484 2340 5536 pace
2361 5476 2414 5519 et
2444 5467 2830 5534 tranquillitate
2850 5471 3172 5534 consistunt,
3190 5481 3242 5525 et
3261 5475 3431 5527 eccle-

1867 5559 2085 5612 siastica
2132 5555 2393 5610 beneficia
2439 5571 2704 5624 pauperes
2748 5557 2950 5613 Christi
2999 5561 3266 5624 nutriunt,
3310 5561 3429 5614 laus

1869 5646 1976 5701 Deo
2000 5647 2160 5716 digna
2190 5646 2544 5714 depromitur,
2568 5657 2622 5700 et
2671 5650 2907 5702 remedia
2933 5658 3272 5717 peccatorum
3316 5658 3428 5701 tam

1866 5738 1999 5793 vivis
2025 5752 2187 5808 quam
2217 5737 2379 5793 etiam
2405 5737 2673 5794 defunctis
2723 5737 2810 5808 pie
2836 5739 3244 5810 impenduntur.
3275 5737 3430 5796 Unde
