3952 6376
167 499 276 553 649

1069 499 1424 555 ΕΡΙΞΤΟΙΑΕ
1462 499 1695 555 EXTliA
1736 502 2133 559 REGISTRUl
2179 506 2558 564 VAGANTI‘LS.

3323 520 3427 576 670

165 609 363 666 datum
389 606 449 664 in
487 605 658 665 fundo
681 608 950 664 Petriculo
973 626 1094 664 cum
1141 621 1320 680 portu,
1355 621 1408 664 et
1437 612 1668 676 teloneo,
1702 621 1757 666 et
1785 616 1828 670 A
1855 625 2096 680 vocatur,
2127 627 2182 671 et
2205 627 2542 690 strata,-qu:e
2582 621 2866 692 lingat-ista
2916 624 3115 686 dicitur
3161 643 3324 703 atque
3358 638 3423 689 ad

164 686 426 769 ripatico,
444 716 572 756 cum
585 699 736 761 silvis
757 708 810 753 et
831 701 1226 764 venationibus,
1244 717 1366 755 cum
1394 702 1679 770 paludibus
1699 711 1752 755 et

164 806 298 843 cum
330 789 606 852 omnibus,
635 805 755 858 qua
780 791 846 843 ad
882 799 1109 854 curtem,
1142 807 1264 858 qua:
1308 800 1535 844 vocatur
1587 790 1752 844 Petri-

163 880 319 943 culo,
342 888 396 933 et
414 880 481 933 ad
514 878 796 948 praefatum
824 881 1212 933 monasterium
1245 881 1514 948 pertinere
1559 881 1748 935 viden-

164 977 262 1022 tur
289 989 302 1021 :
338 985 438 1024 nec
467 978 651 1023 non‘ct
684 979 911 1032 curtem,
944 985 1065 1038 qua
1097 979 1320 1024 vocatur
1351 970 1554 1024 Cellula
1594 972 1748 1039 juxta

161 1060 398 1125 ﬂumen,
422 1059 568 1129 quod
596 1067 821 1113 vocatur
860 1058 1087 1123 Savcna,
1121 1076 1244 1135 cum
1275 1061 1504 1125 olivetis,
1551 1063 1745 1128 vineis,

163 1151 404 1218 campis,
453 1150 624 1214 silvis,
681 1148 918 1213 famulis,
975 1150 1211 1214 colonis,
1240 1160 1293 1204 et
1343 1167 1465 1204 cum
1493 1153 1747 1208 omnibus

161 1241 273 1294 sibi
309 1241 720 1310 pertinentibus,
747 1248 799 1294 et
833 1239 1014 1308 ibique
1051 1255 1156 1293 non
1187 1241 1343 1325 longe
1374 1240 1597 1295 fumium
1646 1242 1747 1298 Vc—

161 1330 336 1384 netia
360 1332 649 1402 integrum,
679 1330 826 1399 quod
870 1330 1141 1384 sociorum
1187 1340 1430 1395 vocatur,
1471 1333 1744 1400 pertinen-

159 1427 278 1473 tem
313 1421 378 1474 ad
437 1421 607 1489 ipsam
649 1429 876 1490 curtem,
909 1430 1069 1489 atque
1116 1430 1323 1474 curtem
1372 1421 1424 1473 in
1470 1420 1741 1492 Panigale,

160 1527 294 1578 qua
319 1512 557 1565 continet
609 1511 661 1562 in
683 1526 742 1563 se
769 1519 879 1564 tres
927 1509 1122 1564 fluuios
1151 1521 1441 1577 terrarum,
1477 1521 1531 1565 et
1558 1514 1742 1567 vinea-

161 1616 317 1663 rum,
345 1616 466 1668 qua
492 1601 594 1654 hoc
625 1601 840 1654 nomine
874 1611 1138 1655 vocantur
1163 1604 1496 1668 Candidatis,
1526 1603 1741 1659 Pulosia

157 1699 217 1742 et
239 1689 552 1753 Grisintilli,
589 1697 643 1744 et
666 1691 1054 1744 monasterium
1085 1691 1141 1745 S.
1181 1692 1431 1761 Prosperi
1467 1695 1629 1749 situm
1685 1695 1739 1750 in

157 1781 480 1848 supradicto
523 1781 664 1844 loco,
709 1780 801 1849 qui
851 1789 1073 1834 vocatur
1097 1782 1372 1853 Panigale,
1413 1792 1468 1838 et
1508 1794 1736 1854 curtem,

156 1886 290 1937 qua
315 1871 510 1923 dicitur
549 1869 722 1924 Cumo
771 1886 894 1924 cum
936 1872 1189 1927 omnibus
1218 1873 1334 1927 suis
1369 1876 1734 1944 pertinentiis;

155 1967 214 2011 et
259 1961 650 2013 monasterium
698 1959 754 2013 S.
818 1960 1034 2015 Martini
1077 1963 1130 2015 in
1171 1964 1304 2032 Pojo
1327 1981 1449 2019 cum
1488 1978 1659 2031 curte,
1687 1979 1739 2022 ct
1773 1953 1814 2005 Β
1842 1978 2122 2050 Gregorius
2167 2002 2340 2039 omnes
2388 1991 2599 2043 abbalps

155 2048 420 2102 omnibus
448 2049 551 2104 sibi
575 2051 965 2118 pertinentibus
991 2068 1004 2116 ;
1044 2061 1098 2105 et
1131 2056 1518 2109 monasterium
1547 2057 1603 2110 S.
1637 2058 1736 2112 Pe-

154 2137 225 2188 tri
267 2138 322 2189 in
344 2135 622 2206 Strata;et
645 2141 1031 2194 monasterium
1059 2141 1114 2196 S.
1130 2142 1310 2198 Maria
1332 2145 1383 2198 in
1410 2145 1588 2200 Strata
1610 2164 1732 2202 cum

153 2226 415 2280 omnibus
444 2228 559 2284 suis
581 2230 956 2297 pertinentiis;
984 2241 1037 2285 et
1069 2235 1456 2288 monasterium
1501 2235 1556 2290 S.
1590 2237 1732 2291 Petri

152 2330 287 2369 cum
317 2325 490 2385 curte,
550 2334 672 2390 qua
729 2331 957 2375 vocatur
1005 2322 1333 2392 Nurisatico,
1385 2336 1439 2380 et
1479 2329 1733 2382 omnibus

152 2406 274 2460 suis
304 2408 497 2477 rebus;
519 2417 574 2464 et
604 2413 991 2466 monasterium
1027 2414 1082 2468 S.
1108 2415 1322 2470 Martini
1349 2419 1402 2470 in
1426 2418 1731 2474 Casalicbio

151 2513 283 2554 enim
311 2499 564 2554 omnibus
587 2501 700 2556 suis
731 2503 1087 2570 pertinentiis.
1116 2506 1290 2574 Atque
1322 2507 1590 2563 donamus
1620 2509 1730 2564 fra-

149 2589 396 2640 ternitati
423 2596 529 2642 tua
556 2597 763 2658 portam
800 2591 854 2644 in
878 2593 1092 2647 civitate
1117 2593 1390 2662 Bononia,
1423 2615 1544 2667 qua
1577 2615 1726 2654 eom-

148 2677 308 2728 muni
337 2679 560 2732 nomine
589 2680 784 2734 dicitur
821 2679 875 2757 S.
907 2682 1075 2750 Petri,
1104 2695 1155 2739 et
1203 2697 1430 2742 stratam
1476 2706 1597 2760 qua
1628 2709 1726 2745 no-

146 2766 396 2821 minatur
425 2768 631 2824 Salaria
659 2787 782 2825 cum
817 2774 1056 2840 stratico,
1085 2784 1139 2829 et
1169 2793 1290 2830 cum
1314 2780 1459 2833 omni
1492 2783 1720 2849 redditu,

145 2871 318 2924 quem
347 2859 650 2929 antiquitus
669 2863 976 2930 persolvere
1001 2867 1177 2921 solent
1203 2868 1304 2937 ipsi
1337 2871 1606 2938 homines,
1628 2877 1720 2943 qui

144 2961 249 3014 per
272 2949 687 3017 pranOminatas
722 2961 920 3008 stratas
943 2955 1040 3022 ire,
1069 2957 1150 3012 vel
1179 2961 1353 3015 redire
1393 2963 1536 3017 soliti
1572 2976 1716 3019 sunt.

141 3034 574 3096 Commonemus
593 3058 806 3113 quoque
831 3055 909 3113 ut,
938 3048 1139 3103 statuto
1163 3057 1421 3119 tempore,
1438 3054 1718 3121 praefatum

141 3128 420 3183 redditum
456 3131 660 3202 absque
692 3136 1013 3207 negligentia
1045 3141 1347 3208 persolvere
1394 3143 1643 3200 studeant
1666 3156 1717 3202 et

139 3221 540 3276 monasterium
563 3222 620 3278 S.
645 3224 847 3293 Maria,
871 3240 992 3298 qua
1024 3231 1336 3290 nominatur
1369 3233 1556 3302 Major,
1591 3252 1715 3293 cum

136 3310 405 3365 omnibus
432 3313 547 3366 suis
572 3317 931 3385 pertinentiis,
977 3337 1098 3372 cum
1123 3336 1246 3375 casa
1295 3325 1546 3380 salariata
1574 3329 1712 3385 infra

133 3399 418 3453 civitatem
441 3400 714 3470 Bononia,
754 3423 875 3477 qua
900 3418 984 3463 est
1009 3410 1152 3478 juris
1177 3413 1347 3480 ipsius
1377 3423 1712 3488 monasterii,

131 3502 190 3545 et
218 3496 612 3550 monasterium
643 3497 699 3552 S.
735 3499 1054 3556 Columbani
1089 3503 1416 3563 confessoris
1451 3527 1573 3565 cum
1594 3528 1712 3568 om-

131 3583 311 3636 nibus
361 3585 472 3641 suis
522 3588 712 3656 rebus;
741 3600 796 3645 ct
837 3595 1224 3650 monasterium
1279 3597 1376 3652 SS.
1412 3613 1708 3675 martyrum

91 3654 96 3661 ’
130 3674 388 3729 Gervasii
439 3687 494 3731 et
549 3677 781 3735 Protasii
817 3699 939 3738 cum
979 3687 1231 3742 omnibus
1283 3691 1398 3748 suis
1436 3695 1628 3762 rebus;
1657 3709 1710 3754 et

132 3768 537 3822 monasterium
587 3770 643 3824 S.
695 3771 916 3828 Thema
959 3779 1187 3845 apostoli
1233 3780 1396 3835 situm
1427 3795 1551 3839 ante
1583 3803 1709 3856 por-

134 3867 252 3911 tam
283 3858 342 3912 S.
368 3858 508 3914 Petri
536 3878 660 3916 cum
700 3867 1098 3934 omnibussuis
1120 3871 1312 3939 rebus;
1338 3883 1390 3928 et
1435 3891 1708 3935 monaste-

133 3948 285 4001 rium
344 3948 667 4007 S.'Joannis
717 3959 1058 4030 evangelista
1099 3960 1381 4033 fundatum
1416 3969 1469 4022 in
1501 3981 1704 4040 monte,

129 4037 234 4105 qui
259 4047 486 4092 vocatur
508 4039 721 4109 Oliveti,
753 4047 877 4101 cum
916 4051 1171 4106 omnibds
1196 4052 1309 4109 suis
1342 4037 1700 4124 pertinentiis.

134 4125 402 4182 Similiter
453 4134 799 4191 concedimus
845 4144 1232 4215 monasterium
1288 4145 1344 4200 S.
1411 4150 1700 4220 Stephani,

130 4219 285 4288 quod
307 4230 532 4275 vocatur
552 4223 905 4295 Hierusalem,
936 4241 990 4285 et
1008 4235 1150 4301 quod
1174 4235 1234 4288 D.
1261 4235 1544 4297 Petronius
1574 4219 1702 4299 adi?

132 4309 321 4364 ficavit
344 4313 408 4366 ad
446 4329 606 4368 usum
655 4317 897 4386 ejusdem
943 4324 1183 4379 ecclesia
1216 4335 1420 4384 etcum
1463 4344 1700 4393 mercato

134 4398 193 4453 S.
235 4399 460 4458 Joannis
493 4404 742 4474 Baptista
777 4411 957 4480 ibique
992 4422 1226 4472 tenente.
1271 4419 1377 4475 Seu
1409 4425 1700 4482 conﬁrma-

132 4506 284 4557 mus,
308 4503 469 4562 atque
498 4496 802 4555 stabilimus
839 4513 1046 4560 curtem
1095 4523 1217 4576 qua
1259 4514 1570 4571 nominatur
1593 4518 1696 4574 Mi-

132 4579 302 4646 lonis,
324 4600 445 4637 cum
477 4597 659 4655 portu,
696 4599 750 4643 et
780 4592 1026 4660 ripatico,
1056 4606 1110 4650 et
1147 4599 1380 4667 teloneo,
1410 4614 1463 4657 et
1491 4622 1699 4662 merea-

114 4676 212 4729 -to,
241 4676 298 4720 et
327 4671 497 4738 silvis,
529 4683 586 4728 et
611 4680 1010 4748 venationibus,
1057 4694 1109 4738 et
1135 4702 1258 4741 cum
1309 4683 1614 4761 paludibus,
1643 4707 1698 4751 et

129 4752 640 4824 piscationibﬂsiet
658 4769 783 4820 Cum
816 4771 1078 4838 servis,ct
1109 4776 1338 4842 ancillis,
1363 4789 1551 4834 etcum
1577 4799 1698 4837 om-

131 4844 302 4899 nibus
356 4847 422 4900 ad
466 4849 984 4925 sca-pertinentibus.
1053 4861 1310 4921 Similiter
1350 4871 1696 4929 concedimus

129 4945 334 4991 cuncta
360 4939 578 5007 praedia,
607 4947 1053 5010 etpossessiones
1083 4960 1408 5012 monasteria
1429 4959 1694 5030 videlicet,

129 5036 185 5079 ct
217 5025 424 5096 plebes,
452 5037 507 5098 et
531 5030 793 5086 ecclesias
824 5033 1191 5106 baptismales,
1245 5050 1484 5117 castella,
1519 5025 1704 5121 villas,

129 5116 379 5181 abbates,
408 5119 728 5184 monachos,
763 5123 1126 5195 presbyteros,
1152 5129 1429 5203 diaconos,
1446 5116 1691 5214 clericos,

129 5203 401 5258 litteratos
449 5216 504 5261 et
529 5208 856 5278 illitteratos,
901 5229 1086 5270 servos
1118 5228 1171 5295 et
1195 5224 1418 5281 ancillas
1453 5230 1566 5298 Dei,
1617 5203 1696 5290 at:

127 5317 240 5370 que
277 5307 638 5373 diaconissas,
666 5308 900 5366 famulos
931 5315 1218 5386 utriusque
1262 5336 1444 5381 sexus.
1488 5340 1542 5381 et
1594 5332 1691 5386 ho—

127 5400 312 5453 mines
345 5413 536 5457 omnes
566 5420 727 5474 super
765 5417 962 5465 terram
1019 5415 1286 5482 pradicta
1311 5419 1563 5481 Ecclesia
1587 5428 1690 5484 Bo-

127 5512 415 5554 nomensns
443 5500 760 5572 residentes,
804 5517 865 5562 ut
894 5511 946 5563 in
979 5520 1069 5566 tua
1110 5528 1434 5588 tuorumque
1467 5540 1686 5584 succes-

125 5613 319 5652 sorum
341 5598 449 5651 sint
491 5607 776 5668 potestate,
800 5615 854 5662 et
883 5609 1197 5668 defensione
1234 5614 1373 5674 infra
1404 5626 1686 5698 terminos,
1742 5603 1749 5610 Ι

123 5707 179 5752 et
209 5697 446 5752 conﬁnia
473 5698 818 5768 episcOpatus
839 5705 1221 5778 Bononiensis,
1249 5716 1390 5772 sicut
1429 5737 1552 5779 esca
1584 5697 1685 5784 tiu?

124 5800 299 5862 mine,
333 5797 474 5866 quod
496 5795 695 5850 dicitur
715 5798 974 5870 Gaibana,
1006 5818 1059 5862 et
1089 5813 1238 5871 rivus
1253 5819 1346 5886 qui
1374 5819 1686 5886 Sablosolus

486 5888 756 5947 PATBOL.
803 5891 1041 5955 CXLVI
1051 5901 1103 5957 ll
1113 5946 1126 5960 .

1855 703 2204 773 Stalogalam,
2231 717 2282 760 et
2314 709 2487 772 locus,
2529 711 2621 780 qui
2669 724 2891 769 vocatur
2913 718 3098 785 Culee,
3125 731 3177 776 et
3205 724 3423 792 fluvius,

1851 794 1942 862 qui
1968 794 2166 872 dicitur
2202 791 2330 862 Leo,
2363 808 2417 851 et
2443 800 2601 865 alius,
2627 804 2718 872 qui
2764 815 2990 862 vocatur
3023 811 3221 866 .‘lazza.
3255 791 3422 870 Sinti?

1849 882 1970 937 liter
1997 866 2345 941 concedimus
2383 891 2617 958 praefata
2648 893 2901 950 Ecclesia!
2933 911 3162 969 curtem,
3197 922 3316 974 qua-
3341 908 3424 960 di-

1847 974 1988 1027 citur
2033 974 2450 1031 Maxamaticnm
2490 996 2612 1034 cum
2647 984 2827 1049 rebus,
2862 996 2914 1040 ct
2958 993 3418 1060 possessionibus,

1845 1063 2165 1133 cunctisque
2194 1052 2551 1134 pertinentiis.
2601 1071 2723 1126 lla‘c.
2758 1077 2960 1142 omnia,
3009 1075 3130 1149 qua
3167 1087 3418 1153 superius

1845 1152 2116 1220 leguntur,
2147 1173 2278 1224 qua?
2295 1159 2512 1226 praefata
2542 1161 2779 1216 Ecclesia
2807 1183 2950 1222 nunc
2969 1169 3114 1238 juste
3141 1152 3302 1238 tenet,
3337 1174 3414 1229 vel

1843 1240 2096 1312 deinceps
2145 1247 2480 1315 acquisitura
2528 1260 2638 1316 est,
2701 1263 2811 1308 tam
2861 1257 2952 1311 tibi
2991 1276 3154 1328 quam
3203 1267 3415 1318 eunetis

1843 1330 1935 1397 qui
1961 1331 2014 1383 in
2039 1347 2122 1394 eo,
2148 1350 2258 1402 quo
2275 1351 2334 1389 es
2362 1339 2571 1404 ordine,
2617 1342 2735 1395 loco
2781 1351 3158 1417 successerint,
3199 1355 3276 1405 vel
3312 1357 3410 1413 eis.

1842 1434 2076 1486 quorum
2107 1423 2368 1479 interesse
2392 1431 2647 1496 potuerit,
2670 1433 2720 1486 in
2745 1447 3061 1505 perjwtnum
3091 1447 3412 1498 reservanda

1841 1509 2202 1566 decernimus.

1912 1598 2105 1655 Datum
2135 1620 2165 1656 χ
2197 1603 2310 1657 Kal.
2353 1606 2551 1676 Aprilis
2596 1627 2691 1679 per
2737 1630 2958 1678 manum
2997 1619 3050 1673 S.
3089 1621 3150 1676 li.
3181 1624 3238 1676 l-I.
3288 1641 3409 1693 pre-

1838 1688 2046 1758 sbyteri
2079 1694 2286 1747 eardin.
2309 1710 2370 1749 ac
2401 1699 2812 1768 bibliothecarii,
2846 1723 2934 1760 an.
2986 1712 3161 1777 primo
3194 1717 3410 1781 pontili-

1839 1786 1993 1832 catus
2021 1778 2080 1832 D.
2109 1780 2353 1851 Gregorii
2373 1784 2458 1837 Vll
2485 1803 2654 1857 papa,
2683 1807 2826 1845 anno
2865 1795 3014 1860 1075,
3040 1798 3224 1854 indict.
3263 1819 3330 1854 χι.

2565 1895 2674 1956 \‘tl.

2663 2003 2712 2072 et
2768 1999 3014 2072 pra’lalos
3058 2020 3151 2072 per
3202 2006 3408 2062 Callias

1908 2054 2216 2143 senatuinos
2241 2056 2486 2111 hortatur
2506 2072 2577 2142 ut.
2595 2054 2928 2143 ecclesiarum
2945 2071 3010 2143 II.
3037 2054 3192 2126 Iselro
3209 2079 3408 2143 slipen-

1905 2120 2200 2200 diqrinmm
2228 2141 2409 2180 census
2431 2132 2686 2209 pensitent
2706 2134 2911 2201 Ilugoni
2933 2142 3172 2211 episcopo
3206 2120 3404 2214 Iliensi,

1903 2204 1986 2239 ειη
2013 2205 2145 2242 ιιιιίτδ
2165 2208 2290 2244 suus
2315 2204 2620 2250 commissas
2645 2206 2873 2257 nuntiat.

2393 2285 2572 2351 (Anno
2606 2289 2782 2360 1074.)

1829 2365 2048 2436 [Claram
2086 2372 2324 2444 [lagonis
2359 2377 2594 2445 Plurim,
2629 2401 2713 2504 ap.
2736 2385 2934 2442 PERTZ.
2962 2391 3198 2449 Manum.
3224 2391 3420 2454 Cerm.‘

2248 2446 2397 2504 Ιείεῑ..
2429 2448 2626 2504 δρι·ἰι›1.
2709 2454 2793 2504 111-
2825 2458 2977 2504 41ὶῖ

2248 2446 2397 2511 Ιείει.,
2429 2448 2626 2520 Script.
2662 2446 2793 2522 Vill,
2825 2458 2977 2530 Mi]

1897 2527 2201 2584 Caesonius
2224 2535 2529 2604 episc0pus,
2565 2555 2754 2596 servus
2779 2559 3058 2603 servorum
3087 2551 3399 2617 Dei,omni-

1826 2619 1927 2673 bus
1951 2622 2236 2677 abbatibus
2267 2637 2318 2680 et
2342 2630 2578 2695 pralatis
2603 2642 2711 2686 tam
2736 2640 3128 2694 monachorum
3154 2649 3317 2713 quam
3344 2657 3399 2702 et

1824 2710 2209 2765 canonicorum
2268 2731 2361 2784 per
2409 2717 2610 2774 Callias
2664 2726 2995 2794 constitutis,
3050 2733 3281 2789 salutem
3343 2745 3398 2793 et

1823 2800 2172 2867 apostolicam
2206 2803 2654 2865 benedictionem.
2893 2802 2896 2803 ν
3092 2864 3094 2866 .

1891 2888 2298 2946 Frateruitatem
2335 2906 2592 2964 vestram,
2623 2901 2959 2959 dilectissimi
2989 2898 3206 2977 fratres,
3230 2913 3395 2968 latere

1819 2977 2043 3031 minime
2084 2983 2359 3038 credimus
2402 2990 2663 3054 quasdam
2694 2993 3047 3050 ceclesrarum
3083 3010 3390 3056 vestrarum

1817 3066 1975 3121 beato
2014 3060 2172 3126 Petro
2215 3081 2266 3127 et
2291 3075 2446 3129 nobis
2489 3092 2701 3134 annuos
2751 3098 2948 3138 census
2983 3091 3289 3156 persolvere
3323 3109 3389 3148 ex

1818 3162 2230 3228 praecedentium
2274 3167 2500 3224 Patrum
2550 3174 2980 3235 institutionilms
3027 3185 3238 3241 debere.
3283 3188 3387 3246 Sed

1743 3273 1782 3329 ο
1817 3250 1943 3318 quia
1990 3254 2209 3322 quidam
2265 3267 2526 3328 vestrum,
2580 3268 2772 3334 partim
2810 3272 3151 3342 negligentia,
3188 3281 3384 3348 partim

1815 3356 1944 3395 vero
1975 3347 2146 3398 tenaci
2194 3348 2537 3408 induratione
2573 3361 2686 3412 hac
2721 3360 2982 3416 hactenus
3006 3368 3201 3422 minus
3228 3373 3385 3438 plene

1815 3445 1977 3496 quam
2024 3446 2295 3502 oporteret
2330 3453 2572 3509 egerunt,
2601 3446 2700 3500 bos
2727 3454 3099 3528 git-emendari.
3127 3467 3180 3510 et
3202 3460 3380 3516 debita

1812 3519 2019 3590 solvere
2055 3523 2325 3590 studeant,
2375 3544 2564 3585 omnes
2600 3542 2779 3588 autem
2831 3547 2888 3591 ut
2923 3519 3220 3608 apostolico
3241 3553 3410 3616 ιιι-εἰμ’

1811 3617 1967 3677 cepto
2011 3612 2095 3663 cui
2133 3616 2354 3684 rectigal
2396 3621 2634 3691 rectigal,
2689 3628 2773 3678 cui
2829 3630 3082 3686 tributum
3124 3612 3380 3693 tributum

1809 3697 2188 3767 obteinl'ieretis
2223 3718 2654 3764 (-(nnmonemus.
2691 3713 3079 3790 Unusquisque
3100 3727 3245 3780 enim
3272 3745 3377 3782 ποθι

1807 3792 1942 3861 quod
1983 3811 2133 3848 suum
2167 3808 2264 3862 est,
2294 3802 2384 3853 sed
2411 3804 2548 3870 quod
2596 3807 2816 3862 alterius
2837 3823 2913 3864 cst
2957 3828 3194 3882 quaerat;
3240 3837 3375 3889 quo-

1807 3880 1949 3932 niam
1979 3883 2022 3935 si
2055 3885 2214 3953 digne
2262 3889 2603 3959 redarguitur
2638 3897 2751 3962 qui,
2800 3880 3219 3974 prout-oportet,
3250 3928 3376 3980 pro.

1807 3969 1917 3993 ηυξ..
1958 3985 2059 3993 ...μμ
2091 3973 2240 3993 I_-__,'.
2624 3992 2628 3993 ,
2732 3985 2742 3993 .
2831 3989 2861 3993 _-
3382 3981 3392 3993 ο

1806 3969 1920 4035 pria
1958 3985 2064 4024 non
2090 3973 2332 4049 largitur,
2369 3993 2475 4047 qua
2517 3985 2778 4038 sententia
2813 3969 3120 4059 dignus-est
3147 3969 3374 4067 qui-nec

1804 4056 1976 4112 aliena
2017 4075 2203 4129 rapere
2249 4080 2347 4121 nec
2391 4067 2568 4124 debita
2616 4077 2807 4131 metuit
2858 4083 3112 4152 retinere,
3160 4091 3372 4144 dicente

1804 4144 2032 4200 Domino
2059 4168 2070 4202 :
2099 4150 2229 4214 Qua:
2273 4157 2432 4234 rufis
2481 4169 2538 4228 ut
2569 4163 2625 4229 fa
2659 4165 2772 4216 iant
2796 4172 2961 4236 vobis,
2990 4173 3100 4237 lucc
3142 4177 3301 4244 fam
3318 4191 3369 4235 et

1801 4259 1885 4296 t‘os
1909 4247 2048 4308 illis;
2076 4257 2130 4301 et
2154 4267 2167 4302 :
2195 4248 2346 4313 Quod
2370 4255 2464 4306 tibi
2485 4273 2584 4310 non
2607 4262 2705 4339 eis,
2730 4264 2828 4317 alii
2851 4270 2953 4322 rion
2981 4272 3103 4339 fere.
3121 4277 3198 4330 is?
3217 4277 3369 4337 Nunc

1800 4331 1960 4401 igitur
1981 4336 2107 4403 quia
2133 4338 2386 4395 dilectum
2420 4344 2589 4400 lilium
2609 4335 2872 4408 nostrum
2904 4331 3181 4430 llugonem
3208 4331 3368 4424 Dico:

1798 4440 1909 4479 sem
1960 4427 2272 4498 episcopum
2317 4435 2387 4487 ob
2436 4437 2814 4499 ecclesiastica
2854 4427 3102 4509 utilitatis
3152 4458 3363 4517 diversa

1798 4517 2011 4586 negotia
2047 4519 2099 4573 in
2134 4519 2334 4577 Gallias
2364 4526 2510 4581 vices
2540 4541 2757 4588 nostras
2781 4551 3163 4598 exsecuturum
3195 4549 3363 4604 mitti-

1731 4613 1774 4666 D
1800 4621 1942 4673 mus,
1977 4617 2028 4662 et
2049 4610 2174 4678 quia
2205 4614 2405 4666 nemini
2432 4618 2609 4684 potius
2643 4620 2862 4678 credere
2888 4628 3165 4699 debemus,
3199 4654 3358 4704 quem

1799 4694 1850 4747 in
1897 4698 2151 4752 omnibus
2197 4715 2227 4752 a
2275 4703 2432 4758 nobis
2480 4707 2580 4760 sibi
2625 4709 2882 4779 injunctis
2925 4719 3151 4778 fideliter
3185 4731 3361 4797 egisse
3454 4727 3460 4733 ’

1797 4785 2178 4852 comperimus,
2216 4805 2335 4858 qua
2369 4795 2525 4850 nobis
2555 4813 2618 4852 ex
2661 4804 2904 4861 ecclesiis
2935 4815 3124 4868 vestris
3151 4822 3358 4886 spcciae

1797 4870 1916 4925 liter
1942 4874 2148 4932 debetis
2178 4895 2273 4934 vos
2320 4883 2396 4937 illi
2446 4887 2513 4941 ad
2565 4905 2665 4945 nos
2705 4891 3018 4960 perferenda
3051 4870 3354 4970 persolvere

1797 4975 1860 5014 ac
1880 4962 1946 5016 de
1965 4967 2184 5022 retentis
2209 4972 2522 5031 satisfacere
2550 4978 2823 5046 jubemus.

2500 5079 2631 5140 Vill.

1796 5158 2031 5228 Gregorii
2081 5161 2321 5254 epist'o’l‘a'
2352 5171 2442 5254 ad.
2478 5173 2674 5254 cler1_¢_m
2705 5189 2766 5254 ‘et
2806 5188 3052 5254 populum
3099 5159 3347 5253 Μσιὶετοξ

1862 5245 2084 5331 nessem.
2107 5240 2178 5270 _'.
2204 5234 2269 5286 Ut
2292 5235 2555 5294 Landrico
2582 5234 2951 5309 Matisconensi
2977 5234 3272 5331 episcopo:
3291 5234 3347 5321 ξε

1862 5311 1918 5331 ηι-
1959 5306 2100 5331 Inani
2130 5308 2464 5331 unua—“-12--..
2507 5322 2541 5331 _.
2625 5316 2659 5331 ιο
2707 5328 2715 5331 -
2791 5323 2800 5331 .
2925 5328 2934 5331 -

1859 5297 2100 5351 ordinato
2130 5308 2466 5361 reverentiam
2493 5322 2541 5362 et
2569 5297 2891 5381 adjutoriuin

2369 5399 2546 5464 (Anno
2581 5405 2760 5478 1074.)

1823 5470 1979 5541 [Dom
2006 5476 2275 5548 Domum,
2307 5484 2518 5541 Recucil
2551 5494 2636 5545 des
2667 5470 2961 5567 historicus,
2993 5497 3128 5571 XIV,
3156 5512 3304 5582 575.]

1857 5571 2159 5638 Caesonius
2179 5580 2482 5649 episcopus,
2530 5605 2717 5645 servus
2743 5609 3022 5655 servorum
3055 5605 3166 5668 Dei,
3195 5611 3337 5662 clem

3333 5379 3364 5408 τί

1786 5669 1838 5713 et
1863 5663 2059 5729 populo
2081 5664 2489 5728 Matisconensis
2512 5676 2763 5747 Ecclesia
2794 5687 3023 5746 salutem
3046 5705 3097 5748 et
3121 5663 3336 5763 aposto-

1785 5747 1943 5803 licam
1971 5751 2416 5812 benedictionem.

1858 5838 2067 5902 Qnanta
2102 5843 2171 5896 sit
2209 5859 2332 5915 erga
2365 5865 2460 5906 vos
2483 5864 2534 5908 et
2562 5857 2738 5926 locum
2764 5876 3001 5926 vestrum
3029 5879 3331 5942 apostolicae

2899 5961 2971 6019 2i
