3952 6390
201 485 309 544 655

1088 482 1445 544 ΕΡΙΞΤΟῘΑΕ
1480 473 1712 562 EXTRA
1748 473 2145 539 REGISTRUM
2187 480 2567 539 VAGANTES.

3339 483 3444 548 εδδ

200 601 469 672 quillitate
493 600 774 656 ardentius
803 600 856 654 in
891 599 1174 656 devotione
1201 601 1398 656 divinae
1420 599 1701 677 servitutis
1726 609 1782 654 et
1809 599 1855 654 Λ
1879 589 2113 666 expertis
2137 595 2344 651 viribus
2373 599 2754 668 aggrediantur
2788 594 3119 670 prrnltentia:
3147 604 3275 672 iter,
3305 606 3450 676 quod

201 693 260 748 in
289 692 441 748 omni
467 693 614 747 bono
635 692 975 762 prolicerent.
1005 690 1122 757 Qua
1148 692 1200 744 in
1226 707 1282 746 re
1302 706 1464 760 quam
1490 690 1594 760 pie,
1613 704 1778 759 quam

197 793 394 838 sancte
425 781 690 848 fecerunt,
726 794 779 836 et
803 783 1034 836 illorum
1057 782 1213 837 nobis
1248 783 1483 837 ostendit
1506 783 1695 853 gloria,
1725 789 1780 837 et

203 875 382 945 ipsius
408 875 487 929 rei
531 883 641 928 tam
686 873 962 930 fructuosa
987 875 1177 945 gratia.
1224 872 1357 928 Nam
1389 889 1512 928 cum
1539 874 1776 928 oratoria

203 967 261 1021 in
290 982 425 1036 pace
465 976 520 1020 et
554 968 942 1036 tranquillitate
975 965 1296 1026 consistant.
1329 974 1384 1019 et
1409 964 1776 1019 ecclesiastica

200 1056 469 1112 beneﬁcia
499 1073 762 1127 pauperes
785 1057 986 1111 Christi
1029 1057 1300 1123 nutriant;
1328 1072 1452 1111 cum
1493 1071 1623 1110 vero
1658 1055 1778 1110 laus

203 1147 324 1203 Deo
369 1149 530 1218 digne
585 1148 872 1217 promitur,
921 1156 976 1201 et
1005 1147 1242 1202 remedia
1294 1157 1636 1217 peccatorum
1667 1154 1775 1200 tam

198 1241 350 1294 vivis
376 1255 540 1309 quam
571 1238 839 1294 defunctis
873 1239 1274 1314 impenduntur.
1304 1237 1457 1293 Unde
1479 1254 1580 1292 nos
1602 1237 1657 1291 in
1683 1253 1777 1291 ea—

194 1331 334 1386 dem
363 1331 491 1387 sedc
524 1331 840 1400 apostolica,
867 1346 974 1385 non
1009 1331 1208 1386 nostris
1232 1331 1456 1394 meritis,
1479 1330 1572 1384 sed
1594 1330 1776 1384 divina

195 1421 374 1477 locati
391 1421 589 1492 gratia,
626 1423 863 1492 suscepti
891 1421 1050 1476 ollieii
1075 1421 1311 1476 debitum
1349 1422 1774 1488 considerantes,

196 1511 496 1582 praefatum
528 1515 938 1579 monasterium,
978 1513 1066 1567 cui
1101 1520 1181 1578 tu,
1224 1513 1415 1568 dilecte
1450 1513 1525 1568 fili
1550 1521 1604 1568 et
1636 1529 1774 1583 pra:-

200 1605 488 1658 nominate
515 1605 673 1670 abba,
705 1619 936 1674 praeesse
981 1603 1338 1674 dignosceris,
1365 1612 1458 1657 tuo
1489 1613 1678 1674 regatu
1718 1605 1775 1658 in

194 1695 432 1750 tutelam
465 1695 773 1765 apostolica:
793 1695 938 1750 sedis
962 1703 1014 1748 et
1047 1703 1287 1749 nostram
1311 1704 1363 1748 et
1396 1709 1775 1750 successorum

197 1796 522 1840 nostrorum
536 1785 904 1842 defensionem
917 1787 1274 1856 suscepimus,
1288 1785 1776 1856 confirmantesque

195 1887 257 1932 et
290 1878 706 1933 corroborantes
747 1878 850 1933 sibi
877 1893 972 1948 per
996 1879 1276 1948 pmsentis
1327 1877 1573 1948 paginam
1612 1879 1770 1947 privi-

199 1968 355 2038 legti,
380 1969 666 2024 ecclesiam
698 1967 911 2023 Sanctae
930 1966 1112 2022 Maria:
1131 1983 1292 2036 super
1313 1969 1556 2023 Axonam
1593 1970 1776 2035 sitam,

195 2069 258 2113 et
289 2061 577 2115 ecclesiam
614 2059 672 2113 S.
710 2058 926 2128 Sulpitii
968 2073 1130 2127 super
1184 2057 1411 2124 Mosam,
1448 2068 1778 2129 cretei-asque

199 2150 586 2218 possessiones
611 2158 720 2203 tam
745 2149 800 2203 in
829 2149 971 2204 villis
991 2164 1157 2219 quam
1178 2149 1436 2216 castellis,
1461 2151 1778 2220 exterisque

197 2240 449 2294 ecclesiis
477 2250 531 2294 et
552 2241 711 2296 terris
740 2241 902 2296 cultis
928 2249 1023 2294 aut
1052 2239 1289 2306 incultis,
1315 2256 1408 2295 seu
1444 2241 1500 2295 in
1525 2243 1778 2297 omnibus

199 2323 377 2386 rebus
423 2331 719 2386 mobilibus
766 2340 821 2386 et
864 2332 1255 2399 immobilibus,
1295 2348 1432 2402 quas
1475 2349 1619 2389 nunc
1657 2333 1780 2403 jure

203 2424 467 2492 possidet,
503 2432 599 2478 aut
636 2423 690 2477 in
717 2431 1018 2493 posterum,
1044 2421 1154 2476 Deo
1177 2424 1489 2489 miserante,
1514 2425 1777 2493 acquiret,

199 2525 478 2583 quatenus
504 2515 688 2568 omnia
736 2515 804 2568 ad
855 2529 1200 2569 communem
1233 2513 1518 2568 utilitatem
1548 2513 1778 2570 fratrum

201 2605 339 2657 inibi
384 2604 496 2658 Deo
525 2603 908 2660 famulantium
938 2605 1042 2661 sub
1068 2613 1163 2660 tuo
1199 2613 1526 2675 tuorumque
1557 2621 1779 2661 succes-

198 2710 392 2750 sorum
430 2697 693 2766 regimine
733 2705 789 2752 et
830 2711 1069 2768 congrua
1121 2696 1523 2765 dispensatione
1568 2711 1780 2766 semper

199 2785 527 2841 inconvulsa
579 2787 894 2857 illibataque
945 2795 1316 2856 permaneant.
1372 2785 1428 2840 Si
1476 2787 1602 2857 quis
1649 2794 1780 2843 vero

200 2893 414 2947 regum,
452 2879 818 2945 sacerdotum,
860 2879 1204 2942 clericorum,
1241 2879 1484 2949 judieum
1517 2895 1581 2934 ac
1609 2896 1781 2936 saecu-

199 2968 400 3022 larium
433 2965 790 3043 personarum
817 2971 956 3026 hanc
982 2971 1385 3026 constitutionis
1411 2981 1610 3026 nostra:
1636 2971 1782 3040 pagi-

199 3075 332 3113 nam
379 3070 756 3131 agnoscentes,
811 3071 999 3117 contra
1055 3077 1173 3115 eam
1222 3063 1405 3133 venire
1463 3061 1777 3128 tentaverit,

197 3152 492 3220 potestatis
516 3152 850 3222 honorisque
873 3152 958 3232 sui
992 3152 1252 3222 dignitate
1280 3159 1483 3219 careat,
1517 3169 1780 3224 rcumque

196 3258 264 3298 se
305 3243 492 3298 divino
529 3243 738 3312 judicio
777 3245 1009 3299 existere
1045 3243 1112 3299 de
1146 3251 1452 3314 perpetrata
1496 3245 1779 3316 iniquitate

195 3345 523 3406 cognoscat,
546 3345 602 3390 et
625 3334 732 3391 nisi
753 3335 836 3389 vel
856 3351 920 3390 ea
941 3351 1064 3404 qua:
1085 3335 1154 3389 ab
1179 3336 1271 3388 illo
1293 3325 1421 3389 Sunt
1440 3337 1579 3390 male
1601 3338 1778 3392 ablata

195 3427 528 3491 restituerit,
556 3427 640 3481 vel
660 3426 820 3496 digna
842 3426 1162 3495 pwnitentia
1201 3425 1387 3480 illicite
1409 3434 1528 3480 acta
1551 3427 1779 3483 deﬂeve-

194 3517 304 3581 rit,
344 3532 376 3571 a
413 3518 785 3572 saeratiSsimo
825 3532 1053 3588 corpore
1077 3527 1130 3572 et
1153 3517 1416 3588 sanguine
1442 3518 1533 3572 Dei
1566 3518 1780 3574 Domini

197 3607 569 3680 redemptoris
617 3610 788 3664 nostri
829 3607 957 3665 Jesu
999 3608 1201 3665 Christi
1238 3611 1448 3665 alienus
1485 3611 1596 3676 fiat,
1620 3622 1781 3682 atque

199 3699 261 3753 in
285 3686 770 3756 mterno’examine
795 3702 1054 3756 districta:
1087 3703 1278 3756 ultioni
1306 3702 1601 3772 subjaeeat.
1634 3703 1783 3758 Cun-

195 3791 310 3845 ctis
335 3799 519 3844 autem
537 3791 685 3859 justa
716 3791 1058 3846 servantibus
1081 3792 1254 3846 cidem
1279 3793 1419 3858 loco,
1447 3809 1550 3863 pax
1567 3793 1780 3848 Domini

197 3883 383 3937 nostri
409 3881 539 3937 Jes‘u
573 3880 800 3951 Christi,
844 3892 904 3938 ut
951 3883 1041 3938 hic
1091 3882 1324 3938 fructum
1357 3885 1513 3940 bonze
1553 3885 1781 3954 actionis

196 3975 496 4044 recipiant,
522 3983 575 4029 et
595 3976 736 4044 apud
755 3976 1059 4030 districtum
1076 3976 1313 4046 judieem
1336 3978 1554 4047 praemia
1569 3967 1783 4033 aeternae

195 4066 359 4136 pacis
387 4066 685 4119 inveniant.
717 4067 908 4120 Amen.
942 4067 1262 4135 Subscripsit
1284 4078 1459 4122 autem
1482 4087 1640 4124 manu
1661 4088 1783 4140 pros

189 4155 325 4225 prio
343 4154 572 4207 domnus
597 4171 732 4225 papa
754 4169 773 4208 :
796 4155 1171 4211 Miserationes
1190 4164 1315 4222 tua),
1340 4156 1586 4226 Domine,
1618 4175 1782 4230 super

193 4246 394 4301 omnia
417 4260 584 4316 opera
615 4254 726 4301 tua.
755 4245 898 4303 Bene
921 4249 1114 4305 valete.

277 4335 484 4391 Datum
507 4334 787 4393 Lateranis
809 4338 863 4392 in
879 4337 1134 4416 Kalendis
1152 4341 1298 4412 Maii,
1316 4360 1411 4416 per
1431 4343 1781 4416 manusPetri

197 4427 264 4483 S.
296 4427 363 4482 Β.
391 4426 461 4482 Ε.·
488 4429 784 4511 presbyteri
812 4433 1106 4490 eardinalis
1135 4443 1190 4490 et
1215 4436 1609 4494 bibliothecarii
1639 4453 1783 4493 anno

194 4519 390 4590 primo
434 4520 1010 4590 pontificatus-damni
1055 4523 1297 4595 Gregorii
1320 4525 1411 4581 VII
1439 4544 1609 4599 papae,
1644 4530 1782 4584 indi-

193 4613 393 4666 c.‘ione
429 4611 735 4667 undecima.

950 4722 1042 4781 XI.

196 4810 465 4884 Epistola
492 4811 728 4885 Gregorii
772 4815 883 4879 νη
907 4819 975 4872 ad
1004 4818 1278 4875 Tierneum
1313 4816 1686 4876 ricecomitem.
1716 4854 1784 4863 -ι

278 4882 539 4941 Coucedit
571 4905 588 4936 ι
607 4891 917 4941 potestatem
949 4892 1258 4941 auspicandi
1300 4901 1603 4941 concentum
1641 4894 1784 4941 ordi-

278 4892 539 4941 (Jtmcedit
571 4892 917 4957 «potestatein
949 4892 1258 4960 auspicandi
1300 4901 1603 4962 conceptum
1641 4894 1788 4946 ordi-

277 4970 401 5009 nem
424 4958 774 5011 monasticam
793 4959 957 5034 juatta
978 4961 1213 5031 regulam
1243 4961 1308 5016 Β.
1331 4962 1623 5017 Benedicti.
1658 4983 1676 5014 ι

801 5048 980 5118 (Anno
1028 5050 1209 5120 1074.)

195 5135 470 5208 μιωιιι..
502 5136 641 5191 Acta
694 5136 942 5213 SSLord.
975 5139 1170 5193 Bened.
1207 5139 1342 5213 _S:ce.
1391 5141 1477 5208 Vl,
1538 5154 1692 5213 parte
1752 5163 1789 5200 ιι

783 5206 963 5274 Puch,
996 5225 1114 5280 pag.
1151 5210 1227 5282 L.]

277 5317 622 5384 Caesonius,
655 5337 844 5378 servus
869 5339 1147 5378 servorum
1187 5322 1310 5390 Dei,
1355 5325 1422 5379 ad
1472 5335 1784 5395 perpetuam

196 5409 290 5466 rei
337 5409 662 5464 memoriam
714 5412 908 5468 dilecto
958 5415 1066 5468 lilio
1126 5413 1426 5482 Srsruauo,
1485 5417 1787 5472 viceeomiti

199 5499 472 5567 Ticrneo,
503 5500 734 5569 ejusque
784 5501 1042 5560 fratribus
1086 5506 1385 5575 regularem
1438 5508 1604 5562 vitam
1664 5526 1789 5579 pro-

197 5592 472 5657 fossuris,
506 5593 740 5646 salutem
770 5602 822 5645 et
851 5598 1203 5661 apostolicam
1233 5598 1680 5652 benedictionem.

280 5681 562 5746 Quoniam
597 5683 902 5751 religiosam
937 5688 1094 5740 vitam
1137 5690 1475 5744 instituentcs
1495 5691 1788 5758 apostolico

197 5782 430 5844 oportet
472 5773 549 5825 uti
576 5773 782 5838 judicio
811 5784 860 5828 et
885 5777 1131 5840 (’OllSlllO,
1159 5797 1222 5833 ne
1244 5781 1460 5849 quidam
1487 5788 1605 5849 post
1628 5795 1784 5834 suum

201 5863 500 5935 proprium
557 5866 757 5917 sentire
813 5867 1087 5920 abeuntes.
1118 5885 1236 5922 cum
1281 5868 1576 5926 temeritate
1618 5884 1667 5926 et
1702 5875 1784 5927 iu-

1879 703 1990 741 non
2020 687 2232 757 possint
2257 687 2542 757 perlicere,
2569 707 2632 745 ac
2659 691 2911 748 deﬁciant
2959 695 3014 750 in
3041 711 3127 763 eo,
3178 697 3253 752 ita
3302 706 3361 753 ut
3415 714 3449 754 a

1880 779 2160 848 proposito
2197 779 2406 834 resilire
2434 791 2716 850 cogantur,
2748 784 2816 838 ad
2863 785 3242 842 confusionem
3280 798 3333 844 et
3364 789 3448 844 in-

1873 867 2074 936 juriam
2105 870 2312 926 ordinis
2341 870 2712 933 ecclesiastici.
2744 873 2854 944 Nos
2884 892 3012 932 vero
3039 879 3277 950 cognito,
3297 882 3444 950 quod

1877 959 2018 1027 apud
2043 961 2404 1015 venerabilem
2434 960 2656 1018 fratrem
2686 974 2934 1021 nostrum
2977 967 3228 1025 Milonem
3258 973 3406 1026 arehi
3425 994 3442 1014 ι

1849 1043 2189 1120 ’ρρὶεοοριιιιι
2221 1050 2655 1108 Beneventanum
2684 1072 2816 1112 cum
2839 1056 3270 1128 frequentatione
3299 1063 3443 1117 ﬁlio-

1877 1155 1997 1193 rum
2049 1149 2103 1194 et
2157 1139 2388 1196 fratrum
2439 1153 2748 1200 nostrorum
2797 1147 3326 1208 Benedictinensimn
3376 1154 3443 1210 de

1875 1229 2124 1286 Calabria
2153 1233 2372 1288 virtutis
2402 1235 2711 1291 tirocinium
2771 1239 2890 1293 sine
2938 1240 3124 1295 habitu
3171 1245 3440 1312 posueris,

1875 1329 1929 1373 et
1953 1330 2167 1391 sumpto
2190 1322 2254 1377 de
2275 1324 2450 1379 solido
2473 1327 2549 1379 tui
2563 1327 2814 1382 desiderii
2832 1327 3438 1400 feworeexperimento,

1875 1425 1970 1480 per
2008 1423 2242 1482 quatuor
2279 1429 2454 1469 annos
2491 1417 2544 1469 in
2591 1418 2713 1471 aula
2759 1419 3050 1488 pontificali
3107 1423 3440 1481 sanctissimi

1847 1499 2052 1558 “Patris
2080 1504 2236 1560 bonze
2265 1506 2540 1560 memorize
2566 1506 2856 1563 Alexandri
2894 1509 3077 1565 divina
3106 1513 3441 1582 providentia

1874 1607 2026 1662 papae
2064 1595 2227 1664 hujus
2273 1597 2512 1651 nominis
2545 1599 2766 1653 secundi
2803 1600 3216 1669 praedecessor-is
3245 1605 3440 1672 nostri,

1875 1682 2005 1736 dum
2027 1699 2210 1738 coram
2233 1686 2354 1756 ipso
2377 1687 2692 1743 beatissimo
2720 1689 2971 1759 pontiﬁce
2999 1693 3442 1750 archidiaconum

1875 1774 2204 1829 cardinalem
2253 1793 2537 1846 ageremus
2570 1799 2583 1834 :
2615 1795 2740 1834 cum
2781 1782 2890 1836 tuis
2935 1784 3144 1840 viribus
3180 1802 3214 1841 a
3250 1797 3444 1844 natura

1878 1865 2122 1920 delicatis
2151 1865 2537 1936 dilIideremus,
2569 1886 2678 1926 non
2715 1880 2826 1926 tam
2874 1873 2984 1928 cito
3031 1891 3226 1932 manus
3283 1894 3446 1948 super

1809 1949 1852 2002 Β
1877 1965 1930 2011 te
1958 1955 2320 2028 imposuimus
2355 1958 2407 2030 (I
2450 1959 2589 2032 Tim,
2618 1978 2672 2029 v,
2702 1962 2816 2032 εἳ),
2848 1964 2991 2019 sicut
3027 1981 3128 2022 nos
3168 1983 3293 2024 cum
3351 1970 3446 2024 Ti-

1880 2049 2100 2102 motheo
2127 2049 2312 2103 docuit
2339 2049 2654 2119 Apostolus,
2681 2054 2747 2107 ad
2776 2057 2934 2123 cujus
2985 2060 3228 2114 tumbam
3272 2063 3448 2117 consi-

1878 2139 2094 2192 stimus.
2139 2137 2338 2194 Verum
2368 2156 2493 2195 cum
2523 2143 2890 2199 indesinenter
2917 2163 2979 2204 ac
3019 2148 3387 2208 indehcienter
3414 2170 3450 2210 a

1879 2240 2066 2286 saneta
2097 2231 2243 2297 sedc,
2277 2231 2331 2286 in
2362 2248 2470 2302 qua
2499 2233 2770 2300 sedemus,
2802 2235 2927 2292 licet
2956 2239 3163 2311 indigni
3190 2252 3245 2297 et
3272 2243 3446 2310 inviti,

1877 2322 2122 2390 postules
2147 2330 2467 2390 potestatem
2487 2325 2832 2395 auspiscandi
2854 2340 3174 2400 conceptum
3205 2335 3449 2390 ordinem

1877 2413 2243 2467 manasticum
2266 2414 2420 2483 juxta
2445 2418 2684 2486 regulam
2711 2417 2770 2472 B.
2803 2419 3105 2487 Benedicti,
3137 2440 3302 2492 quam
3351 2428 3446 2482 diu

1877 2511 2161 2573 exspertus
2184 2520 2244 2559 es
2273 2505 2414 2560 inter
2451 2505 2646 2562 fratres
2674 2509 2740 2562 dc
2767 2507 3034 2566 Calabria.
3068 2511 3178 2567 Nos
3195 2516 3448 2572 nolentes

1877 2596 2221 2665 exstinguere
2259 2597 2532 2666 spiritum,
2563 2615 2627 2654 eo
2682 2601 2986 2670 promptius
3042 2619 3106 2658 ac
3160 2606 3449 2678 benignius

1878 2685 2122 2741 inclinati
2159 2703 2308 2743 nunc
2343 2689 2440 2744 tibi
2486 2691 2834 2746 concedimus
2880 2701 2933 2748 et
2988 2696 3309 2764 annuimus,
3341 2716 3451 2770 quo

1880 2777 2074 2847 majori
2104 2777 2342 2849 Spiritus
2381 2782 2557 2836 sancti
2587 2781 2802 2838 flamma
2832 2787 3049 2840 accensi
3078 2787 3451 2848 desideramus

1879 2883 2070 2938 agrum
2101 2869 2445 2927 Dominicnm
2473 2883 2584 2928 tam
2615 2875 2818 2930 sanctis
2847 2876 3107 2933 virtutum
3145 2881 3451 2937 seminariis

1879 2957 2060 3012 ditari.
2095 2959 2384 3016 Benedicat
2411 2978 2541 3032 ergo
2566 2965 2665 3018 tibi
2695 2965 2957 3021 Dominus
2981 2984 3181 3023 corona
3206 2971 3446 3042 justitiw,

1880 3065 2040 3104 mons
2095 3059 2349 3118 sanctus;
2409 3054 2646 3109 aseiscat
2686 3064 2738 3110 te
2776 3065 3008 3128 tuosque
3043 3057 3258 3116 futuros
3297 3063 3452 3122 bona:

1879 3141 2006 3196 vitae
2033 3143 2247 3198 sodales
2275 3144 2331 3198 in
2371 3144 2511 3200 ﬁlios
2539 3156 2772 3202 aeternus
2803 3147 2987 3216 Pater;
3020 3151 3244 3221 recipiat
3269 3169 3367 3210 vos
3397 3157 3454 3212 in

1881 3231 2077 3288 fratres
2105 3245 2342 3290 internus
2371 3235 2572 3304 Filius,
2603 3248 2657 3292 et
2684 3240 2923 3310 porrigat
2958 3242 3057 3296 tibi
3104 3243 3244 3298 latus
3293 3261 3452 3316 aper«

1879 3326 2087 3390 tum,in
2116 3341 2226 3396 quo
2256 3335 2383 3381 sunt
2403 3343 2595 3382 omnes
2622 3330 2861 3383 thesauri
2893 3333 3170 3400 sapientiae
3196 3343 3248 3388 et
3276 3336 3454 3390 sciens

1878 3416 1967 3468 tite
1995 3417 2285 3483 reconditi;
2317 3418 2575 3472 accendat
2607 3419 2659 3472 in
2691 3419 2989 3489 tetuisque
3016 3438 3250 3478 aeternus
3281 3427 3453 3496 Spiri-

1879 3513 1969 3559 tus
2000 3517 2220 3562 sanetus
2251 3509 2426 3579 ignem
2455 3510 2539 3563 sui
2579 3510 2782 3563 amoris
2829 3521 2882 3565 et
2926 3511 3198 3569 flammam
3239 3526 3454 3575 aeternae

1880 3597 2190 3663 eharitatis;
2224 3608 2409 3668 tuque,
2442 3599 2629 3670 tuique
2659 3601 2713 3654 in
2744 3595 2995 3671 ingressu
3025 3619 3120 3672 per
3159 3606 3453 3675 professim

1881 3703 2005 3743 nem
2036 3700 2089 3745 ct
2118 3691 2415 3761 iuegrcssu
2444 3705 2539 3761 per
2569 3694 3216 3771 mortcmbenedieantur
3263 3715 3293 3752 a
3342 3698 3454 3756 Deo

1880 3779 2140 3834 virtutum
2179 3796 2246 3835 ex
2275 3781 2402 3847 alto,
2434 3782 2527 3851 qui
2558 3783 2720 3858 cepit
2751 3783 2804 3836 in
2837 3792 2887 3837 te
2917 3800 3056 3853 opus
3092 3787 3295 3841 bonum
3334 3805 3455 3859 per-

1883 3868 2058 3935 tieiat,
2117 3870 2451 3940 solidetquc,
2503 3872 2790 3926 conﬁrmet
2855 3874 2985 3928 illud
3041 3884 3095 3930 et
3142 3880 3458 3937 corroboret

1881 3958 2076 4012 amodo
2097 3968 2150 4013 et
2175 3974 2348 4029 usque
2370 3959 2426 4012 in
2457 3960 2877 4030 sempiternum;
2911 3964 3171 4020 concedat
3199 3968 3291 4022 tibi
3324 3984 3456 4023 san-

1882 4059 2026 4105 etum
2050 4052 2300 4126 angelum
2330 4065 2490 4106 suum
2531 4052 2597 4106 de
2628 4053 2812 4120 caelis,
2851 4071 3083 4125 quorum
3142 4067 3452 4114 sanctorum
3485 4123 3487 4125 _

1830 4143 1834 4146 ’
1880 4142 2045 4195 vitam
2083 4143 2340 4211 proponis
2370 4142 2591 4209 imitari,
2624 4144 2866 4212 ipsorum
2896 4146 3210 4215 patrociniis
3239 4148 3459 4203 confor-

1879 4240 2015 4286 tare.
2048 4233 2396 4288 Adducantur
2423 4233 2522 4286 tibi
2558 4233 2692 4288 socii
2747 4234 3039 4301 innumeri,
3093 4237 3235 4293 sicut
3285 4241 3456 4297 stella:

1880 4323 2022 4390 coeli,
2049 4339 2170 4393 qua:
2197 4339 2309 4394 pra:
2337 4323 2682 4380 multitudine
2710 4327 2988 4381 numerari
3037 4341 3146 4382 non
3196 4339 3456 4400 possunt;

1881 4415 1994 4469 sint
2020 4415 2284 4471 docibiles
2311 4415 2407 4471 Dei
2438 4416 2497 4470 in
2526 4416 2782 4472 solatium
2811 4419 3058 4473 mortalis
3087 4428 3194 4476 tua;
3230 4423 3463 4495 peregri-

1882 4506 2141 4562 nationis.
2174 4506 2250 4563 De
2275 4507 2614 4578 plenitudine
2649 4508 2834 4578 itaque
2881 4510 3167 4578 potestatis
3214 4511 3461 4567 decemi-

1816 4628 1860 4682 D
1886 4612 2030 4668 mus,
2059 4605 2130 4651 ut'
2147 4598 2281 4652 nulli
2308 4597 2534 4651 omnino
2562 4597 2847 4651 hominum
2875 4598 3038 4654 liceat
3065 4616 3188 4671 quae
3214 4612 3460 4674 postmo—

1888 4687 2018 4741 dum
2036 4689 2316 4744 electurus
2343 4702 2403 4744 es
2425 4687 2544 4743 loca
2567 4695 2675 4744 tua:
2714 4690 3046 4760 poenitentia
3089 4702 3288 4751 temere
3333 4711 3460 4766 per-

1887 4777 2124 4844 turbare,
2155 4794 2249 4834 seu
2281 4775 3036 4849 quibuslibeﬁ’vexationibus
3086 4795 3138 4838 te
3191 4792 3286 4838 aut
3335 4795 3461 4840 tuos

1887 4884 2200 4941 aggravare,
2232 4870 2327 4926 sed
2356 4886 2457 4926 nec
2484 4870 2728 4942 fatigare.
2754 4870 2811 4925 Si
2840 4887 2962 4942 quae
2991 4872 3152 4941 igitur
3182 4875 3459 4929 smn-tiaris

1889 4937 1984 5014 aut
2021 4961 2389 5018 ecclesiastica
2424 4976 2656 5033 persona
2689 4969 2876 5015 contra
2888 4937 3054 5016 'hanc
3081 4972 3281 5018 nostra:
3307 4965 3460 5020 ordi-

1889 5051 2129 5107 nationis
2157 5053 2442 5121 praasentis
2465 5052 2717 5121 paginam
2742 5051 2929 5106 venire
2974 5056 3280 5120 tentaverit,
3322 5057 3462 5113 sciat

1890 5157 1950 5196 se
1972 5158 2121 5197 ream
2151 5157 2251 5211 pro
2280 5150 2586 5212 perpetrata
2617 5142 2902 5212 iniquitate
2924 5142 3073 5214 (quia
3103 5145 3253 5199 nullo
3281 5148 3461 5202 medio

1889 5247 1986 5287 vos
2008 5233 2259 5287 volumus
2289 5233 2357 5287 ad
2386 5243 2629 5289 sanctam
2673 5233 2857 5287 sedem
2888 5233 3186 5307 pertinere)
3236 5237 3458 5306 ipsoque

1890 5339 1990 5377 suo
2011 5331 2277 5379 attentam
2316 5324 2536 5395 indigno
2571 5325 2772 5394 privari
2806 5326 2955 5381 omni
2988 5327 3212 5380 honoris
3246 5327 3328 5379 sui
3369 5327 3457 5379 di-

1889 5416 2112 5486 gnitate,
2143 5423 2198 5470 et
2223 5415 2408 5472 divino
2447 5415 2729 5486 subjacere
2775 5415 3080 5470 maledicto.
3127 5413 3254 5484 Agri
3316 5431 3456 5483 quos

1890 5509 2186 5576 colueritis,
2223 5511 2333 5564 sint
2359 5509 2475 5580 agri
2497 5508 2886 5580 primitiarum;
2938 5506 3130 5561 beatus
3167 5503 3324 5560 Pater
3350 5506 3454 5562 Be‘

1891 5601 2136 5655 nedietus
2165 5602 2561 5656 benedictiones
2585 5615 2684 5670 pro
2712 5606 2765 5653 te
2793 5598 3044 5668 impetret
3092 5599 3145 5652 in
3196 5598 3454 5666 spirituao

1892 5695 2032 5746 libus
2060 5701 2116 5745 et
2151 5692 2558 5760 temporalibus.
2589 5687 2910 5744 Confortare
2937 5697 2991 5743 et
3037 5698 3151 5742 esto
3199 5687 3454 5744 robustus

1893 5786 1944 5836 in
1977 5781 2192 5836 nomine
2223 5780 2397 5834 Patris
2425 5791 2476 5834 et
2504 5779 2622 5834 Filii
2654 5787 2706 5832 et
2748 5779 2980 5847 Spiritus
3011 5776 3200 5830 sancti.
3264 5780 3431 5829 Amen

1965 5873 2152 5927 Datum
2182 5872 2365 5928 Romze
2395 5873 2448 5927 in
2483 5852 2762 5943 praes-entia
2793 5867 3127 5921 eharissimaa
3154 5865 3270 5919 ﬁlim
3297 5871 3444 5934 Agna
