  <div class='ocr_page' id='page_1' title='image "/cluster/home/n/w/nwhite01/storage/ocr_20150623/148/uva.x000829792/335.png"; bbox 0 0 3952 6426; ppageno 0'>
   <div class='ocr_carea' id='block_1_1' title="bbox 415 479 594 554">
    <p class='ocr_par' dir='ltr' id='par_1_1' title="bbox 415 479 594 554">
     <span class='ocr_line' id='line_1_1' title="bbox 415 479 594 554; baseline -0.017 1"><span class='ocrx_word' id='word_1_1' title='bbox 415 479 418 483; x_wconf 76' lang='grc'><em>’</em></span> <span class='ocrx_word' id='word_1_2' title='bbox 493 499 594 554; x_wconf 69' lang='lat'><strong>655</strong></span> 
     </span>
    </p>
   </div>
   <div class='ocr_carea' id='block_1_2' title="bbox 1401 468 2791 543">
    <p class='ocr_par' dir='ltr' id='par_1_2' title="bbox 1401 468 2791 543">
     <span class='ocr_line' id='line_1_2' title="bbox 1401 468 2791 543; baseline -0.004 -6"><span class='ocrx_word' id='word_1_3' title='bbox 1401 483 1454 538; x_wconf 88' lang='lat' dir='ltr'><strong>S.</strong></span> <span class='ocrx_word' id='word_1_4' title='bbox 1492 482 1812 537; x_wconf 63' lang='lat' dir='ltr'><strong>(RRECORII</strong></span> <span class='ocrx_word' id='word_1_5' title='bbox 1854 481 1940 538; x_wconf 67' lang='grc' dir='ltr'><strong>νη</strong></span> <span class='ocrx_word' id='word_1_6' title='bbox 1975 468 2171 533; x_wconf 68' lang='grc' dir='ltr'><strong>ΡΛΡᾸΞ</strong></span> <span class='ocrx_word' id='word_1_7' title='bbox 2205 477 2482 543; x_wconf 74' lang='lat' dir='ltr'><strong>OPERL&#39;M</strong></span> <span class='ocrx_word' id='word_1_8' title='bbox 2521 476 2697 532; x_wconf 78' lang='lat' dir='ltr'><strong>PARS</strong></span> <span class='ocrx_word' id='word_1_9' title='bbox 2734 475 2791 531; x_wconf 91' lang='lat' dir='ltr'><strong>ll.</strong></span> 
     </span>
    </p>
   </div>
   <div class='ocr_carea' id='block_1_3' title="bbox 3606 472 3730 527">
    <p class='ocr_par' dir='ltr' id='par_1_3' title="bbox 3606 472 3730 527">
     <span class='ocr_line' id='line_1_3' title="bbox 3606 472 3730 527; baseline 0 -1"><span class='ocrx_word' id='word_1_10' title='bbox 3606 472 3730 527; x_wconf 75' lang='lat'><strong>656</strong></span> 
     </span>
    </p>
   </div>
   <div class='ocr_carea' id='block_1_4' title="bbox 496 583 3729 676">
    <p class='ocr_par' dir='ltr' id='par_1_4' title="bbox 496 583 3729 676">
     <span class='ocr_line' id='line_1_4' title="bbox 496 583 3729 676; baseline -0.009 -13"><span class='ocrx_word' id='word_1_11' title='bbox 496 616 567 666; x_wconf 82' lang='lat' dir='ltr'><strong>tis</strong></span> <span class='ocrx_word' id='word_1_12' title='bbox 606 612 856 676; x_wconf 60' lang='lat' dir='ltr'><strong>Auguste</strong></span> <span class='ocrx_word' id='word_1_13' title='bbox 888 601 1262 673; x_wconf 79' lang='lat' dir='ltr'><strong>impcratricis,</strong></span> <span class='ocrx_word' id='word_1_14' title='bbox 1293 605 1344 652; x_wconf 89' lang='lat' dir='ltr'><strong>et</strong></span> <span class='ocrx_word' id='word_1_15' title='bbox 1369 613 1458 651; x_wconf 76' lang='lat' dir='ltr'><strong>sev</strong></span> <span class='ocrx_word' id='word_1_16' title='bbox 1486 595 1712 649; x_wconf 74' lang='lat' dir='ltr'><strong>fratrum</strong></span> <span class='ocrx_word' id='word_1_17' title='bbox 1744 604 2051 648; x_wconf 84' lang='lat' dir='ltr'><strong>nostrorum</strong></span> <span class='ocrx_word' id='word_1_18' title='bbox 2082 597 2124 650; x_wconf 84' lang='grc' dir='ltr'><strong>Λ</strong></span> <span class='ocrx_word' id='word_1_19' title='bbox 2151 593 2244 661; x_wconf 86' lang='lat' dir='ltr'><strong>qui</strong></span> <span class='ocrx_word' id='word_1_20' title='bbox 2281 591 2508 645; x_wconf 92' lang='lat' dir='ltr'><strong>necdum</strong></span> <span class='ocrx_word' id='word_1_21' title='bbox 2529 591 2796 644; x_wconf 79' lang='lat' dir='ltr'><strong>duxerunt</strong></span> <span class='ocrx_word' id='word_1_22' title='bbox 2827 597 2917 641; x_wconf 82' lang='lat' dir='ltr'><strong>tua</strong></span> <span class='ocrx_word' id='word_1_23' title='bbox 2956 585 3235 640; x_wconf 48' lang='lat' dir='ltr'><strong>interdicta</strong></span> <span class='ocrx_word' id='word_1_24' title='bbox 3272 599 3379 639; x_wconf 80' lang='lat' dir='ltr'><strong>non</strong></span> <span class='ocrx_word' id='word_1_25' title='bbox 3433 583 3729 676; x_wconf 61' lang='lat' dir='ltr'><strong>timerent.</strong></span> 
     </span>
    </p>
   </div>
   <div class='ocr_carea' id='block_1_5' title="bbox 495 683 2052 767">
    <p class='ocr_par' dir='ltr' id='par_1_5' title="bbox 495 683 2052 767">
     <span class='ocr_line' id='line_1_5' title="bbox 495 683 2052 767; baseline -0.012 -13"><span class='ocrx_word' id='word_1_26' title='bbox 495 699 870 767; x_wconf 70' lang='lat' dir='ltr'><strong>cardinalium,</strong></span> <span class='ocrx_word' id='word_1_27' title='bbox 895 692 1143 748; x_wconf 77' lang='lat' dir='ltr'><strong>Kalendis</strong></span> <span class='ocrx_word' id='word_1_28' title='bbox 1173 690 1316 756; x_wconf 77' lang='lat' dir='ltr'><strong>Maii,</strong></span> <span class='ocrx_word' id='word_1_29' title='bbox 1338 686 1677 758; x_wconf 83' lang='lat' dir='ltr'><strong>pontiﬁcatus</strong></span> <span class='ocrx_word' id='word_1_30' title='bbox 1709 683 1877 738; x_wconf 83' lang='lat' dir='ltr'><strong>nostri</strong></span> <span class='ocrx_word' id='word_1_31' title='bbox 1909 698 2052 736; x_wconf 85' lang='lat' dir='ltr'><strong>anno</strong></span> 
     </span>
    </p>
   </div>
   <div class='ocr_carea' id='block_1_6' title="bbox 498 795 688 864">
    <p class='ocr_par' dir='ltr' id='par_1_6' title="bbox 498 795 688 864">
     <span class='ocr_line' id='line_1_6' title="bbox 498 795 688 864; baseline -0.011 -18"><span class='ocrx_word' id='word_1_32' title='bbox 498 812 546 864; x_wconf 74' lang='grc' dir='ltr'><strong>νε</strong></span> <span class='ocrx_word' id='word_1_33' title='bbox 563 795 688 847; x_wconf 87' lang='lat' dir='ltr'><strong>into.</strong></span> 
     </span>
    </p>
   </div>
   <div class='ocr_carea' id='block_1_7' title="bbox 810 868 1326 932">
    <p class='ocr_par' dir='ltr' id='par_1_7' title="bbox 810 868 1326 932">
     <span class='ocr_line' id='line_1_7' title="bbox 810 868 1326 932; baseline -0.016 0"><span class='ocrx_word' id='word_1_34' title='bbox 810 929 812 932; x_wconf 76' lang='grc'>,</span> <span class='ocrx_word' id='word_1_35' title='bbox 1218 868 1326 924; x_wconf 74' lang='grc' dir='ltr'><strong>ΧΠ.</strong></span> 
     </span>
    </p>
   </div>
   <div class='ocr_carea' id='block_1_8' title="bbox 499 953 2051 1043">
    <p class='ocr_par' dir='ltr' id='par_1_8' title="bbox 499 953 2051 1043">
     <span class='ocr_line' id='line_1_8' title="bbox 499 953 2051 1043; baseline -0.014 -17"><span class='ocrx_word' id='word_1_36' title='bbox 499 971 734 1043; x_wconf 74' lang='lat' dir='ltr'><strong>Gregorii</strong></span> <span class='ocrx_word' id='word_1_37' title='bbox 762 965 980 1038; x_wconf 80' lang='lat' dir='ltr'><strong>cpistola</strong></span> <span class='ocrx_word' id='word_1_38' title='bbox 1001 964 1069 1018; x_wconf 87' lang='lat' dir='ltr'><strong>ad</strong></span> <span class='ocrx_word' id='word_1_39' title='bbox 1095 961 1335 1017; x_wconf 80' lang='lat' dir='ltr'><strong>Oltouem</strong></span> <span class='ocrx_word' id='word_1_40' title='bbox 1368 957 1817 1014; x_wconf 72' lang='lat' dir='ltr'><strong>Constantiensem</strong></span> <span class='ocrx_word' id='word_1_41' title='bbox 1849 953 2051 1022; x_wconf 79' lang='lat' dir='ltr'><strong>cpisco-</strong></span> 
     </span>
    </p>
   </div>
   <div class='ocr_carea' id='block_1_9' title="bbox 1205 1046 1345 1100">
    <p class='ocr_par' dir='ltr' id='par_1_9' title="bbox 1205 1046 1345 1100">
     <span class='ocr_line' id='line_1_9' title="bbox 1205 1046 1345 1100; baseline -0.014 -17"><span class='ocrx_word' id='word_1_42' title='bbox 1205 1046 1345 1100; x_wconf 82' lang='lat' dir='ltr'><strong>pum.</strong></span> 
     </span>
    </p>
   </div>
   <div class='ocr_carea' id='block_1_10' title="bbox 1082 1119 1472 1193">
    <p class='ocr_par' dir='ltr' id='par_1_10' title="bbox 1082 1119 1472 1193">
     <span class='ocr_line' id='line_1_10' title="bbox 1082 1119 1472 1193; baseline -0.013 -17"><span class='ocrx_word' id='word_1_43' title='bbox 1082 1123 1261 1193; x_wconf 74' lang='lat' dir='ltr'><strong>(Anno</strong></span> <span class='ocrx_word' id='word_1_44' title='bbox 1292 1119 1472 1187; x_wconf 69' lang='grc' dir='ltr'>ωτι.)</span> 
     </span>
    </p>
   </div>
   <div class='ocr_carea' id='block_1_11' title="bbox 901 1204 1672 1290">
    <p class='ocr_par' dir='ltr' id='par_1_11' title="bbox 901 1204 1672 1290">
     <span class='ocr_line' id='line_1_11' title="bbox 901 1204 1672 1290; baseline -0.016 -20"><span class='ocrx_word' id='word_1_45' title='bbox 901 1215 1112 1290; x_wconf 51' lang='lat' dir='ltr'><strong>[Massa</strong></span> <span class='ocrx_word' id='word_1_46' title='bbox 1150 1210 1352 1266; x_wconf 77' lang='lat' dir='ltr'><strong>Concil.</strong></span> <span class='ocrx_word' id='word_1_47' title='bbox 1378 1207 1496 1273; x_wconf 71' lang='lat' dir='ltr'><strong>XX,</strong></span> <span class='ocrx_word' id='word_1_48' title='bbox 1521 1204 1672 1276; x_wconf 72' lang='lat'><strong>626.]</strong></span> 
     </span>
    </p>
   </div>
   <div class='ocr_carea' id='block_1_12' title="bbox 570 1292 2056 1382">
    <p class='ocr_par' dir='ltr' id='par_1_12' title="bbox 570 1292 2056 1382">
     <span class='ocr_line' id='line_1_12' title="bbox 570 1292 2056 1382; baseline -0.017 -14"><span class='ocrx_word' id='word_1_49' title='bbox 570 1311 860 1382; x_wconf 85' lang='lat' dir='ltr'><strong>Gregorius</strong></span> <span class='ocrx_word' id='word_1_50' title='bbox 895 1320 1084 1360; x_wconf 89' lang='lat' dir='ltr'><strong>servus</strong></span> <span class='ocrx_word' id='word_1_51' title='bbox 1118 1315 1398 1355; x_wconf 85' lang='lat' dir='ltr'><strong>servorum</strong></span> <span class='ocrx_word' id='word_1_52' title='bbox 1429 1297 1543 1361; x_wconf 86' lang='lat' dir='ltr'><strong>Dei,</strong></span> <span class='ocrx_word' id='word_1_53' title='bbox 1573 1294 1756 1351; x_wconf 92' lang='lat' dir='ltr'><strong>Ottoni</strong></span> <span class='ocrx_word' id='word_1_54' title='bbox 1785 1292 2056 1347; x_wconf 84' lang='lat' dir='ltr'><strong>Constan-</strong></span> 
     </span>
    </p>
   </div>
   <div class='ocr_carea' id='block_1_13' title="bbox 496 1378 2058 1469">
    <p class='ocr_par' dir='ltr' id='par_1_13' title="bbox 496 1378 2058 1469">
     <span class='ocr_line' id='line_1_13' title="bbox 496 1378 2058 1469; baseline -0.017 -11"><span class='ocrx_word' id='word_1_55' title='bbox 496 1378 947 1469; x_wconf 69' lang='lat' dir='ltr'><strong>tiensiepiscopo</strong></span> <span class='ocrx_word' id='word_1_56' title='bbox 991 1393 1218 1447; x_wconf 86' lang='lat' dir='ltr'><strong>salutem</strong></span> <span class='ocrx_word' id='word_1_57' title='bbox 1249 1396 1300 1442; x_wconf 91' lang='lat' dir='ltr'><strong>et</strong></span> <span class='ocrx_word' id='word_1_58' title='bbox 1342 1384 1692 1456; x_wconf 81' lang='lat' dir='ltr'><strong>apostolicam</strong></span> <span class='ocrx_word' id='word_1_59' title='bbox 1736 1378 2058 1436; x_wconf 87' lang='lat' dir='ltr'><strong>benedictio-</strong></span> 
     </span>
    </p>
   </div>
   <div class='ocr_carea' id='block_1_14' title="bbox 502 1509 1187 1548">
    <p class='ocr_par' dir='ltr' id='par_1_14' title="bbox 502 1509 1187 1548">
     <span class='ocr_line' id='line_1_14' title="bbox 502 1509 1187 1548; baseline -0.018 0"><span class='ocrx_word' id='word_1_60' title='bbox 502 1509 646 1548; x_wconf 83' lang='lat' dir='ltr'><strong>nem.</strong></span> <span class='ocrx_word' id='word_1_61' title='bbox 1184 1534 1187 1536; x_wconf 93' lang='lat'><em>_</em></span> 
     </span>
    </p>
   </div>
   <div class='ocr_carea' id='block_1_15' title="bbox 571 1560 2057 1635">
    <p class='ocr_par' dir='ltr' id='par_1_15' title="bbox 571 1560 2057 1635">
     <span class='ocr_line' id='line_1_15' title="bbox 571 1560 2057 1635; baseline -0.014 0"><span class='ocrx_word' id='word_1_62' title='bbox 571 1581 842 1635; x_wconf 79' lang='lat' dir='ltr'><strong>Pet-latum</strong></span> <span class='ocrx_word' id='word_1_63' title='bbox 876 1573 1047 1629; x_wconf 91' lang='lat' dir='ltr'><strong>estad</strong></span> <span class='ocrx_word' id='word_1_64' title='bbox 1073 1586 1174 1626; x_wconf 92' lang='lat' dir='ltr'><strong>nos</strong></span> <span class='ocrx_word' id='word_1_65' title='bbox 1195 1570 1261 1623; x_wconf 91' lang='lat' dir='ltr'><strong>de</strong></span> <span class='ocrx_word' id='word_1_66' title='bbox 1285 1565 1617 1622; x_wconf 68' lang='lat' dir='ltr'><strong>fraternitate</strong></span> <span class='ocrx_word' id='word_1_67' title='bbox 1663 1572 1754 1616; x_wconf 88' lang='lat' dir='ltr'><strong>tua</strong></span> <span class='ocrx_word' id='word_1_68' title='bbox 1789 1560 1934 1631; x_wconf 88' lang='lat' dir='ltr'><strong>quod</strong></span> <span class='ocrx_word' id='word_1_69' title='bbox 1967 1575 2057 1615; x_wconf 86' lang='lat' dir='ltr'><strong>sa-</strong></span> 
     </span>
    </p>
   </div>
   <div class='ocr_carea' id='block_1_16' title="bbox 502 1651 2056 1727">
    <p class='ocr_par' dir='ltr' id='par_1_16' title="bbox 502 1651 2056 1727">
     <span class='ocr_line' id='line_1_16' title="bbox 502 1651 2056 1727; baseline -0.017 1"><span class='ocrx_word' id='word_1_70' title='bbox 502 1671 795 1727; x_wconf 83' lang='lat' dir='ltr'><strong>tisiuvitus</strong></span> <span class='ocrx_word' id='word_1_71' title='bbox 820 1675 872 1720; x_wconf 84' lang='lat' dir='ltr'><strong>et</strong></span> <span class='ocrx_word' id='word_1_72' title='bbox 895 1671 1123 1718; x_wconf 77' lang='lat' dir='ltr'><strong>mcestus</strong></span> <span class='ocrx_word' id='word_1_73' title='bbox 1163 1659 1362 1722; x_wconf 89' lang='lat' dir='ltr'><strong>audivi,</strong></span> <span class='ocrx_word' id='word_1_74' title='bbox 1388 1656 1640 1725; x_wconf 76' lang='lat' dir='ltr'><strong>quodque</strong></span> <span class='ocrx_word' id='word_1_75' title='bbox 1666 1651 1712 1706; x_wconf 91' lang='lat' dir='ltr'><strong>si</strong></span> <span class='ocrx_word' id='word_1_76' title='bbox 1752 1651 1835 1704; x_wconf 86' lang='lat' dir='ltr'><strong>vel</strong></span> <span class='ocrx_word' id='word_1_77' title='bbox 1856 1651 1922 1704; x_wconf 88' lang='lat' dir='ltr'><strong>de</strong></span> <span class='ocrx_word' id='word_1_78' title='bbox 1961 1664 2056 1704; x_wconf 76' lang='lat' dir='ltr'><strong>ex-</strong></span> 
     </span>
    </p>
   </div>
   <div class='ocr_carea' id='block_1_17' title="bbox 503 1741 2060 1820">
    <p class='ocr_par' dir='ltr' id='par_1_17' title="bbox 503 1741 2060 1820">
     <span class='ocr_line' id='line_1_17' title="bbox 503 1741 2060 1820; baseline -0.016 -4"><span class='ocrx_word' id='word_1_79' title='bbox 503 1774 675 1816; x_wconf 89' lang='lat' dir='ltr'><strong>tremo</strong></span> <span class='ocrx_word' id='word_1_80' title='bbox 697 1756 1018 1812; x_wconf 71' lang='lat' dir='ltr'><strong>Christianm</strong></span> <span class='ocrx_word' id='word_1_81' title='bbox 1039 1749 1209 1820; x_wconf 88' lang='lat' dir='ltr'><strong>plebis</strong></span> <span class='ocrx_word' id='word_1_82' title='bbox 1236 1747 1478 1802; x_wconf 87' lang='lat' dir='ltr'><strong>membro</strong></span> <span class='ocrx_word' id='word_1_83' title='bbox 1507 1745 1570 1798; x_wconf 89' lang='lat' dir='ltr'><strong>ad</strong></span> <span class='ocrx_word' id='word_1_84' title='bbox 1599 1741 1925 1798; x_wconf 71' lang='lat' dir='ltr'><strong>audientiam</strong></span> <span class='ocrx_word' id='word_1_85' title='bbox 1960 1755 2060 1793; x_wconf 91' lang='lat' dir='ltr'><strong>no-</strong></span> 
     </span>
    </p>
   </div>
   <div class='ocr_carea' id='block_1_18' title="bbox 504 1829 2058 1906">
    <p class='ocr_par' dir='ltr' id='par_1_18' title="bbox 504 1829 2058 1906">
     <span class='ocr_line' id='line_1_18' title="bbox 504 1829 2058 1906; baseline -0.016 -2"><span class='ocrx_word' id='word_1_86' title='bbox 504 1861 671 1904; x_wconf 78' lang='lat' dir='ltr'><strong>stram</strong></span> <span class='ocrx_word' id='word_1_87' title='bbox 701 1845 1027 1906; x_wconf 73' lang='lat' dir='ltr'><strong>deferretur,</strong></span> <span class='ocrx_word' id='word_1_88' title='bbox 1071 1838 1338 1893; x_wconf 88' lang='lat' dir='ltr'><strong>severiore</strong></span> <span class='ocrx_word' id='word_1_89' title='bbox 1375 1831 1719 1898; x_wconf 84' lang='lat' dir='ltr'><strong>districtioris</strong></span> <span class='ocrx_word' id='word_1_90' title='bbox 1761 1829 2058 1898; x_wconf 65' lang='lat' dir='ltr'><strong>disciplinae</strong></span> 
     </span>
    </p>
   </div>
   <div class='ocr_carea' id='block_1_19' title="bbox 2151 671 3739 748">
    <p class='ocr_par' dir='ltr' id='par_1_19' title="bbox 2151 671 3739 748">
     <span class='ocr_line' id='line_1_19' title="bbox 2151 671 3739 748; baseline -0.003 -16"><span class='ocrx_word' id='word_1_91' title='bbox 2151 677 2196 732; x_wconf 90' lang='grc' dir='ltr'>Ο</span> <span class='ocrx_word' id='word_1_92' title='bbox 2233 677 2647 748; x_wconf 79' lang='lat' dir='ltr'><strong>impudentiam!</strong></span> <span class='ocrx_word' id='word_1_93' title='bbox 2678 693 2712 730; x_wconf 90' lang='lat'><strong>0</strong></span> <span class='ocrx_word' id='word_1_94' title='bbox 2743 675 3019 741; x_wconf 74' lang='lat' dir='ltr'><strong>audaciam</strong></span> <span class='ocrx_word' id='word_1_95' title='bbox 3046 675 3372 742; x_wconf 74' lang='lat' dir='ltr'><strong>singularem</strong></span> <span class='ocrx_word' id='word_1_96' title='bbox 3401 676 3415 727; x_wconf 78' lang='grc' dir='ltr'>ι</span> <span class='ocrx_word' id='word_1_97' title='bbox 3453 671 3739 728; x_wconf 69' lang='lat' dir='ltr'><strong>Videlicet</strong></span> 
     </span>
    </p>
   </div>
   <div class='ocr_carea' id='block_1_20' title="bbox 2151 763 3735 837">
    <p class='ocr_par' dir='ltr' id='par_1_20' title="bbox 2151 763 3735 837">
     <span class='ocr_line' id='line_1_20' title="bbox 2151 763 3735 837; baseline -0.002 -17"><span class='ocrx_word' id='word_1_98' title='bbox 2151 769 2463 837; x_wconf 79' lang='lat' dir='ltr'><strong>episcopum</strong></span> <span class='ocrx_word' id='word_1_99' title='bbox 2509 767 2651 820; x_wconf 84' lang='lat' dir='ltr'><strong>sedis</strong></span> <span class='ocrx_word' id='word_1_100' title='bbox 2694 764 3001 833; x_wconf 76' lang='lat' dir='ltr'><strong>apostolica:</strong></span> <span class='ocrx_word' id='word_1_101' title='bbox 3050 763 3262 816; x_wconf 86' lang='lat' dir='ltr'><strong>decreta</strong></span> <span class='ocrx_word' id='word_1_102' title='bbox 3323 772 3684 818; x_wconf 72' lang='lat' dir='ltr'><strong>contemnere</strong></span> <span class='ocrx_word' id='word_1_103' title='bbox 3713 804 3735 829; x_wconf 83' lang='lat'><strong>,</strong></span> 
     </span>
    </p>
   </div>
   <div class='ocr_carea' id='block_1_21' title="bbox 2151 851 3739 926">
    <p class='ocr_par' dir='ltr' id='par_1_21' title="bbox 2151 851 3739 926">
     <span class='ocr_line' id='line_1_21' title="bbox 2151 851 3739 926; baseline 0.001 -20"><span class='ocrx_word' id='word_1_104' title='bbox 2151 866 2415 926; x_wconf 63' lang='lat' dir='ltr'><strong>praecepta</strong></span> <span class='ocrx_word' id='word_1_105' title='bbox 2457 866 2767 911; x_wconf 85' lang='lat' dir='ltr'><strong>sanctorum</strong></span> <span class='ocrx_word' id='word_1_106' title='bbox 2810 852 3028 908; x_wconf 75' lang='lat' dir='ltr'><strong>Patrum</strong></span> <span class='ocrx_word' id='word_1_107' title='bbox 3073 852 3407 914; x_wconf 67' lang='lat' dir='ltr'><strong>convellere.</strong></span> <span class='ocrx_word' id='word_1_108' title='bbox 3443 851 3554 907; x_wconf 89' lang='lat' dir='ltr'><strong>imo</strong></span> <span class='ocrx_word' id='word_1_109' title='bbox 3586 867 3739 907; x_wconf 81' lang='lat' dir='ltr'><strong>vero</strong></span> 
     </span>
    </p>
   </div>
   <div class='ocr_carea' id='block_1_22' title="bbox 2155 943 3736 1014">
    <p class='ocr_par' dir='ltr' id='par_1_22' title="bbox 2155 943 3736 1014">
     <span class='ocr_line' id='line_1_22' title="bbox 2155 943 3736 1014; baseline 0.001 -16"><span class='ocrx_word' id='word_1_110' title='bbox 2155 947 2433 1014; x_wconf 80' lang='lat' dir='ltr'><strong>praeceptis</strong></span> <span class='ocrx_word' id='word_1_111' title='bbox 2455 944 2724 1000; x_wconf 87' lang='lat' dir='ltr'><strong>contraria</strong></span> <span class='ocrx_word' id='word_1_112' title='bbox 2748 959 2809 998; x_wconf 89' lang='lat' dir='ltr'><strong>ac</strong></span> <span class='ocrx_word' id='word_1_113' title='bbox 2835 944 2955 998; x_wconf 85' lang='lat' dir='ltr'><strong>ﬁdei</strong></span> <span class='ocrx_word' id='word_1_114' title='bbox 2992 943 3316 1001; x_wconf 66' lang='lat' dir='ltr'><strong>Christiana:</strong></span> <span class='ocrx_word' id='word_1_115' title='bbox 3358 945 3736 1014; x_wconf 72' lang='lat' dir='ltr'><strong>repugnantia</strong></span> 
     </span>
    </p>
   </div>
   <div class='ocr_carea' id='block_1_23' title="bbox 2153 1031 3736 1100">
    <p class='ocr_par' dir='ltr' id='par_1_23' title="bbox 2153 1031 3736 1100">
     <span class='ocr_line' id='line_1_23' title="bbox 2153 1031 3736 1100; baseline -0.001 -14"><span class='ocrx_word' id='word_1_116' title='bbox 2153 1033 2220 1086; x_wconf 89' lang='lat' dir='ltr'><strong>de</strong></span> <span class='ocrx_word' id='word_1_117' title='bbox 2248 1033 2540 1099; x_wconf 73' lang='lat' dir='ltr'><strong>saeratioi&#39;e</strong></span> <span class='ocrx_word' id='word_1_118' title='bbox 2573 1031 2714 1098; x_wconf 89' lang='lat' dir='ltr'><strong>loco,</strong></span> <span class='ocrx_word' id='word_1_119' title='bbox 2738 1042 2791 1086; x_wconf 91' lang='lat' dir='ltr'><strong>et</strong></span> <span class='ocrx_word' id='word_1_120' title='bbox 2814 1032 2880 1086; x_wconf 90' lang='lat' dir='ltr'><strong>de</strong></span> <span class='ocrx_word' id='word_1_121' title='bbox 2898 1032 3152 1086; x_wconf 88' lang='lat' dir='ltr'><strong>cathedra</strong></span> <span class='ocrx_word' id='word_1_122' title='bbox 3178 1031 3473 1100; x_wconf 81' lang='lat' dir='ltr'><strong>pontiﬁcali</strong></span> <span class='ocrx_word' id='word_1_123' title='bbox 3527 1032 3736 1100; x_wconf 84' lang='lat' dir='ltr'><strong>subje-</strong></span> 
     </span>
    </p>
   </div>
   <div class='ocr_carea' id='block_1_24' title="bbox 2155 1119 3740 1193">
    <p class='ocr_par' dir='ltr' id='par_1_24' title="bbox 2155 1119 3740 1193">
     <span class='ocr_line' id='line_1_24' title="bbox 2155 1119 3740 1193; baseline -0.001 -15"><span class='ocrx_word' id='word_1_124' title='bbox 2155 1125 2256 1178; x_wconf 90' lang='lat' dir='ltr'><strong>ctis</strong></span> <span class='ocrx_word' id='word_1_125' title='bbox 2280 1125 2542 1193; x_wconf 82' lang='lat' dir='ltr'><strong>ingerere.</strong></span> <span class='ocrx_word' id='word_1_126' title='bbox 2571 1119 2906 1191; x_wconf 82' lang='lat' dir='ltr'><strong>Quapropter</strong></span> <span class='ocrx_word' id='word_1_127' title='bbox 2942 1123 3036 1176; x_wconf 90' lang='lat' dir='ltr'><strong>tibi</strong></span> <span class='ocrx_word' id='word_1_128' title='bbox 3065 1123 3361 1191; x_wconf 82' lang='lat' dir='ltr'><strong>apostolica</strong></span> <span class='ocrx_word' id='word_1_129' title='bbox 3393 1123 3740 1177; x_wconf 75' lang='lat' dir='ltr'><strong>auctoritate</strong></span> 
     </span>
    </p>
   </div>
   <div class='ocr_carea' id='block_1_25' title="bbox 2154 1210 3737 1285">
    <p class='ocr_par' dir='ltr' id='par_1_25' title="bbox 2154 1210 3737 1285">
     <span class='ocr_line' id='line_1_25' title="bbox 2154 1210 3737 1285; baseline -0.001 -17"><span class='ocrx_word' id='word_1_130' title='bbox 2154 1210 2517 1285; x_wconf 52' lang='lat' dir='ltr'><strong>praecipimus,</strong></span> <span class='ocrx_word' id='word_1_131' title='bbox 2577 1223 2636 1279; x_wconf 83' lang='lat' dir='ltr'><strong>ut</strong></span> <span class='ocrx_word' id='word_1_132' title='bbox 2668 1213 2736 1267; x_wconf 81' lang='lat' dir='ltr'><strong>ad</strong></span> <span class='ocrx_word' id='word_1_133' title='bbox 2787 1213 3089 1282; x_wconf 74' lang='lat' dir='ltr'><strong>proximam</strong></span> <span class='ocrx_word' id='word_1_134' title='bbox 3145 1213 3410 1284; x_wconf 80' lang='lat' dir='ltr'><strong>synodum</strong></span> <span class='ocrx_word' id='word_1_135' title='bbox 3469 1223 3737 1267; x_wconf 85' lang='lat' dir='ltr'><strong>nostram</strong></span> 
     </span>
    </p>
   </div>
   <div class='ocr_carea' id='block_1_26' title="bbox 2157 1303 3741 1382">
    <p class='ocr_par' dir='ltr' id='par_1_26' title="bbox 2157 1303 3741 1382">
     <span class='ocr_line' id='line_1_26' title="bbox 2157 1303 3741 1382; baseline 0.001 -26"><span class='ocrx_word' id='word_1_136' title='bbox 2157 1304 2372 1375; x_wconf 82' lang='lat' dir='ltr'><strong>(prima)</strong></span> <span class='ocrx_word' id='word_1_137' title='bbox 2427 1303 2702 1382; x_wconf 70' lang='lat' dir='ltr'><strong>proximre</strong></span> <span class='ocrx_word' id='word_1_138' title='bbox 2734 1303 3201 1374; x_wconf 63' lang='lat' dir='ltr'><strong>(quadragesinm)</strong></span> <span class='ocrx_word' id='word_1_139' title='bbox 3270 1304 3612 1364; x_wconf 82' lang='lat' dir='ltr'><strong>bebdomada</strong></span> <span class='ocrx_word' id='word_1_140' title='bbox 3674 1314 3741 1358; x_wconf 83' lang='lat' dir='ltr'><strong>te</strong></span> 
     </span>
    </p>
   </div>
   <div class='ocr_carea' id='block_1_27' title="bbox 2156 1383 3741 1463">
    <p class='ocr_par' dir='ltr' id='par_1_27' title="bbox 2156 1383 3741 1463">
     <span class='ocr_line' id='line_1_27' title="bbox 2156 1383 3741 1463; baseline 0.002 -18"><span class='ocrx_word' id='word_1_141' title='bbox 2156 1403 2469 1463; x_wconf 71' lang='lat' dir='ltr'><strong>prtesentcm</strong></span> <span class='ocrx_word' id='word_1_142' title='bbox 2501 1388 2783 1457; x_wconf 72' lang='lat' dir='ltr'><strong>exhibens;</strong></span> <span class='ocrx_word' id='word_1_143' title='bbox 2821 1385 2932 1446; x_wconf 82' lang='lat' dir='ltr'><strong>tam</strong></span> <span class='ocrx_word' id='word_1_144' title='bbox 2980 1393 3046 1446; x_wconf 88' lang='lat' dir='ltr'><strong>de</strong></span> <span class='ocrx_word' id='word_1_145' title='bbox 3094 1393 3197 1447; x_wconf 85' lang='lat' dir='ltr'><strong>hac</strong></span> <span class='ocrx_word' id='word_1_146' title='bbox 3258 1383 3624 1448; x_wconf 80' lang='lat' dir='ltr'><strong>inobedientia</strong></span> <span class='ocrx_word' id='word_1_147' title='bbox 3674 1401 3741 1448; x_wconf 87' lang='lat' dir='ltr'><strong>et</strong></span> 
     </span>
    </p>
   </div>
   <div class='ocr_carea' id='block_1_28' title="bbox 2123 1473 3741 1564">
    <p class='ocr_par' dir='ltr' id='par_1_28' title="bbox 2123 1473 3741 1564">
     <span class='ocr_line' id='line_1_28' title="bbox 2123 1473 3741 1564; baseline 0.001 -27"><span class='ocrx_word' id='word_1_148' title='bbox 2123 1495 2126 1498; x_wconf 76' lang='lat'><strong>‘</strong></span> <span class='ocrx_word' id='word_1_149' title='bbox 2157 1484 2301 1538; x_wconf 80' lang='lat' dir='ltr'><strong>sedis</strong></span> <span class='ocrx_word' id='word_1_150' title='bbox 2340 1473 2660 1564; x_wconf 60' lang='grc' dir='ltr'><strong>ξιροςιοὶὶείιξ⁵</strong></span> <span class='ocrx_word' id='word_1_151' title='bbox 2679 1491 3012 1564; x_wconf 76' lang='lat' dir='ltr'><strong>contemptu,</strong></span> <span class='ocrx_word' id='word_1_152' title='bbox 3031 1491 3207 1564; x_wconf 56' lang='lat' dir='ltr'><strong>quam</strong></span> <span class='ocrx_word' id='word_1_153' title='bbox 3228 1484 3295 1540; x_wconf 87' lang='lat' dir='ltr'><strong>de</strong></span> <span class='ocrx_word' id='word_1_154' title='bbox 3323 1484 3580 1541; x_wconf 86' lang='lat' dir='ltr'><strong>omnibus</strong></span> <span class='ocrx_word' id='word_1_155' title='bbox 3600 1499 3741 1554; x_wconf 63' lang='lat' dir='ltr'><strong>qua</strong></span> 
     </span>
    </p>
   </div>
   <div class='ocr_carea' id='block_1_29' title="bbox 2156 1559 3309 1654">
    <p class='ocr_par' dir='ltr' id='par_1_29' title="bbox 2156 1559 3309 1654">
     <span class='ocr_line' id='line_1_29' title="bbox 2156 1559 3309 1654; baseline -0.002 -25"><span class='ocrx_word' id='word_1_156' title='bbox 2156 1573 2255 1629; x_wconf 84' lang='lat' dir='ltr'><strong>tibi</strong></span> <span class='ocrx_word' id='word_1_157' title='bbox 2281 1563 2611 1648; x_wconf 71' lang='lat' dir='ltr'><strong>objiciuntur</strong></span> <span class='ocrx_word' id='word_1_158' title='bbox 2623 1576 2626 1579; x_wconf 43' lang='grc' dir='ltr'>λ</span> <span class='ocrx_word' id='word_1_159' title='bbox 2637 1559 2898 1654; x_wconf 63' lang='lat' dir='ltr'><strong>canonice</strong></span> <span class='ocrx_word' id='word_1_160' title='bbox 2906 1559 3122 1653; x_wconf 44' lang='lat' dir='ltr'><strong>grespcn</strong></span> <span class='ocrx_word' id='word_1_161' title='bbox 3128 1584 3309 1636; x_wconf 75' lang='lat' dir='ltr'><strong>Surus.</strong></span> 
     </span>
    </p>
   </div>
   <div class='ocr_carea' id='block_1_30' title="bbox 2693 1656 3276 1740">
    <p class='ocr_par' dir='ltr' id='par_1_30' title="bbox 2693 1656 3276 1740">
     <span class='ocr_line' id='line_1_30' title="bbox 2693 1656 3276 1740; baseline -0.003 0"><span class='ocrx_word' id='word_1_162' title='bbox 2807 1656 2986 1729; x_wconf 67' lang='lat' dir='ltr'><strong>&quot;Xm-</strong></span> <span class='ocrx_word' id='word_1_163' title='bbox 3028 1692 3076 1738; x_wconf 60' lang='grc' dir='ltr'><strong>,τ</strong></span> <span class='ocrx_word' id='word_1_164' title='bbox 3272 1735 3276 1738; x_wconf 39' lang='grc' dir='ltr'><strong>η</strong></span> 
     </span>
    </p>
   </div>
   <div class='ocr_carea' id='block_1_31' title="bbox 2160 1747 3744 1827">
    <p class='ocr_par' dir='ltr' id='par_1_31' title="bbox 2160 1747 3744 1827">
     <span class='ocr_line' id='line_1_31' title="bbox 2160 1747 3744 1827; baseline 0.001 -20"><span class='ocrx_word' id='word_1_165' title='bbox 2160 1753 2404 1827; x_wconf 76' lang='lat' dir='ltr'><strong>Epistula</strong></span> <span class='ocrx_word' id='word_1_166' title='bbox 2425 1749 2661 1827; x_wconf 62' lang='lat' dir='ltr'><strong>Gregorii</strong></span> <span class='ocrx_word' id='word_1_167' title='bbox 2698 1749 2809 1812; x_wconf 71' lang='lat' dir='ltr'><strong><em>VU</em></strong></span> <span class='ocrx_word' id='word_1_168' title='bbox 2827 1747 3166 1827; x_wconf 38' lang='lat' dir='ltr'><strong>ud;&#39;c(erieos-‘</strong></span> <span class='ocrx_word' id='word_1_169' title='bbox 3185 1764 3236 1827; x_wconf 73' lang='lat' dir='ltr'><strong>et</strong></span> <span class='ocrx_word' id='word_1_170' title='bbox 3257 1754 3421 1808; x_wconf 69' lang='lat' dir='ltr'><strong>laico:</strong></span> <span class='ocrx_word' id='word_1_171' title='bbox 3461 1753 3744 1827; x_wconf 73' lang='lat' dir='ltr'><strong>Constan-</strong></span> 
     </span>
    </p>
   </div>
   <div class='ocr_carea' id='block_1_32' title="bbox 2213 1824 3746 1895">
    <p class='ocr_par' dir='ltr' id='par_1_32' title="bbox 2213 1824 3746 1895">
     <span class='ocr_line' id='line_1_32' title="bbox 2213 1824 3746 1895; baseline 0 -17"><span class='ocrx_word' id='word_1_172' title='bbox 2213 1826 2409 1878; x_wconf 70' lang='lat' dir='ltr'><strong>tiensis</strong></span> <span class='ocrx_word' id='word_1_173' title='bbox 2430 1824 2860 1894; x_wconf 54' lang='lat' dir='ltr'><strong>episcOpatttst—</strong></span> <span class='ocrx_word' id='word_1_174' title='bbox 2876 1824 3124 1882; x_wconf 66' lang='lat' dir='ltr'><strong>0110mm</strong></span> <span class='ocrx_word' id='word_1_175' title='bbox 3147 1825 3443 1894; x_wconf 73' lang='lat' dir='ltr'><strong>episcopum</strong></span> <span class='ocrx_word' id='word_1_176' title='bbox 3475 1825 3545 1878; x_wconf 83' lang='lat' dir='ltr'><strong>ad</strong></span> <span class='ocrx_word' id='word_1_177' title='bbox 3574 1841 3746 1895; x_wconf 58' lang='lat' dir='ltr'><strong>synob</strong></span> 
     </span>
    </p>
   </div>
   <div class='ocr_carea' id='block_1_33' title="bbox 503 1895 2070 2002">
    <p class='ocr_par' dir='ltr' id='par_1_33' title="bbox 503 1918 2060 2002">
     <span class='ocr_line' id='line_1_33' title="bbox 503 1918 2060 2002; baseline -0.017 -7"><span class='ocrx_word' id='word_1_178' title='bbox 503 1953 732 1995; x_wconf 83' lang='lat' dir='ltr'><strong>censura</strong></span> <span class='ocrx_word' id='word_1_179' title='bbox 756 1942 897 1990; x_wconf 87' lang='lat' dir='ltr'><strong>esset</strong></span> <span class='ocrx_word' id='word_1_180' title='bbox 929 1931 1116 2002; x_wconf 89' lang='lat' dir='ltr'><strong>procul</strong></span> <span class='ocrx_word' id='word_1_181' title='bbox 1143 1928 1307 1982; x_wconf 86' lang='lat' dir='ltr'><strong>dubio</strong></span> <span class='ocrx_word' id='word_1_182' title='bbox 1340 1923 1732 1992; x_wconf 87' lang='lat' dir='ltr'><strong>castigandum.</strong></span> <span class='ocrx_word' id='word_1_183' title='bbox 1757 1920 1895 1973; x_wconf 91' lang='lat' dir='ltr'><strong>Cum</strong></span> <span class='ocrx_word' id='word_1_184' title='bbox 1915 1918 2060 1971; x_wconf 92' lang='lat' dir='ltr'><strong>enim</strong></span> 
     </span>
    </p>
   </div>
   <div class='ocr_carea' id='block_1_34' title="bbox 2173 1895 2989 2002">
    <p class='ocr_par' dir='ltr' id='par_1_34' title="bbox 2229 1895 2989 2002">
     <span class='ocr_line' id='line_1_34' title="bbox 2229 1895 2989 1965; baseline 0 -19"><span class='ocrx_word' id='word_1_185' title='bbox 2229 1895 2355 1958; x_wconf 68' lang='lat' dir='ltr'><strong>dum</strong></span> <span class='ocrx_word' id='word_1_186' title='bbox 2381 1903 2624 1947; x_wconf 66' lang='lat' dir='ltr'><strong>cacatum</strong></span> <span class='ocrx_word' id='word_1_187' title='bbox 2650 1895 2889 1965; x_wconf 59' lang='lat' dir='ltr'><strong>ituntiat.</strong></span> <span class='ocrx_word' id='word_1_188' title='bbox 2969 1919 2989 1924; x_wconf 81' lang='grc'><strong>--</strong></span> 
     </span>
     <span class='ocr_line' id='line_1_35' title="bbox 2556 1979 2989 2002; baseline 0 0"><span class='ocrx_word' id='word_1_189' title='bbox 2556 1986 2557 1989; x_wconf 88' lang='lat'>‘</span> <span class='ocrx_word' id='word_1_190' title='bbox 2740 1984 2755 2002; x_wconf 78' lang='grc' dir='ltr'><em>Ι</em></span> <span class='ocrx_word' id='word_1_191' title='bbox 2772 1983 2789 2002; x_wconf 74' lang='grc' dir='ltr'>ι</span> <span class='ocrx_word' id='word_1_192' title='bbox 2809 1980 2830 2002; x_wconf 64' lang='lat'><strong>&#39;,</strong></span> <span class='ocrx_word' id='word_1_193' title='bbox 2889 1979 2915 2002; x_wconf 73' lang='grc'><strong>-’</strong></span> <span class='ocrx_word' id='word_1_194' title='bbox 2960 1983 2989 2002; x_wconf 52' lang='grc' dir='ltr'><strong>Ιη</strong></span> 
     </span>
    </p>
   </div>
   <div class='ocr_carea' id='block_1_35' title="bbox 503 2007 2058 2101">
    <p class='ocr_par' dir='ltr' id='par_1_35' title="bbox 503 2007 2058 2101">
     <span class='ocr_line' id='line_1_36' title="bbox 503 2007 2058 2101; baseline -0.017 -15"><span class='ocrx_word' id='word_1_195' title='bbox 503 2029 792 2101; x_wconf 72' lang='lat' dir='ltr'><strong>apostolica</strong></span> <span class='ocrx_word' id='word_1_196' title='bbox 822 2022 1140 2078; x_wconf 87' lang='lat' dir='ltr'><strong>auctoritate</strong></span> <span class='ocrx_word' id='word_1_197' title='bbox 1162 2027 1217 2071; x_wconf 90' lang='lat' dir='ltr'><strong>et</strong></span> <span class='ocrx_word' id='word_1_198' title='bbox 1237 2013 1482 2069; x_wconf 78' lang='lat' dir='ltr'><strong>veridicis</strong></span> <span class='ocrx_word' id='word_1_199' title='bbox 1505 2020 1817 2101; x_wconf 76' lang='lat' dir='ltr'><strong>sanetorum</strong></span> <span class='ocrx_word' id='word_1_200' title='bbox 1839 2007 2058 2101; x_wconf 78' lang='lat' dir='ltr'><strong>Patrum</strong></span> 
     </span>
    </p>
   </div>
   <div class='ocr_carea' id='block_1_36' title="bbox 505 2099 2061 2174">
    <p class='ocr_par' dir='ltr' id='par_1_36' title="bbox 505 2099 2061 2174">
     <span class='ocr_line' id='line_1_37' title="bbox 505 2099 2061 2174; baseline -0.015 -1"><span class='ocrx_word' id='word_1_201' title='bbox 505 2099 787 2174; x_wconf 70' lang='lat' dir='ltr'><strong>sententiis</strong></span> <span class='ocrx_word' id='word_1_202' title='bbox 847 2111 1075 2172; x_wconf 85' lang='lat' dir='ltr'><strong>incitati,</strong></span> <span class='ocrx_word' id='word_1_203' title='bbox 1137 2108 1202 2161; x_wconf 88' lang='lat' dir='ltr'><strong>ad</strong></span> <span class='ocrx_word' id='word_1_204' title='bbox 1258 2103 1640 2171; x_wconf 82' lang='lat' dir='ltr'><strong>eliminandam</strong></span> <span class='ocrx_word' id='word_1_205' title='bbox 1700 2099 2061 2153; x_wconf 82' lang='lat' dir='ltr'><strong>Simoniacam</strong></span> 
     </span>
    </p>
   </div>
   <div class='ocr_carea' id='block_1_37' title="bbox 507 2187 2059 2271">
    <p class='ocr_par' dir='ltr' id='par_1_37' title="bbox 507 2187 2059 2271">
     <span class='ocr_line' id='line_1_38' title="bbox 507 2187 2059 2271; baseline -0.019 -5"><span class='ocrx_word' id='word_1_206' title='bbox 507 2209 753 2266; x_wconf 82' lang='lat' dir='ltr'><strong>lnercsiui</strong></span> <span class='ocrx_word' id='word_1_207' title='bbox 801 2214 854 2257; x_wconf 86' lang='lat' dir='ltr'><strong>et</strong></span> <span class='ocrx_word' id='word_1_208' title='bbox 912 2195 1325 2271; x_wconf 68' lang='lat' dir='ltr'><strong>praecipiendum</strong></span> <span class='ocrx_word' id='word_1_209' title='bbox 1374 2192 1691 2246; x_wconf 86' lang='lat' dir='ltr'><strong>clericorum</strong></span> <span class='ocrx_word' id='word_1_210' title='bbox 1733 2187 2059 2249; x_wconf 79' lang='lat' dir='ltr'><strong>castitatem,</strong></span> 
     </span>
    </p>
   </div>
   <div class='ocr_carea' id='block_1_38' title="bbox 505 2277 2061 2371">
    <p class='ocr_par' dir='ltr' id='par_1_38' title="bbox 505 2277 2061 2371">
     <span class='ocr_line' id='line_1_39' title="bbox 505 2277 2061 2371; baseline -0.015 -18"><span class='ocrx_word' id='word_1_211' title='bbox 505 2318 603 2371; x_wconf 89' lang='lat' dir='ltr'><strong>pro</strong></span> <span class='ocrx_word' id='word_1_212' title='bbox 627 2298 798 2352; x_wconf 85' lang='lat' dir='ltr'><strong>nostri</strong></span> <span class='ocrx_word' id='word_1_213' title='bbox 836 2292 991 2348; x_wconf 76' lang='lat' dir='ltr'><strong>ol‘ﬁeii</strong></span> <span class='ocrx_word' id='word_1_214' title='bbox 1029 2289 1208 2344; x_wconf 73' lang='lat' dir='ltr'><strong>debito</strong></span> <span class='ocrx_word' id='word_1_215' title='bbox 1233 2284 1564 2346; x_wconf 75' lang='lat' dir='ltr'><strong>exarsimus;</strong></span> <span class='ocrx_word' id='word_1_216' title='bbox 1611 2277 1926 2348; x_wconf 82' lang='lat' dir='ltr'><strong>Moguntino</strong></span> <span class='ocrx_word' id='word_1_217' title='bbox 1967 2290 2061 2330; x_wconf 87' lang='lat' dir='ltr'><strong>ve-</strong></span> 
     </span>
    </p>
   </div>
   <div class='ocr_carea' id='block_1_39' title="bbox 507 2365 2064 2450">
    <p class='ocr_par' dir='ltr' id='par_1_39' title="bbox 507 2365 2064 2450">
     <span class='ocr_line' id='line_1_40' title="bbox 507 2365 2064 2450; baseline -0.017 -5"><span class='ocrx_word' id='word_1_218' title='bbox 507 2365 732 2445; x_wconf 67' lang='lat' dir='ltr'><strong>nerabili</strong></span> <span class='ocrx_word' id='word_1_219' title='bbox 780 2380 1183 2450; x_wconf 81' lang='lat' dir='ltr'><strong>archiepiscopo</strong></span> <span class='ocrx_word' id='word_1_220' title='bbox 1229 2371 1487 2429; x_wconf 85' lang='lat' dir='ltr'><strong>conlratri</strong></span> <span class='ocrx_word' id='word_1_221' title='bbox 1531 2377 1740 2433; x_wconf 90' lang='lat' dir='ltr'><strong>nostro,</strong></span> <span class='ocrx_word' id='word_1_222' title='bbox 1771 2367 1857 2421; x_wconf 91' lang='lat' dir='ltr'><strong>cui</strong></span> <span class='ocrx_word' id='word_1_223' title='bbox 1885 2365 2064 2435; x_wconf 89' lang='lat' dir='ltr'><strong>plures</strong></span> 
     </span>
    </p>
   </div>
   <div class='ocr_carea' id='block_1_40' title="bbox 505 2454 2063 2542">
    <p class='ocr_par' dir='ltr' id='par_1_40' title="bbox 505 2454 2063 2542">
     <span class='ocr_line' id='line_1_41' title="bbox 505 2454 2063 2542; baseline -0.015 -14"><span class='ocrx_word' id='word_1_224' title='bbox 505 2490 560 2532; x_wconf 63' lang='lat' dir='ltr'><strong>et</strong></span> <span class='ocrx_word' id='word_1_225' title='bbox 592 2479 695 2530; x_wconf 59' lang='lat' dir='ltr'><strong>late</strong></span> <span class='ocrx_word' id='word_1_226' title='bbox 726 2471 949 2542; x_wconf 77' lang='lat' dir='ltr'><strong>dispersi</strong></span> <span class='ocrx_word' id='word_1_227' title='bbox 973 2464 1293 2534; x_wconf 80' lang='lat' dir='ltr'><strong>suﬂ&#39;ragunei</strong></span> <span class='ocrx_word' id='word_1_228' title='bbox 1318 2469 1462 2525; x_wconf 89' lang='lat' dir='ltr'><strong>sunt,</strong></span> <span class='ocrx_word' id='word_1_229' title='bbox 1483 2458 1587 2513; x_wconf 85' lang='lat' dir='ltr'><strong>hoc</strong></span> <span class='ocrx_word' id='word_1_230' title='bbox 1613 2454 2063 2511; x_wconf 76' lang='lat' dir='ltr'><strong>obedientizmnu-</strong></span> 
     </span>
    </p>
   </div>
   <div class='ocr_carea' id='block_1_41' title="bbox 509 2545 2066 2634">
    <p class='ocr_par' dir='ltr' id='par_1_41' title="bbox 509 2545 2066 2634">
     <span class='ocr_line' id='line_1_42' title="bbox 509 2545 2066 2634; baseline -0.017 -12"><span class='ocrx_word' id='word_1_231' title='bbox 509 2586 612 2622; x_wconf 80' lang='lat' dir='ltr'><strong>nus</strong></span> <span class='ocrx_word' id='word_1_232' title='bbox 635 2565 966 2634; x_wconf 73' lang='lat' dir='ltr'><strong>injunximus</strong></span> <span class='ocrx_word' id='word_1_233' title='bbox 992 2567 1051 2611; x_wconf 92' lang='lat' dir='ltr'><strong>ut</strong></span> <span class='ocrx_word' id='word_1_234' title='bbox 1077 2565 1183 2609; x_wconf 87' lang='lat' dir='ltr'><strong>tam</strong></span> <span class='ocrx_word' id='word_1_235' title='bbox 1220 2569 1313 2623; x_wconf 86' lang='lat' dir='ltr'><strong>per</strong></span> <span class='ocrx_word' id='word_1_236' title='bbox 1344 2568 1402 2608; x_wconf 91' lang='lat' dir='ltr'><strong>se</strong></span> <span class='ocrx_word' id='word_1_237' title='bbox 1427 2565 1588 2620; x_wconf 91' lang='lat' dir='ltr'><strong>quam</strong></span> <span class='ocrx_word' id='word_1_238' title='bbox 1612 2563 1706 2618; x_wconf 90' lang='lat' dir='ltr'><strong>per</strong></span> <span class='ocrx_word' id='word_1_239' title='bbox 1728 2545 2066 2614; x_wconf 83' lang='lat' dir='ltr'><strong>coadjutorcs</strong></span> 
     </span>
    </p>
   </div>
   <div class='ocr_carea' id='block_1_42' title="bbox 510 2634 2066 2709">
    <p class='ocr_par' dir='ltr' id='par_1_42' title="bbox 510 2634 2066 2709">
     <span class='ocr_line' id='line_1_43' title="bbox 510 2634 2066 2709; baseline -0.014 0"><span class='ocrx_word' id='word_1_240' title='bbox 510 2672 640 2709; x_wconf 78' lang='lat' dir='ltr'><strong>suos</strong></span> <span class='ocrx_word' id='word_1_241' title='bbox 663 2655 764 2706; x_wconf 85' lang='lat' dir='ltr'><strong>hoc</strong></span> <span class='ocrx_word' id='word_1_242' title='bbox 790 2649 1046 2702; x_wconf 74' lang='lat' dir='ltr'><strong>Romana:</strong></span> <span class='ocrx_word' id='word_1_243' title='bbox 1079 2643 1330 2698; x_wconf 66' lang='lat' dir='ltr'><strong>Ecclesiae</strong></span> <span class='ocrx_word' id='word_1_244' title='bbox 1365 2641 1635 2695; x_wconf 89' lang='lat' dir='ltr'><strong>decretum</strong></span> <span class='ocrx_word' id='word_1_245' title='bbox 1666 2635 1922 2691; x_wconf 89' lang='lat' dir='ltr'><strong>universo</strong></span> <span class='ocrx_word' id='word_1_246' title='bbox 1959 2634 2066 2689; x_wconf 88' lang='lat' dir='ltr'><strong>cle-</strong></span> 
     </span>
    </p>
   </div>
   <div class='ocr_carea' id='block_1_43' title="bbox 511 2726 2065 2803">
    <p class='ocr_par' dir='ltr' id='par_1_43' title="bbox 511 2726 2065 2803">
     <span class='ocr_line' id='line_1_44' title="bbox 511 2726 2065 2803; baseline -0.014 -4"><span class='ocrx_word' id='word_1_247' title='bbox 511 2763 572 2799; x_wconf 87' lang='lat' dir='ltr'><strong>ro</strong></span> <span class='ocrx_word' id='word_1_248' title='bbox 597 2742 892 2798; x_wconf 78' lang='lat' dir='ltr'><strong>studiosius</strong></span> <span class='ocrx_word' id='word_1_249' title='bbox 913 2737 1226 2800; x_wconf 86' lang='lat' dir='ltr'><strong>inculcaret,</strong></span> <span class='ocrx_word' id='word_1_250' title='bbox 1258 2742 1312 2787; x_wconf 88' lang='lat' dir='ltr'><strong>et</strong></span> <span class='ocrx_word' id='word_1_251' title='bbox 1356 2730 1730 2786; x_wconf 76' lang='lat' dir='ltr'><strong>inviolabiliter</strong></span> <span class='ocrx_word' id='word_1_252' title='bbox 1772 2726 2065 2803; x_wconf 88' lang='lat' dir='ltr'><strong>tenendum</strong></span> 
     </span>
    </p>
   </div>
   <div class='ocr_carea' id='block_1_44' title="bbox 510 2817 2066 2906">
    <p class='ocr_par' dir='ltr' id='par_1_44' title="bbox 510 2817 2066 2906">
     <span class='ocr_line' id='line_1_45' title="bbox 510 2817 2066 2906; baseline -0.015 -16"><span class='ocrx_word' id='word_1_253' title='bbox 510 2843 830 2906; x_wconf 56' lang='lat' dir='ltr'><strong>promineret</strong></span> <span class='ocrx_word' id='word_1_254' title='bbox 853 2850 866 2896; x_wconf 88' lang='lat'><strong>;</strong></span> <span class='ocrx_word' id='word_1_255' title='bbox 906 2829 1001 2883; x_wconf 83' lang='lat' dir='ltr'><strong>tibi</strong></span> <span class='ocrx_word' id='word_1_256' title='bbox 1032 2841 1268 2896; x_wconf 87' lang='lat' dir='ltr'><strong>quoque,</strong></span> <span class='ocrx_word' id='word_1_257' title='bbox 1293 2823 1378 2878; x_wconf 88' lang='lat' dir='ltr'><strong>cui</strong></span> <span class='ocrx_word' id='word_1_258' title='bbox 1401 2821 1664 2892; x_wconf 89' lang='lat' dir='ltr'><strong>plurimus</strong></span> <span class='ocrx_word' id='word_1_259' title='bbox 1684 2817 2066 2872; x_wconf 82' lang='lat' dir='ltr'><strong>Constantien-</strong></span> 
     </span>
    </p>
   </div>
   <div class='ocr_carea' id='block_1_45' title="bbox 510 2907 2065 2993">
    <p class='ocr_par' dir='ltr' id='par_1_45' title="bbox 510 2907 2065 2993">
     <span class='ocr_line' id='line_1_46' title="bbox 510 2907 2065 2993; baseline -0.013 -13"><span class='ocrx_word' id='word_1_260' title='bbox 510 2928 587 2980; x_wconf 80' lang='lat' dir='ltr'><strong>sis</strong></span> <span class='ocrx_word' id='word_1_261' title='bbox 609 2922 865 2993; x_wconf 80' lang='lat' dir='ltr'><strong>rpiscopii</strong></span> <span class='ocrx_word' id='word_1_262' title='bbox 888 2921 1064 2974; x_wconf 87' lang='lat' dir='ltr'><strong>clertts</strong></span> <span class='ocrx_word' id='word_1_263' title='bbox 1094 2926 1148 2970; x_wconf 89' lang='lat' dir='ltr'><strong>et</strong></span> <span class='ocrx_word' id='word_1_264' title='bbox 1178 2915 1407 2984; x_wconf 87' lang='lat' dir='ltr'><strong>populus</strong></span> <span class='ocrx_word' id='word_1_265' title='bbox 1432 2909 1761 2981; x_wconf 83' lang='lat' dir='ltr'><strong>amplissime</strong></span> <span class='ocrx_word' id='word_1_266' title='bbox 1793 2907 2065 2970; x_wconf 86' lang='lat' dir='ltr'><strong>dilatatus,</strong></span> 
     </span>
    </p>
   </div>
   <div class='ocr_carea' id='block_1_46' title="bbox 509 2997 2070 3075">
    <p class='ocr_par' dir='ltr' id='par_1_46' title="bbox 509 2997 2070 3075">
     <span class='ocr_line' id='line_1_47' title="bbox 509 2997 2070 3075; baseline -0.014 -4"><span class='ocrx_word' id='word_1_267' title='bbox 509 3019 580 3072; x_wconf 82' lang='lat' dir='ltr'><strong>ob</strong></span> <span class='ocrx_word' id='word_1_268' title='bbox 604 3015 848 3069; x_wconf 80' lang='lat' dir='ltr'><strong>eamdem</strong></span> <span class='ocrx_word' id='word_1_269' title='bbox 882 3024 1102 3068; x_wconf 85' lang='lat' dir='ltr'><strong>causam</strong></span> <span class='ocrx_word' id='word_1_270' title='bbox 1149 3006 1409 3075; x_wconf 87' lang='lat' dir='ltr'><strong>speciales</strong></span> <span class='ocrx_word' id='word_1_271' title='bbox 1431 3004 1636 3057; x_wconf 79' lang='lat' dir='ltr'><strong>litteras</strong></span> <span class='ocrx_word' id='word_1_272' title='bbox 1665 2999 1877 3062; x_wconf 90' lang='lat' dir='ltr'><strong>cudere,</strong></span> <span class='ocrx_word' id='word_1_273' title='bbox 1924 2997 2070 3050; x_wconf 87' lang='lat' dir='ltr'><strong>bulla</strong></span> 
     </span>
    </p>
   </div>
   <div class='ocr_carea' id='block_1_47' title="bbox 513 3084 2069 3172">
    <p class='ocr_par' dir='ltr' id='par_1_47' title="bbox 513 3084 2069 3172">
     <span class='ocr_line' id='line_1_48' title="bbox 513 3084 2069 3172; baseline -0.015 -11"><span class='ocrx_word' id='word_1_274' title='bbox 513 3115 699 3160; x_wconf 82' lang='lat' dir='ltr'><strong>nostra</strong></span> <span class='ocrx_word' id='word_1_275' title='bbox 719 3102 1032 3172; x_wconf 83' lang='lat' dir='ltr'><strong>impressas,</strong></span> <span class='ocrx_word' id='word_1_276' title='bbox 1053 3095 1311 3158; x_wconf 87' lang='lat' dir='ltr'><strong>collibuit,</strong></span> <span class='ocrx_word' id='word_1_277' title='bbox 1366 3106 1597 3162; x_wconf 85' lang='lat' dir='ltr'><strong>quarum</strong></span> <span class='ocrx_word' id='word_1_278' title='bbox 1629 3087 1796 3142; x_wconf 73' lang='lat' dir='ltr'><strong>fultus</strong></span> <span class='ocrx_word' id='word_1_279' title='bbox 1829 3084 2069 3139; x_wconf 87' lang='lat' dir='ltr'><strong>auctori-</strong></span> 
     </span>
    </p>
   </div>
   <div class='ocr_carea' id='block_1_48' title="bbox 513 3175 2072 3254">
    <p class='ocr_par' dir='ltr' id='par_1_48' title="bbox 513 3175 2072 3254">
     <span class='ocr_line' id='line_1_49' title="bbox 513 3175 2072 3254; baseline -0.016 -4"><span class='ocrx_word' id='word_1_280' title='bbox 513 3206 620 3250; x_wconf 89' lang='lat' dir='ltr'><strong>tate</strong></span> <span class='ocrx_word' id='word_1_281' title='bbox 647 3194 814 3248; x_wconf 87' lang='lat' dir='ltr'><strong>tutius</strong></span> <span class='ocrx_word' id='word_1_282' title='bbox 847 3188 1255 3254; x_wconf 86' lang='lat' dir='ltr'><strong>animosiusque</strong></span> <span class='ocrx_word' id='word_1_283' title='bbox 1294 3179 1572 3252; x_wconf 66' lang='lat' dir='ltr'><strong>praeceptis</strong></span> <span class='ocrx_word' id='word_1_284' title='bbox 1615 3175 1817 3230; x_wconf 83' lang='lat' dir='ltr'><strong>nostris</strong></span> <span class='ocrx_word' id='word_1_285' title='bbox 1862 3175 2072 3228; x_wconf 89' lang='lat' dir='ltr'><strong>obtem-</strong></span> 
     </span>
    </p>
   </div>
   <div class='ocr_carea' id='block_1_49' title="bbox 2736 1979 3135 2061">
    <p class='ocr_par' dir='ltr' id='par_1_49' title="bbox 2736 1979 3135 2061">
     <span class='ocr_line' id='line_1_50' title="bbox 2736 1979 3135 2061; baseline -0.003 -23"><span class='ocrx_word' id='word_1_286' title='bbox 2736 1979 2918 2061; x_wconf 63' lang='lat' dir='ltr'><strong>(anno</strong></span> <span class='ocrx_word' id='word_1_287' title='bbox 2949 1981 3135 2052; x_wconf 69' lang='grc'><strong>1064.)</strong></span> 
     </span>
    </p>
   </div>
   <div class='ocr_carea' id='block_1_50' title="bbox 2550 2064 3328 2148">
    <p class='ocr_par' dir='ltr' id='par_1_50' title="bbox 2550 2064 3328 2148">
     <span class='ocr_line' id='line_1_51' title="bbox 2550 2064 3328 2148; baseline -0.001 -21"><span class='ocrx_word' id='word_1_288' title='bbox 2550 2064 2994 2148; x_wconf 58' lang='lat' dir='ltr'><strong>[MauanonciL</strong></span> <span class='ocrx_word' id='word_1_289' title='bbox 3033 2073 3150 2140; x_wconf 72' lang='lat' dir='ltr'><strong>XX,</strong></span> <span class='ocrx_word' id='word_1_290' title='bbox 3179 2072 3328 2145; x_wconf 73' lang='lat'><strong>69.7.]</strong></span> 
     </span>
    </p>
   </div>
   <div class='ocr_carea' id='block_1_51' title="bbox 2230 2165 3737 2235">
    <p class='ocr_par' dir='ltr' id='par_1_51' title="bbox 2230 2165 3737 2235">
     <span class='ocr_line' id='line_1_52' title="bbox 2230 2165 3737 2235; baseline 0 -13"><span class='ocrx_word' id='word_1_291' title='bbox 2230 2168 2533 2222; x_wconf 75' lang='lat' dir='ltr'><strong>Gnscoairs</strong></span> <span class='ocrx_word' id='word_1_292' title='bbox 2567 2166 2874 2235; x_wconf 87' lang='lat' dir='ltr'><strong>episcopus,</strong></span> <span class='ocrx_word' id='word_1_293' title='bbox 2907 2181 3097 2222; x_wconf 87' lang='lat' dir='ltr'><strong>servus</strong></span> <span class='ocrx_word' id='word_1_294' title='bbox 3137 2181 3418 2231; x_wconf 81' lang='lat' dir='ltr'><strong>servorum</strong></span> <span class='ocrx_word' id='word_1_295' title='bbox 3455 2165 3573 2233; x_wconf 85' lang='lat' dir='ltr'><strong>Dei,</strong></span> <span class='ocrx_word' id='word_1_296' title='bbox 3612 2167 3737 2222; x_wconf 71' lang='lat' dir='ltr'><strong>cie-</strong></span> 
     </span>
    </p>
   </div>
   <div class='ocr_carea' id='block_1_52' title="bbox 2160 2255 3738 2333">
    <p class='ocr_par' dir='ltr' id='par_1_52' title="bbox 2160 2255 3738 2333">
     <span class='ocr_line' id='line_1_53' title="bbox 2160 2255 3738 2333; baseline 0.003 -24"><span class='ocrx_word' id='word_1_297' title='bbox 2160 2257 2290 2311; x_wconf 88' lang='lat' dir='ltr'><strong>ricis</strong></span> <span class='ocrx_word' id='word_1_298' title='bbox 2319 2257 2547 2310; x_wconf 88' lang='lat' dir='ltr'><strong>etlaicis</strong></span> <span class='ocrx_word' id='word_1_299' title='bbox 2570 2256 2868 2325; x_wconf 85' lang='lat' dir='ltr'><strong>majoribus</strong></span> <span class='ocrx_word' id='word_1_300' title='bbox 2914 2264 2968 2310; x_wconf 87' lang='lat' dir='ltr'><strong>et</strong></span> <span class='ocrx_word' id='word_1_301' title='bbox 3018 2257 3338 2333; x_wconf 84' lang='lat' dir='ltr'><strong>minoribus,</strong></span> <span class='ocrx_word' id='word_1_302' title='bbox 3359 2255 3414 2309; x_wconf 91' lang='lat' dir='ltr'><strong>in</strong></span> <span class='ocrx_word' id='word_1_303' title='bbox 3449 2256 3738 2312; x_wconf 87' lang='lat' dir='ltr'><strong>Constan-</strong></span> 
     </span>
    </p>
   </div>
   <div class='ocr_carea' id='block_1_53' title="bbox 2161 2342 3738 2422">
    <p class='ocr_par' dir='ltr' id='par_1_53' title="bbox 2161 2342 3738 2422">
     <span class='ocr_line' id='line_1_54' title="bbox 2161 2342 3738 2422; baseline 0 -20"><span class='ocrx_word' id='word_1_304' title='bbox 2161 2347 2322 2403; x_wconf 91' lang='lat' dir='ltr'><strong>tiensi</strong></span> <span class='ocrx_word' id='word_1_305' title='bbox 2343 2347 2654 2416; x_wconf 88' lang='lat' dir='ltr'><strong>episcopatu</strong></span> <span class='ocrx_word' id='word_1_306' title='bbox 2677 2342 3118 2411; x_wconf 86' lang='lat' dir='ltr'><strong>consistentibus,</strong></span> <span class='ocrx_word' id='word_1_307' title='bbox 3161 2344 3526 2422; x_wconf 85' lang='lat' dir='ltr'><strong>Christianam</strong></span> <span class='ocrx_word' id='word_1_308' title='bbox 3554 2348 3738 2417; x_wconf 84' lang='lat' dir='ltr'><strong>legem</strong></span> 
     </span>
    </p>
   </div>
   <div class='ocr_carea' id='block_1_54' title="bbox 2161 2437 3735 2509">
    <p class='ocr_par' dir='ltr' id='par_1_54' title="bbox 2161 2437 3735 2509">
     <span class='ocr_line' id='line_1_55' title="bbox 2161 2437 3735 2509; baseline -0.003 -14"><span class='ocrx_word' id='word_1_309' title='bbox 2161 2439 2526 2508; x_wconf 76' lang='lat' dir='ltr'><strong>diligentibus,</strong></span> <span class='ocrx_word' id='word_1_310' title='bbox 2563 2437 2788 2492; x_wconf 84' lang='lat' dir='ltr'><strong>salutem</strong></span> <span class='ocrx_word' id='word_1_311' title='bbox 2803 2445 2856 2491; x_wconf 91' lang='lat' dir='ltr'><strong>et</strong></span> <span class='ocrx_word' id='word_1_312' title='bbox 2878 2437 3230 2509; x_wconf 84' lang='lat' dir='ltr'><strong>apostolicam</strong></span> <span class='ocrx_word' id='word_1_313' title='bbox 3263 2437 3735 2493; x_wconf 83' lang='lat' dir='ltr'><strong>benedictionem.</strong></span> 
     </span>
    </p>
   </div>
   <div class='ocr_carea' id='block_1_55' title="bbox 2232 2525 3738 2598">
    <p class='ocr_par' dir='ltr' id='par_1_55' title="bbox 2232 2525 3738 2598">
     <span class='ocr_line' id='line_1_56' title="bbox 2232 2525 3738 2598; baseline -0.001 -14"><span class='ocrx_word' id='word_1_314' title='bbox 2232 2530 2476 2584; x_wconf 72' lang='lat' dir='ltr'><strong>Misimus</strong></span> <span class='ocrx_word' id='word_1_315' title='bbox 2505 2529 2657 2584; x_wconf 79' lang='lat' dir='ltr'><strong>fratri</strong></span> <span class='ocrx_word' id='word_1_316' title='bbox 2701 2538 2908 2594; x_wconf 90' lang='lat' dir='ltr'><strong>nostro,</strong></span> <span class='ocrx_word' id='word_1_317' title='bbox 2972 2529 3225 2598; x_wconf 80' lang='lat' dir='ltr'><strong>episcOpo</strong></span> <span class='ocrx_word' id='word_1_318' title='bbox 3277 2537 3481 2593; x_wconf 85' lang='lat' dir='ltr'><strong>vestro,</strong></span> <span class='ocrx_word' id='word_1_319' title='bbox 3538 2525 3738 2583; x_wconf 83' lang='lat' dir='ltr'><strong>Ottoni</strong></span> 
     </span>
    </p>
   </div>
   <div class='ocr_carea' id='block_1_56' title="bbox 2162 2617 3739 2687">
    <p class='ocr_par' dir='ltr' id='par_1_56' title="bbox 2162 2617 3739 2687">
     <span class='ocr_line' id='line_1_57' title="bbox 2162 2617 3739 2687; baseline -0.002 -12"><span class='ocrx_word' id='word_1_320' title='bbox 2162 2622 2368 2676; x_wconf 89' lang='lat' dir='ltr'><strong>litteras</strong></span> <span class='ocrx_word' id='word_1_321' title='bbox 2389 2617 2930 2686; x_wconf 43' lang='lat' dir='ltr'><strong>exhortatori‘as,’per</strong></span> <span class='ocrx_word' id='word_1_322' title='bbox 2955 2634 3092 2687; x_wconf 89' lang='lat' dir='ltr'><strong>quas</strong></span> <span class='ocrx_word' id='word_1_323' title='bbox 3112 2633 3210 2687; x_wconf 90' lang='lat' dir='ltr'><strong>pro</strong></span> <span class='ocrx_word' id='word_1_324' title='bbox 3261 2619 3433 2672; x_wconf 89' lang='lat' dir='ltr'><strong>nostri</strong></span> <span class='ocrx_word' id='word_1_325' title='bbox 3485 2619 3739 2674; x_wconf 87' lang='lat' dir='ltr'><strong>necessi-</strong></span> 
     </span>
    </p>
   </div>
   <div class='ocr_carea' id='block_1_57' title="bbox 2164 2708 3739 2779">
    <p class='ocr_par' dir='ltr' id='par_1_57' title="bbox 2164 2708 3739 2779">
     <span class='ocr_line' id='line_1_58' title="bbox 2164 2708 3739 2779; baseline 0.001 -15"><span class='ocrx_word' id='word_1_326' title='bbox 2164 2720 2270 2764; x_wconf 88' lang='lat' dir='ltr'><strong>tate</strong></span> <span class='ocrx_word' id='word_1_327' title='bbox 2295 2709 2452 2764; x_wconf 82' lang='lat' dir='ltr'><strong>cilicii</strong></span> <span class='ocrx_word' id='word_1_328' title='bbox 2474 2709 2770 2779; x_wconf 89' lang='lat' dir='ltr'><strong>apostolica</strong></span> <span class='ocrx_word' id='word_1_329' title='bbox 2818 2708 3138 2763; x_wconf 82' lang='lat' dir='ltr'><strong>auctoritate</strong></span> <span class='ocrx_word' id='word_1_330' title='bbox 3179 2708 3517 2778; x_wconf 69' lang='lat' dir='ltr'><strong>iniunximus</strong></span> <span class='ocrx_word' id='word_1_331' title='bbox 3550 2709 3629 2764; x_wconf 84' lang='lat' dir='ltr'><strong>illi</strong></span> <span class='ocrx_word' id='word_1_332' title='bbox 3674 2719 3739 2765; x_wconf 83' lang='lat' dir='ltr'><strong>ut</strong></span> 
     </span>
    </p>
   </div>
   <div class='ocr_carea' id='block_1_58' title="bbox 2167 2798 3741 2876">
    <p class='ocr_par' dir='ltr' id='par_1_58' title="bbox 2167 2798 3741 2876">
     <span class='ocr_line' id='line_1_59' title="bbox 2167 2798 3741 2876; baseline 0 -21"><span class='ocrx_word' id='word_1_333' title='bbox 2167 2801 2528 2876; x_wconf 79' lang='lat' dir='ltr'><strong>Simouiaeam</strong></span> <span class='ocrx_word' id='word_1_334' title='bbox 2593 2800 2841 2854; x_wconf 79' lang='lat' dir='ltr'><strong>haeresim</strong></span> <span class='ocrx_word' id='word_1_335' title='bbox 2883 2799 2951 2853; x_wconf 89' lang='lat' dir='ltr'><strong>de</strong></span> <span class='ocrx_word' id='word_1_336' title='bbox 2983 2798 3220 2857; x_wconf 82' lang='lat' dir='ltr'><strong>Ecclesia</strong></span> <span class='ocrx_word' id='word_1_337' title='bbox 3252 2801 3469 2868; x_wconf 87' lang='lat' dir='ltr'><strong>penitus</strong></span> <span class='ocrx_word' id='word_1_338' title='bbox 3503 2814 3602 2854; x_wconf 86' lang='lat' dir='ltr'><strong>sua</strong></span> <span class='ocrx_word' id='word_1_339' title='bbox 3637 2815 3741 2855; x_wconf 76' lang='lat' dir='ltr'><strong>ex-</strong></span> 
     </span>
    </p>
   </div>
   <div class='ocr_carea' id='block_1_59' title="bbox 2165 2890 3741 2961">
    <p class='ocr_par' dir='ltr' id='par_1_59' title="bbox 2165 2890 3741 2961">
     <span class='ocr_line' id='line_1_60' title="bbox 2165 2890 3741 2961; baseline 0 -17"><span class='ocrx_word' id='word_1_340' title='bbox 2165 2892 2495 2955; x_wconf 87' lang='lat' dir='ltr'><strong>cluderet,et</strong></span> <span class='ocrx_word' id='word_1_341' title='bbox 2528 2891 2826 2948; x_wconf 77' lang='lat' dir='ltr'><strong>castitatem</strong></span> <span class='ocrx_word' id='word_1_342' title='bbox 2880 2890 3202 2944; x_wconf 84' lang='lat' dir='ltr'><strong>clericorum</strong></span> <span class='ocrx_word' id='word_1_343' title='bbox 3253 2891 3496 2945; x_wconf 86' lang='lat' dir='ltr'><strong>studiose</strong></span> <span class='ocrx_word' id='word_1_344' title='bbox 3537 2892 3741 2961; x_wconf 64' lang='lat' dir='ltr'><strong>prtuli-</strong></span> 
     </span>
    </p>
   </div>
   <div class='ocr_carea' id='block_1_60' title="bbox 2166 2975 3736 3052">
    <p class='ocr_par' dir='ltr' id='par_1_60' title="bbox 2166 2975 3736 3052">
     <span class='ocr_line' id='line_1_61' title="bbox 2166 2975 3736 3052; baseline -0.001 -15"><span class='ocrx_word' id='word_1_345' title='bbox 2166 2980 2392 3049; x_wconf 83' lang='lat' dir='ltr'><strong>candam</strong></span> <span class='ocrx_word' id='word_1_346' title='bbox 2416 2981 2732 3049; x_wconf 85' lang='lat' dir='ltr'><strong>susciperet,</strong></span> <span class='ocrx_word' id='word_1_347' title='bbox 2754 2989 2807 3034; x_wconf 85' lang='lat' dir='ltr'><strong>et</strong></span> <span class='ocrx_word' id='word_1_348' title='bbox 2833 2981 3058 3037; x_wconf 83' lang='lat' dir='ltr'><strong>ﬁrmiter</strong></span> <span class='ocrx_word' id='word_1_349' title='bbox 3089 2975 3374 3042; x_wconf 82' lang='lat' dir='ltr'><strong>tenendam</strong></span> <span class='ocrx_word' id='word_1_350' title='bbox 3427 2981 3736 3052; x_wconf 80' lang='lat' dir='ltr'><strong>episcopali</strong></span> 
     </span>
    </p>
   </div>
   <div class='ocr_carea' id='block_1_61' title="bbox 2167 3058 3742 3146">
    <p class='ocr_par' dir='ltr' id='par_1_61' title="bbox 2167 3058 3742 3146">
     <span class='ocr_line' id='line_1_62' title="bbox 2167 3058 3742 3146; baseline 0 -20"><span class='ocrx_word' id='word_1_351' title='bbox 2167 3058 2443 3146; x_wconf 69' lang='lat' dir='ltr'><strong>vigilantia</strong></span> <span class='ocrx_word' id='word_1_352' title='bbox 2487 3071 2803 3126; x_wconf 84' lang='lat' dir='ltr'><strong>inculcaret.</strong></span> <span class='ocrx_word' id='word_1_353' title='bbox 2837 3068 2972 3124; x_wconf 81' lang='lat' dir='ltr'><strong>Nam</strong></span> <span class='ocrx_word' id='word_1_354' title='bbox 3014 3071 3092 3125; x_wconf 84' lang='lat' dir='ltr'><strong>sic</strong></span> <span class='ocrx_word' id='word_1_355' title='bbox 3116 3086 3241 3127; x_wconf 84' lang='lat' dir='ltr'><strong>eam</strong></span> <span class='ocrx_word' id='word_1_356' title='bbox 3269 3072 3427 3125; x_wconf 77' lang='lat' dir='ltr'><strong>nobis</strong></span> <span class='ocrx_word' id='word_1_357' title='bbox 3471 3073 3742 3142; x_wconf 81' lang='lat' dir='ltr'><strong>evangeli-</strong></span> 
     </span>
    </p>
   </div>
   <div class='ocr_carea' id='block_1_62' title="bbox 2169 3160 3742 3234">
    <p class='ocr_par' dir='ltr' id='par_1_62' title="bbox 2169 3160 3742 3234">
     <span class='ocr_line' id='line_1_63' title="bbox 2169 3160 3742 3234; baseline -0.001 -17"><span class='ocrx_word' id='word_1_358' title='bbox 2169 3178 2246 3218; x_wconf 58' lang='lat' dir='ltr'><strong>ca</strong></span> <span class='ocrx_word' id='word_1_359' title='bbox 2266 3171 2321 3234; x_wconf 82' lang='lat' dir='ltr'><strong>et</strong></span> <span class='ocrx_word' id='word_1_360' title='bbox 2347 3161 2656 3231; x_wconf 60' lang='lat' dir='ltr'><strong>apostolicae</strong></span> <span class='ocrx_word' id='word_1_361' title='bbox 2688 3161 2899 3225; x_wconf 73' lang='lat' dir='ltr'><strong>litterze,</strong></span> <span class='ocrx_word' id='word_1_362' title='bbox 2939 3160 3372 3216; x_wconf 88' lang='lat' dir='ltr'><strong>authentiearum</strong></span> <span class='ocrx_word' id='word_1_363' title='bbox 3396 3161 3742 3232; x_wconf 78' lang='lat' dir='ltr'><strong>synodorutn</strong></span> 
     </span>
    </p>
   </div>
   <div class='ocr_carea' id='block_1_63' title="bbox 511 3247 3740 3357">
    <p class='ocr_par' dir='ltr' id='par_1_63' title="bbox 511 3247 3740 3357">
     <span class='ocr_line' id='line_1_64' title="bbox 511 3247 3740 3357; baseline -0.009 -18"><span class='ocrx_word' id='word_1_364' title='bbox 511 3247 750 3357; x_wconf 68' lang='lat' dir='ltr'><strong>pet-ares,</strong></span> <span class='ocrx_word' id='word_1_365' title='bbox 776 3289 828 3335; x_wconf 87' lang='lat' dir='ltr'><strong>et</strong></span> <span class='ocrx_word' id='word_1_366' title='bbox 848 3281 913 3335; x_wconf 89' lang='lat' dir='ltr'><strong>de</strong></span> <span class='ocrx_word' id='word_1_367' title='bbox 957 3247 1266 3333; x_wconf 75' lang='lat' dir='ltr'><strong>sanctuario</strong></span> <span class='ocrx_word' id='word_1_368' title='bbox 1296 3247 1504 3324; x_wconf 64' lang='lat' dir='ltr'><strong>homini</strong></span> <span class='ocrx_word' id='word_1_369' title='bbox 1541 3267 1902 3322; x_wconf 82' lang='lat' dir='ltr'><strong>Simoniacam</strong></span> <span class='ocrx_word' id='word_1_370' title='bbox 1957 3263 2068 3317; x_wconf 70' lang='lat' dir='ltr'><strong>hte-</strong></span> <span class='ocrx_word' id='word_1_371' title='bbox 2097 3249 2138 3305; x_wconf 69' lang='grc' dir='ltr'><strong>(ἶ</strong></span> <span class='ocrx_word' id='word_1_372' title='bbox 2170 3251 2402 3315; x_wconf 48' lang='lat' dir='ltr'><strong>decreuit</strong></span> <span class='ocrx_word' id='word_1_373' title='bbox 2424 3258 2470 3304; x_wconf 67' lang='grc' dir='ltr'><strong>εἰ</strong></span> <span class='ocrx_word' id='word_1_374' title='bbox 2493 3249 2820 3357; x_wconf 50' lang='grc' dir='ltr'><strong>ςκίΐιξίοΐιιω</strong></span> <span class='ocrx_word' id='word_1_375' title='bbox 2844 3250 3126 3357; x_wconf 58' lang='grc' dir='ltr'><strong>άοεξρνῐιῐη</strong></span> <span class='ocrx_word' id='word_1_376' title='bbox 3148 3260 3408 3350; x_wconf 60' lang='grc' dir='ltr'><strong>ριςωοερω</strong></span> <span class='ocrx_word' id='word_1_377' title='bbox 3431 3247 3740 3352; x_wconf 54' lang='lat' dir='ltr'><strong>insitiuum.</strong></span> 
     </span>
    </p>
   </div>
   <div class='ocr_carea' id='block_1_64' title="bbox 513 3357 2068 3433">
    <p class='ocr_par' dir='ltr' id='par_1_64' title="bbox 513 3357 2068 3433">
     <span class='ocr_line' id='line_1_65' title="bbox 513 3357 2068 3433; baseline -0.015 -1"><span class='ocrx_word' id='word_1_378' title='bbox 513 3379 676 3433; x_wconf 82' lang='lat' dir='ltr'><strong>resim</strong></span> <span class='ocrx_word' id='word_1_379' title='bbox 711 3384 762 3429; x_wconf 88' lang='lat' dir='ltr'><strong>et</strong></span> <span class='ocrx_word' id='word_1_380' title='bbox 795 3372 988 3427; x_wconf 67' lang='lat' dir='ltr'><strong>{tedam</strong></span> <span class='ocrx_word' id='word_1_381' title='bbox 1013 3367 1315 3422; x_wconf 70' lang='lat' dir='ltr'><strong>libidinosa:</strong></span> <span class='ocrx_word' id='word_1_382' title='bbox 1338 3359 1674 3430; x_wconf 81' lang='lat' dir='ltr'><strong>contagionis</strong></span> <span class='ocrx_word' id='word_1_383' title='bbox 1719 3357 2068 3429; x_wconf 60' lang='lat' dir='ltr'><strong>pollutionem</strong></span> 
     </span>
    </p>
   </div>
   <div class='ocr_carea' id='block_1_65' title="bbox 511 3447 2072 3538">
    <p class='ocr_par' dir='ltr' id='par_1_65' title="bbox 511 3447 2072 3538">
     <span class='ocr_line' id='line_1_66' title="bbox 511 3447 2072 3538; baseline -0.015 -15"><span class='ocrx_word' id='word_1_384' title='bbox 511 3469 823 3538; x_wconf 75' lang='lat' dir='ltr'><strong>expellercs.</strong></span> <span class='ocrx_word' id='word_1_385' title='bbox 862 3460 1450 3532; x_wconf 68' lang='lat' dir='ltr'><strong>Apostolicamamque</strong></span> <span class='ocrx_word' id='word_1_386' title='bbox 1493 3452 1552 3502; x_wconf 84' lang='grc' dir='ltr'><strong>Β.</strong></span> <span class='ocrx_word' id='word_1_387' title='bbox 1589 3449 1742 3502; x_wconf 81' lang='lat' dir='ltr'><strong>Pauli</strong></span> <span class='ocrx_word' id='word_1_388' title='bbox 1800 3447 2072 3516; x_wconf 63' lang='lat' dir='ltr'><strong>praepollet</strong></span> 
     </span>
    </p>
   </div>
   <div class='ocr_carea' id='block_1_66' title="bbox 517 3541 2073 3623">
    <p class='ocr_par' dir='ltr' id='par_1_66' title="bbox 517 3541 2073 3623">
     <span class='ocr_line' id='line_1_67' title="bbox 517 3541 2073 3623; baseline -0.017 -7"><span class='ocrx_word' id='word_1_389' title='bbox 517 3558 830 3621; x_wconf 77' lang='lat' dir='ltr'><strong>auctoritas,</strong></span> <span class='ocrx_word' id='word_1_390' title='bbox 861 3568 967 3623; x_wconf 83' lang='lat' dir='ltr'><strong>qua</strong></span> <span class='ocrx_word' id='word_1_391' title='bbox 986 3549 1340 3605; x_wconf 74' lang='lat' dir='ltr'><strong>fornicatores</strong></span> <span class='ocrx_word' id='word_1_392' title='bbox 1353 3552 1425 3597; x_wconf 50' lang='grc' dir='ltr'><strong>,ει</strong></span> <span class='ocrx_word' id='word_1_393' title='bbox 1451 3541 1723 3596; x_wconf 86' lang='lat' dir='ltr'><strong>adulteros</strong></span> <span class='ocrx_word' id='word_1_394' title='bbox 1772 3553 1896 3592; x_wconf 90' lang='lat' dir='ltr'><strong>cum</strong></span> <span class='ocrx_word' id='word_1_395' title='bbox 1925 3545 2073 3591; x_wconf 81' lang='lat' dir='ltr'><strong>caete-</strong></span> 
     </span>
    </p>
   </div>
   <div class='ocr_carea' id='block_1_67' title="bbox 515 3627 2075 3709">
    <p class='ocr_par' dir='ltr' id='par_1_67' title="bbox 515 3627 2075 3709">
     <span class='ocr_line' id='line_1_68' title="bbox 515 3627 2075 3709; baseline -0.019 0"><span class='ocrx_word' id='word_1_396' title='bbox 515 3653 645 3709; x_wconf 81' lang='lat' dir='ltr'><strong>teris</strong></span> <span class='ocrx_word' id='word_1_397' title='bbox 671 3646 941 3704; x_wconf 84' lang='lat' dir='ltr'><strong>sceleratis</strong></span> <span class='ocrx_word' id='word_1_398' title='bbox 966 3634 1384 3699; x_wconf 76' lang='lat' dir='ltr'><strong>connumerans,</strong></span> <span class='ocrx_word' id='word_1_399' title='bbox 1427 3633 1703 3687; x_wconf 80' lang='lat' dir='ltr'><strong>diﬁiuitam</strong></span> <span class='ocrx_word' id='word_1_400' title='bbox 1744 3645 1854 3684; x_wconf 69' lang='lat' dir='ltr'><strong>sua:</strong></span> <span class='ocrx_word' id='word_1_401' title='bbox 1878 3627 2075 3698; x_wconf 87' lang='lat' dir='ltr'><strong>jussio—</strong></span> 
     </span>
    </p>
   </div>
   <div class='ocr_carea' id='block_1_68' title="bbox 517 3719 2073 3798">
    <p class='ocr_par' dir='ltr' id='par_1_68' title="bbox 517 3719 2073 3798">
     <span class='ocr_line' id='line_1_69' title="bbox 517 3719 2073 3798; baseline -0.017 -1"><span class='ocrx_word' id='word_1_402' title='bbox 517 3745 603 3798; x_wconf 90' lang='lat' dir='ltr'><strong>nis</strong></span> <span class='ocrx_word' id='word_1_403' title='bbox 652 3737 965 3795; x_wconf 85' lang='lat' dir='ltr'><strong>sententiam</strong></span> <span class='ocrx_word' id='word_1_404' title='bbox 1004 3730 1238 3798; x_wconf 85' lang='lat' dir='ltr'><strong>subjicit,</strong></span> <span class='ocrx_word' id='word_1_405' title='bbox 1287 3742 1410 3780; x_wconf 87' lang='lat' dir='ltr'><strong>cum</strong></span> <span class='ocrx_word' id='word_1_406' title='bbox 1461 3721 1724 3790; x_wconf 82' lang='lat' dir='ltr'><strong>ejusmodi</strong></span> <span class='ocrx_word' id='word_1_407' title='bbox 1761 3735 1857 3772; x_wconf 86' lang='lat' dir='ltr'><strong>nec</strong></span> <span class='ocrx_word' id='word_1_408' title='bbox 1892 3719 2073 3772; x_wconf 82' lang='lat' dir='ltr'><strong>cibum</strong></span> 
     </span>
    </p>
   </div>
   <div class='ocr_carea' id='block_1_69' title="bbox 516 3809 2075 3900">
    <p class='ocr_par' dir='ltr' id='par_1_69' title="bbox 516 3809 2075 3900">
     <span class='ocr_line' id='line_1_70' title="bbox 516 3809 2075 3900; baseline -0.014 -18"><span class='ocrx_word' id='word_1_409' title='bbox 516 3845 728 3900; x_wconf 80' lang='lat' dir='ltr'><strong>capere.</strong></span> <span class='ocrx_word' id='word_1_410' title='bbox 752 3826 1014 3879; x_wconf 69' lang='lat' dir='ltr'><strong>Praeterea</strong></span> <span class='ocrx_word' id='word_1_411' title='bbox 1046 3820 1333 3874; x_wconf 79' lang='lat' dir='ltr'><strong>universus</strong></span> <span class='ocrx_word' id='word_1_412' title='bbox 1374 3813 1622 3866; x_wconf 71' lang='lat' dir='ltr'><strong>Ecclesia:</strong></span> <span class='ocrx_word' id='word_1_413' title='bbox 1656 3809 1932 3864; x_wconf 66' lang='lat' dir='ltr'><strong>catholicae</strong></span> <span class='ocrx_word' id='word_1_414' title='bbox 1965 3822 2075 3861; x_wconf 71' lang='lat' dir='ltr'><strong>cte-</strong></span> 
     </span>
    </p>
   </div>
   <div class='ocr_carea' id='block_1_70' title="bbox 516 3898 2074 3986">
    <p class='ocr_par' dir='ltr' id='par_1_70' title="bbox 516 3898 2074 3986">
     <span class='ocr_line' id='line_1_71' title="bbox 516 3898 2074 3986; baseline -0.019 -8"><span class='ocrx_word' id='word_1_415' title='bbox 516 3898 624 3984; x_wconf 80' lang='lat' dir='ltr'><strong>tus,</strong></span> <span class='ocrx_word' id='word_1_416' title='bbox 658 3927 748 3972; x_wconf 89' lang='lat' dir='ltr'><strong>aut</strong></span> <span class='ocrx_word' id='word_1_417' title='bbox 777 3917 1008 3986; x_wconf 73' lang='lat' dir='ltr'><strong>virgines</strong></span> <span class='ocrx_word' id='word_1_418' title='bbox 1043 3918 1187 3970; x_wconf 88' lang='lat' dir='ltr'><strong>sunt,</strong></span> <span class='ocrx_word' id='word_1_419' title='bbox 1214 3914 1301 3961; x_wconf 88' lang='lat' dir='ltr'><strong>aut</strong></span> <span class='ocrx_word' id='word_1_420' title='bbox 1353 3899 1706 3964; x_wconf 82' lang='lat' dir='ltr'><strong>continentes,</strong></span> <span class='ocrx_word' id='word_1_421' title='bbox 1759 3908 1850 3976; x_wconf 84' lang='lat' dir='ltr'><strong>aut</strong></span> <span class='ocrx_word' id='word_1_422' title='bbox 1883 3898 2074 3967; x_wconf 87' lang='lat' dir='ltr'><strong>conju-</strong></span> 
     </span>
    </p>
   </div>
   <div class='ocr_carea' id='block_1_71' title="bbox 519 3988 2072 4082">
    <p class='ocr_par' dir='ltr' id='par_1_71' title="bbox 519 3988 2072 4082">
     <span class='ocr_line' id='line_1_72' title="bbox 519 3988 2072 4082; baseline -0.015 -19"><span class='ocrx_word' id='word_1_423' title='bbox 519 4028 642 4082; x_wconf 72' lang='lat' dir='ltr'><strong>ges;</strong></span> <span class='ocrx_word' id='word_1_424' title='bbox 674 4012 981 4078; x_wconf 79' lang='lat' dir='ltr'><strong>quicunque</strong></span> <span class='ocrx_word' id='word_1_425' title='bbox 1017 4016 1143 4068; x_wconf 81' lang='lat' dir='ltr'><strong>ergo</strong></span> <span class='ocrx_word' id='word_1_426' title='bbox 1168 4007 1322 4051; x_wconf 74' lang='lat' dir='ltr'><strong>extra</strong></span> <span class='ocrx_word' id='word_1_427' title='bbox 1343 3995 1441 4048; x_wconf 87' lang='lat' dir='ltr'><strong>hos</strong></span> <span class='ocrx_word' id='word_1_428' title='bbox 1477 4001 1585 4046; x_wconf 85' lang='lat' dir='ltr'><strong>tres</strong></span> <span class='ocrx_word' id='word_1_429' title='bbox 1613 3991 1828 4045; x_wconf 84' lang='lat' dir='ltr'><strong>ordines</strong></span> <span class='ocrx_word' id='word_1_430' title='bbox 1871 3988 2072 4082; x_wconf 32' lang='lat' dir='ltr'><strong>reperi-</strong></span> 
     </span>
    </p>
   </div>
   <div class='ocr_carea' id='block_1_72' title="bbox 521 4076 2077 4163">
    <p class='ocr_par' dir='ltr' id='par_1_72' title="bbox 521 4076 2077 4163">
     <span class='ocr_line' id='line_1_73' title="bbox 521 4076 2077 4163; baseline -0.017 -9"><span class='ocrx_word' id='word_1_431' title='bbox 521 4076 626 4163; x_wconf 77' lang='lat' dir='ltr'><strong>tur,</strong></span> <span class='ocrx_word' id='word_1_432' title='bbox 661 4076 797 4151; x_wconf 84' lang='lat' dir='ltr'><strong>inter</strong></span> <span class='ocrx_word' id='word_1_433' title='bbox 824 4095 962 4149; x_wconf 87' lang='lat' dir='ltr'><strong>lilios</strong></span> <span class='ocrx_word' id='word_1_434' title='bbox 995 4089 1266 4149; x_wconf 57' lang='lat' dir='ltr'><strong>Eccl-este,</strong></span> <span class='ocrx_word' id='word_1_435' title='bbox 1301 4084 1412 4138; x_wconf 85' lang='lat' dir='ltr'><strong>sive</strong></span> <span class='ocrx_word' id='word_1_436' title='bbox 1436 4083 1572 4136; x_wconf 86' lang='lat' dir='ltr'><strong>intra</strong></span> <span class='ocrx_word' id='word_1_437' title='bbox 1599 4079 1919 4133; x_wconf 74' lang='lat' dir='ltr'><strong>Christiana:</strong></span> <span class='ocrx_word' id='word_1_438' title='bbox 1962 4076 2077 4130; x_wconf 87' lang='lat' dir='ltr'><strong>reli-</strong></span> 
     </span>
    </p>
   </div>
   <div class='ocr_carea' id='block_1_73' title="bbox 519 4167 2075 4261">
    <p class='ocr_par' dir='ltr' id='par_1_73' title="bbox 519 4167 2075 4261">
     <span class='ocr_line' id='line_1_74' title="bbox 519 4167 2075 4261; baseline -0.016 -16"><span class='ocrx_word' id='word_1_439' title='bbox 519 4192 695 4261; x_wconf 77' lang='lat' dir='ltr'><strong>gionis</strong></span> <span class='ocrx_word' id='word_1_440' title='bbox 721 4188 916 4242; x_wconf 88' lang='lat' dir='ltr'><strong>limites</strong></span> <span class='ocrx_word' id='word_1_441' title='bbox 962 4198 1068 4236; x_wconf 85' lang='lat' dir='ltr'><strong>non</strong></span> <span class='ocrx_word' id='word_1_442' title='bbox 1105 4183 1460 4232; x_wconf 77' lang='lat' dir='ltr'><strong>muneratur:</strong></span> <span class='ocrx_word' id='word_1_443' title='bbox 1497 4171 1656 4235; x_wconf 91' lang='lat' dir='ltr'><strong>unde,</strong></span> <span class='ocrx_word' id='word_1_444' title='bbox 1685 4179 1736 4224; x_wconf 89' lang='lat' dir='ltr'><strong>et</strong></span> <span class='ocrx_word' id='word_1_445' title='bbox 1772 4183 1890 4234; x_wconf 87' lang='lat' dir='ltr'><strong>nos,</strong></span> <span class='ocrx_word' id='word_1_446' title='bbox 1925 4167 1972 4221; x_wconf 90' lang='lat' dir='ltr'><strong>si</strong></span> <span class='ocrx_word' id='word_1_447' title='bbox 1995 4167 2075 4221; x_wconf 88' lang='lat' dir='ltr'><strong>vel</strong></span> 
     </span>
    </p>
   </div>
   <div class='ocr_carea' id='block_1_74' title="bbox 518 4260 2078 4341">
    <p class='ocr_par' dir='ltr' id='par_1_74' title="bbox 518 4260 2078 4341">
     <span class='ocr_line' id='line_1_75' title="bbox 518 4260 2078 4341; baseline -0.015 -4"><span class='ocrx_word' id='word_1_448' title='bbox 518 4260 816 4337; x_wconf 73' lang='lat' dir='ltr'><strong>extremum</strong></span> <span class='ocrx_word' id='word_1_449' title='bbox 862 4276 1058 4330; x_wconf 78' lang='lat' dir='ltr'><strong>laicunt</strong></span> <span class='ocrx_word' id='word_1_450' title='bbox 1086 4267 1353 4341; x_wconf 76' lang='lat' dir='ltr'><strong>pellicalui</strong></span> <span class='ocrx_word' id='word_1_451' title='bbox 1382 4266 1738 4320; x_wconf 76' lang='lat' dir='ltr'><strong>adluerentem</strong></span> <span class='ocrx_word' id='word_1_452' title='bbox 1762 4260 1965 4330; x_wconf 87' lang='lat' dir='ltr'><strong>liquido</strong></span> <span class='ocrx_word' id='word_1_453' title='bbox 1987 4273 2078 4314; x_wconf 93' lang='lat' dir='ltr'><strong>c0-</strong></span> 
     </span>
    </p>
   </div>
   <div class='ocr_carea' id='block_1_75' title="bbox 517 4351 2077 4441">
    <p class='ocr_par' dir='ltr' id='par_1_75' title="bbox 517 4351 2077 4441">
     <span class='ocr_line' id='line_1_76' title="bbox 517 4351 2077 4441; baseline -0.017 -16"><span class='ocrx_word' id='word_1_454' title='bbox 517 4371 884 4441; x_wconf 68' lang='lat' dir='ltr'><strong>gnovcrimus,</strong></span> <span class='ocrx_word' id='word_1_455' title='bbox 923 4367 1066 4418; x_wconf 90' lang='lat' dir='ltr'><strong>hunc</strong></span> <span class='ocrx_word' id='word_1_456' title='bbox 1094 4361 1231 4414; x_wconf 82' lang='lat' dir='ltr'><strong>velut</strong></span> <span class='ocrx_word' id='word_1_457' title='bbox 1255 4356 1539 4426; x_wconf 71' lang='lat' dir='ltr'><strong>prmeisum</strong></span> <span class='ocrx_word' id='word_1_458' title='bbox 1583 4351 1880 4405; x_wconf 89' lang='lat' dir='ltr'><strong>membrum</strong></span> <span class='ocrx_word' id='word_1_459' title='bbox 1902 4364 1932 4402; x_wconf 90' lang='lat' dir='ltr'><strong>a</strong></span> <span class='ocrx_word' id='word_1_460' title='bbox 1956 4362 2077 4402; x_wconf 88' lang='lat' dir='ltr'><strong>cor-</strong></span> 
     </span>
    </p>
   </div>
   <div class='ocr_carea' id='block_1_76' title="bbox 521 4437 2079 4534">
    <p class='ocr_par' dir='ltr' id='par_1_76' title="bbox 521 4437 2079 4534">
     <span class='ocr_line' id='line_1_77' title="bbox 521 4437 2079 4534; baseline -0.017 -18"><span class='ocrx_word' id='word_1_461' title='bbox 521 4437 649 4534; x_wconf 79' lang='lat' dir='ltr'><strong>pore</strong></span> <span class='ocrx_word' id='word_1_462' title='bbox 681 4457 980 4518; x_wconf 79' lang='lat' dir='ltr'><strong>Dominico,</strong></span> <span class='ocrx_word' id='word_1_463' title='bbox 1007 4469 1035 4506; x_wconf 89' lang='lat' dir='ltr'><strong>a</strong></span> <span class='ocrx_word' id='word_1_464' title='bbox 1080 4446 1432 4503; x_wconf 87' lang='lat' dir='ltr'><strong>sacramentis</strong></span> <span class='ocrx_word' id='word_1_465' title='bbox 1468 4443 1674 4504; x_wconf 83' lang='lat' dir='ltr'><strong>altaris,</strong></span> <span class='ocrx_word' id='word_1_466' title='bbox 1707 4441 1877 4493; x_wconf 88' lang='lat' dir='ltr'><strong>donec</strong></span> <span class='ocrx_word' id='word_1_467' title='bbox 1901 4437 2079 4507; x_wconf 62' lang='lat' dir='ltr'><strong>paeni-</strong></span> 
     </span>
    </p>
   </div>
   <div class='ocr_carea' id='block_1_77' title="bbox 521 4537 2082 4615">
    <p class='ocr_par' dir='ltr' id='par_1_77' title="bbox 521 4537 2082 4615">
     <span class='ocr_line' id='line_1_78' title="bbox 521 4537 2082 4615; baseline -0.019 -8"><span class='ocrx_word' id='word_1_468' title='bbox 521 4562 648 4615; x_wconf 89' lang='lat' dir='ltr'><strong>teat,</strong></span> <span class='ocrx_word' id='word_1_469' title='bbox 673 4561 950 4602; x_wconf 84' lang='lat' dir='ltr'><strong>arcemus:</strong></span> <span class='ocrx_word' id='word_1_470' title='bbox 982 4537 1255 4610; x_wconf 74' lang='lat' dir='ltr'><strong>tlUOlllOdO</strong></span> <span class='ocrx_word' id='word_1_471' title='bbox 1287 4549 1414 4604; x_wconf 83' lang='lat' dir='ltr'><strong>ergo</strong></span> <span class='ocrx_word' id='word_1_472' title='bbox 1438 4539 1624 4586; x_wconf 87' lang='lat' dir='ltr'><strong>sancto</strong></span> <span class='ocrx_word' id='word_1_473' title='bbox 1774 4540 2082 4615; x_wconf 83' lang='lat' dir='ltr'><strong>sacramen-</strong></span> 
     </span>
    </p>
   </div>
   <div class='ocr_carea' id='block_1_78' title="bbox 2169 3339 3745 3410">
    <p class='ocr_par' dir='ltr' id='par_1_78' title="bbox 2169 3339 3745 3410">
     <span class='ocr_line' id='line_1_79' title="bbox 2169 3339 3745 3410; baseline -0.003 -12"><span class='ocrx_word' id='word_1_474' title='bbox 2169 3350 2228 3398; x_wconf 87' lang='lat' dir='ltr'><strong>ut</strong></span> <span class='ocrx_word' id='word_1_475' title='bbox 2249 3359 2366 3397; x_wconf 91' lang='lat' dir='ltr'><strong>eam</strong></span> <span class='ocrx_word' id='word_1_476' title='bbox 2397 3341 2741 3395; x_wconf 87' lang='lat' dir='ltr'><strong>dissimulare</strong></span> <span class='ocrx_word' id='word_1_477' title='bbox 2763 3349 2816 3394; x_wconf 89' lang='lat' dir='ltr'><strong>et</strong></span> <span class='ocrx_word' id='word_1_478' title='bbox 2844 3339 3111 3410; x_wconf 82' lang='lat' dir='ltr'><strong>negligere</strong></span> <span class='ocrx_word' id='word_1_479' title='bbox 3168 3340 3286 3393; x_wconf 89' lang='lat' dir='ltr'><strong>sine</strong></span> <span class='ocrx_word' id='word_1_480' title='bbox 3316 3355 3514 3409; x_wconf 83' lang='lat' dir='ltr'><strong>magno</strong></span> <span class='ocrx_word' id='word_1_481' title='bbox 3541 3341 3745 3395; x_wconf 70' lang='lat' dir='ltr'><strong>animas</strong></span> 
     </span>
    </p>
   </div>
   <div class='ocr_carea' id='block_1_79' title="bbox 2168 3429 3738 3502">
    <p class='ocr_par' dir='ltr' id='par_1_79' title="bbox 2168 3429 3738 3502">
     <span class='ocr_line' id='line_1_80' title="bbox 2168 3429 3738 3502; baseline -0.001 -15"><span class='ocrx_word' id='word_1_482' title='bbox 2168 3442 2368 3487; x_wconf 69' lang='lat' dir='ltr'><strong>nostrae</strong></span> <span class='ocrx_word' id='word_1_483' title='bbox 2391 3442 2442 3486; x_wconf 92' lang='lat' dir='ltr'><strong>et</strong></span> <span class='ocrx_word' id='word_1_484' title='bbox 2465 3432 2643 3502; x_wconf 88' lang='lat' dir='ltr'><strong>populi</strong></span> <span class='ocrx_word' id='word_1_485' title='bbox 2661 3429 2956 3485; x_wconf 82' lang='lat' dir='ltr'><strong>Christiani</strong></span> <span class='ocrx_word' id='word_1_486' title='bbox 2979 3431 3301 3484; x_wconf 87' lang='lat' dir='ltr'><strong>detrimento</strong></span> <span class='ocrx_word' id='word_1_487' title='bbox 3314 3445 3423 3484; x_wconf 90' lang='lat' dir='ltr'><strong>non</strong></span> <span class='ocrx_word' id='word_1_488' title='bbox 3436 3430 3738 3500; x_wconf 87' lang='lat' dir='ltr'><strong>possimus.</strong></span> 
     </span>
    </p>
   </div>
   <div class='ocr_carea' id='block_1_80' title="bbox 2172 3506 3745 3593">
    <p class='ocr_par' dir='ltr' id='par_1_80' title="bbox 2172 3506 3745 3593">
     <span class='ocr_line' id='line_1_81' title="bbox 2172 3506 3745 3593; baseline 0.001 -17"><span class='ocrx_word' id='word_1_489' title='bbox 2172 3522 2275 3577; x_wconf 86' lang='lat' dir='ltr'><strong>Sed</strong></span> <span class='ocrx_word' id='word_1_490' title='bbox 2294 3506 2591 3591; x_wconf 78' lang='lat' dir='ltr'><strong>episcopus</strong></span> <span class='ocrx_word' id='word_1_491' title='bbox 2609 3531 2804 3587; x_wconf 86' lang='lat' dir='ltr'><strong>vester,</strong></span> <span class='ocrx_word' id='word_1_492' title='bbox 2828 3530 2888 3574; x_wconf 93' lang='lat' dir='ltr'><strong>ut</strong></span> <span class='ocrx_word' id='word_1_493' title='bbox 2909 3520 3065 3574; x_wconf 91' lang='lat' dir='ltr'><strong>nobis</strong></span> <span class='ocrx_word' id='word_1_494' title='bbox 3094 3521 3334 3575; x_wconf 77' lang='lat' dir='ltr'><strong>relatum</strong></span> <span class='ocrx_word' id='word_1_495' title='bbox 3354 3532 3458 3587; x_wconf 90' lang='lat' dir='ltr'><strong>est,</strong></span> <span class='ocrx_word' id='word_1_496' title='bbox 3491 3539 3614 3592; x_wconf 77' lang='lat' dir='ltr'><strong>quae</strong></span> <span class='ocrx_word' id='word_1_497' title='bbox 3645 3540 3745 3593; x_wconf 85' lang='lat' dir='ltr'><strong>pa-</strong></span> 
     </span>
    </p>
   </div>
   <div class='ocr_carea' id='block_1_81' title="bbox 2171 3610 3741 3679">
    <p class='ocr_par' dir='ltr' id='par_1_81' title="bbox 2171 3610 3741 3679">
     <span class='ocr_line' id='line_1_82' title="bbox 2171 3610 3741 3679; baseline 0.002 -13"><span class='ocrx_word' id='word_1_498' title='bbox 2171 3622 2320 3666; x_wconf 84' lang='lat' dir='ltr'><strong>terne</strong></span> <span class='ocrx_word' id='word_1_499' title='bbox 2347 3627 2714 3675; x_wconf 79' lang='lat' dir='ltr'><strong>suaseranius,</strong></span> <span class='ocrx_word' id='word_1_500' title='bbox 2755 3610 3009 3679; x_wconf 83' lang='lat' dir='ltr'><strong>perﬁcere</strong></span> <span class='ocrx_word' id='word_1_501' title='bbox 3052 3625 3162 3663; x_wconf 89' lang='lat' dir='ltr'><strong>non</strong></span> <span class='ocrx_word' id='word_1_502' title='bbox 3192 3611 3434 3665; x_wconf 80' lang='lat' dir='ltr'><strong>curavit:</strong></span> <span class='ocrx_word' id='word_1_503' title='bbox 3460 3622 3513 3666; x_wconf 88' lang='lat' dir='ltr'><strong>et</strong></span> <span class='ocrx_word' id='word_1_504' title='bbox 3537 3623 3596 3666; x_wconf 86' lang='lat' dir='ltr'><strong>ut</strong></span> <span class='ocrx_word' id='word_1_505' title='bbox 3628 3630 3741 3670; x_wconf 85' lang='lat' dir='ltr'><strong>non</strong></span> 
     </span>
    </p>
   </div>
   <div class='ocr_carea' id='block_1_82' title="bbox 2172 3701 3744 3767">
    <p class='ocr_par' dir='ltr' id='par_1_82' title="bbox 2172 3701 3744 3767">
     <span class='ocr_line' id='line_1_83' title="bbox 2172 3701 3744 3767; baseline 0 -11"><span class='ocrx_word' id='word_1_506' title='bbox 2172 3711 2344 3756; x_wconf 88' lang='lat' dir='ltr'><strong>solum</strong></span> <span class='ocrx_word' id='word_1_507' title='bbox 2374 3701 2766 3767; x_wconf 72' lang='lat' dir='ltr'><strong>inohedientize,</strong></span> <span class='ocrx_word' id='word_1_508' title='bbox 2805 3716 2991 3755; x_wconf 86' lang='lat' dir='ltr'><strong>verum</strong></span> <span class='ocrx_word' id='word_1_509' title='bbox 3032 3701 3194 3756; x_wconf 85' lang='lat' dir='ltr'><strong>etiam</strong></span> <span class='ocrx_word' id='word_1_510' title='bbox 3227 3701 3535 3757; x_wconf 87' lang='lat' dir='ltr'><strong>rebellionis</strong></span> <span class='ocrx_word' id='word_1_511' title='bbox 3570 3703 3744 3758; x_wconf 73' lang='lat' dir='ltr'><strong>oﬂ‘en-</strong></span> 
     </span>
    </p>
   </div>
   <div class='ocr_carea' id='block_1_83' title="bbox 2173 3792 3741 3866">
    <p class='ocr_par' dir='ltr' id='par_1_83' title="bbox 2173 3792 3741 3866">
     <span class='ocr_line' id='line_1_84' title="bbox 2173 3792 3741 3866; baseline 0.003 -20"><span class='ocrx_word' id='word_1_512' title='bbox 2173 3807 2290 3846; x_wconf 90' lang='lat' dir='ltr'><strong>sam</strong></span> <span class='ocrx_word' id='word_1_513' title='bbox 2321 3792 2682 3856; x_wconf 89' lang='lat' dir='ltr'><strong>contraheret,</strong></span> <span class='ocrx_word' id='word_1_514' title='bbox 2719 3793 3173 3861; x_wconf 87' lang='lat' dir='ltr'><strong>quemadmodum</strong></span> <span class='ocrx_word' id='word_1_515' title='bbox 3202 3794 3533 3863; x_wconf 85' lang='lat' dir='ltr'><strong>accepimus,</strong></span> <span class='ocrx_word' id='word_1_516' title='bbox 3560 3795 3741 3866; x_wconf 84' lang='lat' dir='ltr'><strong>palam</strong></span> 
     </span>
    </p>
   </div>
   <div class='ocr_carea' id='block_1_84' title="bbox 2173 3883 3744 3952">
    <p class='ocr_par' dir='ltr' id='par_1_84' title="bbox 2173 3883 3744 3952">
     <span class='ocr_line' id='line_1_85' title="bbox 2173 3883 3744 3952; baseline 0.002 -15"><span class='ocrx_word' id='word_1_517' title='bbox 2173 3883 2383 3938; x_wconf 84' lang='lat' dir='ltr'><strong>clericis</strong></span> <span class='ocrx_word' id='word_1_518' title='bbox 2407 3885 2519 3937; x_wconf 88' lang='lat' dir='ltr'><strong>suis</strong></span> <span class='ocrx_word' id='word_1_519' title='bbox 2547 3883 2780 3952; x_wconf 69' lang='lat' dir='ltr'><strong>iussioni</strong></span> <span class='ocrx_word' id='word_1_520' title='bbox 2806 3891 3024 3946; x_wconf 62' lang='lat' dir='ltr'><strong>nostrae,</strong></span> <span class='ocrx_word' id='word_1_521' title='bbox 3050 3884 3158 3936; x_wconf 80' lang='lat' dir='ltr'><strong>imo</strong></span> <span class='ocrx_word' id='word_1_522' title='bbox 3203 3885 3340 3938; x_wconf 78' lang='lat' dir='ltr'><strong>beati</strong></span> <span class='ocrx_word' id='word_1_523' title='bbox 3366 3884 3536 3948; x_wconf 83' lang='lat' dir='ltr'><strong>Petri,</strong></span> <span class='ocrx_word' id='word_1_524' title='bbox 3562 3887 3744 3940; x_wconf 80' lang='lat' dir='ltr'><strong>omni-</strong></span> 
     </span>
    </p>
   </div>
   <div class='ocr_carea' id='block_1_85' title="bbox 2173 3973 3746 4042">
    <p class='ocr_par' dir='ltr' id='par_1_85' title="bbox 2173 3973 3746 4042">
     <span class='ocr_line' id='line_1_86' title="bbox 2173 3973 3746 4042; baseline 0.001 -14"><span class='ocrx_word' id='word_1_525' title='bbox 2173 3990 2244 4028; x_wconf 90' lang='lat' dir='ltr'><strong>no</strong></span> <span class='ocrx_word' id='word_1_526' title='bbox 2276 3973 2939 4042; x_wconf 61' lang='lat' dir='ltr'><strong>contrariapermisit;‘ita</strong></span> <span class='ocrx_word' id='word_1_527' title='bbox 2972 3983 3030 4026; x_wconf 92' lang='lat' dir='ltr'><strong>ut</strong></span> <span class='ocrx_word' id='word_1_528' title='bbox 3052 3975 3143 4041; x_wconf 88' lang='lat' dir='ltr'><strong>qui</strong></span> <span class='ocrx_word' id='word_1_529' title='bbox 3176 3975 3517 4029; x_wconf 85' lang='lat' dir='ltr'><strong>mulierculas</strong></span> <span class='ocrx_word' id='word_1_530' title='bbox 3547 3976 3746 4030; x_wconf 51' lang='lat' dir='ltr'><strong>habui~</strong></span> 
     </span>
    </p>
   </div>
   <div class='ocr_carea' id='block_1_86' title="bbox 2173 4064 3742 4133">
    <p class='ocr_par' dir='ltr' id='par_1_86' title="bbox 2173 4064 3742 4133">
     <span class='ocr_line' id='line_1_87' title="bbox 2173 4064 3742 4133; baseline 0.003 -15"><span class='ocrx_word' id='word_1_531' title='bbox 2173 4077 2316 4129; x_wconf 84' lang='lat' dir='ltr'><strong>rant,</strong></span> <span class='ocrx_word' id='word_1_532' title='bbox 2363 4065 2654 4118; x_wconf 81' lang='lat' dir='ltr'><strong>retinerent</strong></span> <span class='ocrx_word' id='word_1_533' title='bbox 2679 4072 2733 4119; x_wconf 91' lang='lat' dir='ltr'><strong>et</strong></span> <span class='ocrx_word' id='word_1_534' title='bbox 2760 4064 2854 4133; x_wconf 92' lang='lat' dir='ltr'><strong>qui</strong></span> <span class='ocrx_word' id='word_1_535' title='bbox 2877 4080 2982 4120; x_wconf 89' lang='lat' dir='ltr'><strong>non</strong></span> <span class='ocrx_word' id='word_1_536' title='bbox 3012 4064 3301 4130; x_wconf 82' lang='lat' dir='ltr'><strong>habebant,</strong></span> <span class='ocrx_word' id='word_1_537' title='bbox 3336 4065 3524 4120; x_wconf 85' lang='lat' dir='ltr'><strong>illicita</strong></span> <span class='ocrx_word' id='word_1_538' title='bbox 3573 4077 3742 4123; x_wconf 88' lang='lat' dir='ltr'><strong>teme-</strong></span> 
     </span>
    </p>
   </div>
   <div class='ocr_carea' id='block_1_87' title="bbox 2175 4154 3739 4224">
    <p class='ocr_par' dir='ltr' id='par_1_87' title="bbox 2175 4154 3739 4224">
     <span class='ocr_line' id='line_1_88' title="bbox 2175 4154 3739 4224; baseline 0.003 -16"><span class='ocrx_word' id='word_1_539' title='bbox 2175 4157 2329 4210; x_wconf 83' lang='lat' dir='ltr'><strong>ritate</strong></span> <span class='ocrx_word' id='word_1_540' title='bbox 2353 4157 2876 4211; x_wconf 86' lang='lat' dir='ltr'><strong>subiutrodueerent.</strong></span> <span class='ocrx_word' id='word_1_541' title='bbox 2910 4154 3086 4221; x_wconf 84' lang='lat' dir='ltr'><strong>Quod,</strong></span> <span class='ocrx_word' id='word_1_542' title='bbox 3111 4165 3171 4210; x_wconf 89' lang='lat' dir='ltr'><strong>ut</strong></span> <span class='ocrx_word' id='word_1_543' title='bbox 3214 4157 3544 4224; x_wconf 81' lang='lat' dir='ltr'><strong>audivimus,</strong></span> <span class='ocrx_word' id='word_1_544' title='bbox 3571 4159 3739 4213; x_wconf 84' lang='lat' dir='ltr'><strong>mole-</strong></span> 
     </span>
    </p>
   </div>
   <div class='ocr_carea' id='block_1_88' title="bbox 2177 4239 3739 4318">
    <p class='ocr_par' dir='ltr' id='par_1_88' title="bbox 2177 4239 3739 4318">
     <span class='ocr_line' id='line_1_89' title="bbox 2177 4239 3739 4318; baseline 0.003 -18"><span class='ocrx_word' id='word_1_545' title='bbox 2177 4255 2256 4300; x_wconf 91' lang='lat' dir='ltr'><strong>ste</strong></span> <span class='ocrx_word' id='word_1_546' title='bbox 2281 4244 2531 4312; x_wconf 78' lang='lat' dir='ltr'><strong>l‘urentes,</strong></span> <span class='ocrx_word' id='word_1_547' title='bbox 2584 4248 2873 4301; x_wconf 87' lang='lat' dir='ltr'><strong>secundam</strong></span> <span class='ocrx_word' id='word_1_548' title='bbox 2898 4246 2947 4300; x_wconf 89' lang='lat' dir='ltr'><strong>ei</strong></span> <span class='ocrx_word' id='word_1_549' title='bbox 2973 4247 3294 4316; x_wconf 88' lang='lat' dir='ltr'><strong>scripsimus</strong></span> <span class='ocrx_word' id='word_1_550' title='bbox 3322 4239 3629 4318; x_wconf 86' lang='lat' dir='ltr'><strong>epistolam,</strong></span> <span class='ocrx_word' id='word_1_551' title='bbox 3653 4249 3739 4305; x_wconf 86' lang='lat' dir='ltr'><strong>in-</strong></span> 
     </span>
    </p>
   </div>
   <div class='ocr_carea' id='block_1_89' title="bbox 2176 4338 3740 4408">
    <p class='ocr_par' dir='ltr' id='par_1_89' title="bbox 2176 4338 3740 4408">
     <span class='ocr_line' id='line_1_90' title="bbox 2176 4338 3740 4408; baseline 0.001 -16"><span class='ocrx_word' id='word_1_552' title='bbox 2176 4338 2504 4408; x_wconf 83' lang='lat' dir='ltr'><strong>dignationis</strong></span> <span class='ocrx_word' id='word_1_553' title='bbox 2548 4339 2598 4391; x_wconf 82' lang='lat' dir='ltr'><strong>ci</strong></span> <span class='ocrx_word' id='word_1_554' title='bbox 2651 4348 2848 4392; x_wconf 73' lang='lat' dir='ltr'><strong>nostra:</strong></span> <span class='ocrx_word' id='word_1_555' title='bbox 2887 4346 3068 4391; x_wconf 90' lang='lat' dir='ltr'><strong>motus</strong></span> <span class='ocrx_word' id='word_1_556' title='bbox 3097 4339 3464 4403; x_wconf 83' lang='lat' dir='ltr'><strong>ostendentes,</strong></span> <span class='ocrx_word' id='word_1_557' title='bbox 3504 4347 3560 4392; x_wconf 91' lang='lat' dir='ltr'><strong>et</strong></span> <span class='ocrx_word' id='word_1_558' title='bbox 3600 4340 3740 4394; x_wconf 90' lang='lat' dir='ltr'><strong>idem</strong></span> 
     </span>
    </p>
   </div>
   <div class='ocr_carea' id='block_1_90' title="bbox 2177 4427 3745 4497">
    <p class='ocr_par' dir='ltr' id='par_1_90' title="bbox 2177 4427 3745 4497">
     <span class='ocr_line' id='line_1_91' title="bbox 2177 4427 3745 4497; baseline 0.002 -16"><span class='ocrx_word' id='word_1_559' title='bbox 2177 4437 2502 4497; x_wconf 72' lang='lat' dir='ltr'><strong>prteceptum</strong></span> <span class='ocrx_word' id='word_1_560' title='bbox 2544 4428 2734 4482; x_wconf 88' lang='lat' dir='ltr'><strong>iterato</strong></span> <span class='ocrx_word' id='word_1_561' title='bbox 2777 4427 2957 4481; x_wconf 86' lang='lat' dir='ltr'><strong>acrius</strong></span> <span class='ocrx_word' id='word_1_562' title='bbox 3002 4427 3337 4482; x_wconf 83' lang='lat' dir='ltr'><strong>inculcantes</strong></span> <span class='ocrx_word' id='word_1_563' title='bbox 3371 4446 3386 4480; x_wconf 86' lang='lat'><strong>:</strong></span> <span class='ocrx_word' id='word_1_564' title='bbox 3418 4437 3533 4482; x_wconf 92' lang='lat' dir='ltr'><strong>tum</strong></span> <span class='ocrx_word' id='word_1_565' title='bbox 3578 4430 3745 4484; x_wconf 87' lang='lat' dir='ltr'><strong>etiam</strong></span> 
     </span>
    </p>
   </div>
   <div class='ocr_carea' id='block_1_91' title="bbox 2181 4517 3748 4588">
    <p class='ocr_par' dir='ltr' id='par_1_91' title="bbox 2181 4517 3748 4588">
     <span class='ocr_line' id='line_1_92' title="bbox 2181 4517 3748 4588; baseline 0.004 -19"><span class='ocrx_word' id='word_1_566' title='bbox 2181 4517 2356 4586; x_wconf 88' lang='lat' dir='ltr'><strong>ipsum</strong></span> <span class='ocrx_word' id='word_1_567' title='bbox 2381 4518 2446 4571; x_wconf 87' lang='lat' dir='ltr'><strong>ad</strong></span> <span class='ocrx_word' id='word_1_568' title='bbox 2469 4519 2733 4588; x_wconf 80' lang='lat' dir='ltr'><strong>synodum</strong></span> <span class='ocrx_word' id='word_1_569' title='bbox 2769 4517 3086 4584; x_wconf 75' lang='lat' dir='ltr'><strong>Romanam,</strong></span> <span class='ocrx_word' id='word_1_570' title='bbox 3131 4526 3252 4587; x_wconf 70' lang='lat' dir='ltr'><strong>quze</strong></span> <span class='ocrx_word' id='word_1_571' title='bbox 3281 4517 3452 4588; x_wconf 87' lang='lat' dir='ltr'><strong>prima</strong></span> <span class='ocrx_word' id='word_1_572' title='bbox 3483 4520 3748 4588; x_wconf 68' lang='lat' dir='ltr'><strong>proximas</strong></span> 
     </span>
    </p>
   </div>
   <div class='ocr_carea' id='block_1_92' title="bbox 521 4601 2070 4694">
    <p class='ocr_par' dir='ltr' id='par_1_92' title="bbox 521 4601 2070 4694">
     <span class='ocr_line' id='line_1_93' title="bbox 521 4601 2070 4694; baseline -0.018 1"><span class='ocrx_word' id='word_1_573' title='bbox 521 4601 706 4694; x_wconf 70' lang='lat' dir='ltr'><strong>rortim</strong></span> <span class='ocrx_word' id='word_1_574' title='bbox 745 4635 1060 4691; x_wconf 87' lang='lat' dir='ltr'><strong>distributor</strong></span> <span class='ocrx_word' id='word_1_575' title='bbox 1086 4629 1167 4682; x_wconf 88' lang='lat' dir='ltr'><strong>vel</strong></span> <span class='ocrx_word' id='word_1_576' title='bbox 1195 4625 1439 4681; x_wconf 88' lang='lat' dir='ltr'><strong>minister</strong></span> <span class='ocrx_word' id='word_1_577' title='bbox 1467 4636 1586 4676; x_wconf 89' lang='lat' dir='ltr'><strong>esse</strong></span> <span class='ocrx_word' id='word_1_578' title='bbox 1618 4616 1899 4686; x_wconf 87' lang='lat' dir='ltr'><strong>debet,qui</strong></span> <span class='ocrx_word' id='word_1_579' title='bbox 1931 4613 2070 4692; x_wconf 82' lang='lat' dir='ltr'><strong>nulla</strong></span> 
     </span>
    </p>
   </div>
   <div class='ocr_carea' id='block_1_93' title="bbox 2173 4601 3746 4694">
    <p class='ocr_par' dir='ltr' id='par_1_93' title="bbox 2179 4606 3746 4677">
     <span class='ocr_line' id='line_1_94' title="bbox 2179 4606 3746 4677; baseline 0.004 -18"><span class='ocrx_word' id='word_1_580' title='bbox 2179 4606 2617 4677; x_wconf 73' lang='lat' dir='ltr'><strong>Quadragesima:</strong></span> <span class='ocrx_word' id='word_1_581' title='bbox 2651 4608 2981 4662; x_wconf 85' lang='lat' dir='ltr'><strong>hebdomada</strong></span> <span class='ocrx_word' id='word_1_582' title='bbox 3012 4607 3192 4663; x_wconf 79' lang='lat' dir='ltr'><strong>futura</strong></span> <span class='ocrx_word' id='word_1_583' title='bbox 3231 4609 3746 4674; x_wconf 72' lang='lat' dir='ltr'><strong>est,advocavimus</strong></span> 
     </span>
    </p>
   </div>
   <div class='ocr_carea' id='block_1_94' title="bbox 523 4707 2074 4793">
    <p class='ocr_par' dir='ltr' id='par_1_94' title="bbox 523 4707 2074 4793">
     <span class='ocr_line' id='line_1_95' title="bbox 523 4707 2074 4793; baseline -0.015 -10"><span class='ocrx_word' id='word_1_584' title='bbox 523 4731 731 4783; x_wconf 81' lang='lat' dir='ltr'><strong>ratione</strong></span> <span class='ocrx_word' id='word_1_585' title='bbox 781 4733 954 4793; x_wconf 82' lang='lat' dir='ltr'><strong>potest</strong></span> <span class='ocrx_word' id='word_1_586' title='bbox 1013 4735 1131 4773; x_wconf 89' lang='lat' dir='ltr'><strong>esse</strong></span> <span class='ocrx_word' id='word_1_587' title='bbox 1175 4719 1256 4770; x_wconf 91' lang='lat' dir='ltr'><strong>vel</strong></span> <span class='ocrx_word' id='word_1_588' title='bbox 1306 4713 1603 4784; x_wconf 77' lang='lat' dir='ltr'><strong>particeps?</strong></span> <span class='ocrx_word' id='word_1_589' title='bbox 1655 4709 1755 4763; x_wconf 76' lang='lat' dir='ltr'><strong>Sed</strong></span> <span class='ocrx_word' id='word_1_590' title='bbox 1806 4707 1898 4761; x_wconf 86' lang='lat' dir='ltr'><strong>illa</strong></span> <span class='ocrx_word' id='word_1_591' title='bbox 1939 4707 2074 4761; x_wconf 82' lang='lat' dir='ltr'><strong>beati</strong></span> 
     </span>
    </p>
   </div>
   <div class='ocr_carea' id='block_1_95' title="bbox 523 4798 2075 4889">
    <p class='ocr_par' dir='ltr' id='par_1_95' title="bbox 523 4798 2075 4889">
     <span class='ocr_line' id='line_1_96' title="bbox 523 4798 2075 4889; baseline -0.014 -18"><span class='ocrx_word' id='word_1_592' title='bbox 523 4834 673 4889; x_wconf 80' lang='lat' dir='ltr'><strong>pap;e</strong></span> <span class='ocrx_word' id='word_1_593' title='bbox 699 4813 894 4868; x_wconf 87' lang='lat' dir='ltr'><strong>Leonis</strong></span> <span class='ocrx_word' id='word_1_594' title='bbox 924 4825 1026 4864; x_wconf 90' lang='lat' dir='ltr'><strong>nos</strong></span> <span class='ocrx_word' id='word_1_595' title='bbox 1078 4805 1289 4875; x_wconf 87' lang='lat' dir='ltr'><strong>impulit</strong></span> <span class='ocrx_word' id='word_1_596' title='bbox 1336 4802 1650 4864; x_wconf 89' lang='lat' dir='ltr'><strong>auctoritas,</strong></span> <span class='ocrx_word' id='word_1_597' title='bbox 1672 4799 1763 4869; x_wconf 92' lang='lat' dir='ltr'><strong>qui</strong></span> <span class='ocrx_word' id='word_1_598' title='bbox 1787 4798 2075 4870; x_wconf 85' lang='lat' dir='ltr'><strong>subdiaco-</strong></span> 
     </span>
    </p>
   </div>
   <div class='ocr_carea' id='block_1_96' title="bbox 524 4889 2075 4969">
    <p class='ocr_par' dir='ltr' id='par_1_96' title="bbox 524 4889 2075 4969">
     <span class='ocr_line' id='line_1_97' title="bbox 524 4889 2075 4969; baseline -0.014 -5"><span class='ocrx_word' id='word_1_599' title='bbox 524 4914 611 4964; x_wconf 83' lang='lat' dir='ltr'><strong>nis</strong></span> <span class='ocrx_word' id='word_1_600' title='bbox 654 4905 876 4962; x_wconf 88' lang='lat' dir='ltr'><strong>ineundi</strong></span> <span class='ocrx_word' id='word_1_601' title='bbox 933 4900 1172 4969; x_wconf 74' lang='lat' dir='ltr'><strong>coniugii</strong></span> <span class='ocrx_word' id='word_1_602' title='bbox 1225 4895 1499 4950; x_wconf 88' lang='lat' dir='ltr'><strong>licentiam</strong></span> <span class='ocrx_word' id='word_1_603' title='bbox 1553 4907 1780 4962; x_wconf 84' lang='lat' dir='ltr'><strong>prorsus</strong></span> <span class='ocrx_word' id='word_1_604' title='bbox 1835 4889 2075 4943; x_wconf 89' lang='lat' dir='ltr'><strong>abstulit.</strong></span> 
     </span>
    </p>
   </div>
   <div class='ocr_carea' id='block_1_97' title="bbox 527 4981 2084 5066">
    <p class='ocr_par' dir='ltr' id='par_1_97' title="bbox 527 4981 2084 5066">
     <span class='ocr_line' id='line_1_98' title="bbox 527 4981 2084 5066; baseline -0.01 -15"><span class='ocrx_word' id='word_1_605' title='bbox 527 4999 678 5066; x_wconf 68' lang='lat' dir='ltr'><strong>Quod</strong></span> <span class='ocrx_word' id='word_1_606' title='bbox 713 4997 983 5050; x_wconf 73' lang='lat' dir='ltr'><strong>decretum</strong></span> <span class='ocrx_word' id='word_1_607' title='bbox 1017 4992 1072 5045; x_wconf 89' lang='lat' dir='ltr'><strong>S.</strong></span> <span class='ocrx_word' id='word_1_608' title='bbox 1101 4989 1295 5045; x_wconf 75' lang='lat' dir='ltr'><strong>Leonis</strong></span> <span class='ocrx_word' id='word_1_609' title='bbox 1318 4984 1642 5058; x_wconf 88' lang='lat' dir='ltr'><strong>posteriores</strong></span> <span class='ocrx_word' id='word_1_610' title='bbox 1664 4991 1864 5036; x_wconf 67' lang='lat' dir='ltr'><strong>sancte</strong></span> <span class='ocrx_word' id='word_1_611' title='bbox 1888 4981 2084 5036; x_wconf 81' lang='lat' dir='ltr'><strong>Roma-</strong></span> 
     </span>
    </p>
   </div>
   <div class='ocr_carea' id='block_1_98' title="bbox 530 5068 2082 5150">
    <p class='ocr_par' dir='ltr' id='par_1_98' title="bbox 530 5068 2082 5150">
     <span class='ocr_line' id='line_1_99' title="bbox 530 5068 2082 5150; baseline -0.015 -7"><span class='ocrx_word' id='word_1_612' title='bbox 530 5106 610 5143; x_wconf 74' lang='lat' dir='ltr'><strong>na:</strong></span> <span class='ocrx_word' id='word_1_613' title='bbox 661 5084 912 5141; x_wconf 64' lang='lat' dir='ltr'><strong>Ecclesia:</strong></span> <span class='ocrx_word' id='word_1_614' title='bbox 964 5080 1264 5150; x_wconf 87' lang='lat' dir='ltr'><strong>pontiﬁces,</strong></span> <span class='ocrx_word' id='word_1_615' title='bbox 1328 5075 1561 5131; x_wconf 77' lang='lat' dir='ltr'><strong>maxime</strong></span> <span class='ocrx_word' id='word_1_616' title='bbox 1617 5071 1806 5126; x_wconf 83' lang='lat' dir='ltr'><strong>doctor</strong></span> <span class='ocrx_word' id='word_1_617' title='bbox 1849 5068 2082 5122; x_wconf 77' lang='lat' dir='ltr'><strong>eximius</strong></span> 
     </span>
    </p>
   </div>
   <div class='ocr_carea' id='block_1_99' title="bbox 529 5156 2084 5244">
    <p class='ocr_par' dir='ltr' id='par_1_99' title="bbox 529 5156 2084 5244">
     <span class='ocr_line' id='line_1_100' title="bbox 529 5156 2084 5244; baseline -0.015 -13"><span class='ocrx_word' id='word_1_618' title='bbox 529 5177 838 5244; x_wconf 69' lang='lat' dir='ltr'><strong>Gregorius,</strong></span> <span class='ocrx_word' id='word_1_619' title='bbox 866 5175 934 5226; x_wconf 88' lang='lat' dir='ltr'><strong>ita</strong></span> <span class='ocrx_word' id='word_1_620' title='bbox 960 5186 1054 5240; x_wconf 86' lang='lat' dir='ltr'><strong>pro</strong></span> <span class='ocrx_word' id='word_1_621' title='bbox 1111 5168 1223 5236; x_wconf 85' lang='lat' dir='ltr'><strong>lege</strong></span> <span class='ocrx_word' id='word_1_622' title='bbox 1260 5174 1574 5228; x_wconf 69' lang='lat' dir='ltr'><strong>sanxerunt,</strong></span> <span class='ocrx_word' id='word_1_623' title='bbox 1613 5171 1671 5217; x_wconf 90' lang='lat' dir='ltr'><strong>ut</strong></span> <span class='ocrx_word' id='word_1_624' title='bbox 1715 5160 1968 5226; x_wconf 82' lang='lat' dir='ltr'><strong>deinceps</strong></span> <span class='ocrx_word' id='word_1_625' title='bbox 1997 5156 2084 5210; x_wconf 83' lang='lat' dir='ltr'><strong>bis</strong></span> 
     </span>
    </p>
   </div>
   <div class='ocr_carea' id='block_1_100' title="bbox 530 5251 2086 5328">
    <p class='ocr_par' dir='ltr' id='par_1_100' title="bbox 530 5251 2086 5328">
     <span class='ocr_line' id='line_1_101' title="bbox 530 5251 2086 5328; baseline -0.015 -1"><span class='ocrx_word' id='word_1_626' title='bbox 530 5270 811 5328; x_wconf 85' lang='lat' dir='ltr'><strong>ordinibus</strong></span> <span class='ocrx_word' id='word_1_627' title='bbox 836 5262 1235 5323; x_wconf 87' lang='lat' dir='ltr'><strong>ecclesiasticis,</strong></span> <span class='ocrx_word' id='word_1_628' title='bbox 1261 5256 1652 5319; x_wconf 83' lang='lat' dir='ltr'><strong>sacerdotibus,</strong></span> <span class='ocrx_word' id='word_1_629' title='bbox 1674 5253 1851 5307; x_wconf 88' lang='lat' dir='ltr'><strong>levitis</strong></span> <span class='ocrx_word' id='word_1_630' title='bbox 1875 5259 1927 5306; x_wconf 89' lang='lat' dir='ltr'><strong>et</strong></span> <span class='ocrx_word' id='word_1_631' title='bbox 1957 5251 2086 5304; x_wconf 90' lang='lat' dir='ltr'><strong>sub-</strong></span> 
     </span>
    </p>
   </div>
   <div class='ocr_carea' id='block_1_101' title="bbox 530 5340 2082 5419">
    <p class='ocr_par' dir='ltr' id='par_1_101' title="bbox 530 5340 2082 5419">
     <span class='ocr_line' id='line_1_102' title="bbox 530 5340 2082 5419; baseline -0.014 -4"><span class='ocrx_word' id='word_1_632' title='bbox 530 5358 772 5414; x_wconf 89' lang='lat' dir='ltr'><strong>diaconis</strong></span> <span class='ocrx_word' id='word_1_633' title='bbox 809 5353 1022 5408; x_wconf 88' lang='lat' dir='ltr'><strong>vincula</strong></span> <span class='ocrx_word' id='word_1_634' title='bbox 1057 5349 1358 5419; x_wconf 73' lang='lat' dir='ltr'><strong>coniugalia</strong></span> <span class='ocrx_word' id='word_1_635' title='bbox 1399 5345 1624 5400; x_wconf 89' lang='lat' dir='ltr'><strong>omnino</strong></span> <span class='ocrx_word' id='word_1_636' title='bbox 1655 5343 1758 5397; x_wconf 90' lang='lat' dir='ltr'><strong>sint</strong></span> <span class='ocrx_word' id='word_1_637' title='bbox 1795 5340 2082 5410; x_wconf 86' lang='lat' dir='ltr'><strong>prohibita.</strong></span> 
     </span>
    </p>
   </div>
   <div class='ocr_carea' id='block_1_102' title="bbox 531 5431 2085 5513">
    <p class='ocr_par' dir='ltr' id='par_1_102' title="bbox 531 5431 2085 5513">
     <span class='ocr_line' id='line_1_103' title="bbox 531 5431 2085 5513; baseline -0.014 -8"><span class='ocrx_word' id='word_1_638' title='bbox 531 5452 666 5504; x_wconf 86' lang='lat' dir='ltr'><strong>Cum</strong></span> <span class='ocrx_word' id='word_1_639' title='bbox 699 5460 875 5502; x_wconf 82' lang='lat' dir='ltr'><strong>autem</strong></span> <span class='ocrx_word' id='word_1_640' title='bbox 901 5447 1017 5499; x_wconf 59' lang='lat' dir='ltr'><strong>base</strong></span> <span class='ocrx_word' id='word_1_641' title='bbox 1065 5441 1244 5495; x_wconf 83' lang='lat' dir='ltr'><strong>omnia</strong></span> <span class='ocrx_word' id='word_1_642' title='bbox 1282 5439 1376 5492; x_wconf 90' lang='lat' dir='ltr'><strong>tibi</strong></span> <span class='ocrx_word' id='word_1_643' title='bbox 1425 5433 1788 5513; x_wconf 84' lang='lat' dir='ltr'><strong>observanda,</strong></span> <span class='ocrx_word' id='word_1_644' title='bbox 1830 5431 2085 5501; x_wconf 80' lang='lat' dir='ltr'><strong>pastorali</strong></span> 
     </span>
    </p>
   </div>
   <div class='ocr_carea' id='block_1_103' title="bbox 533 5533 2084 5612">
    <p class='ocr_par' dir='ltr' id='par_1_103' title="bbox 533 5533 2084 5612">
     <span class='ocr_line' id='line_1_104' title="bbox 533 5533 2084 5612; baseline -0.015 -17"><span class='ocrx_word' id='word_1_645' title='bbox 533 5540 864 5612; x_wconf 83' lang='lat' dir='ltr'><strong>providentia</strong></span> <span class='ocrx_word' id='word_1_646' title='bbox 889 5533 1403 5594; x_wconf 86' lang='lat' dir='ltr'><strong>transmitteremus;</strong></span> <span class='ocrx_word' id='word_1_647' title='bbox 1448 5537 1524 5591; x_wconf 88' lang='lat' dir='ltr'><strong>tu,</strong></span> <span class='ocrx_word' id='word_1_648' title='bbox 1561 5541 1668 5578; x_wconf 87' lang='lat' dir='ltr'><strong>non</strong></span> <span class='ocrx_word' id='word_1_649' title='bbox 1719 5536 1933 5612; x_wconf 74' lang='lat' dir='ltr'><strong>sursum</strong></span> <span class='ocrx_word' id='word_1_650' title='bbox 1969 5535 2084 5612; x_wconf 72' lang='lat' dir='ltr'><strong>cor,</strong></span> 
     </span>
    </p>
   </div>
   <div class='ocr_carea' id='block_1_104' title="bbox 535 5610 2088 5690">
    <p class='ocr_par' dir='ltr' id='par_1_104' title="bbox 535 5610 2088 5690">
     <span class='ocr_line' id='line_1_105' title="bbox 535 5610 2088 5690; baseline -0.015 -5"><span class='ocrx_word' id='word_1_651' title='bbox 535 5610 628 5685; x_wconf 82' lang='lat' dir='ltr'><strong>sed</strong></span> <span class='ocrx_word' id='word_1_652' title='bbox 676 5631 925 5682; x_wconf 86' lang='lat' dir='ltr'><strong>deorsum</strong></span> <span class='ocrx_word' id='word_1_653' title='bbox 971 5625 1025 5676; x_wconf 90' lang='lat' dir='ltr'><strong>in</strong></span> <span class='ocrx_word' id='word_1_654' title='bbox 1067 5613 1208 5681; x_wconf 80' lang='lat' dir='ltr'><strong>terra</strong></span> <span class='ocrx_word' id='word_1_655' title='bbox 1247 5631 1475 5690; x_wconf 83' lang='lat' dir='ltr'><strong>ponens,</strong></span> <span class='ocrx_word' id='word_1_656' title='bbox 1508 5611 1778 5684; x_wconf 65' lang='lat' dir='ltr'><strong>przedictis</strong></span> <span class='ocrx_word' id='word_1_657' title='bbox 1807 5610 2088 5666; x_wconf 86' lang='lat' dir='ltr'><strong>ordinibus</strong></span> 
     </span>
    </p>
   </div>
   <div class='ocr_carea' id='block_1_105' title="bbox 536 5699 2086 5781">
    <p class='ocr_par' dir='ltr' id='par_1_105' title="bbox 536 5699 2086 5781">
     <span class='ocr_line' id='line_1_106' title="bbox 536 5699 2086 5781; baseline -0.014 -9"><span class='ocrx_word' id='word_1_658' title='bbox 536 5724 686 5774; x_wconf 74' lang='lat' dir='ltr'><strong>l&#39;rena</strong></span> <span class='ocrx_word' id='word_1_659' title='bbox 735 5715 972 5770; x_wconf 87' lang='lat' dir='ltr'><strong>libidinis</strong></span> <span class='ocrx_word' id='word_1_660' title='bbox 1029 5702 1189 5781; x_wconf 84' lang='lat' dir='ltr'><strong>(sicut</strong></span> <span class='ocrx_word' id='word_1_661' title='bbox 1243 5705 1569 5777; x_wconf 70' lang='lat' dir='ltr'><strong>accepimus)</strong></span> <span class='ocrx_word' id='word_1_662' title='bbox 1610 5701 1832 5767; x_wconf 73' lang='lat' dir='ltr'><strong>laxasti;</strong></span> <span class='ocrx_word' id='word_1_663' title='bbox 1889 5711 1944 5754; x_wconf 92' lang='lat' dir='ltr'><strong>ut</strong></span> <span class='ocrx_word' id='word_1_664' title='bbox 1994 5699 2086 5767; x_wconf 91' lang='lat' dir='ltr'><strong>qui</strong></span> 
     </span>
    </p>
   </div>
   <div class='ocr_carea' id='block_1_106' title="bbox 541 5790 2089 5874">
    <p class='ocr_par' dir='ltr' id='par_1_106' title="bbox 541 5790 2089 5874">
     <span class='ocr_line' id='line_1_107' title="bbox 541 5790 2089 5874; baseline -0.014 -12"><span class='ocrx_word' id='word_1_665' title='bbox 541 5807 866 5862; x_wconf 76' lang='lat' dir='ltr'><strong>mulierculis</strong></span> <span class='ocrx_word' id='word_1_666' title='bbox 891 5803 1274 5874; x_wconf 69' lang='lat' dir='ltr'><strong>sejunxerunt,</strong></span> <span class='ocrx_word' id='word_1_667' title='bbox 1315 5798 1364 5850; x_wconf 84' lang='lat' dir='ltr'><strong>in</strong></span> <span class='ocrx_word' id='word_1_668' title='bbox 1404 5795 1602 5865; x_wconf 77' lang='lat' dir='ltr'><strong>ﬂagitio</strong></span> <span class='ocrx_word' id='word_1_669' title='bbox 1634 5790 2000 5863; x_wconf 64' lang='lat' dir='ltr'><strong>pel&#39;sistcrent,</strong></span> <span class='ocrx_word' id='word_1_670' title='bbox 2037 5797 2089 5841; x_wconf 88' lang='lat' dir='ltr'><strong>ct</strong></span> 
     </span>
    </p>
   </div>
   <div class='ocr_carea' id='block_1_107' title="bbox 2181 4696 3744 4767">
    <p class='ocr_par' dir='ltr' id='par_1_107' title="bbox 2181 4696 3744 4767">
     <span class='ocr_line' id='line_1_108' title="bbox 2181 4696 3744 4767; baseline 0.001 -16"><span class='ocrx_word' id='word_1_671' title='bbox 2181 4706 2240 4752; x_wconf 92' lang='lat' dir='ltr'><strong>ut</strong></span> <span class='ocrx_word' id='word_1_672' title='bbox 2265 4713 2362 4767; x_wconf 90' lang='lat' dir='ltr'><strong>pro</strong></span> <span class='ocrx_word' id='word_1_673' title='bbox 2393 4713 2450 4751; x_wconf 88' lang='lat' dir='ltr'><strong>se</strong></span> <span class='ocrx_word' id='word_1_674' title='bbox 2472 4699 2735 4752; x_wconf 84' lang='lat' dir='ltr'><strong>rationem</strong></span> <span class='ocrx_word' id='word_1_675' title='bbox 2775 4697 2982 4760; x_wconf 89' lang='lat' dir='ltr'><strong>reddat,</strong></span> <span class='ocrx_word' id='word_1_676' title='bbox 3009 4704 3062 4750; x_wconf 89' lang='lat' dir='ltr'><strong>et</strong></span> <span class='ocrx_word' id='word_1_677' title='bbox 3110 4696 3484 4750; x_wconf 75' lang='lat' dir='ltr'><strong>inobedientia:</strong></span> <span class='ocrx_word' id='word_1_678' title='bbox 3524 4711 3744 4766; x_wconf 82' lang='lat' dir='ltr'><strong>causas,</strong></span> 
     </span>
    </p>
   </div>
   <div class='ocr_carea' id='block_1_108' title="bbox 2180 4777 3747 4850">
    <p class='ocr_par' dir='ltr' id='par_1_108' title="bbox 2180 4777 3747 4850">
     <span class='ocr_line' id='line_1_109' title="bbox 2180 4777 3747 4850; baseline -0.001 -7"><span class='ocrx_word' id='word_1_679' title='bbox 2180 4789 2226 4843; x_wconf 89' lang='lat' dir='ltr'><strong>si</strong></span> <span class='ocrx_word' id='word_1_680' title='bbox 2253 4777 2597 4843; x_wconf 88' lang='lat' dir='ltr'><strong>rationabiles</strong></span> <span class='ocrx_word' id='word_1_681' title='bbox 2619 4787 2884 4850; x_wconf 88' lang='lat' dir='ltr'><strong>habuerit,</strong></span> <span class='ocrx_word' id='word_1_682' title='bbox 2914 4785 2966 4838; x_wconf 90' lang='lat' dir='ltr'><strong>in</strong></span> <span class='ocrx_word' id='word_1_683' title='bbox 3016 4785 3344 4840; x_wconf 83' lang='lat' dir='ltr'><strong>audientiam</strong></span> <span class='ocrx_word' id='word_1_684' title='bbox 3394 4785 3561 4841; x_wconf 86' lang='lat' dir='ltr'><strong>totius</strong></span> <span class='ocrx_word' id='word_1_685' title='bbox 3614 4803 3747 4842; x_wconf 82' lang='lat' dir='ltr'><strong>con-</strong></span> 
     </span>
    </p>
   </div>
   <div class='ocr_carea' id='block_1_109' title="bbox 2179 4874 3746 4946">
    <p class='ocr_par' dir='ltr' id='par_1_109' title="bbox 2179 4874 3746 4946">
     <span class='ocr_line' id='line_1_110' title="bbox 2179 4874 3746 4946; baseline 0.001 -14"><span class='ocrx_word' id='word_1_686' title='bbox 2179 4889 2374 4934; x_wconf 84' lang='lat' dir='ltr'><strong>ventus</strong></span> <span class='ocrx_word' id='word_1_687' title='bbox 2397 4885 2648 4946; x_wconf 75' lang='lat' dir='ltr'><strong>exponat.</strong></span> <span class='ocrx_word' id='word_1_688' title='bbox 2676 4874 2787 4930; x_wconf 80' lang='lat' dir='ltr'><strong>Hoc</strong></span> <span class='ocrx_word' id='word_1_689' title='bbox 2811 4876 2949 4938; x_wconf 86' lang='lat' dir='ltr'><strong>ideo,</strong></span> <span class='ocrx_word' id='word_1_690' title='bbox 2973 4874 3166 4931; x_wconf 81' lang='lat' dir='ltr'><strong>fratres</strong></span> <span class='ocrx_word' id='word_1_691' title='bbox 3211 4877 3538 4942; x_wconf 79' lang='lat' dir='ltr'><strong>charissimi,</strong></span> <span class='ocrx_word' id='word_1_692' title='bbox 3589 4879 3746 4934; x_wconf 81' lang='lat' dir='ltr'><strong>vobis</strong></span> 
     </span>
    </p>
   </div>
   <div class='ocr_carea' id='block_1_110' title="bbox 2182 4966 3741 5024">
    <p class='ocr_par' dir='ltr' id='par_1_110' title="bbox 2182 4966 3741 5024">
     <span class='ocr_line' id='line_1_111' title="bbox 2182 4966 3741 5024; baseline 0.002 -3"><span class='ocrx_word' id='word_1_693' title='bbox 2182 4968 2574 5022; x_wconf 88' lang='lat' dir='ltr'><strong>innotescimus</strong></span> <span class='ocrx_word' id='word_1_694' title='bbox 2598 4976 2657 5021; x_wconf 91' lang='lat' dir='ltr'><strong>ut</strong></span> <span class='ocrx_word' id='word_1_695' title='bbox 2703 4968 2896 5022; x_wconf 68' lang='lat' dir='ltr'><strong>anima:</strong></span> <span class='ocrx_word' id='word_1_696' title='bbox 2924 4976 3117 5022; x_wconf 75' lang='lat' dir='ltr'><strong>vestra:</strong></span> <span class='ocrx_word' id='word_1_697' title='bbox 3169 4966 3327 5021; x_wconf 86' lang='lat' dir='ltr'><strong>saluti</strong></span> <span class='ocrx_word' id='word_1_698' title='bbox 3371 4968 3741 5024; x_wconf 80' lang='lat' dir='ltr'><strong>consulamus.</strong></span> 
     </span>
    </p>
   </div>
   <div class='ocr_carea' id='block_1_111' title="bbox 2189 5057 3746 5125">
    <p class='ocr_par' dir='ltr' id='par_1_111' title="bbox 2189 5057 3746 5125">
     <span class='ocr_line' id='line_1_112' title="bbox 2189 5057 3746 5125; baseline 0.003 -14"><span class='ocrx_word' id='word_1_699' title='bbox 2189 5057 2247 5111; x_wconf 89' lang='lat' dir='ltr'><strong>Si</strong></span> <span class='ocrx_word' id='word_1_700' title='bbox 2301 5059 2445 5111; x_wconf 89' lang='lat' dir='ltr'><strong>enim</strong></span> <span class='ocrx_word' id='word_1_701' title='bbox 2507 5058 2662 5112; x_wconf 79' lang='lat' dir='ltr'><strong>beato</strong></span> <span class='ocrx_word' id='word_1_702' title='bbox 2713 5057 2874 5112; x_wconf 88' lang='lat' dir='ltr'><strong>Petro</strong></span> <span class='ocrx_word' id='word_1_703' title='bbox 2924 5065 2977 5110; x_wconf 89' lang='lat' dir='ltr'><strong>et</strong></span> <span class='ocrx_word' id='word_1_704' title='bbox 3022 5066 3222 5111; x_wconf 67' lang='lat' dir='ltr'><strong>sanctae</strong></span> <span class='ocrx_word' id='word_1_705' title='bbox 3285 5058 3396 5112; x_wconf 88' lang='lat' dir='ltr'><strong>sedi</strong></span> <span class='ocrx_word' id='word_1_706' title='bbox 3435 5058 3746 5125; x_wconf 74' lang='lat' dir='ltr'><strong>apostolica:</strong></span> 
     </span>
    </p>
   </div>
   <div class='ocr_carea' id='block_1_112' title="bbox 2188 5145 3744 5217">
    <p class='ocr_par' dir='ltr' id='par_1_112' title="bbox 2188 5145 3744 5217">
     <span class='ocr_line' id='line_1_113' title="bbox 2188 5145 3744 5217; baseline 0.003 -17"><span class='ocrx_word' id='word_1_707' title='bbox 2188 5148 2364 5202; x_wconf 80' lang='lat' dir='ltr'><strong>fronte</strong></span> <span class='ocrx_word' id='word_1_708' title='bbox 2397 5158 2579 5217; x_wconf 84' lang='lat' dir='ltr'><strong>aperta</strong></span> <span class='ocrx_word' id='word_1_709' title='bbox 2611 5161 2920 5216; x_wconf 83' lang='lat' dir='ltr'><strong>repugnans</strong></span> <span class='ocrx_word' id='word_1_710' title='bbox 2947 5155 3000 5201; x_wconf 84' lang='lat' dir='ltr'><strong>et</strong></span> <span class='ocrx_word' id='word_1_711' title='bbox 3033 5157 3322 5201; x_wconf 79' lang='lat' dir='ltr'><strong>contumax</strong></span> <span class='ocrx_word' id='word_1_712' title='bbox 3346 5160 3470 5200; x_wconf 88' lang='lat' dir='ltr'><strong>esse</strong></span> <span class='ocrx_word' id='word_1_713' title='bbox 3489 5145 3744 5216; x_wconf 83' lang='lat' dir='ltr'><strong>voluerit,</strong></span> 
     </span>
    </p>
   </div>
   <div class='ocr_carea' id='block_1_113' title="bbox 2188 5238 3745 5312">
    <p class='ocr_par' dir='ltr' id='par_1_113' title="bbox 2188 5238 3745 5312">
     <span class='ocr_line' id='line_1_114' title="bbox 2188 5238 3745 5312; baseline -0.002 -16"><span class='ocrx_word' id='word_1_714' title='bbox 2188 5241 2392 5310; x_wconf 86' lang='lat' dir='ltr'><strong>liquido</strong></span> <span class='ocrx_word' id='word_1_715' title='bbox 2449 5240 2794 5296; x_wconf 79' lang='lat' dir='ltr'><strong>manifestum</strong></span> <span class='ocrx_word' id='word_1_716' title='bbox 2840 5247 2924 5293; x_wconf 87' lang='lat' dir='ltr'><strong>est</strong></span> <span class='ocrx_word' id='word_1_717' title='bbox 2957 5240 3100 5309; x_wconf 88' lang='lat' dir='ltr'><strong>quod</strong></span> <span class='ocrx_word' id='word_1_718' title='bbox 3146 5238 3240 5307; x_wconf 87' lang='lat' dir='ltr'><strong>qui</strong></span> <span class='ocrx_word' id='word_1_719' title='bbox 3277 5245 3505 5297; x_wconf 83' lang='lat' dir='ltr'><strong>matrem</strong></span> <span class='ocrx_word' id='word_1_720' title='bbox 3530 5240 3618 5294; x_wconf 81' lang='lat' dir='ltr'><strong>vel</strong></span> <span class='ocrx_word' id='word_1_721' title='bbox 3650 5257 3745 5312; x_wconf 82' lang='lat' dir='ltr'><strong>pa-</strong></span> 
     </span>
    </p>
   </div>
   <div class='ocr_carea' id='block_1_114' title="bbox 2190 5330 3746 5407">
    <p class='ocr_par' dir='ltr' id='par_1_114' title="bbox 2190 5330 3746 5407">
     <span class='ocr_line' id='line_1_115' title="bbox 2190 5330 3746 5407; baseline 0.001 -21"><span class='ocrx_word' id='word_1_722' title='bbox 2190 5343 2324 5388; x_wconf 90' lang='lat' dir='ltr'><strong>trem</strong></span> <span class='ocrx_word' id='word_1_723' title='bbox 2357 5334 2664 5407; x_wconf 78' lang='lat' dir='ltr'><strong>inbonorat,</strong></span> <span class='ocrx_word' id='word_1_724' title='bbox 2694 5331 2896 5384; x_wconf 90' lang='lat' dir='ltr'><strong>nullam</strong></span> <span class='ocrx_word' id='word_1_725' title='bbox 2929 5347 2960 5386; x_wconf 90' lang='lat' dir='ltr'><strong>a</strong></span> <span class='ocrx_word' id='word_1_726' title='bbox 2991 5330 3238 5385; x_wconf 85' lang='lat' dir='ltr'><strong>ﬁdelibus</strong></span> <span class='ocrx_word' id='word_1_727' title='bbox 3267 5330 3436 5398; x_wconf 86' lang='lat' dir='ltr'><strong>patris</strong></span> <span class='ocrx_word' id='word_1_728' title='bbox 3465 5341 3520 5386; x_wconf 90' lang='lat' dir='ltr'><strong>et</strong></span> <span class='ocrx_word' id='word_1_729' title='bbox 3557 5333 3746 5389; x_wconf 70' lang='lat' dir='ltr'><strong>matris</strong></span> 
     </span>
    </p>
   </div>
   <div class='ocr_carea' id='block_1_115' title="bbox 2187 5421 3749 5492">
    <p class='ocr_par' dir='ltr' id='par_1_115' title="bbox 2187 5421 3749 5492">
     <span class='ocr_line' id='line_1_116' title="bbox 2187 5421 3749 5492; baseline -0.001 -14"><span class='ocrx_word' id='word_1_730' title='bbox 2187 5424 2308 5492; x_wconf 80' lang='lat' dir='ltr'><strong>jure</strong></span> <span class='ocrx_word' id='word_1_731' title='bbox 2330 5421 2686 5477; x_wconf 89' lang='lat' dir='ltr'><strong>obedientiam</strong></span> <span class='ocrx_word' id='word_1_732' title='bbox 2712 5422 2922 5491; x_wconf 80' lang='lat' dir='ltr'><strong>exigere</strong></span> <span class='ocrx_word' id='word_1_733' title='bbox 2945 5430 3037 5475; x_wconf 87' lang='lat' dir='ltr'><strong>aut</strong></span> <span class='ocrx_word' id='word_1_734' title='bbox 3085 5434 3324 5488; x_wconf 64' lang='lat' dir='ltr'><strong>quaerere</strong></span> <span class='ocrx_word' id='word_1_735' title='bbox 3367 5421 3579 5476; x_wconf 86' lang='lat' dir='ltr'><strong>debeat.</strong></span> <span class='ocrx_word' id='word_1_736' title='bbox 3613 5421 3749 5478; x_wconf 82' lang='lat' dir='ltr'><strong>Indi-</strong></span> 
     </span>
    </p>
   </div>
   <div class='ocr_carea' id='block_1_116' title="bbox 2195 5509 3743 5582">
    <p class='ocr_par' dir='ltr' id='par_1_116' title="bbox 2195 5509 3743 5582">
     <span class='ocr_line' id='line_1_117' title="bbox 2195 5509 3743 5582; baseline 0.002 -16"><span class='ocrx_word' id='word_1_737' title='bbox 2195 5529 2358 5581; x_wconf 83' lang='lat' dir='ltr'><strong>gnum</strong></span> <span class='ocrx_word' id='word_1_738' title='bbox 2399 5523 2480 5565; x_wconf 89' lang='lat' dir='ltr'><strong>est</strong></span> <span class='ocrx_word' id='word_1_739' title='bbox 2505 5513 2647 5566; x_wconf 85' lang='lat' dir='ltr'><strong>enim</strong></span> <span class='ocrx_word' id='word_1_740' title='bbox 2681 5523 2738 5566; x_wconf 89' lang='lat' dir='ltr'><strong>ut</strong></span> <span class='ocrx_word' id='word_1_741' title='bbox 2787 5512 2882 5580; x_wconf 88' lang='lat' dir='ltr'><strong>qui</strong></span> <span class='ocrx_word' id='word_1_742' title='bbox 2923 5509 3180 5580; x_wconf 83' lang='lat' dir='ltr'><strong>magistro</strong></span> <span class='ocrx_word' id='word_1_743' title='bbox 3205 5511 3466 5567; x_wconf 83' lang='lat' dir='ltr'><strong>detrectat</strong></span> <span class='ocrx_word' id='word_1_744' title='bbox 3506 5510 3743 5582; x_wconf 78' lang='lat' dir='ltr'><strong>subesse,</strong></span> 
     </span>
    </p>
   </div>
   <div class='ocr_carea' id='block_1_117' title="bbox 2195 5601 3746 5682">
    <p class='ocr_par' dir='ltr' id='par_1_117' title="bbox 2195 5601 3746 5682">
     <span class='ocr_line' id='line_1_118' title="bbox 2195 5601 3746 5682; baseline 0.003 -24"><span class='ocrx_word' id='word_1_745' title='bbox 2195 5605 2450 5681; x_wconf 75' lang='lat' dir='ltr'><strong>magister</strong></span> <span class='ocrx_word' id='word_1_746' title='bbox 2474 5605 2809 5682; x_wconf 85' lang='lat' dir='ltr'><strong>auditoribus</strong></span> <span class='ocrx_word' id='word_1_747' title='bbox 2859 5603 3092 5671; x_wconf 81' lang='lat' dir='ltr'><strong>postulet</strong></span> <span class='ocrx_word' id='word_1_748' title='bbox 3119 5617 3369 5674; x_wconf 66' lang='lat' dir='ltr'><strong>prasesse.</strong></span> <span class='ocrx_word' id='word_1_749' title='bbox 3411 5601 3746 5678; x_wconf 66' lang='lat' dir='ltr'><strong>Quapropter</strong></span> 
     </span>
    </p>
   </div>
   <div class='ocr_carea' id='block_1_118' title="bbox 2196 5693 3744 5765">
    <p class='ocr_par' dir='ltr' id='par_1_118' title="bbox 2196 5693 3744 5765">
     <span class='ocr_line' id='line_1_119' title="bbox 2196 5693 3744 5765; baseline 0.004 -17"><span class='ocrx_word' id='word_1_750' title='bbox 2196 5695 2468 5762; x_wconf 84' lang='lat' dir='ltr'><strong>omnibus,</strong></span> <span class='ocrx_word' id='word_1_751' title='bbox 2491 5697 2633 5751; x_wconf 83' lang='lat' dir='ltr'><strong>sicut</strong></span> <span class='ocrx_word' id='word_1_752' title='bbox 2655 5693 3021 5764; x_wconf 77' lang='lat' dir='ltr'><strong>przediximus,</strong></span> <span class='ocrx_word' id='word_1_753' title='bbox 3054 5695 3352 5765; x_wconf 67' lang='lat' dir='ltr'><strong>majoribus</strong></span> <span class='ocrx_word' id='word_1_754' title='bbox 3381 5703 3550 5765; x_wconf 83' lang='lat' dir='ltr'><strong>atque</strong></span> <span class='ocrx_word' id='word_1_755' title='bbox 3569 5699 3744 5754; x_wconf 83' lang='lat' dir='ltr'><strong>mino-</strong></span> 
     </span>
    </p>
   </div>
   <div class='ocr_carea' id='block_1_119' title="bbox 2197 5769 3745 5860">
    <p class='ocr_par' dir='ltr' id='par_1_119' title="bbox 2197 5769 3745 5860">
     <span class='ocr_line' id='line_1_120' title="bbox 2197 5769 3745 5860; baseline 0.003 -23"><span class='ocrx_word' id='word_1_756' title='bbox 2197 5773 2348 5844; x_wconf 85' lang='lat' dir='ltr'><strong>ribus</strong></span> <span class='ocrx_word' id='word_1_757' title='bbox 2367 5785 2487 5860; x_wconf 29' lang='lat' dir='ltr'><strong>Deo.</strong></span> <span class='ocrx_word' id='word_1_758' title='bbox 2524 5793 2576 5837; x_wconf 89' lang='lat' dir='ltr'><strong>et</strong></span> <span class='ocrx_word' id='word_1_759' title='bbox 2629 5784 2783 5837; x_wconf 87' lang='lat' dir='ltr'><strong>beato</strong></span> <span class='ocrx_word' id='word_1_760' title='bbox 2812 5782 2968 5837; x_wconf 78' lang='lat' dir='ltr'><strong>Petro</strong></span> <span class='ocrx_word' id='word_1_761' title='bbox 3001 5782 3417 5848; x_wconf 43' lang='lat' dir='ltr'><strong>adhaerentibus,</strong></span> <span class='ocrx_word' id='word_1_762' title='bbox 3457 5769 3745 5855; x_wconf 74' lang='lat' dir='ltr'><strong>apostolica</strong></span> 
     </span>
    </p>
   </div>
  </div>
