3952 6436
471 525 573 581 659

1381 520 1435 576 S.
1469 469 1795 576 ῦιῑΕέοιιιι
1835 514 1923 570 ΥΠ
1956 513 2157 600 PAR-ii
2194 510 2686 569 OPERCMPARS
2721 508 2764 565 ll

3605 502 3729 559 660

473 636 763 692 lionoravit
784 636 836 691 in
858 624 1513 704 cu:lis,an'obisejusdem
1538 631 1709 688 servis
1738 630 2037 693 bonoretnr
2063 639 2110 697 Α
2135 616 2469 684 Neunlioven
2515 642 2639 681 cum
2699 622 2954 679 omnibus
3008 620 3381 693 pertinentiis,
3426 627 3484 675 ct
3532 633 3729 675 unam

474 724 639 780 etiam
671 724 727 779 in
746 723 929 781 terris.

1178 789 1342 847 XVII.

479 880 761 954 Gregorius
795 882 907 954 VII
933 903 951 936 ι
980 884 1285 938 monasterii
1311 882 1367 954 δ.
1396 880 1583 937 Maria
1621 879 1870 954 Virginis,
1913 893 2043 932 con-

548 949 737 1023 structi
758 955 814 1007 in
835 953 949 1007 loco
974 955 1065 1023 qui
1084 954 1283 1007 dicitur
1304 952 1507 1018 Banza,
1539 970 1559 1002 ι
1608 949 1956 1021 possessiones
1992 955 2042 1001 et

549 1021 827 1094 privilegia
853 1021 1151 1092 conﬁrmat.

1064 1114 1242 1185 (Anno
1284 1089 1466 1183 lO'iii.)

482 1201 565 1276 [In
588 1203 856 1276 tabulario
876 1202 1129 1276 Ecclesia:
1153 1202 1433 1276 Romanae,
1455 1217 1522 1257 ex
1556 1199 1786 1276 Schedis
1806 1198 2045 1276 _l_’ertzii,

555 1281 691 1348 teste
710 1271 1365 1348 ιιλιειέηιίεςρςια-ροιιιίί.
1391 1271 1567 1348 Ront.,
1596 1285 1719 1342 pag.
1761 1268 1885 1326 H7.
1933 1268 2044 1330 inc.

555 1341 806 1414 Superum
834 1341 1212 1399 miserationis.
1236 1412 1239 1413 ν

1084 1484 1095 1496 ,
1174 1430 1361 1487 XVIII.

592 1523 754 1581 Bulla
778 1523 1015 1594 Gregorii
1037 1522 1112 1577 VI
1118 1521 1149 1577 Ι
1158 1540 1253 1592 pro
1276 1522 1591 1576 inanesterio
1612 1520 1941 1574 Patariensi.

1070 1613 1251 1684 (Anno
1288 1612 1472 1682 1075.)

666 1703 1029 1778 [Monumenta
1062 1706 1250 1771 Boica,
1279 1712 1414 1759 tom.
1452 1702 1543 1769 iV,
1575 1720 1696 1774 pag.
1726 1699 1878 1773 290.]

558 1794 867 1869 Caesonius
903 1796 1216 1866 episcopus,
1247 1811 1436 1851 servus
1479 1810 1760 1850 servorum
1802 1790 1927 1858 Dei,
1972 1790 2056 1845 di-

491 1885 634 1941 lecto
663 1883 813 1940 fratri
839 1885 894 1941 in
928 1884 1149 1940 Christo
1177 1884 1407 1939 Alamno
1439 1883 1747 1937 Pataviensi
1777 1880 2054 1951 episcopo.

2049 746 2057 751 ν
2137 716 2477 783 bofsacliam,
2512 731 2676 787 quam
2713 714 2898 786 Egcno
2949 713 3015 769 ad
3051 728 3210 768 usum
3254 710 3494 782 episcopi
3534 709 3727 776 dedit,

2137 817 2192 864 et
2239 824 2410 864 unum
2461 822 2711 862 mansum
2761 814 2816 860 rt
2870 805 3154 861 dimidium
3196 804 3263 858 ad
3295 800 3626 875 Stainl'elde,
3660 808 3734 857 ct

2140 908 2253 956 tres
2286 897 2575 954 liofsacl-as
2606 899 2659 953 in
2690 898 2810 953 loco
2834 897 2927 968 qui
2961 895 3159 951 dicitur
3190 892 3451 959 Alburch,
3472 900 3530 947 et
3557 892 3732 951 deei-

2141 991 2435 1047 mationem
2485 990 2604 1061 ejus
2653 990 2790 1043 villae
2840 1003 2964 1043 eum
3003 982 3112 1041 uno
3156 999 3383 1049 manso,
3436 991 3492 1038 et
3537 997 3730 1037 unam

2142 1089 2348 1137 curtem
2374 1079 2657 1135 Enzcnwis
2688 1094 2811 1135 cum
2835 1078 3082 1134 Cenezeo
3115 1084 3170 1130 et
3198 1075 3348 1132 omni
3371 1074 3629 1138 utilitate,
3650 1080 3732 1139 et

2146 1181 2255 1228 tres
2287 1171 2579 1227 liofsacbas
2623 1172 2690 1226 de
2723 1167 3073 1225 Euclxendurf
3107 1182 3232 1222 cum
3262 1166 3413 1235 omni
3454 1165 3724 1220 utilitate.

2142 1262 2227 1319 Ad
2278 1260 2590 1319 Ricbestorf
2620 1278 2787 1317 unum
2832 1276 3104 1325 mansum,
3139 1268 3193 1313 et
3223 1272 3392 1314 unum
3440 1254 3730 1311 molendi-

2146 1368 2301 1419 num,
2323 1352 2608 1407 ecclesiam
2652 1368 2816 1407 unam
2845 1367 2967 1421 qua:
2999 1349 3200 1405 dicitur
3240 1346 3539 1409 Aitenbach
3586 1361 3733 1404 cum

2063 1502 2070 1509 ,
2148 1443 2299 1499 omni
2332 1441 2562 1499 utilitate
2604 1459 2727 1513 qua:
2772 1443 2838 1503 ad
2874 1442 3046 1511 ipsam
3091 1439 3413 1512 pertinebat,
3465 1445 3521 1492 et
3546 1450 3736 1491 unam

2149 1533 2561 1588 decimationem
2586 1534 2641 1587 in
2664 1532 2924 1604 parocbia
2960 1526 3211 1595 Huttarn,
3252 1538 3309 1586 et
3336 1543 3502 1584 unam
3536 1526 3741 1583 bofsae.

2151 1624 2310 1680 cbam
2331 1624 2396 1678 ad
2418 1622 2589 1679 Ousta
2611 1638 2734 1678 cum
2750 1623 2960 1678 caeteris
2979 1622 3138 1676 bonis
3154 1620 3281 1675 illuc
3298 1618 3737 1691 pertinentibus,

2153 1723 2208 1770 et
2245 1716 2314 1770 ad
2348 1714 2627 1768 Alnkoven
2657 1728 2826 1767 unum
2868 1726 3126 1767 mansum
3179 1725 3304 1765 cum
3361 1707 3741 1764 decimatione

2154 1805 2396 1875 ejusdem
2449 1805 2730 1868 ecclesiae,
2772 1803 2840 1857 ad
2876 1802 3104 1857 [iustam
3158 1799 3603 1866 deeimationem,
3658 1797 3741 1854 ad

2159 1895 2377 1950 Leubcn
2402 1910 2565 1949 unam
2591 1894 2829 1958 vineam,
2862 1893 2928 1947 ad
2961 1891 3211 1948 Mautarn
3248 1904 3741 1959 ιιιιιιιιιιιιιξιιιειιιτιι

491 1981 550 2028 et
590 1989 687 2044 per
717 1971 1127 2029 cumccclesia:
1169 1984 1342 2043 ‘quam
1392 1972 1447 2027 in
1502 1969 1775 2027 territorio
1815 1967 2057 2036 ejusdem

2175 1986 2226 2040 Id
2268 1984 2558 2039 Wachawe
2603 1985 2741 2039 duas
2781 1984 2986 2047 vineas,
3029 1983 3097 2037 ad
3128 1979 3540 2036 Sebencnbobel
3567 1966 3744 2045 duas,

493 2063 728 2117 civitatis
769 2063 823 2116 in
873 2070 1032 2132 portu
1060 2060 1198 2117 (Eni
1244 2061 1484 2116 fluminis
1525 2058 1858 2123 construxit,
1902 2065 1957 2111 ct
2003 2058 2058 2110 in

495 2151 704 2205 honore
731 2149 943 2205 Sanctae
964 2149 1262 2215 Trinitatis,
1281 2158 1335 2205 ct
1354 2149 1627 2221 passionis
1649 2147 1860 2201 Domini
1887 2145 2060 2201 nostri

493 2237 621 2294 Iesu
656 2234 880 2304 Christi,
925 2248 980 2295 et
1013 2247 1324 2295 sanctorum
1365 2236 1593 2292 Andreae
1627 2235 1885 2306 apostoli,
1917 2232 2060 2288 Pan-

499 2330 733 2411 taleonis
765 2332 1021 2401 martyris,
1040 2330 1096 2385 et
1129 2330 1302 2385 sancti
1332 2325 1543 2384 Nicolai
1566 2325 1918 2392 confessoris,
1933 2340 2065 2380 con-

501 2420 737 2477 secravit
768 2421 823 2476 in
857 2429 1198 2491 perpetuum.

571 2509 839 2567 Convenit
882 2511 1180 2581 apostolico
1222 2507 1576 2564 moderamini
1620 2506 1886 2579 religiosis
1916 2504 2065 2559 desi-

503 2600 668 2659 deriis
730 2608 783 2656 et
830 2600 1181 2671 petitionibus
1241 2613 1306 2654 ea
1354 2597 1687 2668 benignitate
1745 2603 1800 2649 et
1847 2593 2067 2671 pictatis

450 2726 451 2731 η
507 2690 687 2747 studio
708 2691 1138 2747 condescendere
1176 2687 1534 2760 cﬂ‘ectumque
1554 2687 1811 2754 przebcre,
1836 2695 1913 2750 ut,
1936 2685 2067 2740 dum

511 2773 810 2852 spiritualis
855 2781 1153 2847 auctoritas
1206 2780 1365 2843 cilicii
1410 2780 1499 2836 sui
1545 2779 1784 2859 debitum
1830 2776 2067 2847 peragit,

511 2871 642 2926 dum
678 2870 923 2932 lldelinm‘
944 2879 1143 2926 statuta
1168 2870 1474 2925 roboranda
1500 2868 1902 2923 venerabilibus
1937 2866 2072 2921 locis

510 2964 822 3033 praesidium
845 2962 1178 3021 defensionis
1204 2962 1483 3034 impendit,
1512 2962 1601 3017 hic
1621 2961 1846 3029 adactus
1883 2974 2073 3029 super—

512 3070 599 3108 na:
634 3055 1009 3115 retributionis
1061 3055 1300 3120 lucretur
1328 3106 1329 3109 η
1353 3054 1778 3117 incrementum,
1826 3049 1972 3120 quod
1998 3049 2072 3123 _in

515 3145 819 3213 prmstando
858 3145 1121 3201 beneﬁcio
1147 3161 1258 3201 non
1297 3144 1478 3199 minor
1503 3142 1604 3197 fuit
1637 3142 1876 3197 cllai'itas
1909 3156 2070 3211 quam

504 3232 706 3302 pietas.
735 3231 848 3288 Hoc
867 3235 1012 3289 enim
1038 3243 1094 3289 et
1123 3235 1391 3290 bonorum
1416 3234 1607 3297 studiis
1641 3248 1735 3302 spe
1759 3230 2070 3302 proﬁciendi

2161 2077 2227 2131 ad
2253 2075 2501 2131 Ascbach
2528 2076 2664 2130 duas
2684 2084 2739 2129 et
2758 2083 2870 2129 tres
2896 2074 3146 2143 sagenas.
3177 2086 3341 2126 unam
3375 2069 3642 2137 Patavim,
3677 2077 3746 2124 et

2161 2168 2322 2222 aliam
2369 2164 2578 2222 Sebacli
2600 2206 2616 2233 ,
2664 2165 2878 2223 tertiam
2931 2162 3203 2229 Matbsec,
3233 2176 3335 2231 pro
3382 2161 3583 2216 vestitu
3636 2175 3742 2214 au-

2164 2262 2271 2313 tem
2297 2273 2444 2320 xxiv,
2482 2257 2575 2310 lib.
2605 2271 2639 2309 ι
2662 2256 2730 2310 de
2762 2255 3014 2320 navibus,
3042 2270 3096 2309 vi
3121 2254 3202 2308 de
3224 2252 3565 2318 Colderbert,
3593 2267 3651 2306 iv
3669 2251 3748 2308 de
3778 2270 3781 2271 '

2165 2346 2441 2417 Evirding,
2458 2361 2517 2399 ιιι
2532 2344 2599 2399 de
2618 2360 2786 2399 censu
2803 2342 3064 2408 Slatbsee,
3094 2358 3109 2395 I
3132 2342 3200 2396 de
3214 2340 3522 2406 Aufhoven,
3538 2349 3596 2394 et
3618 2353 3749 2398 Ino-2

2165 2436 2442 2492 lcndinum
2502 2424 2559 2489 in
2616 2434 2805 2488 eodem
2856 2432 3000 2486 loco.
3057 2428 3235 2485 Unam
3294 2426 3621 2486 bofsacham
3670 2426 3751 2487 ad

2167 2523 2535 2590 Rieberstorf,
2576 2540 2593 2578 ι
2636 2521 2935 2592 Peringen,
2976 2518 3363 2573 Auncliirchen
3408 2524 3466 2572 et
3501 2515 3750 2570 Altheim

2168 2631 2292 2671 cum
2328 2614 2585 2673 omnibus
2612 2612 2951 2683 pertinentiis
2997 2610 3144 2676 suis;
3183 2607 3587 2674 iCerichwis,i
3615 2605 3754 2662 Hei-

2168 2705 2336 2775 ming,
2378 2719 2540 2759 unam
2565 2702 2980 2759 decimationem
3018 2698 3563 2766 Ruebrecbtslioven,
3605 2697 3754 2753 duas

2168 2795 2356 2850 vineas
2402 2793 2747 2866 Linmating,
2785 2809 2951 2849 unam
2988 2792 3277 2849 ecclesiam
3322 2806 3450 2847 cum
3496 2791 3752 2847 decima-

2171 2884 2318 2938 tione
2342 2882 2789 2949 Griescliirebeu,
2818 2891 2874 2938 et
2912 2899 2928 2936 ι
2976 2880 3328 2947 hofsacham,
3376 2879 3757 2951 Kaltenpacb,

2172 2972 2587 3031 decimationem
2629 2973 2684 3026 in
2718 2987 2845 3033 rure
2878 2971 3116 3042 Beugen,
3161 2972 3293 3026 item
3326 2971 3756 3040 declinationem

2180 3065 2420 3121 Gumtis.
2448 3064 2592 3133 llaec,
2620 3066 2864 3135 inquam,
2889 3064 3095 3129 omnia,
3127 3072 3558 3134 cuiuscunque
3581 3062 3758 3117 etiam

2186 3154 2525 3213 innominata
2571 3155 2711 3209 bona
2758 3153 2934 3208 eidem
2981 3151 3224 3211 ecclesia:
3272 3151 3360 3206 vel
3406 3165 3558 3206 nunc
3603 3136 3765 3220 iuste

2176 3246 2370 3302 collata
2401 3253 2548 3312 sunt,
2579 3245 2664 3298 vel
2688 3243 2741 3298 in
2764 3251 3043 3314 posterum
3086 3239 3196 3295 Deo
3222 3239 3545 3309 disponente
3563 3237 3762 3293 confe-

518 3330 868 3392 a‘ugmcntum
913 3325 1102 3385 tribuit
1133 3333 1188 3379 et
1228 3340 1365 3394 opus
1403 3325 1678 3393 proprium
1729 3323 1905 3378 fructu
1946 3337 2070 3391 per-

2175 3340 2341 3394 reuda
2360 3354 2425 3393 eo
2450 3346 2655 3401 tenore,
2671 3345 2734 3402 et
2750 3333 3088 3416 auctoritate
3110 3332 3178 3387 ad
3213 3345 3563 3386 communem
3586 3344 3760 3384 usum

520 3410 773 3468 lectionis
825 3411 938 3468 Deo
1000 3412 1327 3482 acceptabile
1380 3412 1571 3466 reddit.
1624 3410 1839 3480 Itaque,
1887 3409 2080 3478 dilecte

522 3504 726 3583 frater,
772 3504 1094 3559 charissima
1144 3503 1317 3558 sancti
1373 3501 1520 3556 Petri
1576 3501 1681 3562 lilia
1744 3499 2083 3569 imperatiice

524 3594 733 3662 Agnete
774 3607 985 3669 semper
1016 3592 1553 3664 augustaindicante
1598 3590 1776 3669 nobis,
1808 3599 1861 3645 te
1883 3590 1937 3644 in
1951 3588 2097 3659 sub:

526 3682 688 3738 urbio
720 3681 952 3737 civitatis
980 3668 1096 3738 tute
1134 3672 1287 3753 juxta
1326 3693 1541 3755 portum
1567 3668 1806 3754 praedicti
1846 3682 2085 3737 ﬂuminis

527 3770 667 3827 (Eni
703 3772 768 3827 ad
798 3787 1141 3828 communem
1172 3781 1226 3827 et
1265 3774 1565 3843 regularem
1585 3775 1768 3836 vitam
1801 3773 2084 3829 ecclesiam

529 3860 919 3929 construxisse,
949 3871 1002 3917 et
1037 3870 1095 3923 ut
1126 3877 1269 3929 eam,
1301 3862 1453 3931 juxta
1494 3861 1833 3933 propositum
1863 3869 1969 3915 tua:
1995 3859 2089 3913 de-

530 3953 789 4021 votionis,
829 3955 1235 4011 constitutionis
1278 3953 1586 4024 apostolicae
1631 3951 1925 4021 privilegiis
1959 3964 2092 4003 con-

478 4054 481 4055 '
531 4041 909 4107 ﬁrmaremus,
948 4049 1065 4096 tum
1119 4043 1236 4111 ipsa
1292 4056 1391 4112 pro
1451 4049 1505 4095 te
1557 4037 1750 4110 sancto.
1816 4034 2092 4091 Desiderio

533 4128 875 4200 postulante,
922 4136 1073 4183 tanto
1131 4130 1434 4198 promptius
1485 4129 1771 4198 utriusque
1824 4125 2091 4180 voluntati

532 4220 883 4277 annuendum
922 4234 1042 4275 esse
1087 4219 1449 4288 indicavimus
1482 4228 1686 4289 quanto
1736 4225 1789 4271 et
1836 4225 1926 4270 tua
1967 4224 2094 4272 vota

532 4311 681 4382 iusta
719 4326 841 4367 esse
894 4311 1098 4366 certius
1146 4308 1516 4379 intelligimus,
1558 4316 1613 4361 et
1648 4308 1795 4361 illius
1830 4306 2094 4360 desideria

537 4400 721 4455 divino
750 4415 978 4456 accensa
1003 4398 1207 4470 Spiritu
1236 4399 1437 4468 ubique
1474 4394 1783 4466 prosperari
1825 4394 2093 4462 cupimus.

539 4487 912 4542 Concedentes
951 4489 1116 4557 igitur
1169 4488 1262 4542 tibi
1294 4495 1350 4542 et
1390 4484 1625 4555 praefata:
1657 4480 1900 4555 ecclesiae
1934 4480 2099 4550 hujus

543 4573 721 4629 nostri
749 4574 1030 4644 apostolici
1058 4575 1257 4635 decreti
1284 4569 1682 4647 [auctoritate],
1708 4570 1803 4641 qui
1830 4569 1916 4626 vel
1956 4585 2103 4624 nunc

2180 3428 2410 3484 fratrum
2464 3429 2660 3484 ibidem
2707 3425 2833 3495 Deo.
2878 3423 3258 3489 famulantium
3311 3418 3665 3476 decernimus
3701 3425 3765 3481 et

2182 3518 2601 3574 corroboramus
2647 3524 2709 3570 ut
2745 3527 3092 3575 communem
3141 3519 3197 3567 et
3238 3510 3541 3582 regularem
3582 3508 3760 3564 vitam

2184 3609 2470 3675 ducentes,
2496 3606 2633 3662 nihil
2662 3605 2729 3662 de
2763 3602 2922 3660 bonis
2946 3602 3189 3659 ecclesias
3225 3600 3458 3671 propria:
3484 3608 3541 3654 et
3560 3599 3761 3670 singu-

2183 3701 2370 3756 lariter
2415 3699 2519 3754 sibi
2559 3694 2946 3753 vindicent.’Si
2989 3693 3114 3765 quis
3164 3706 3293 3747 vero
3341 3691 3761 3761 imperatorum,

2186 3808 2400 3863 regum,
2427 3791 2795 3853 sacerdotum,
2826 3788 3172 3856 clericorum,
3211 3782 3486 3851 iudicum,
3521 3793 3585 3832 ac
3628 3777 3766 3831 ηιξ-ι

2189 3886 2465 3955 giosarum
2509 3894 2867 3950 personarum
2910 3878 3053 3933 hanc
3107 3869 3511 3929 constitutionis
3551 3876 3766 3941 nostra

2191 3971 2441 4042 paginam
2472 3981 2796 4038 agnoscens,
2838 3972 3026 4019 contra
3060 3976 3182 4017 eam
3221 3958 3411 4014 venire
3448 3956 3761 4024 tentaverit,

2192 4060 2478 4134 potestatis
2506 4058 2838 4129 honorisque
2877 4054 3138 4126 dignitate
3176 4059 3361 4108 careat
3396 4064 3658 4120 reumque
3701 4063 3765 4104 se

2190 4153 2376 4207 divino
2427 4149 2634 4220 judicio
2689 4149 2923 4211 existere
2980 4145 3047 4201 de
3112 4150 3417 4215 perpetrata
3472 4140 3764 4210 iniquitate

2164 4249 2485 4309 cognoscat
2517 4248 2571 4295 et
2601 4239 2705 4294 nisi
2732 4254 2796 4293 ea
2827 4252 2949 4308 quae
2990 4235 3178 4305 abillo
3223 4241 3356 4289 sunt
3390 4233 3531 4288 male
3572 4231 3762 4290 ablata

2194 4333 2491 4388 restituerit
2506 4331 2590 4385 vel
2608 4330 2769 4400 digna
2788 4327 3106 4398 paenitentia
3127 4325 3309 4379 illicite
3330 4333 3450 4380 acta
3464 4322 3762 4387 deﬂevcrit,

2198 4438 2229 4476 a
2258 4406 2630 4482 sacratissimo
2687 4426 2912 4486 corpore
2964 4429 3031 4471 ac
3071 4414 3337 4483 sanguine
3395 4410 3607 4466 Domini
3653 4408 3765 4471 Res

2199 4506 2496 4576 demptoris
2518 4503 2692 4563 nostri
2733 4501 2862 4557 .lesu
2891 4499 3097 4569 Christi
3125 4499 3335 4553 alienus
3366 4497 3479 4562 ﬁat,
3503 4505 3667 4567 atque
3704 4499 3763 4555 in

2200 4606 2445 4653 extremo
2477 4595 2726 4653 examine
2767 4592 3026 4647 districta:
3049 4588 3244 4647 ultioni
3288 4587 3580 4658 subiaceat.
3606 4585 3763 4642 Cun-

548 4665 608 4721 in
630 4664 817 4721 eadem
850 4664 1076 4719 ecclesia
1122 4674 1251 4718 sunt
1278 4664 1530 4731 ordinati,
1567 4664 1655 4718 vel
1702 4663 1884 4752 aliquo
1913 4669 2097 4731 postea
2131 4660 2176 4715 D
2204 4691 2307 4746 cus
2353 4696 2532 4743 autem
2581 4685 2757 4741 eidem
2801 4683 2922 4739 loco
2955 4682 3106 4752 iusta
3143 4679 3483 4735 servantibus
3533 4677 3603 4732 sit
3655 4693 3763 4748 pax

548 4756 863 4825 inltempore
898 4753 1099 4815 fuerint
1121 4752 1426 4823 ordinandi,
1458 4752 1561 4806 sub
1584 4751 1858 4808 communi
1890 4767 2103 4823 semper

540 4849 653 4903 vita
674 4854 730 4901 et
754 4844 1030 4901 claustrali
1065 4841 1476 4900 conversatione
1515 4840 1833 4898 consistant.
1864 4839 1945 4895 Ad
1966 4855 2093 4910 quo-

483 4958 487 4965 ί
544 4938 677 4993 rum"
695 4952 1038 4993 communem
1084 4949 1246 4990 usum
1290 4931 1697 4996 conﬁrmamus,
1721 4937 1776 4984 et
1802 4930 2105 4988 incoatum--

550 5028 789 5082 tabiliter
822 5027 1055 5083 tenenda
1094 5024 1553 5086 determinamus,
1586 5018 1941 5085 determinatc
1985 5018 2109 5088 qui-

553 5117 699 5181 dem,
746 5124 802 5170 et
849 5130 913 5178 ea
945 5132 1066 5185 qua:
1096 5115 1487 5186 pramominata
1523 5109 1831 5182 imperatrix
1866 5107 2110 5181 Augusta,

551 5206 793 5268 remedio
820 5205 1014 5260 anima:
1045 5221 1157 5261 sum
1189 5206 1438 5270 donavit,
1476 5204 1722 5260 videlicet
1753 5215 1954 5256 nonam
1990 5213 2109 5268 par-

478 5319 480 5321 ν
552 5309 662 5354 tem
689 5297 967 5361 omnium,
1002 5311 1124 5366 qua:
1164 5296 1231 5352 ad
1260 5295 1599 5366 Persenburg
1641 5294 1709 5355 ad
1753 5306 1949 5347 manus
1977 5303 2107 5345 suas

553 5390 700 5446 culta
746 5387 1042 5447 redduntur
1073 5394 1130 5441 et
1174 5400 1239 5440 ea
1290 5399 1411 5454 quae
1455 5391 1514 5438 tu
1556 5384 1672 5451 ipse
1721 5392 1820 5451 per
1879 5395 2103 5435 manum

556 5478 799 5543 advocati
821 5477 902 5535 tui
925 5475 1198 5534 Remberti
1219 5474 1347 5530 illuc
1366 5471 1652 5536 tradidisti,
1679 5470 1885 5525 scilicet
1907 5469 2107 5524 antesio

2202 4779 2416 4836 Domini
2441 4777 2613 4833 nostri
2643 4775 2768 4831 Jesu
2800 4762 3306 4843 Cbristi,quatenus
3328 4778 3385 4825 et
3409 4769 3500 4824 hic
3524 4767 3761 4826 fructum

2204 4872 2364 4935 bona:
2386 4869 2617 4925 actionis
2640 4866 2942 4938 percipiant
2963 4872 3020 4919 et
3035 4863 3177 4932 apud
3202 4862 3506 4917 districtum
3522 4860 3761 4930 iudicem

2205 4963 2429 5031 praemia
2470 4969 2686 5014 aeterna:
2721 4955 2872 5030 pacis
2892 4952 3189 5007 inveniant.
3219 4950 3413 5005 Amen.

2279 5050 2475 5104 Datum
2504 5047 2690 5102 Romae
2730 5058 2828 5113 per
2849 5055 3046 5096 manus
3085 5037 3234 5096 Petri
3257 5036 3555 5110 presbyteri
3582 5038 3761 5094 cardi-

2209 5142 2349 5197 nalis
2376 5156 2440 5195 ac
2482 5133 2899 5201 bibliothecarii,
2932 5149 2989 5188 ix
3034 5130 3258 5187 Kalend.
3291 5129 3510 5200 Aprilis,
3533 5143 3680 5187 anno
3720 5145 3762 5186 ιι

2207 5231 2553 5305 pontiﬁcatus
2586 5212 2772 5285 domui
2793 5224 3041 5298 Gregorii
3065 5220 3300 5293 septimi,
3332 5213 3623 5275 indictione
3642 5237 3757 5281 xm.

2912 5333 3056 5389 XIX.

2207 5434 2249 5489 C
2257 5433 2444 5504 τεθοήὶ
2464 5428 2538 5488 VI
2544 5428 2575 5484 Ι
2583 5427 2807 5501 epistola
2826 5425 2896 5480 ad
2907 5423 3232 5495 Liprandum
3251 5419 3571 5474 sacerdotem
3595 5418 3761 5497 (ut),

2796 5525 2978 5595 (Anno
3006 5518 3187 5590 1075.)

558 5579 779 5641 gnatum
817 5578 1033 5640 portum
1078 5564 1323 5638 praedicti
1350 5562 1589 5617 ﬂuminis
1616 5559 1779 5621 (Eni,
1803 5573 1926 5613 cum
1962 5556 2110 5611 omni

560 5661 791 5718 utilitate
813 5676 913 5717 sua
946 5661 1113 5731 gratis
1146 5655 1362 5728 quidem
1382 5649 1924 5723 transponendis,qui
1948 5663 1977 5702 c
1997 5663 2112 5702 .usa

564 5754 825 5814 orationis
856 5753 1078 5807 vadunt.
1104 5748 1331 5817 Insuper
1362 5746 1498 5801 duas
1527 5753 1707 5800 curtcs
1744 5739 2027 5808 Senftling,
2061 5745 2117 5805 et

641 5885 786 5958 (ιιι)
813 5882 1042 5946 Dederat
1094 5883 1195 5941 bas
1241 5880 1450 5938 litteras
1490 5878 1558 5934 ad
1598 5873 1930 5948 Lipranéum
1976 5866 2267 5940 Gregorius
2295 5862 2392 5919 Vl]
2417 5863 2602 5927 statim
2649 5874 2712 5918 ac
2758 5857 2954 5919 laedam
2983 5855 3196 5919 aurium
3231 5862 3288 5917 et
3332 5851 3451 5918 nasi
3482 5844 3768 5915 mutuatio:

2391 5602 2721 5694 [Musa-rom,
2760 5615 2882 5669 Rer.
2948 5609 3079 5667 Ital.
3132 5608 3328 5683 script.
3358 5607 3600 5681 v,m.]

2288 5735 2595 5809 Caesonius
2618 5742 2925 5797 episcopus,
2948 5740 3136 5780 servus
3183 5726 3464 5779 servorum
3514 5717 3637 5785 Dei,
3677 5718 3763 5777 ιιη

3702 6166 3725 6187 ἢ

3488 6202 3900 6334 nail
