3952 6358
153 431 241 484 ﬁt}!

969 438 972 448 '
1031 404 1390 486 EPISTOL/E
1429 418 1661 474 EXTRA
1701 418 2095 480 RECKSTREM
2128 423 2500 482 V'AGANTES.

3279 419 3384 472 (ἒδέ

155 556 356 597 renuo
387 540 651 595 sacerdoti
678 539 903 594 salutent
940 549 994 596 ct
1015 541 1366 611 apostolicam
1397 540 1725 613 benedictio—
1752 550 1798 609 Α
1827 539 1912 594 nis
1962 537 2378 594 sollicitudinem
2422 534 2693 604 gerimus,
2737 540 2796 586 ut
2839 531 3002 601 iustis
3048 532 3382 600 precantium

157 649 296 688 nem.
307 660 318 666 -

181 754 189 762 -
227 723 283 776 Si
306 730 624 778 sanctorum
657 721 972 776 memoriam
996 736 1340 786 veneramur,
1380 721 1448 776 de
1491 737 1724 791 quorum

158 813 384 881 legimus
445 822 622 867 morte
655 821 709 866 ct
749 811 1052 867 abscisione
1103 811 1490 877 membrorum,
1537 811 1583 866 si
1631 827 1728 881 pa-

161 903 407 956 tientiam
438 902 726 955 laudamus
747 916 958 964 eorum,
985 913 1123 969 quos
1160 913 1190 953 a
1220 898 1424 953 Christi
1471 899 1573 953 tidc
1614 900 1726 970 gla-

159 993 280 1047 dius
312 1007 414 1045 nec
442 991 546 1044 ulla
577 1006 736 1060 pruna
758 989 960 1054 divisit,
987 997 1044 1042 tu
1070 1004 1308 1058 quoque,
1342 990 1553 1044 absciso
1592 1005 1728 1044 naso

158 1091 211 1137 et
239 1082 468 1136 auribus
490 1095 587 1150 pro
602 1079 802 1134 Christi
827 1079 1066 1144 nomine,
1094 1078 1415 1132 laudabilior
1435 1093 1513 1143 es,
1538 1079 1628 1148 qui
1661 1079 1728 1132 ad
1764 1061 1780 1074 ’

158 1186 278 1226 eam
306 1171 538 1241 gratiam
576 1171 874 1240 pertingere
919 1167 1163 1222 meruisti
1194 1184 1316 1237 quae
1363 1169 1430 1221 ab
1477 1168 1732 1223 omnibus

160 1260 518 1316 desideranda
566 1269 669 1325 est,
699 1276 804 1329 qua
835 1275 866 1313 a
898 1259 1122 1324 sanctis,
1149 1257 1194 1312 si
1226 1259 1652 1327 persevcraweris
1678 1259 1731 1312 in

161 1350 344 1416 tinem,
373 1365 484 1404 non
506 1350 798 1419 discrepas.
833 1347 1116 1420 lntegritas
1149 1348 1364 1418 quidem
1389 1350 1634 1418 corporis
1657 1348 1732 1402 tazi

160 1441 431 1496 diminuta
453 1449 554 1506 est,
573 1441 664 1496 sed
691 1441 914 1494 interior
935 1440 1118 1502 homo,
1138 1439 1228 1508 qui
1252 1437 1344 1493 ren
1358 1440 1624 1493 uratur-dc
1649 1441 1735 1494 die

163 1531 214 1585 in
244 1533 412 1597 diem,
441 1547 694 1602 magnum
720 1531 1024 1586 sanctitatis
1045 1530 1280 1599 suscepit
1303 1531 1691 1584 incrementum
1719 1549 1732 1584 :

162 1620 335 1676 forma
363 1622 591 1676 visibilis
615 1621 840 1690 turpior,
865 1620 958 1676 sed
979 1620 1156 1691 imago
1177 1619 1289 1685 Dei,
1309 1636 1429 1692 quae
1455 1628 1538 1674 est
1561 1615 1736 1674 ferina

159 1712 407 1781 iustitiae,
434 1711 577 1766 facta
608 1719 692 1765 est
718 1708 1490 1780 indiminutioneiucundior,
1520 1710 1574 1763 in
1621 1719 1736 1764 tur-

162 1802 404 1871 pitudinc
433 1800 728 1871 pulchrior.
755 1799 906 1854 L’nde
922 1801 975 1854 in
999 1800 1237 1855 Canticis
1261 1800 1596 1855 canticorum
1621 1800 1735 1870 glo-

1822 629 1962 682 votis
1985 637 2184 682 attenta
2237 625 2562 695 benignitate
2623 622 2931 686 faveamus,
2974 631 3036 675 'et
3103 621 3386 676 libramine

1823 720 2094 788 aequitatis
2144 716 2395 772 omnibus
2426 716 2481 768 in
2525 713 2843 768 necessitate
2865 712 3079 781 positis,
3123 721 3383 780 quantum

1825 809 1937 864 Deo
1961 811 2197 864 donante
2242 819 2554 875 possumus,
2587 803 2874 858 subvenire
2913 801 3226 864 debeamus,
3252 816 3386 873 prae-

1825 901 1979 970 cipue
2001 909 2182 953 tamen
2213 897 2280 951 de
2300 893 2684 950 vcnerabilium
2707 893 2948 946 locorum
2975 891 3260 944 stabilitate
3289 906 3387 960 pro

1827 990 2006 1045 debito
2029 991 2236 1043 honore
2274 1000 2500 1040 summae
2525 993 2576 1036 et
2598 981 2907 1050 apostolicae
2942 980 3116 1045 sedis,
3142 979 3228 1034 cui
3263 976 3386 1048 spe.-

1828 1081 1950 1135 eiali
1992 1080 2113 1148 iure
2163 1077 2466 1137 adhaerent,
2495 1082 2757 1143 quantum
2805 1086 2870 1124 ex
2907 1071 3091 1124 divino
3121 1069 3390 1138 adiutorio

1829 1169 2157 1241 possibilitas
2185 1168 2363 1230 datur,
2407 1165 2563 1218 nobis
2596 1160 2932 1232 pauisandum
2959 1169 3010 1213 et
3033 1159 3388 1213 laborandum

1829 1277 1949 1315 esse
1981 1259 2379 1330 perpendimus.
2419 1253 2651 1307 Proinde
2694 1252 2850 1322 iuxta
2905 1251 3212 1320 petitionem
3242 1258 3387 1302 tuam

1832 1351 2055 1421 praefato
2074 1347 2402 1403 monasterio
2423 1346 2511 1404 cui
2541 1354 2595 1398 tu
2631 1358 2862 1412 praeesse
2889 1340 3245 1408 dignosceris,
3267 1354 3388 1392 cum

1832 1441 2050 1510 capellis
2081 1435 2611 1505 circumiacentitms,
2649 1434 2893 1486 videlicet
2953 1432 3163 1485 Sanctae
3192 1430 3390 1490 Mariae.

1835 1530 2017 1584 Sancti
2044 1529 2223 1583 Maioli
2254 1538 2306 1582 et
2355 1527 2537 1581 Sancti
2581 1523 2852 1586 (Milonis,
2889 1522 3196 1590 [illiusmodi
3229 1522 3395 1589 privi-

1833 1622 1970 1691 legit)
1996 1620 2248 1690 praesenti
2280 1618 2625 1672 auctoritatis
2668 1624 2866 1668 nostrae
2897 1614 3111 1666 decreto
3147 1611 3390 1679 indulge—

1825 1710 2339 1776 vnius,concedimus
2362 1719 2523 1777 atque
2549 1709 2847 1768 tirmamus,
2873 1712 3169 1758 statuentes
3189 1705 3395 1755 utilium

1834 1817 2024 1872 regum
2053 1801 2134 1855 vel
2181 1802 2587 1868 imperatorum,
2615 1796 2939 1857 antistitum,
2973 1795 3178 1847 nullum
3209 1808 3395 1861 quem—

163 1893 336 1946 riatur
374 1892 612 1946 Ecclesia
640 1891 824 1946 dicens
858 1909 871 1945 :
916 1909 934 1941 ι
979 1889 1141 1960 Nigra
1185 1907 1328 1956 sum,
1373 1891 1494 1946 ﬁliae
1541 1890 1734 1945 Hicru-
1764 1885 1807 1940 B
1833 1907 2047 1961 cunque
2091 1891 2356 1962 dignitate
2388 1889 2698 1958 praeditum,
2737 1886 2818 1939 vel
2867 1897 3196 1953 quemquam
3230 1883 3397 1935 alium

165 1983 350 2036 salem.
379 2002 395 2032 ι
423 1980 575 2047 Quod
599 1981 643 2035 si
671 1979 1111 2048 interim-species
1136 1977 1266 2032 nihil
1291 1995 1448 2048 passa
1464 1989 1547 2034 est
1567 1980 1733 2033 detri-

165 2069 353 2133 menti,
404 2069 470 2122 iis
528 2067 928 2123 abscisionibus
973 2083 1081 2121 non
1132 2076 1217 2122 est
1267 2068 1538 2122 abscisum
1596 2084 1628 2122 a
1681 2075 1733 2121 te

165 2158 495 2213 sacerdotale
517 2157 777 2223 ‘otlicium,
801 2159 946 2228 quod
973 2156 1250 2228 proprium
1281 2167 1364 2213 cst
1410 2158 1732 2226 sanctitatis,

165 2257 217 2302 ct
251 2263 361 2302 non
390 2257 600 2302 tantum
627 2248 1003 2304 consideratur
1037 2249 1091 2302 in
1126 2250 1434 2319 integritate
1465 2250 1736 2304 Ineinbro-

167 2353 284 2392 rum
308 2354 475 2408 quam
498 2337 552 2392 in
579 2338 886 2409 integritate
920 2340 1201 2412 virtutum.
1253 2338 1405 2393 Unde
1444 2339 1737 2410 imperator

167 2425 559 2486 Constantinus
606 2427 1085 2499 llierosolymitani
1145 2429 1384 2500 episcopi
1452 2429 1736 2498 cuiusdam

167 2518 386 2572 oculum
435 2533 533 2587 pro
573 2519 793 2573 nomine
815 2518 1016 2574 Christi
1038 2531 1252 2574 erutum
1281 2536 1420 2589 saepe
1450 2521 1738 2574 osculaba-

170 2613 276 2671 tur,
298 2613 354 2659 et
379 2606 624 2675 exemplo
658 2604 880 2666 Patrum
919 2616 1080 2676 atque
1112 2608 1437 2661 documento
1472 2609 1736 2677 majorum

170 2692 458 2748 didicimus
501 2710 609 2748 non
652 2694 854 2748 auferri
886 2711 1102 2750 sacrum
1138 2695 1373 2750 oilicium
1410 2699 1740 2769 martyribus

170 2797 269 2852 pro
289 2784 603 2852 huiusmodi
637 2800 843 2839 caesura
883 2786 1270 2840 membrorum.
1323 2786 1554 2843 Proinde
1598 2805 1742 2842 mar-

174 2881 253 2944 tyr
281 2872 505 2938 Christi,
533 2872 839 2930 conl'ortare
860 2875 912 2928 in
937 2875 1187 2942 Domino,
1209 2864 1380 2947 magis
1400 2869 1586 2932 credas
1609 2878 1661 2930 iu
1693 2885 1742 2931 te

171 2980 318 3020 nunc
339 2981 461 3020 esse
496 2967 899 3037 presbyteratus
936 2968 1191 3032 otiicimn,
1236 2951 1409 3038 quod
1440 2969 1590 3038 prius
1638 2969 1741 3023 olei

171 3055 611 3120 unctione,nuuc
639 3072 766 3109 vero
783 3057 878 3110 tibi
903 3066 985 3112 cst
1006 3058 1286 3127 sanguinis
1312 3058 1569 3113 tinctione
1594 3074 1743 3112 com-

171 3145 435 3211 missum;
494 3155 548 3200 et
593 3156 800 3215 quanto
843 3149 1023 3203 minus
1057 3150 1225 3203 habes
1265 3150 1409 3219 quoi
1441 3149 1614 3218 possit
1647 3164 1743 3201 aau-

1833 1981 2030 2036 audcre.
2051 1981 2117 2034 dc
2147 1981 2231 2033 his
2259 1996 2381 2048 quae
2401 1979 2574 2032 cidem
2601 1975 2890 2028 venerabili
2923 1975 3042 2028 loco
3071 1988 3102 2028 a
3124 1971 3392 2040 quibusli-

1830 2072 1921 2126 bet
1949 2070 2261 2123 hominilms
2296 2069 2362 2122 de
2388 2068 2608 2136 proprio
2642 2067 2764 2134 iure
2787 2064 2898 2134 iam
2927 2063 3126 2117 donata
3161 2069 3287 2116 sunt
3315 2060 3397 2113 vel

1833 2161 1886 2215 in
1913 2159 2176 2224 tutnrum,
2211 2158 2438 2213 Domino
2464 2158 2753 2211 miserante
2772 2196 2787 2219 ,
2827 2155 3020 2209 collata
3046 2152 3271 2216 fuerint,
3299 2152 3402 2206 sub

1834 2252 2123 2322 cujuslibet
2170 2266 2349 2304 causae
2398 2248 2770 2304 occasionisve
2821 2245 2998 2315 specie
3032 2246 3274 2299 minuere
3315 2246 3402 2298 vel

1835 2341 2068 2405 auferre,
2094 2341 2208 2396 sive
2252 2340 2367 2394 suis
2399 2339 2587 2393 usibus
2626 2338 2914 2407 applicare,
2948 2336 3031 2389 vel
3077 2335 3216 2400 aliis,
3243 2336 3402 2404 quasi

1836 2434 2071 2503 propriis
2122 2431 2188 2485 de
2232 2430 2435 2493 causis,
2488 2444 2587 2497 pro
2625 2443 2735 2482 suae
2784 2425 3024 2479 avaritiae
3052 2425 3401 2478 excusatione

1837 2524 2150 2577 concedere.
2177 2520 2282 2575 Sed
2301 2529 2494 2575 cuneta
2517 2534 2637 2588 quae
2660 2518 2730 2571 ibi
2749 2516 2927 2570 oblata
2959 2524 3085 2568 sunt
3106 2515 3189 2568 vel
3211 2513 3398 2568 offerri

1839 2613 2154 2684 contigerit,
2187 2620 2297 2666 tam
2330 2627 2360 2665 τι
2407 2618 2457 2664 lc
2486 2625 2649 2680 quam
2677 2609 2746 2662 ab
2795 2608 2877 2662 eis
2902 2607 2994 2678 qui
3023 2607 3077 2659 in
3110 2615 3202 2659 tuo
3230 2605 3404 2660 ollieio

1840 2705 2069 2774 locoque,
2125 2702 2509 2764 successerint,
2562 2699 2786 2769 perenni
2817 2707 3058 2768 tempore
3116 2698 3316 2753 illibata
3350 2705 3405 2750 ct

1842 2794 1960 2849 sine
1994 2793 2366 2864 inquietudine
2401 2792 2582 2861 aliqua
2611 2791 2864 2844 volumus
2895 2789 3191 2858 possideri;
3215 2803 3402 2840 eorum

1843 2885 2064 2953 quidem
2099 2883 2291 2936 usibus
2314 2897 2412 2950 pro
2435 2895 2666 2949 quorum
2700 2879 3093 2934 sustentationc
3133 2878 3402 2948 guberna-

1845 2975 2096 3044 tioneque
2125 2987 2380 3027 concessa
2433 2979 2560 3023 sunt
2587 2970 2762 3024 modis
2798 2967 3051 3022 omnibus
3101 2965 3404 3035 profutura.

1842 3065 2174 3120 Nominatim
2221 3062 2382 3116 etiam
2427 3061 2812 3114 continuantes
2859 3058 3032 3112 eidem
3080 3057 3410 3111 monasterio

1846 3155 2192 3211 Cluniacensi
2263 3151 2316 3206 in
2362 3152 2619 3207 comitatu
2668 3148 3051 3204 Matisconensi
3111 3149 3301 3202 cellam
3354 3147 3407 3199 in

173 3233 326 3300 ferri,
342 3243 494 3288 tanto
516 3234 696 3289 minus
720 3238 912 3291 timeas
953 3237 1245 3305 praedicare
1422 3216 1565 3290 recta
1592 3246 1742 3302 sunt,

1847 3247 2051 3300 honore
2072 3244 2244 3298 sancti
2272 3242 2577 3304 Martini,et
2598 3240 2882 3295 ecclesiam
2911 3240 3067 3307 juxta
3095 3239 3323 3306 positam
3349 3236 3401 3290 in

173 3321 446 3378 seminam
473 3337 596 3391 qua
627 3326 983 3397 centuplicata
1013 3327 1321 3380 reddentur.
1368 3325 1582 3380 Scimus
1623 3327 1745 3395 qui-

172 3410 296 3465 dem
323 3419 374 3465 te
402 3411 471 3466 ab
496 3411 729 3468 inimicis
763 3422 963 3470 sanctae
995 3415 1250 3472 Ecclesiae
1301 3431 1513 3485 semper
1566 3416 1747 3470 inimi-

173 3499 289 3554 cari
315 3507 479 3569 atque
505 3500 697 3571 atﬂigi:
727 3503 819 3557 sed
842 3511 900 3557 tu
923 3519 992 3558 ne
1012 3521 1108 3561 eos
1147 3506 1360 3572 timeas,
1399 3523 1576 3576 neque
1624 3522 1746 3576 per-

175 3590 454 3654 terrearis,
479 3592 607 3659 quia
651 3606 751 3645 nos
799 3600 910 3646 tam
964 3601 1017 3646 te
1065 3608 1245 3664 quam.
1281 3602 1373 3648 tua
1419 3597 1602 3649 omnia
1647 3598 1748 3650 sub

175 3687 365 3734 nostra
402 3686 457 3732 ct
488 3680 590 3732 sub
623 3681 932 3748 apostolicae
981 3682 1125 3736 sedis
1168 3683 1332 3736 tutela
1387 3699 1513 3737 cum
1554 3700 1746 3756 magna

176 3771 444 3825 charitatc
467 3780 730 3836 tenemus,
763 3779 817 3825 ct
852 3772 898 3824 si
932 3773 984 3826 in
1034 3772 1307 3842 aliquibus
1349 3773 1444 3827 tibi
1500 3789 1748 3827 necessa—

176 3861 323 3914 rium
349 3859 535 3925 fuerit,
560 3861 911 3929 apostolicam
955 3861 1136 3915 sedem
1193 3862 1462 3932 appellare
1502 3860 1750 3916 concedi-

118 3978 121 3982 -
177 3967 322 4015 mus,
355 3958 412 4005 et
441 3951 487 4004 si
508 3951 576 4005 ad
595 3966 694 4005 nos
715 3960 769 4005 et
801 3951 867 4004 ad
897 3951 1077 4004 sedem
1110 3961 1350 4005 nostram
1376 3953 1608 4016 veneris,
1627 3966 1751 4006 cum

178 4037 379 4113 gaudio
404 4049 459 4095 et
481 4056 677 4111 magno
701 4041 907 4096 honore
944 4041 1218 4110 suscipere
1251 4043 1424 4112 parati
1468 4057 1677 4096 sumas.

905 4130 1020 4184 XX.

181 4223 546 4293 Priuilcgiunr
577 4221 814 4293 Gregorii
839 4237 987 4290 parte
1019 4220 1151 4293 γη,
1181 4238 1278 4291 quo
1323 4221 1598 4290 conﬁrmat
1642 4238 1752 4293 nm-

253 4291 489 4357 nastério
519 4291 854 4345 Cluniacensi
876 4293 1052 4344 omnia
1083 4292 1196 4344 Iaca
1222 4302 1268 4344 et
1295 4293 1612 4343 monasteria
1635 4291 1753 4358 jmtt

255 4363 545 4432 acquisita,
571 4379 687 4432 qua:
731 4372 778 4414 et
830 4362 919 4432 hic.
951 4362 1262 4414 nominatim
1299 4362 1588 4432 capt-imit;
1629 4363 1753 4413 item

253 4430 536 4501 conﬁrmat
558 4430 650 4500 jus
676 4431 897 4501 eligendi
925 4432 1191 4501 proprium
1219 4430 1480 4492 abbatem,
1510 4441 1558 4484 et
1595 4432 1754 4482 adru-

255 4489 416 4555 τανιἉὶ
457 4489 609 4571 quoin
644 4489 885 4554 ntalitcrit
913 4489 1222 4571 antistitem
1242 4516 1335 4567 pro
1371 4489 1754 4571 consecratione

255 4553 618 4639 ipsius,'sicut
653 4580 703 4622 et
737 4587 830 4638 pro
862 4568 1097 4621 omnibus
1127 4553 1252 4619 aliis
1277 4569 1751 4621 consecrationibus
1789 4553 1830 4605 θ

257 4651 304 4693 ct
331 4640 779 4698 ordinationibus,
809 4646 912 4714 etc.

457 4797 462 4801 '
752 4738 765 4794 (
791 4727 948 4801 Anno
986 4726 1135 4795 lOTIj.
1156 4727 1170 4792 )

528 4817 545 4889 [
569 4797 1262 4881 BullariumiClimiaccnse,
1295 4815 1377 4868 i8.
1400 4813 1415 4886 ]

256 4911 568 4968 CREGOMUS
605 4890 912 4978 episcopus,
949 4924 1138 4983 servus
1190 4922 1469 4963 servorum
1526 4905 1636 4973 Dei,
1669 4907 1753 4962 di-

186 5004 330 5059 lecto
371 5004 426 5056 in
446 5001 666 5056 Christo
688 4999 799 5052 tilio
824 4999 1025 5061 “1560M
1072 5000 1252 5054 abbati
1279 5000 1592 5054 monasterii
1632 5015 1756 5054 sau-

190 5103 409 5148 ctorum
430 5090 803 5162 apostolorum
827 5088 970 5143 Petri
985 5097 1041 5141 ct
1053 5089 1226 5154 Pauli,
1249 5091 1547 5144 constructi
1568 5091 1757 5145 inloco

191 5185 285 5251 qui
307 5183 510 5237 dicitur
531 5181 824 5236 Cluniacus
851 5179 1075 5250 suisque
1109 5162 1516 5233 successoribus
1557 5180 1755 5234 ibidem

188 5274 513 5345 regulariter
546 5272 928 5345 promovendis
950 5272 1003 5325 in
1040 5272 1378 5340 perpetuum.

266 5365 530 5436 Supernae
559 5344 1196 5431 miserationis-respectu
1217 5360 1282 5414 ad
1304 5361 1406 5414 hoc
1437 5359 1758 5413 universalis

196 5455 452 5512 Ecclesiae
474 5467 664 5510 curam
693 5452 1032 5521 suscepimus
1058 5460 1111 5507 et
1135 5450 1417 5521 apostolici
1440 5448 1757 5506 moderami-

198 5583 320 5621 nem
347 5583 451 5637 pro
481 5564 679 5637 tuenda
704 5563 1042 5620 sacerdotum
1076 5563 1393 5637 castimonia
1423 5560 1756 5637 passest‘uc—

197 5648 282 5690 rat
309 5631 456 5690 anno
495 5634 652 5698 1075,
694 5649 894 5703 easque
933 5635 1330 5704 conscripserat
1385 5631 1757 5704 sanctissimus

200 5705 438 5780 ρητιιίΐεξς
470 5719 577 5780 non
597 5702 836 5780 tantum;
856 5710 937 5780 nt_
957 5702 1317 5780 gratularetur
1345 5702 1457 5780 .illi.
1502 5702 1767 5780 adeptam

203 5771 440 5846 ἓτςιτεζιννὶξ
477 5771 720 5844 g'ua‘iam,
749 5772 840 5824 μοὶ
870 5773 1028 5825 etiam
1070 5783 1124 5824 ut
1168 5772 1543 5826 Icclcsiatcis
1593 5773 1756 5839 impe-

1845 3337 2052 3391 honorc
2092 3334 2264 3388 sancti
2305 3331 2530 3385 Joannis
2561 3346 2684 3384 cum
2731 3329 2985 3382 omnibus
3009 3329 3123 3380 suis
3156 3328 3413 3397 appendi-

1843 3427 1944 3482 ciis
1991 3426 2246 3480 Caviuias
2291 3423 2470 3476 villam
2502 3436 2626 3474 eum
2669 3419 2919 3482 ecclesia,
2964 3428 3017 3472 et
3041 3418 3224 3472 villam
3258 3416 3410 3471 Sole-

1845 3519 2103 3574 striacum
2136 3533 2260 3571 eum
2303 3513 2552 3576 ecclesia,
2575 3520 2630 3566 et
2675 3509 2968 3566 Sactiolam
2999 3524 3124 3563 cum
3153 3508 3377 3563 ecclesia
3396 3551 3412 3573 ,

1847 3609 2205 3664 Galliniacum
2249 3623 2373 3661 cum
2423 3603 2670 3666 ecclesia,
2702 3601 2989 3655 liutiacum
3010 3615 3135 3655 cum
3163 3599 3410 3661 ecclesia,

1845 3699 2111 3754 Masiliam
2166 3697 2572 3766 Bargisercnam
2603 3693 2784 3744 villam
2809 3707 2934 3744 cum
2974 3689 3202 3743 ecclesia
3220 3680 3413 3750 ,‘Clar-

1848 3805 2067 3842 uatium
2091 3805 2213 3842 cum
2234 3781 2762 3847 ecclesia,Curtirias
2783 3780 2986 3844 villam,
3003 3777 3268 3832 Palronam
3292 3791 3414 3830 cum
3466 3786 3489 3804 ν’

1849 3879 2099 3942 ecclesia,
2143 3876 2502 3947 Arpogiacum
2551 3888 2675 3925 cum
2706 3870 2959 3935 ecclesia,
3013 3867 3409 3923 Darboniaeum

1854 3987 1976 4025 cum
1999 3970 2248 4033 ecclesia,
2266 3965 2644 4020 lictor-niueum
2660 3979 2784 4016 cum
2798 3959 3047 4023 ecclesia,
3060 3968 3112 4012 et
3133 3957 3416 4012 ecclesiam

1856 4059 2068 4115 Sanctae
2099 4060 2397 4119 Columbae,
2421 4054 2728 4108 Yerreriam
2747 4060 2799 4106 ct
2820 4048 3218 4118 Bergulicnscm
3241 4044 3416 4105 villas,

1849 4149 2134 4204 ecclesiam
2200 4145 2384 4200 Sancti
2441 4141 2740 4204 Laurentii,
2784 4138 3037 4193 Castrum
3101 4133 3414 4188 Lordonum

1853 4237 2202 4303 Blanuscum,
2229 4237 2448 4290 Costam
2495 4248 2620 4288 cum
2649 4229 2876 4288 ecclesia
2898 4270 2912 4293 ,
2964 4226 3268 4282 Laisiacum
3295 4241 3420 4280 cum

1852 4329 2101 4394 ecclesia,
2149 4327 2538 4384 monasterium
2584 4323 2824 4378 Chau'um
2856 4319 3061 4374 Locum
3093 4332 3215 4371 cum
3246 4316 3423 4370 omni-

1853 4422 1958 4475 bus
1978 4420 2045 4475 ad
2065 4435 2123 4475 se
2144 4419 2558 4490 pertinentibus,
2588 4415 2776 4469 cellam
2807 4410 3137 4479 Regniacum
3160 4421 3282 4458 cum
3306 4421 3423 4459 om-

1857 4513 2018 4566 nibus
2059 4512 2162 4566 sibi
2203 4508 2617 4580 pertinentibus,
2660 4500 2944 4555 ccclcsium
2982 4496 3163 4549 Sancti
3191 4493 3425 4548 Victoris

1856 4617 1980 4655 cum
2043 4601 2298 4653 omnibus
2342 4597 2445 4650 sibi
2493 4590 2927 4662 pertinentibus,
2975 4587 3164 4641 cellam
3208 4597 3424 4652 quoque

1861 4688 2046 4743 Sancti
2090 4687 2326 4741 Victoris
2356 4687 2409 4740 in
2442 4693 2626 4738 monte
2649 4681 2839 4751 Algido
2859 4694 2985 4733 cum
3011 4676 3156 4729 omni
3180 4689 3276 4725 sua
3297 4687 3421 4739 pcr-

1855 4779 2104 4842 tincntia,
2155 4777 2415 4832 ecclesias
2435 4776 2598 4830 etiam
2629 4782 2683 4827 et
2731 4783 2902 4825 terras
2924 4781 3044 4834 quae
3082 4765 3237 4832 iuxta
3278 4763 3423 4816 illam

1857 4857 1984 4925 sunt
2006 4885 2105 4941 pro
2130 4869 2329 4939 quibus
2371 4867 2492 4921 data
2540 4873 2622 4918 est
2661 4859 2932 4929 quondam
2975 4856 3200 4910 ecclesia
3243 4853 3426 4908 Sancti

1858 4960 2133 5030 Gengulti,
2179 4946 2543 5027 Equirandam
2587 4960 2793 5006 curtem
2845 4965 2969 5003 cum
2996 4947 3220 5002 ecclesia
3245 4944 3430 4998 Sancti

1857 5059 2106 5122 Andreae,
2129 5065 2333 5109 etcum
2375 5053 2496 5105 aliis
2532 5051 2777 5106 ccclesiis
2804 5059 2857 5104 et
2913 5044 3244 5115 appendiciis
3291 5044 3428 5106 suis,

1857 5170 2053 5210 novam
2102 5153 2285 5205 villam
2334 5151 2388 5204 in
2436 5149 2753 5218 Petrogoieo
2779 5154 2960 5199 castro
3006 5157 3129 5194 cum
3175 5141 3427 5203 ecclesia,

1859 5269 2047 5307 onincs
2097 5265 2316 5322 quoque
2354 5247 2622 5302 ecclesias
2673 5254 2727 5298 et
2777 5252 2973 5300 terras.
3006 5257 3101 5296 seu
3163 5238 3428 5308 quidquid

1860 5351 2111 5423 praefatus
2133 5351 2288 5405 locus
2311 5348 2471 5402 habet
2498 5344 2675 5412 iniam
2702 5343 2846 5397 dicto
2869 5343 3144 5397 comitatu.

1918 5451 1984 5530 ‘In
2019 5450 2280 5506 comitatu
2331 5459 2459 5498 vero
2488 5442 2837 5497 Cabilonensi
2895 5439 3086 5493 cellam
3135 5436 3201 5490 de
3253 5431 3430 5489 Ballo-

1858 5563 2126 5624 dimentis,
2161 5559 2360 5628 quibus
2386 5557 2457 5610 ob
2480 5555 2723 5628 corporis
2743 5549 3135 5628 deformitatem
3169 5545 3334 5625 arceri
3362 5547 3433 5598 ab

1858 5616 2126 5688 altaribus,
2147 5616 2348 5698 posset,
2364 5616 2682 5680 auctoritate
2699 5620 2988 5692 apostolica
3011 5619 3182 5687 ipsum
3208 5616 3432 5667 minime.

1862 5701 2172 5755 innodatum
2206 5698 2520 5762 declararet.
