3952 6362
568 359 666 413 8³³3

568 562 976 634 pertinentilms,
1009 561 1288 613 ecclesiam
1318 559 1382 611 tle
1402 558 1712 627 Cati-piloco
1731 572 1853 612 cum
1876 558 1991 612 suis
2021 574 2120 627 ap-

569 653 847 723 pendit-iis,
898 658 1103 705 cnrtcm
1129 648 1389 702 vocabulo
1418 647 1684 701 .lnliacum
1716 662 1839 701 cum
1878 647 2121 707 ecclesiis

565 754 619 797 ct
657 742 812 796 terris
837 742 1007 796 t‘ltlcttt
1040 740 1159 792 loco
1193 738 1463 807 quondam
1500 740 1569 792 ab
1597 738 1851 806 episcopo
1873 735 2120 793 Manassc

567 833 794 888 collatis.
835 831 1125 884 Ecclesium
1164 828 1345 882 Sancti
1376 827 1618 897 (Ἐρυξιηυί
1652 843 1774 880 cum
1808 827 1922 881 suis
1949 828 2119 897 perti-

565 925 780 987 ncntiis,
816 923 1001 976 cellam
1037 929 1343 975 sanctorum
1370 929 1664 989 martyrum
1690 917 1899 971 Cosmte
1927 926 1980 972 et
2017 917 2122 973 Da-

564 1015 730 1070 miaui
752 1056 765 1077 ,
787 1023 841 1069 et
864 1011 1246 1066 monasterium
1272 1008 1699 1063 SanctiMarcolli
1719 1023 1841 1060 cum
1865 1008 2120 1063 omnibus
2158 1052 2170 1063 .

565 1106 681 1160 suis
717 1103 1080 1173 pt‘t’lltlt'ltllis;
1116 1115 1305 1153 ttlllllt‘S
1336 1100 1498 1153 etiam
1542 1097 1810 1152 ecclesias
1847 1107 1900 1151 et
1946 1106 2119 1155 terras

563 1204 619 1250 et
672 1188 1393 1266 quodcunque“supradictus
1423 1191 1576 1244 locus
1607 1189 1988 1259 comprobatur
2017 1190 2118 1245 ha-

562 1285 690 1346 bere
716 1285 770 1338 in
796 1284 910 1353 jam
940 1285 1083 1337 dicto
1110 1281 1389 1335 comitatu.

633 1396 692 1452 ln
742 1397 1050 1464 episcopatu
1091 1392 1564 1463 Augustoduncnsi
1615 1391 2002 1447 monasterium
2062 1391 2115 1444 in

558 1488 737 1541 Aurea
763 1485 928 1550 Valle,
973 1485 1115 1554 quod
1148 1494 1368 1539 vocatur
1397 1482 1661 1539 Paredum
1713 1497 1834 1534 cum
1865 1482 2117 1537 clunibus

559 1578 676 1632 suis
705 1576 1076 1648 pcrtincntiis;
1111 1573 1497 1628 mtnntstcrinm
1545 1572 1703 1625 etiam
1733 1570 2114 1625 Marciniacum

559 1684 683 1723 ctnn
738 1667 992 1719 onmibns
1030 1666 1166 1729 suis,
1198 1664 1387 1716 cellam
1424 1663 1492 1716 de
1540 1660 1793 1716 Oia.lcllis
1841 1676 1964 1713 cum
2001 1659 2115 1715 suis

558 1756 919 1826 appendiciis,
977 1756 1095 1809 illas
1145 1756 1307 1808 etiam
1352 1761 1524 1808 terras
1566 1762 1617 1806 et
1672 1751 1930 1805 ecclesias
1974 1764 2113 1818 quas

557 1846 909 1901 Thcodardus
929 1847 1162 1899 clericus
1189 1843 1416 1898 contulit
1448 1843 1562 1912 jam
1592 1842 1735 1895 dicto
1766 1840 2110 1894 Cluniacensi

556 1937 909 2003 monasterio.
950 1935 1352 2002 Conlirmapuus
1401 1933 1565 1988 etiam
1613 1942 1665 1987 et
1696 1932 2113 1987 corroboramus

555 2026 703 2080 illam
743 2027 1176 2082 convcnicmiam
1228 2036 1412 2081 nostra
1456 2025 1750 2094 apostolica
1793 2022 2112 2079 auctoritate

553 2134 741 2188 quam
782 2116 905 2173 fecit
954 2118 1207 2172 dominus
1260 2116 1550 2171 “'alterius
1605 2111 2112 2185 Augustodnnensis

554 2206 809 2265 Ecclesia:
837 2210 1126 2279 episcopus
1145 2208 1211 2263 de
1241 2207 1573 2261 monasterio
1593 2204 1833 2274 Magatro
1867 2203 1931 2259 ad
1955 2218 2110 2259 suam

552 2300 836 2355 ecclesiam
866 2300 1165 2368 pertinente
1196 2314 1318 2355 cum
1354 2297 1607 2353 omnibus
1636 2295 1702 2349 ad
1737 2294 1911 2363 ipsum
1949 2294 2112 2365 perti-

552 2391 771 2443 nentiis.
814 2388 1123 2443 ltnrbonum
1176 2388 1565 2444 monasterium
1609 2399 1732 2441 cum
1781 2386 1896 2439 suis
1942 2385 2109 2455 perti-

554 2481 780 2543 ncntiis,
833 2479 1115 2533 ecclesiam
1155 2480 1210 2532 in
1259 2479 1381 2531 villa
1436 2492 1558 2546 quae
1608 2477 1807 2532 dicitur
1859 2473 2015 2528 Melai
2049 2482 2114 2537 et

551 2570 838 2624 ecclesiam
869 2569 922 2622 in
956 2570 1076 2625 villa
1104 2584 1224 2639 quae
1248 2568 1444 2623 dicitur
1470 2567 1714 2622 Simullai
1745 2575 1799 2621 et
1828 2566 2110 2623 ecclesiam

553 2661 740 2714 Sancti
785 2658 1163 2728 Christophori
1202 2661 1356 2729 juxta
1399 2659 1651 2713 Castrum
1702 2658 2004 2723 Caninum;
2057 2666 2113 2714 et

551 2750 823 2808 abbatiam
872 2748 1312 2810 \‘izcliaceusem,
1353 2764 1542 2804 omnes
1569 2749 1731 2803 etiam
1760 2749 2019 2807 ecclesias
2057 2755 2112 2802 et

548 2856 742 2905 terras,
770 2849 818 2894 ct
850 2840 1210 2910 quodcunque
1268 2840 1609 2911 supradictus
1652 2839 1803 2894 locus
1818 2839 2110 2893 Cluniacus

548 2930 760 3000 videtur
789 2929 987 2984 habere
1029 2929 1085 2988 in
1126 2929 1314 2985 eodem
1345 2931 1686 3004 episcopatu,
1728 2916 1787 2982 ln
1836 2928 2109 2982 territorio

548 3035 679 3074 vero
724 3018 1039 3074 Divionensi
1070 3024 1290 3073 'eurtcm
1336 3013 1629 3074 Giuracutn
1680 3033 1805 3092 cum
1855 3018 2109 3072 omnibus

549 3109 656 3164 sibi
706 3110 1121 3179 pertinentibus.
1156 3108 1214 3165 In
1261 3122 1421 3187 pago.
1455 3100 1944 3173 Antissiodorensi,
1992 3122 2109 3162 mo—

548 3200 847 3255 nasterium
870 3199 1013 3272 quod
1039 3199 1233 3253 dicitur
1256 3198 1466 3265 Sanctae
1486 3190 1668 3253 Maria:
1691 3198 1756 3254 ad
1780 3197 2109 3254 Charitatem

548 3307 677 3346 cum
707 3291 821 3346 suis
858 3291 1216 3366 pertinentlis,
1248 3290 1589 3355 Bonaiacam
1624 3298 1679 3342 et
1721 3291 2111 3343 monasterium

551 3382 765 3435 Sanctae
791 3380 883 3436 Dei
914 3380 1213 3459 genitricis
1240 3380 1295 3434 in
1332 3380 1606 3435 Donziaco
1625 3388 1805 3437 castro
1837 3393 1961 3437 cum
1996 3383 2111 3436 om-

550 3472 713 3526 nibus
743 3483 864 3540 qua}
906 3472 961 3525 in
1003 3472 1123 3540 ipso
1150 3471 1459 3540 episcopatu
1492 3469 1689 3525 habere
1728 3470 1936 3525 vndetnr
1979 3468 2111 3525 Clu-

550 3563 761 3616 niacus.
845 3559 903 3614 In
985 3562 1246 3621 comitatu
1329 3561 1652 3622 Arvernensi
1678 3601 1693 3628 ,
1760 3561 2111 3617 Silviniacum

549 3651 970 3717 monasterium,
1016 3651 1107 3706 ubi
1139 3652 1312 3713 sancti
1340 3651 1566 3708 Maiolus
1606 3659 1660 3706 et
1704 3649 1861 3727 Odlilo
1899 3650 2113 3719 requie-

548 3752 728 3809 scunt,
771 3758 895 3797 eum
940 3743 1137 3797 ibidem
1166 3743 1589 3813 pertinentibus,
1632 3743 1823 3803 cellam
1853 3757 1975 3811 qua:
2016 3756 2110 3795 vo-

548 3842 705 3888 catur
742 3832 1031 3898 Firmitas,
1083 3834 1273 3887 cellam
1334 3850 1455 3903 qua:
1486 3816 1487 3823 χ
1514 3843 1737 3895 vocatur
1807 3832 2108 3899 Scuriolas,

548 3922 831 3979 ecclesiam
865 3920 1051 3977 Sancti
1087 3921 1305 3993 Sulpitii
1336 3940 1392 3978 tn
1429 3924 1552 3978 villa
1584 3939 1706 3992 quae
1741 3924 1938 3975 dicitur
1967 3921 2112 3975 Lan-

548 4014 756 4085 giacus,
788 4014 1052 4069 cellulam
1084 4028 1205 4083 quae
1234 4023 1457 4069 vocatur
1486 4013 1554 4068 ad
1602 4010 1853 4067 Boscum.
1889 4010 2109 4067 Curtem

546 4118 709 4174 quem
754 4112 952 4157 vocant
1000 4103 1055 4157 in
1104 4087 1483 4168 Fritlomonte,
1519 4102 1918 4157 monasterium
1963 4102 2109 4172 quod

544 4194 745 4248 dicitur
785 4192 935 4248 Rivis
984 4209 1109 4250 cum
1151 4202 1303 4259 curte
1338 4188 1590 4263 Lipslaco
1618 4200 1822 4245 etcum
1853 4192 1969 4247 suis
2009 4209 2109 4263 ap.

544 4283 810 4354 pcndiciis
830 4323 845 4347 ,
888 4285 1172 4347 ecclesiam
1218 4299 1340 4353 quae
1369 4291 1593 4343 vocatur
1637 4281 1703 4335 ad
1729 4290 1959 4347 montes,
1991 4297 2111 4337 mo-

544 4373 846 4435 nasterium
868 4371 1281 4433 Celsinianense
1304 4357 1633 4437 cum'cellis,
1655 4371 1920 4438 ecclesiis,
1942 4370 2106 4438 villis,

543 4465 707 4519 terris
754 4473 809 4519 et
852 4477 979 4519 cum
1023 4461 1360 4517 monasterio
1408 4461 1501 4521 ubi
1548 4462 1841 4531 requiescit
1885 4472 2108 4521 sanctus
2138 4485 2183 4547 υ

541 4550 739 4607 Florus
788 4553 933 4622 quod
985 4552 1205 4607 tradidit
1259 4552 1570 4621 supradicto
1620 4552 1740 4606 loco
1787 4551 2106 4622 Eustorgius

543 4642 776 4701 clericus
790 4634 795 4637 ’
810 4657 936 4698 cum
964 4640 1221 4696 omnibus
1242 4642 1342 4695 sibi
1366 4641 1777 4711 pertinentibus,
1796 4642 2108 4701 mansiones

545 4732 601 4785 in
626 4732 926 4786 Brivatensi
958 4731 1100 4797 vico,
1127 4731 1515 4787 monasterium
1541 4733 1688 4804 quod
1722 4733 1921 4786 dicitur
1951 4730 2106 4787 Volta

534 4835 669 4889 cum
716 4821 831 4873 suis
857 4819 1214 4889 pertinentiis,
1254 4818 1458 4873 Rocam
1502 4818 1715 4886 fortem,
1747 4818 1936 4875 cellam
1979 4820 2107 4881 Bei-

542 4882 741 4967 limsum
773 4926 896 4965 cum
926 4920 1077 4965 curte
1103 4920 1157 4964 et
1172 4910 1426 4966 omnibus
1454 4911 1520 4966 ad
1542 4926 1661 4965 eam
1690 4910 2104 4980 pertinentibus,

542 5001 733 5054 cellam
794 4998 1005 5052 Sanctae
1060 4997 1241 5052 Marke
1293 5014 1414 5070 qua:
1461 5010 1687 5057 vocatur
1733 4999 1801 5054 ad
1849 4998 2103 5075 Pontem,

545 5104 737 5143 omnes
775 5104 993 5163 quoque
1036 5088 1295 5169 ecclesias
1346 5086 1401 5142 et
1426 5099 1619 5157 terras,
1650 5100 1705 5145 et
1746 5080 2109 5169 quodcunque

543 5179 757 5232 videtur
777 5176 1071 5233 Cluniacus
1100 5179 1378 5247 possidere
1403 5180 1456 5233 in
1483 5179 1597 5254 jam
1636 5180 1783 5234 dicto
1821 5180 2102 5235 comitatu.

544 5268 604 5321 In
646 5268 957 5337 episcOpatu
990 5266 1304 5322 Niverncnsi
1342 5268 1731 5323 monasterium
1771 5265 1963 5343 Sancti
1985 5268 2106 5323 Sal-

545 5360 750 5414 vatoris
778 5360 923 5430 quod
949 5368 1032 5415 est
1074 5359 1216 5413 intra
1245 5375 1453 5425 muros,
1487 5361 1879 5418 monasterium
1925 5359 2110 5423 Sancti
2128 5348 2135 5360 ”

548 5448 806 5518 Stephani
854 5452 998 5520 quod
1045 5459 1127 5505 est
1162 5449 1215 5504 in
1265 5451 1527 5505 suburbio
1579 5451 1823 5521 ejusdem
1855 5444 2108 5518 civitatis,

548 5539 738 5593 cellam
805 5539 987 5595 Sancti
1038 5541 1326 5596 Reveriani
1386 5556 1511 5595 cum
1568 5540 1707 5596 suis'
1740 5542 2105 5611 pertinentiis,

549 5627 828 5682 ecclesiam
852 5643 974 5698 qnte
1001 5630 1199 5683 dicitur
1221 5629 1579 5700 Lupertiacus
1602 5646 1720 5700 quae
1750 5630 2129 5686 Fraamundus

549 5717 686 5770 dedit
749 5736 871 5774 cum
929 5722 1041 5777 suis
1105 5721 1474 5791 pertint-aliis,
1527 5721 1707 5776 locum
1762 5722 1855 5791 qui
1909 5721 2104 5775 dicitur

1471 358 1526 409 δ.
1558 353 1881 431 GleZGORlI
1917 352 2005 407 VII
2043 352 2560 441 ΡΑΡᾹζΟΡΕΙζΕΜ
2596 356 2776 412 PARS
2808 356 2869 412 ll.
3681 288 3809 505 66\

1481 466 1660 505 \[orim
1691 468 2016 505 ιιίηηιηειηια
2046 467 2116 505 im
2158 472 2186 505 Α
2222 466 2527 505 “(signal-'41!
2571 470 2872 505 ηιιηιιερ..ιςη
2921 484 3043 505 num
3080 470 3279 505 δίης...-
3320 469 3449 505 vat.
3507 468 3565 505 1..
3613 469 3795 505 ραι-ης-

567 482 749 528 ιιιυιιιυ
782 489 902 525 ctnn
950 470 1172 524 t't't'lz-sitt
1226 467 1435 521 Sancta-
1479 466 1660 521 Maria:
1691 475 1745 520 et
1764 468 2017 521 omnibus
2045 467 2119 520 ibi
2147 472 2194 528 Λ
2222 466 2529 534 Baiard;'et
2571 470 2875 525 obedientia
2921 484 3043 538 qua:
3080 470 3279 525 dicitur
3320 469 3472 525 Villa.
3507 468 3567 524 In
3613 469 3795 525 comi-

2222 564 2335 609 tatu
2385 555 2708 612 Pictaviensi
2764 558 2946 612 villam
3007 573 3129 628 qua:
3179 561 3379 615 dicitur
3422 560 3659 631 Blolgon.
3728 552 3809 616 Ini

2219 643 2533 713 episc-Opatu
2566 644 2896 701 Sanctonico
2928 647 3321 702 monasterium
3349 648 3414 701 de
3444 648 3623 702 insula
3662 663 3798 717 quae

2218 732 2419 787 dicitur
2469 735 2631 800 Aias,
2682 737 3074 790 monasterium
3127 735 3311 792 Sancti
3367 737 3581 807 Georgii
3627 738 3793 805 juxta

2218 832 2461 878 castrum
2511 823 2796 879 Ditlonium
2823 867 2838 891 ,
2898 828 3287 882 monasterium
3335 827 3545 883 Sanctae
3598 828 3795 882 Mariae

2215 912 2367 982 juxta
2391 923 2630 968 castrum
2657 914 3339 982 Berbeziacum,abbatiam
3363 918 3534 973 sancti
3553 916 3793 972 Joannis

2219 1017 2341 1071 qua:
2369 1013 2596 1057 vocatur
2619 1002 2947 1072 lngeriacus,
2971 1006 3244 1060 abbatiam
3266 1006 3682 1065 Malliaoensem.

2287 1091 2347 1147 In
2376 1094 2591 1148 abbatia
2634 1103 2815 1148 autem
2866 1096 3050 1150 Sancti
3094 1095 3347 1167 Cypriani
3387 1111 3509 1165 qua:
3562 1105 3643 1150 est
3691 1094 3787 1148 Pi-

2218 1185 2412 1250 ctavis,
2465 1184 2815 1239 concedimus
2853 1185 2949 1239 tibi
2979 1186 3122 1257 quod
3158 1193 3526 1244 antecessores
3573 1186 3653 1241 tui
3704 1186 3788 1238 ibi

2219 1272 2544 1326 habuerunt.
2601 1270 2658 1324 ln
2710 1271 3024 1357 episcopatu
3083 1271 3452 1328 Lemovicensi
3502 1282 3792 1327 monaste-

2217 1363 2358 1418 rium
2376 1360 2557 1417 Sancti
2571 1361 2849 1419 Manialis.
2864 1363 2923 1418 In
2943 1364 3251 1434 episcopatu
3263 1364 3655 1436 Engolismcnsi
3668 1380 3793 1419 mo-

2217 1452 2516 1508 nasterium
2559 1451 2742 1507 Sancti
2767 1452 3015 1517 Mauritii
3040 1453 3187 1524 quod
3225 1463 3308 1508 est
3336 1455 3491 1523 juxta
3534 1462 3786 1508 castrum

2216 1543 2417 1620 montis
2463 1541 2679 1596 Berolti.
2730 1540 2789 1595 in
2837 1542 3145 1611 episcopatu
3174 1539 3481 1611 Parisiensi
3504 1550 3787 1595 monaste—

2216 1632 2358 1686 rium
2406 1633 2473 1687 de
2526 1632 2898 1702 Longoponte.
2956 1631 3015 1686 In
3076 1632 3389 1702 episcopatu
3449 1629 3787 1686 Trecassino

2220 1723 2609 1778 monasterium
2658 1720 2871 1776 Sancta:
2917 1720 3218 1791 Margarite
3260 1713 3511 1789 cumbis
3535 1735 3659 1792 qum
3708 1720 3785 1774 ad

2095 1840 2107 1882 ί
2145 1813 2185 1867 Β
2211 1812 2339 1867 illud
2373 1813 2662 1881 pertinent.
2705 1811 2764 1865 In
2806 1812 3118 1882 episcopatu
3153 1805 3788 1868 SuessioncnsiConcia-

2212 1917 2337 1957 cum
2365 1903 2549 1957 villam
2569 1916 2735 1972 quam
2764 1902 2910 1961 dedit
2934 1900 3300 1957 Theotbaldus
3327 1916 3512 1958 comes
3546 1910 3600 1957 et
3637 1916 3785 1954 uxor

2209 1991 2326 2062 ejus
2348 1990 2690 2049 Cluniacensi
2710 1991 2975 2047 cennobio.
3007 1990 3067 2046 In
3102 1991 3412 2061 episct'ipatu
3431 1989 3787 2067 Petragorico

2210 2082 2494 2140 ecclesiam
2553 2081 2767 2138 Sanctae
2802 2081 2986 2138 Maria:
3029 2096 3151 2152 qua;
3203 2080 3401 2137 dicitur
3449 2079 3677 2135 Anessa.
3716 2078 3783 2134 In

2208 2173 2521 2243 episcopatu
2559 2171 2895 2228 Cadurcensi
2953 2172 3226 2226 abbatiam
3277 2171 3463 2225 Sancti
3514 2169 3660 2225 Petri
3708 2170 3786 2224 de

2207 2249 2483 2335 Moysian
2531 2278 2657 2319 cum
2698 2263 2953 2319 omnibus
2994 2262 3111 2317 suis
3151 2260 3512 2331 appendieiis;
3554 2269 3608 2314 et
3655 2276 3786 2314 mo-

2208 2355 2508 2409 nasterium
2555 2354 2700 2423 quod
2754 2353 2952 2408 dicitur
3002 2351 3227 2417 Fiaeus,
3275 2360 3330 2405 et
3383 2349 3781 2404 monasterium

2208 2443 2609 2500 Caronnacum.
2652 2443 2865 2499 Tolosae
2906 2444 3295 2499 monasterium
3337 2439 3549 2495 Sancta:
3589 2438 3784 2495 Mariae:

2208 2532 2538 2598 deAurate,
2589 2534 2729 2588 etin
2779 2533 2968 2588 eodem
3016 2533 3329 2601 episcopatu
3378 2530 3789 2586 monasterium

2207 2624 2352 2694 quod
2381 2625 2581 2679 dicitur
2602 2623 2797 2694 Lajad;
2821 2632 2876 2679 et
2895 2631 3135 2678 castrum
3147 2622 3291 2692 quod
3320 2621 3518 2675 dicitur
3539 2620 3780 2691 Lordag,

2206 2723 2261 2768 et
2293 2723 2467 2769 terras
2496 2730 2634 2783 quas
2674 2713 2943 2784 Rogerius
2982 2727 3167 2768 comes
3205 2711 3367 2769 dedit.
3398 2710 3663 2765 Cluniaco
3715 2710 3779 2765 in

2206 2803 2345 2856 valle
2397 2801 2719 2859 Javartensi.
2767 2802 2824 2856 ln
2859 2818 2999 2874 pago
3041 2802 3349 2872 Agisinensi
3378 2799 3780 2856 monasterium

2206 2892 2351 2961 quod
2393 2892 2591 2946 dicitur
2636 2891 2957 2959 Lairacum;
3007 2901 3062 2947 et
3105 2893 3335 2946 alterum
3382 2892 3782 2962 quod-dicitur

2207 2980 2528 3049 Muiracum,
2544 2993 2599 3038 et
2616 2985 2845 3038 alterum
2867 2985 3013 3054 quod
3033 2984 3229 3039 dicitur
3253 2982 3450 3038 Sancta
3472 2982 3779 3049 Genevera,

2207 3080 2262 3125 et
2289 3072 2681 3129 monasterium
2702 3076 2848 3144 quod
2881 3076 3080 3131 dicitur
3110 3074 3518 3131 Meediziacum.
3544 3072 3604 3127 In
3630 3089 3778 3145 pago

2137 3163 2179 3220 C
2212 3160 2578 3219 Lecturicensi
2628 3165 3020 3219 monasterium
3069 3165 3276 3226 Sancti,
3309 3165 3480 3221 Genu.
3522 3164 3583 3218 ln
3612 3165 3782 3219 terri-

2212 3251 2352 3330 torio
2409 3251 2698 3308 Ausciensi
2751 3253 3142 3309 monasterium
3201 3252 3386 3309 Sancti
3435 3252 3666 3308 Orientii
3722 3263 3781 3308 et

2212 3340 2498 3395 ecclesiam
2543 3358 2666 3412 quae
2709 3352 2937 3399 vocatur
2978 3345 3047 3399 ad
3087 3345 3255 3400 altum
3296 3355 3535 3400 montem
3575 3344 3631 3399 et
3654 3362 3779 3401 mo-

2210 3432 2507 3486 nasterium
2537 3434 2683 3501 quod
2732 3434 2933 3489 dicitur
2964 3435 3370 3492 Monasterium.
3400 3436 3468 3491 Et
3502 3446 3780 3493 monaste-

2209 3522 2351 3578 rium
2411 3522 2600 3582 Sancti
2654 3524 2880 3583 Joannis
2932 3528 3078 3599 quod
3137 3529 3335 3585 dicitur
3387 3529 3456 3584 ad
3515 3528 3776 3584 Sanctum

2210 3616 2446 3674 Montem
2467 3635 2591 3675 cum
2627 3622 2743 3678 suis
2774 3621 3133 3692 pertinentiis.
3157 3622 3216 3677 1n
3241 3622 3512 3677 territorio
3538 3620 3779 3693 Bigerri-

2209 3714 2339 3761 tano
2366 3709 2756 3764 monasterium
2783 3709 2966 3766 Sancti
2997 3710 3213 3766 Licerii.
3245 3710 3304 3765 In
3340 3710 3611 3765 territorio
3639 3709 3778 3765 Lac-

2209 3800 2478 3865 currensi,
2507 3802 2563 3855 in
2619 3802 2743 3855 vill'a
2793 3816 2917 3871 qua
2959 3810 3185 3856 vocatur
3232 3801 3435 3855 Furcas
3489 3801 3776 3857 ecclesiam

2212 3893 2423 3948 Sancta:
2455 3894 2619 3949 Fidis.
2647 3893 2916 3950 Ecclesias
2953 3895 3116 3950 etiam
3136 3895 3295 3950 villas
3319 3903 3375 3950 et
3403 3904 3577 3955 terras
3606 3909 3775 3965 quas-

2208 4003 2423 4057 cunque
2473 3986 2769 4044 Clnniacus
2812 3990 2868 4042 in
2906 3987 3175 4045 Vasconia
3213 3989 3492 4060 possidere
3517 4003 3773 4069 compro-

2212 4083 2391 4137 batur.
2422 4081 2479 4136 ln
2500 4084 2817 4153 episcopatu
2839 4078 3144 4153 Hispalensi
3164 4083 3552 4138 monasterium
3587 4080 3776 4165 Sancti

2208 4171 2400 4227 lsidori
2426 4172 2828 4244 martyriscum
2852 4172 2967 4228 suis
2998 4172 3348 4241 appendiciis.
3374 4170 3435 4225 In
3458 4171 3775 4240 episcopatu

2210 4266 2513 4324 Vivariensi
2544 4268 2867 4332 Misoscnm,
2914 4269 3103 4323 cellam
3137 4268 3205 4323 de
3248 4276 3431 4322 monte
3464 4267 3773 4337 Rompono,

2209 4362 2400 4414 cellam
2455 4362 2523 4416 ad
2574 4361 2809 4428 Fontes,
2853 4363 3057 4416 cellam.
3094 4360 3306 4425 Bionis.
3351 4361 3411 4417 In
3457 4372 3773 4432 episcopatu

2210 4450 2453 4507 Uticenci
2482 4462 2871 4509 monasterium
2906 4452 3091 4509 Sancti
3125 4454 3406 4515 Saturnini
3431 4470 3557 4511 cum
3588 4466 3774 4512 castro

2207 4545 2567 4619 Columeellas
2594 4556 2649 4602 et
2671 4556 2824 4604 curte
2847 4546 3097 4612 Tueleta,
3120 4555 3175 4601 et
3196 4549 3450 4605 omnibus
3472 4549 3540 4602 ad
3569 4564 3630 4603 se
3648 4565 3774 4619 per-

2208 4638 2507 4695 tinentibus
2547 4654 2615 4692 ex
2645 4647 2876 4707 utraque
2916 4646 3070 4707 parte
3112 4637 3359 4700 Rhodani
3400 4637 3663 4695 ﬂuminis.
3712 4641 3770 4697 In

2208 4731 2520 4800 episcopatu
2543 4729 2899 4785 Nemausensi
2930 4735 3321 4787 monasterium
3337 4729 3766 4803 Sanctiuflgidii.

2177 4837 2180 4845 '
2208 4822 2268 4876 In
2293 4821 2690 4877 'l‘ricassinonsi
2725 4823 2941 4877 civitate
2963 4822 3354 4876 monasterium
3375 4824 3549 4878 sancti
3568 4824 3772 4877 Aman-

2208 4913 2284 4967 di.
2337 4911 2396 4966 In
2449 4912 2762 4982 episc0patu
2815 4910 3078 4966 Arausico
3142 4912 3332 4967 cellam
3392 4927 3516 4982 quae
3572 4911 3770 4966 dicitur

2208 5002 2561 5066 Podiolenus,
2613 5001 3003 5055 monasterium
3057 5000 3244 5057 Sancti
3295 5000 3660 5056 Pentaleonis.
3709 5000 3769 5056 In

2207 5077 2527 5160 Agapicensi
2556 5091 2890 5161 episcopatu
2912 5092 3127 5160 cellam,
3146 5090 3331 5146 Sancti
3368 5089 3598 5152 Andreae
3637 5105 3770 5146 com

2208 5196 2420 5238 cessam
2444 5180 2708 5236 Cluniaco
2747 5198 2777 5235 a
2821 5181 3063 5236 Ricaudo
3106 5178 3334 5246 clerico;
3360 5178 3771 5252 Ganagobienso

2211 5272 2631 5336 monasterium;
2659 5280 2868 5325 cortem
2891 5260 3265 5325 Valentiolam.
3300 5269 3360 5325 In
3400 5269 3769 5327 Valentinenat'

2209 5358 2521 5432 episcOpatu
2544 5403 2560 5426 ,
2622 5360 2803 5414 villain
2862 5375 2984 5430 qua:
3030 5359 3227 5415 dicitur
3276 5360 3401 5417 Ales
3436 5366 3495 5416 et
3556 5357 3770 5414 Monte-

2208 5453 2380 5517 sium,
2444 5451 2835 5506 monasterium
2898 5448 3083 5506 Sancti
3148 5448 3383 5528 Marcelli
3438 5448 3588 5522 quod
3636 5446 3773 5505 dldv

2208 5551 2297 5597 tur
2344 5541 2654 5597 Salieetum.
2697 5539 2756 5596 In
2800 5541 3116 5612 episcopatu
3158 5538 3452 5605 Viennensi
3491 5545 3774 5613 monasts.

2208 5633 2351 5687 rium
2404 5630 2835 5697 Taberniacum;
2883 5633 3073 5687 cellam
3115 5644 3237 5700 quae
3268 5628 3465 5684 dicitur
3495 5626 3773 5695 Causelta,

2208 5722 2391 5777 villam
2416 5721 2661 5811 Braeost;
2691 5721 2871 5775 villam
2908 5722 3028 5791 qua?
3050 5721 3246 5778 dicitur
3270 5719 3471 5787 Insula,
3498 5718 3699 5776 cellam
3719 5716 3777 5778 in
