3952 6392
136 430 231 486 665

1010 433 1367 492 Eptsroms
1407 433 1642 489 sxum
1677 431 2076 488 asotsrnt'u
2107 396 2485 490 “eiuras.

3268 437 3372 491 666

141 552 312 601 castro
361 543 660 599 Candiaco.
710 545 769 600 ln
823 547 1136 617 episcopatu
1190 547 1536 618 Lngdunensi
1584 561 1703 601 mo-
1735 549 1780 602 Α
1806 562 1865 600 se
1908 546 2092 600 divino
2122 545 2327 615 judicio
2358 547 2589 601 existere
2638 545 2703 600 de
2744 554 3046 616 perpetrata
3091 548 3375 618 iniquitate

142 635 435 689 nasterium
467 637 612 705 quod
649 636 847 691 dicitur
887 638 954 692 de
989 637 1276 703 Amberta;
1317 638 1510 703 cellam
1541 635 1704 690 Talu-

121 726 362 790 ‘siacum,
386 726 581 780 cellam
602 725 903 794 Poliacum,
919 729 1109 783 cellam
1135 728 1492 794 Artedunum,
1515 729 1704 782 cellam

122 801 508 908 ;Saviniacum,
534 826 741 871 eurtem
768 818 1176 884 Ambariacum,
1209 819 1493 874 ecclesiam
1521 817 1706 872 Sancti

142 903 381 973 Andioli,
433 905 722 960 ecclesiam
777 922 899 977 qua:
947 916 1173 962 vocatur
1236 907 1317 961 Ad
1370 907 1704 971 oratorium,

143 1003 344 1049 curtem
378 994 448 1050 de
477 994 761 1062 Romanis,
783 996 973 1051 cellam
1007 995 1384 1062 Cavariaeum,
1423 996 1708 1050 ecclesiam

144 1085 195 1138 in
215 1093 394 1140 castro
423 1085 626 1141 Gosan.
651 1085 854 1142 Omnes
874 1102 1091 1158 quoque
1123 1088 1279 1142 villas
1299 1096 1353 1142 et
1375 1097 1546 1141 terras
1572 1102 1709 1156 quas

146 1175 467 1232 Wiehardus
507 1178 747 1232 moriens
793 1177 1054 1240 Cluniaco
1090 1179 1336 1233 contulit.
1386 1177 1443 1232 In
1497 1177 1711 1233 Gratia-

145 1266 456 1335 nopolitano
485 1268 802 1338 episcopatu
830 1270 1022 1326 cellam
1068 1286 1193 1341 quae
1231 1280 1457 1326 vocatur
1493 1269 1707 1340 Borgct,

147 1357 532 1412 monasterium
564 1359 710 1433 quod
749 1369 975 1414 vocatur
1020 1359 1278 1415 Domena.
1309 1359 1367 1416 lu
1398 1361 1710 1430 episcopatu

147 1441 485 1501 'Vesontiensi
522 1446 712 1503 cellam
745 1463 867 1516 quae
896 1457 1122 1502 vocatur
1160 1447 1379 1504 Portus.
1410 1447 1465 1502 ln
1502 1448 1712 1517 episco-

149 1543 266 1604 patu
289 1533 535 1591 Tullensi
561 1537 751 1592 cellam
775 1553 896 1608 qua:
918 1547 1144 1594 vocatur
1169 1538 1488 1610 ilamengas.
1507 1539 1560 1592 In
1579 1538 1712 1593 Lau-

148 1626 396 1679 sannensi
419 1626 738 1696 episcopatu
761 1627 1151 1683 monasterium
1173 1629 1316 1698 quod
1331 1627 1716 1683 tliCittlt'Pulel'-

147 1715 414 1782 niacas,et
436 1731 561 1787 qum
582 1716 638 1771 in
659 1716 864 1773 Alsatia
883 1717 1146 1774 dederunt
1167 1718 1516 1788 imperatores
1539 1719 1712 1774 cidem

150 1803 290 1870 loco;
314 1803 508 1858 cellam
545 1820 668 1874 quae
688 1796 888 1862 dieitur
912 1821 1072 1862 mons
1096 1806 1313 1862 Richeri
1348 1816 1402 1862 et
1442 1816 1715 1861 monaste-

1805 647 2115 707 cognoscat,
2143 647 2196 692 ct
2239 637 2344 691 nisi
2379 655 2442 692 ea
2471 652 2591 706 quae
2635 638 2702 690 ab
2731 637 2821 691 illo
2852 647 2978 693 sunt
3015 639 3152 693 n'iale
3196 641 3376 696 oblata

1805 727 2162 782 restitueritet
2184 729 2345 797 digna
2365 729 2680 796 pteniteutia
2696 728 2877 782 illicite
2901 737 3017 793 acta
3039 729 3330 796 deﬂeverit,
3345 748 3376 785 a

1806 818 2176 874 saeratissimo
2198 822 2426 887 corpore
2441 829 2494 871 et
2507 819 2768 888 sanguine
2781 818 2992 873 Domini
3007 819 3378 891 Redemptoris

1807 909 1979 963 nostri
1995 907 2119 963 Jesu
2132 909 2332 963 Christi
2346 909 2556 963 alienus
2577 910 2837 978 tiatatque
2851 911 2902 963 in
2916 921 3115 965 aeterno
3131 913 3379 967 examine

1807 999 2062 1053 districta:
2085 1000 2274 1054 ultioni
2295 1000 2506 1068 subjucc
2517 1011 2591 1054 at.
2614 1000 2836 1055 Cunctis
2849 1011 3028 1054 autem
3050 1002 3221 1056 cidem
3259 1005 3378 1058 loco

1805 1090 1951 1161 justa
1973 1091 2334 1156 servantibus,
2351 1091 2420 1145 sit
2441 1107 2540 1160 pax
2573 1089 2785 1144 Domini
2805 1093 2976 1146 nostri
3002 1092 3127 1147 Jcsu
3153 1093 3378 1161 Christi,

1809 1192 2077 1253 quatenus
2103 1191 2156 1236 et
2185 1183 2273 1236 hic
2294 1182 2530 1237 fructum
2553 1182 2706 1237 bona:
2729 1183 2958 1238 actionis
2981 1185 3297 1254 percipiant,
3328 1196 3382 1242 et

1811 1276 1951 1347 apud
1976 1275 2278 1331 districtum
2302 1276 2541 1346 judicem
2577 1278 2797 1348 praemia
2837 1279 2988 1348 pacis
3028 1280 3320 1336 inveniant.

1884 1366 2077 1422 Datum
2131 1366 2436 1433 Latet-anis,
2485 1369 2677 1437 quinto
2743 1367 2867 1422 ldus
2917 1368 3247 1437 Decembris,
3290 1388 3385 1441 per

1811 1474 2009 1514 manus
2054 1458 2199 1513 Petri
2255 1473 2424 1513 sacrae
2475 1457 2734 1514 Romana:
2776 1459 3032 1515 Ecclesia:
3087 1463 3384 1532 presbyteri

1811 1551 2102 1606 cardinalis
2143 1566 2207 1604 ac
2252 1549 2666 1614 bibliothecarii,
2702 1566 2846 1603 anno
2875 1562 3070 1620 quarto
3099 1553 3384 1621 pontifica-

1813 1653 1967 1697 eatus
1994 1641 2182 1696 domui
2212 1639 2457 1711 Gregorii
2493 1655 2643 1710 papae
2678 1640 2921 1709 septimi,
2949 1641 3239 1697 indictione
3276 1660 3381 1696 xw.

1817 1734 1959 1789 Bene
1992 1733 2179 1787 valete.

2269 1848 2272 1849 ,
2326 1851 2328 1853 ,
2532 1799 2672 1854 XXI.

149 1892 281 1948 rium
301 1895 449 1964 quod
464 1895 670 1950 dicitur
693 1895 1092 1952 RomanumJn
1107 1897 1416 1967 episcopatu
1441 1898 1710 1960 Geneven-
1750 1882 1788 1936 Β
1816 1893 2157 1962 Privilegium
2195 1892 2431 1960 Gregorii
2455 1909 2618 2014 ίαραε
2669 1890 2796 1955 γη,
2832 1909 2924 1960 per
2957 1894 3096 1962 quod
3127 1906 3387 1948 monaste-

151 1985 588 2014 .:.........-.,...:.....
611 1986 792 2014 c-.....:
813 1986 1041 2014 ιτεηηιηεη
1059 1992 1305 2014 ...η.......;μ
1348 1986 1400 2014 ι..
1431 1988 1450 2014 ι
1469 1988 1710 2014 ....-....:....
1886 1967 2073 2014 terium.
2101 1979 2284 2014 uorum
2309 1963 2362 2014 in
2389 1980 2448 2014 su
2488 1963 2634 2014 urbio
2662 1960 3008 2014 Pictat'ireusi
3033 1974 3387 2014 constt-mlum

151 1985 189 2039 si
203 1987 591 2041 monasterium
611 1986 796 2042 Sancti
813 1986 1045 2042 Victoris
1059 1992 1328 2058 martyris.
1348 1986 1400 2040 In
1418 1988 1711 2058 Argeutino

149 2076 450 2146 episcopatu
485 2078 879 2133 monasterium
909 2078 1180 2134 Salseusc.
1214 2077 1268 2131 in
1298 2079 1712 2133 Constantiensi

150 2166 452 2234 episcopatu
478 2168 669 2221 cellam
696 2183 820 2237 qua:
848 2167 1048 2222 dicitur
1081 2167 1386 2222 llomisino.
1420 2166 1473 2221 In
1500 2167 1711 2238 cpisco-

149 2265 268 2326 patu
293 2256 550 2328 Papiensi
572 2259 966 2315 monasterium
993 2257 1174 2313 Sancti
1196 2257 1396 2313 .\laioli.
1426 2257 1482 2311 ln
1505 2258 1713 2328 episeo-
1774 2308 1780 2312 .

154 2356 271 2415 patu
321 2347 592 2404 Lausensi
646 2338 1039 2405 monasterium
1095 2347 1151 2402 S.
1208 2348 1392 2404 Marci.
1454 2347 1512 2402 In
1574 2346 1716 2403 Urbe

153 2436 451 2496 Placentina
473 2438 761 2496 ecclesiam
796 2439 981 2494 Sancti
1025 2438 1291 2508 Gregorii.
1333 2437 1493 2492 Juxta
1523 2438 1712 2492 urbem

154 2524 464 2582 Cremonam
497 2529 889 2584 monasterium
912 2529 967 2582 in
996 2529 1204 2582 honore
1233 2526 1417 2582 Sancti
1445 2528 1715 2583 Gabrielis

154 2626 547 2689 egsanctorum
579 2618 841 2674 Barnabze
888 2628 942 2674 et
984 2618 1165 2675 Luem.
1199 2619 1402 2676 Praeter
1444 2636 1537 2684 ea,
1575 2620 1718 2675 sicut

155 2725 306 2779 supra
326 2711 586 2777 diximus,
610 2727 948 2784 quaecunque
973 2728 1120 2767 nunc
1146 2713 1308 2766 habet
1341 2722 1434 2767 aut
1452 2712 1505 2766 in
1533 2723 1715 2782 poste-

154 2816 285 2868 rum,
308 2800 542 2857 Domino
579 2811 882 2869 annuente,
929 2803 1134 2859 habere
1158 2804 1447 2876 contigerit
1491 2803 1546 2858 in
1591 2804 1716 2874 qui-

154 2892 377 2950 buslibet
399 2895 880 2971 rebus'mobilibus
905 2896 989 2952 vel
1011 2896 1400 2952 immobilibus.

216 2982 340 3042 ltem
373 2987 759 3043 constituimus
780 2997 840 3046 ut
859 2988 1093 3044 abeunte
1120 2989 1314 3045 abbate
1347 3003 1457 3042 non
1484 2988 1624 3042 alius
1645 2987 1720 3041 ibi

155 3090 464 3151 quacunque
499 3078 836 3148 obreptionis
870 3078 1068 3151 astutia
1099 3077 1382 3131 ordinetur
1416 3075 1522 3130 nisi
1558 3091 1719 3146 quem

156 3148 339 3223 fratres
383 3148 630 3238 ejusdem
670 3148 906 3224 ccenobii
942 3182 1070 3242 cum
1123 3167 1401 3223 communi
1447 3181 1716 3232 consensu

157 3257 441 3314 secundum
476 3259 731 3316 timorem
759 3257 853 3314 Dei
905 3257 1185 3330 elegerint.
1213 3257 1278 3312 Et
1308 3258 1375 3312 ad
1394 3273 1722 3313 consecran-

155 3349 275 3404 dum
301 3349 452 3404 illum
486 3349 592 3420 ipsi
621 3349 819 3405 fratres
860 3350 1125 3406 advocent
1163 3349 1479 3419 episcopum
1529 3364 1721 3419 quem-

155 3453 359 3508 cunque
389 3441 681 3494 voluerint.
718 3439 829 3494 Nec
866 3440 1063 3509 quovis
1088 3439 1250 3493 modo
1285 3439 1574 3507 quisquam
1604 3437 1721 3506 epi-

159 3541 344 3598 scopus
371 3529 457 3583 vel
481 3528 929 3598 archiepiscopus
959 3529 1138 3583 locum
1169 3529 1346 3598 ipsum
1372 3543 1466 3581 seu
1490 3528 1723 3596 capellas

158 3619 507 3688 supradictas,
537 3619 788 3678 videlicet
822 3619 1035 3678 Sanctae
1063 3617 1362 3681 Marizngs.
1388 3618 1569 3673 lliaioli
1589 3628 1642 3672 et
1663 3617 1720 3673 S.

158 3707 420 3777 0dilonis,
452 3712 538 3766 vel
572 3699 918 3782 presbyteros
955 3711 1026 3767 ab
1053 3711 1246 3766 abbate
1272 3710 1344 3766 ibi
1373 3710 1720 3766 constitutos.

160 3799 222 3860 Et
243 3802 537 3856 monachos
568 3801 742 3871 ipsius
775 3801 1096 3857 monasterii
1123 3801 1620 3867 exeommunicare,
1641 3802 1724 3856 vel

155 3891 384 3961 judicare
417 3893 634 3958 audeat,
681 3891 774 3948 sed
812 3907 1026 3962 semper
1058 3893 1162 3948 sub
1186 3892 1353 3948 tutela
1377 3901 1431 3946 et
1462 3891 1723 3962 immuni-

160 3989 260 4037 tate
296 3981 568 4048 Romana,
607 3982 888 4050 soliusque
943 3983 1174 4038 Romani
1209 3982 1484 4052 pontificis
1519 3982 1724 4051 judicio

161 4071 538 4137 consistentes,
571 4070 932 4139 omnipotenti
969 4071 1203 4125 Domino
1229 4072 1398 4140 quieti
1441 4073 1725 4141 securique

163 4159 474 4216 deserviant.
501 4160 548 4214 A
569 4175 896 4231 quocunque
916 4161 1175 4231 episeopo
1190 4161 1461 4216 voluerint
1480 4161 1722 4215 etiamin

161 4260 290 4319 Opus
312 4251 787 4307 consecrationum
815 4251 871 4304 in
900 4251 1021 4320 ipso
1050 4252 1170 4307 loco
1205 4251 1556 4322 agendarum,
1579 4251 1726 4305 ebri—

164 4354 301 4408 sma,
324 4343 504 4397 oleum
536 4350 807 4408 sanctum,
845 4343 1024 4398 oleum
1067 4342 1407 4398 inﬁrmorum
1447 4342 1722 4413 accipere;

163 4444 360 4490 necnon
380 4443 434 4491 et
452 4434 885 4500 consecrationis
909 4434 1163 4490 altarium
1185 4444 1238 4490 et
1263 4434 1613 4504 capellarum,
1628 4448 1724 4489 seu

165 4522 524 4582 ordinationes
553 4525 969 4581 monachorum.
1002 4523 1370 4582 Concedimus
1401 4523 1497 4577 tibi
1533 4531 1586 4576 et
1620 4523 1719 4592 ipsi
1753 4557 1798 4610 Ι)

162 4615 444 4678 venerabili
467 4616 611 4684 loco,
646 4623 699 4668 et
725 4613 1114 4668 conﬁrmamus
1139 4612 1438 4682 apostolica
1480 4611 1718 4664 auctori-

165 4703 264 4755 tate
284 4704 720 4772 quandocunque
738 4702 821 4756 vel
856 4703 1100 4772 quandiu
1126 4702 1284 4756 vobis
1310 4701 1574 4772 placuerit
1607 4717 1725 4771 per-

167 4804 437 4848 cussuram
471 4793 678 4864 proprii
713 4793 1061 4848 numismatis
1095 4793 1180 4848 vel
1208 4804 1438 4849 monetae
1472 4792 1728 4863 quemad-

170 4883 374 4938 modum
395 4885 693 4956 privilegiis
718 4878 1110 4961 venerabilium
1150 4887 1612 4956 prmdecessorum
1637 4899 1731 4939 no-

170 4980 391 5028 strorum
419 4976 784 5046 comperimus
806 4970 961 5036 vobis
995 4991 1315 5029 concessum
1356 4985 1409 5029 et
1443 4977 1730 5030 conﬁrma-

170 5069 276 5117 tum
311 5080 448 5130 esse,
471 5066 824 5121 concedimus
863 5073 917 5118 et
960 5065 1368 5120 conﬁrmamus.
1405 5063 1529 5121 llaec
1567 5067 1731 5137 igitur

173 5152 340 5206 omnia
369 5170 488 5223 quze
520 5155 640 5224 ejus
684 5141 937 5223 praecepti
981 5154 1293 5225 decretique
1325 5156 1498 5210 nostri
1537 5158 1730 5228 pagina

174 5241 414 5309 continet,
437 5254 549 5299 tam
571 5244 669 5300 tibi
696 5260 861 5315 quam
884 5247 1096 5306 cunctis
1122 5246 1213 5316 qui
1244 5246 1300 5299 in
1327 5261 1391 5300 eo
1413 5262 1524 5316 quo
1545 5264 1604 5302 es
1639 5263 1729 5302 or-

177 5327 290 5385 dine
321 5333 549 5407 locoque
579 5337 1056 5403 successerintpet
1088 5338 1169 5392 eis
1200 5353 1433 5407 quorum
1468 5337 1731 5391 interesse

177 5425 366 5486 poteris
387 5427 440 5481 in
480 5437 799 5499 perpetuum
830 5429 1093 5492 servanda
1124 5427 1483 5483 decernimus.
1521 5426 1577 5485 Si
1611 5427 1735 5498 quis

179 5520 295 5564 vero
323 5529 526 5584 regum,
559 5519 932 5586 sacerdotum,
963 5519 1316 5581 clericorum,
1356 5517 1599 5586 judicum
1618 5559 1633 5582 ,
1671 5533 1735 5572 ac

182 5602 505 5660 mularium
537 5623 896 5676 personarum
928 5611 1068 5664 hanc
1105 5607 1508 5664 constitutionis
1535 5617 1735 5663 nostrze

183 5690 410 5761 paginam
457 5711 779 5768 agnoscens,
822 5701 1006 5755 venire
1044 5710 1233 5754 contra
1271 5713 1390 5754 eam
1428 5699 1734 5763 tentaverit,

187 5785 446 5848 potestatis
485 5787 818 5858 honorisque
847 5788 927 5844 sui
954 5790 1214 5860 dignitate
1245 5801 1444 5860 careat,
1472 5804 1731 5861 rcumque

1886 1960 2073 2018 terium
2101 1979 2284 2016 uorum
2309 1963 2362 2015 in
2389 1960 2634 2015 suburbio
2662 1960 3008 2014 PictavireuSi
3033 1974 3388 2016 constructum

1884 2052 1917 2087 α
1974 2032 2238 2087 H'illelmo
2286 2032 2472 2085 comite
2515 2031 2874 2095 I’irtarorum,
2922 2032 2990 2084 (ul
3019 2033 3146 2101 ejus
3193 2050 3386 2101 preces,

1884 2103 2165 2156 committit
2197 2103 2475 2169 regendum
2511 2112 2966 2171 perpetuosaucto
3005 2100 3214 2170 Hugoui
3249 2103 3389 2171 ejus-

1881 2188 1978 2243 que
2002 2173 2384 2224 successoribus
2409 2172 2683 2228 abbatibus
2720 2170 3170 2225 Cluuiureusibus.

2413 2260 2592 2332 (Anno
2618 2257 2798 2329 1075.)

2167 2353 2493 2425 [Baliarium
2529 2351 2890 2418 Cluuiaccuse,
2927 2352 3040 2423 9.0.]

1887 2445 2193 2500 Cosconius
2226 2446 2536 2513 episcopus,
2569 2457 2761 2496 servus
2801 2459 3080 2496 servorum
3121 2443 3230 2508 Dei,
3255 2445 3392 2498 dile-

1814 2545 1902 2592 cto
1927 2535 1978 2588 in
2009 2534 2230 2589 Christo
2252 2534 2362 2588 lilio
2403 2533 2606 2587 llrcoxi
2647 2533 2826 2586 abbati
2863 2534 3175 2585 numasterii
3211 2535 3394 2587 beato-

1815 2643 1936 2682 rum
1964 2627 2334 2696 apostolorum
2377 2622 2518 2677 I‘etri
2561 2633 2614 2676 et
2658 2622 2810 2698 Pauli
2853 2624 3147 2677 constructi
3185 2624 3237 2676 iu
3276 2625 3395 2677 loco

1815 2719 1908 2790 qui
1936 2717 2133 2771 dicitur
2156 2715 2468 2770 Cluniacus.

1889 2807 2147 2877 Supernae
2173 2803 2534 2860 miserationis
2559 2814 2805 2875 respectu
2836 2804 2905 2859 ad
2939 2804 3044 2859 hoc
3070 2805 3397 2860 universalis

1818 2897 2076 2954 Ecclesiae
2101 2913 2288 2953 curam
2308 2897 2670 2965 suscepimus,
2693 2905 2747 2949 et
2767 2896 3051 2965 apostolici
3075 2897 3398 2950 moderami-

1817 2989 1904 3044 nis
1926 2987 2342 3042 sollicitudinem
2365 2986 2624 3056 gerimus,
2646 2995 2702 3038 ut
2725 2986 2891 3053 justis
2923 2986 3263 3054 precantium
3296 3001 3394 3038 γοα

1818 3079 1889 3134 tis
1915 3087 2118 3133 attenta
2143 3076 2476 3147 benignitate
2503 3075 2800 3141 faveamus,
2837 3083 2892 3130 et
2917 3075 3202 3130 libramine
3225 3075 3397 3146 aequi-

1824 3171 1951 3225 tatis
1997 3168 2327 3224 omnibusin
2370 3166 2692 3222 necessitate
2726 3166 2920 3230 positis
2957 3175 3243 3237 quantum,
3289 3165 3400 3222 Deo

1823 3261 2079 3324 donante,
2104 3274 2400 3331 possumus
2441 3255 2728 3312 subvenire
2773 3257 3095 3324 debeamus;
3133 3258 3402 3327 praecipue

1823 3361 2004 3408 tamen
2025 3351 2091 3406 de
2116 3349 2501 3404 venerabilium
2519 3347 2764 3401 locorum
2788 3347 3078 3402 stabilitate
3099 3363 3197 3416 pro
3219 3347 3399 3400 debito

1823 3443 2032 3496 honore
2061 3455 2289 3494 summa:
2313 3450 2364 3492 et
2395 3437 2708 3508 apostolica:
2733 3436 2879 3491 sedis
2913 3436 3002 3490 cui
3039 3436 3256 3505 speciali
3277 3437 3400 3506 jure

1823 3532 2124 3595 adluerent,
2150 3538 2416 3599 quantum
2447 3543 2512 3582 ex
2543 3527 2728 3581 divino
2762 3527 3037 3596 adjutorio
3072 3529 3401 3597 possibilitas

1823 3623 2003 3689 datur,
2033 3622 2190 3676 nobis
2213 3620 2550 3692 pensandum
2575 3627 2627 3673 et
2647 3618 3004 3673 laborandum
3027 3636 3146 3673 esse
3174 3635 3400 3687 perpen-

1822 3714 2022 3768 tlimus.
2052 3712 2458 3781 Proindcjuxta
2489 3696 2808 3780 petitionem
2831 3717 2986 3772 tuam
3023 3718 3077 3762 et
3106 3709 3197 3760 lilii
3225 3708 3400 3762 nostri

1824 3803 2080 3858 Willelmi
2111 3803 2325 3857 comitis
2347 3802 2713 3866 Pictavorum,
2743 3799 3072 3852 monasterio
3100 3798 3245 3865 quo-.l
3283 3798 3402 3867 ipse
3451 3811 3453 3813 ‘

1823 3910 2008 3950 eomes
2052 3893 2107 3948 in
2174 3894 2438 3948 suburbio
2482 3891 2725 3959 ejusdem
2784 3888 3039 3954 civitatis,
3099 3889 3150 3942 iu
3195 3890 3404 3945 honore

1823 3986 2106 4041 beatorum
2132 3979 2741 4052 apostolorumJoannis
2761 3980 3133 4050 evangelista),
3161 3980 3402 4036 Simonis

1821 4084 1876 4130 et
1897 4074 2048 4128 Judze
2070 4072 2394 4127 construxit.
2421 4069 2640 4141 Nosque
2666 4081 2725 4126 ut
2749 4071 2845 4126 tibi
2881 4087 2945 4126 ac
2973 4072 3082 4126 tuis
3113 4085 3399 4125 successo-

1821 4165 1976 4220 ribus
2003 4163 2302 4219 secundum
2329 4162 2617 4216 Dominum
2650 4171 2908 4231 perpetuo
2932 4161 3222 4230 regendum
3244 4175 3398 4213 com-

1822 4257 2162 4311 niittcremus
2206 4255 2468 4309 exoravit.
2507 4251 2829 4322 Hujusmodi
2864 4249 3208 4319 privilegium
3257 4265 3398 4318 pra:-

1823 4345 1963 4402 scnti
1999 4345 2333 4400 auctoritatis
2368 4350 2568 4395 nostrzc
2604 4340 2822 4393 decreto
2859 4338 3222 4408 indulgemus,
3260 4354 3399 4395 eou—

1823 4438 2066 4493 eedimus
2093 4445 2256 4502 atque
2289 4433 2591 4486 ﬁrmamus.
2629 4430 2939 4486 Staluentes
2973 4431 3180 4486 nulium
3213 4448 3401 4501 regum

1821 4535 1876 4580 et
1928 4526 2336 4594 imperatorum,
2382 4522 2689 4576 antistitum
2737 4522 2818 4575 vel
2857 4523 3138 4581 comitum.
3192 4517 3400 4576 mullum

1821 4630 2145 4686 quacunque
2180 4614 2444 4683 dignitate
2467 4612 2750 4684 praeditum
2771 4614 2853 4667 vel
2874 4629 3204 4683 quemquam
3232 4612 3400 4665 alium

1823 4708 2020 4761 audere
2054 4706 2120 4759 de
2151 4705 2238 4759 his
2267 4721 2390 4774 qum
2413 4721 2443 4759 a
2470 4704 2694 4777 praefato
2724 4705 2942 4770 comite,
2971 4705 3054 4757 vel
3085 4719 3116 4756 a
3140 4701 3403 4770 quibusli-

1824 4799 1915 4853 bet
1939 4795 2254 4854 hominibus
2275 4797 2452 4862 eidem
2477 4795 2771 4849 venerabili
2798 4792 2917 4848 loco
2945 4794 3011 4846 de
3041 4791 3259 4861 proprio
3277 4791 3404 4860 jure

1823 4888 1936 4958 jam
1973 4887 2175 4942 donata
2219 4897 2368 4954 sunt,
2398 4887 2482 4940 vel
2512 4886 2565 4939 in
2606 4885 2848 4938 futurum
2894 4881 3125 4936 Domino
3166 4883 3406 4937 donante

1830 4979 2024 5033 collata
2049 4978 2267 5033 fuerunt
2289 4978 2390 5032 sub
2411 4975 2697 5044 cujuslibet
2715 4989 2880 5028 causa
2905 4974 3409 5043 occasionisvespe-

1832 5071 1913 5125 cie
1938 5070 2177 5123 minuere
2200 5069 2281 5121 vel
2310 5066 2611 5130 auferre,et
2625 5068 2736 5118 sive
2751 5064 2866 5120 suis
2888 5065 3077 5120 usibus
3114 5065 3405 5132 applicare,

1832 5161 1915 5213 vel
1940 5159 2059 5211 aliis
2083 5157 2238 5225 quasi
2264 5155 2366 5223 piis
2392 5155 2459 5208 de
2489 5155 2670 5210 causis
2705 5170 2804 5224 pro
2834 5171 2945 5209 sua:
2971 5155 3213 5208 avaritiae
3239 5170 3406 5208 excu-

1831 5249 2040 5305 satione
2074 5246 2390 5300 concedere.
2433 5243 2539 5300 Sed
2564 5255 2758 5300 cuneta
2783 5259 2904 5313 quae
2935 5244 3007 5298 ibi
3038 5245 3216 5298 oblata
3257 5254 3407 5307 sunt,

1831 5339 1915 5392 vel
1936 5337 2117 5391 oll‘erri
2153 5336 2461 5408 contigerit,
2488 5347 2599 5390 tam
2628 5353 2657 5388 a
2681 5345 2734 5388 te
2755 5351 2920 5404 quam
2943 5337 3012 5390 ab
3032 5337 3098 5390 iis
3124 5335 3212 5403 qui
3236 5334 3288 5385 in
3314 5342 3409 5387 tuo

1837 5428 2012 5483 ofﬁcio
2042 5429 2270 5497 locoque
2296 5427 2661 5482 successerint
2683 5427 2908 5494 perenni
2935 5436 3173 5493 tempore
3205 5423 3409 5477 illibata

1837 5529 1890 5575 et
1913 5520 2029 5575 sine
2042 5517 2410 5587 inquietudine
2431 5516 2612 5584 aliqua
2635 5514 3178 5584 volumuspossideri.
3204 5513 3407 5566 lim-um

1836 5611 2052 5680 quidem
2073 5608 2282 5671 usibus,
2309 5622 2409 5676 pro
2432 5622 2667 5676 quorum
2701 5605 3110 5669 sustentatione,
3141 5604 3408 5674 guberna-

1840 5701 2088 5768 tioneque
2112 5713 2371 5752 concessa
2402 5707 2557 5763 sunt,
2592 5697 2766 5751 modis
2791 5696 3044 5750 omnibus
3071 5692 3386 5764 profutura.

1909 5789 2057 5856 item,
2074 5789 2457 5845 constituimus
2473 5798 2548 5856 ut,
2574 5789 2802 5842 obeunle
2825 5788 3033 5854 abbate,
3051 5801 3152 5840 non
3168 5786 3306 5840 alius
3328 5784 3402 5844 ibi
