  <div class='ocr_page' id='page_1' title='image "/cluster/home/n/w/nwhite01/storage/ocr_20150623/148/uva.x000829792/341.png"; bbox 0 0 3952 6416; ppageno 0'>
   <div class='ocr_carea' id='block_1_1' title="bbox 568 502 671 558">
    <p class='ocr_par' dir='ltr' id='par_1_1' title="bbox 568 502 671 558">
     <span class='ocr_line' id='line_1_1' title="bbox 568 502 671 558; baseline -0.01 0"><span class='ocrx_word' id='word_1_1' title='bbox 568 502 671 558; x_wconf 80' lang='lat'><strong>6‘37</strong></span> 
     </span>
    </p>
   </div>
   <div class='ocr_carea' id='block_1_2' title="bbox 1490 498 2892 575">
    <p class='ocr_par' dir='ltr' id='par_1_2' title="bbox 1490 498 2892 575">
     <span class='ocr_line' id='line_1_2' title="bbox 1490 498 2892 575; baseline 0.001 -14"><span class='ocrx_word' id='word_1_2' title='bbox 1490 507 1543 562; x_wconf 88' lang='lat' dir='ltr'><strong>S.</strong></span> <span class='ocrx_word' id='word_1_3' title='bbox 1581 505 1905 563; x_wconf 69' lang='lat' dir='ltr'><strong>CltECOilll</strong></span> <span class='ocrx_word' id='word_1_4' title='bbox 1945 503 2032 557; x_wconf 72' lang='lat' dir='ltr'><strong>VII</strong></span> <span class='ocrx_word' id='word_1_5' title='bbox 2070 498 2268 575; x_wconf 55' lang='grc' dir='ltr'><strong>ῐὶἱῖεἷξ</strong></span> <span class='ocrx_word' id='word_1_6' title='bbox 2300 501 2581 559; x_wconf 52' lang='lat' dir='ltr'><strong>(iiii-IIIIS.“</strong></span> <span class='ocrx_word' id='word_1_7' title='bbox 2615 503 2796 560; x_wconf 71' lang='lat' dir='ltr'><strong>PARS</strong></span> <span class='ocrx_word' id='word_1_8' title='bbox 2833 503 2892 563; x_wconf 88' lang='lat' dir='ltr'><strong>II.</strong></span> 
     </span>
    </p>
   </div>
   <div class='ocr_carea' id='block_1_3' title="bbox 3723 505 3849 562">
    <p class='ocr_par' dir='ltr' id='par_1_3' title="bbox 3723 505 3849 562">
     <span class='ocr_line' id='line_1_3' title="bbox 3723 505 3849 562; baseline 0 0"><span class='ocrx_word' id='word_1_9' title='bbox 3723 505 3849 562; x_wconf 70' lang='grc'>668</span> 
     </span>
    </p>
   </div>
   <div class='ocr_carea' id='block_1_4' title="bbox 567 613 3847 689">
    <p class='ocr_par' dir='ltr' id='par_1_4' title="bbox 567 613 3847 689">
     <span class='ocr_line' id='line_1_4' title="bbox 567 613 3847 689; baseline 0.001 -19"><span class='ocrx_word' id='word_1_10' title='bbox 567 630 890 686; x_wconf 86' lang='lat' dir='ltr'><strong>quacunque</strong></span> <span class='ocrx_word' id='word_1_11' title='bbox 923 616 1255 686; x_wconf 84' lang='lat' dir='ltr'><strong>ubreptionis</strong></span> <span class='ocrx_word' id='word_1_12' title='bbox 1284 619 1479 673; x_wconf 85' lang='lat' dir='ltr'><strong>astutia</strong></span> <span class='ocrx_word' id='word_1_13' title='bbox 1510 621 1811 687; x_wconf 81' lang='lat' dir='ltr'><strong>ordinetur,</strong></span> <span class='ocrx_word' id='word_1_14' title='bbox 1852 620 1953 674; x_wconf 84' lang='lat' dir='ltr'><strong>nisi</strong></span> <span class='ocrx_word' id='word_1_15' title='bbox 1981 635 2141 689; x_wconf 87' lang='lat' dir='ltr'><strong>quem</strong></span> <span class='ocrx_word' id='word_1_16' title='bbox 2174 621 2217 677; x_wconf 70' lang='grc' dir='ltr'>Λ</span> <span class='ocrx_word' id='word_1_17' title='bbox 2245 634 2357 672; x_wconf 89' lang='lat' dir='ltr'><strong>rem</strong></span> <span class='ocrx_word' id='word_1_18' title='bbox 2399 617 2838 681; x_wconf 72' lang='lat' dir='ltr'><strong>sollicitudinem,</strong></span> <span class='ocrx_word' id='word_1_19' title='bbox 2881 615 3098 685; x_wconf 71' lang='lat' dir='ltr'><strong>penitus</strong></span> <span class='ocrx_word' id='word_1_20' title='bbox 3137 613 3387 672; x_wconf 84' lang='lat' dir='ltr'><strong>amisisse</strong></span> <span class='ocrx_word' id='word_1_21' title='bbox 3426 615 3671 688; x_wconf 73' lang='lat' dir='ltr'><strong>vigorem</strong></span> <span class='ocrx_word' id='word_1_22' title='bbox 3697 660 3717 685; x_wconf 90' lang='lat'><strong>,</strong></span> <span class='ocrx_word' id='word_1_23' title='bbox 3777 627 3847 674; x_wconf 72' lang='lat' dir='ltr'><strong>et</strong></span> 
     </span>
    </p>
   </div>
   <div class='ocr_carea' id='block_1_5' title="bbox 569 705 2141 780">
    <p class='ocr_par' dir='ltr' id='par_1_5' title="bbox 569 705 2141 780">
     <span class='ocr_line' id='line_1_5' title="bbox 569 705 2141 780; baseline 0.002 -20"><span class='ocrx_word' id='word_1_24' title='bbox 569 714 625 760; x_wconf 90' lang='lat' dir='ltr'><strong>tu</strong></span> <span class='ocrx_word' id='word_1_25' title='bbox 650 705 832 775; x_wconf 88' lang='lat' dir='ltr'><strong>tuique</strong></span> <span class='ocrx_word' id='word_1_26' title='bbox 864 723 1207 761; x_wconf 77' lang='lat' dir='ltr'><strong>successores</strong></span> <span class='ocrx_word' id='word_1_27' title='bbox 1234 710 1530 762; x_wconf 87' lang='lat' dir='ltr'><strong>secundum</strong></span> <span class='ocrx_word' id='word_1_28' title='bbox 1564 711 1813 764; x_wconf 87' lang='lat' dir='ltr'><strong>timorem</strong></span> <span class='ocrx_word' id='word_1_29' title='bbox 1849 710 1940 765; x_wconf 82' lang='lat' dir='ltr'><strong>Dei</strong></span> <span class='ocrx_word' id='word_1_30' title='bbox 1964 711 2141 780; x_wconf 80' lang='lat' dir='ltr'><strong>elege-</strong></span> 
     </span>
    </p>
   </div>
   <div class='ocr_carea' id='block_1_6' title="bbox 567 795 2141 871">
    <p class='ocr_par' dir='ltr' id='par_1_6' title="bbox 567 795 2141 871">
     <span class='ocr_line' id='line_1_6' title="bbox 567 795 2141 871; baseline 0.003 -23"><span class='ocrx_word' id='word_1_31' title='bbox 567 795 714 860; x_wconf 86' lang='lat' dir='ltr'><strong>ritis,</strong></span> <span class='ocrx_word' id='word_1_32' title='bbox 744 804 796 850; x_wconf 88' lang='lat' dir='ltr'><strong>et</strong></span> <span class='ocrx_word' id='word_1_33' title='bbox 826 796 928 848; x_wconf 86' lang='lat' dir='ltr'><strong>hoc</strong></span> <span class='ocrx_word' id='word_1_34' title='bbox 960 813 1175 867; x_wconf 86' lang='lat' dir='ltr'><strong>quoque</strong></span> <span class='ocrx_word' id='word_1_35' title='bbox 1203 800 1448 867; x_wconf 67' lang='lat' dir='ltr'><strong>prsesenti</strong></span> <span class='ocrx_word' id='word_1_36' title='bbox 1480 800 1716 869; x_wconf 87' lang='lat' dir='ltr'><strong>capitulo</strong></span> <span class='ocrx_word' id='word_1_37' title='bbox 1741 801 2141 871; x_wconf 76' lang='lat' dir='ltr'><strong>subjungimus,</strong></span> 
     </span>
    </p>
   </div>
   <div class='ocr_carea' id='block_1_7' title="bbox 566 886 2143 959">
    <p class='ocr_par' dir='ltr' id='par_1_7' title="bbox 566 886 2143 959">
     <span class='ocr_line' id='line_1_7' title="bbox 566 886 2143 959; baseline 0.006 -22"><span class='ocrx_word' id='word_1_38' title='bbox 566 894 624 938; x_wconf 92' lang='lat' dir='ltr'><strong>ut</strong></span> <span class='ocrx_word' id='word_1_39' title='bbox 658 886 833 955; x_wconf 87' lang='lat' dir='ltr'><strong>ipsum</strong></span> <span class='ocrx_word' id='word_1_40' title='bbox 866 888 1257 942; x_wconf 82' lang='lat' dir='ltr'><strong>monasterium</strong></span> <span class='ocrx_word' id='word_1_41' title='bbox 1290 899 1342 941; x_wconf 88' lang='lat' dir='ltr'><strong>et</strong></span> <span class='ocrx_word' id='word_1_42' title='bbox 1371 890 1593 944; x_wconf 84' lang='lat' dir='ltr'><strong>abbates</strong></span> <span class='ocrx_word' id='word_1_43' title='bbox 1628 891 1746 959; x_wconf 93' lang='lat' dir='ltr'><strong>ejus</strong></span> <span class='ocrx_word' id='word_1_44' title='bbox 1767 890 1849 944; x_wconf 88' lang='lat' dir='ltr'><strong>vel</strong></span> <span class='ocrx_word' id='word_1_45' title='bbox 1889 892 2143 947; x_wconf 90' lang='lat' dir='ltr'><strong>monachi</strong></span> 
     </span>
    </p>
   </div>
   <div class='ocr_carea' id='block_1_8' title="bbox 562 977 2139 1049">
    <p class='ocr_par' dir='ltr' id='par_1_8' title="bbox 562 977 2139 1049">
     <span class='ocr_line' id='line_1_8' title="bbox 562 977 2139 1049; baseline 0.004 -20"><span class='ocrx_word' id='word_1_46' title='bbox 562 977 635 1029; x_wconf 80' lang='lat' dir='ltr'><strong>ab</strong></span> <span class='ocrx_word' id='word_1_47' title='bbox 668 977 814 1030; x_wconf 89' lang='lat' dir='ltr'><strong>otuni</strong></span> <span class='ocrx_word' id='word_1_48' title='bbox 838 980 1118 1032; x_wconf 82' lang='lat' dir='ltr'><strong>sa-cnlaris</strong></span> <span class='ocrx_word' id='word_1_49' title='bbox 1142 981 1417 1034; x_wconf 87' lang='lat' dir='ltr'><strong>servitutis</strong></span> <span class='ocrx_word' id='word_1_50' title='bbox 1439 980 1548 1034; x_wconf 72' lang='lat' dir='ltr'><strong>sint</strong></span> <span class='ocrx_word' id='word_1_51' title='bbox 1573 980 1918 1036; x_wconf 79' lang='lat' dir='ltr'><strong>infestationc</strong></span> <span class='ocrx_word' id='word_1_52' title='bbox 1939 982 2139 1049; x_wconf 84' lang='lat' dir='ltr'><strong>securi,</strong></span> 
     </span>
    </p>
   </div>
   <div class='ocr_carea' id='block_1_9' title="bbox 562 1067 2139 1156">
    <p class='ocr_par' dir='ltr' id='par_1_9' title="bbox 562 1067 2139 1156">
     <span class='ocr_line' id='line_1_9' title="bbox 562 1067 2139 1156; baseline 0.006 -38"><span class='ocrx_word' id='word_1_53' title='bbox 562 1067 824 1136; x_wconf 85' lang='lat' dir='ltr'><strong>omnique</strong></span> <span class='ocrx_word' id='word_1_54' title='bbox 860 1070 1172 1137; x_wconf 69' lang='lat' dir='ltr'><strong>gravamine</strong></span> <span class='ocrx_word' id='word_1_55' title='bbox 1202 1072 1490 1156; x_wconf 52' lang='lat' dir='ltr'><strong>mundam?</strong></span> <span class='ocrx_word' id='word_1_56' title='bbox 1525 1072 1892 1143; x_wconf 85' lang='lat' dir='ltr'><strong>oppressionis</strong></span> <span class='ocrx_word' id='word_1_57' title='bbox 1924 1073 2139 1140; x_wconf 88' lang='lat' dir='ltr'><strong>remoti,</strong></span> 
     </span>
    </p>
   </div>
   <div class='ocr_carea' id='block_1_10' title="bbox 560 1156 2137 1234">
    <p class='ocr_par' dir='ltr' id='par_1_10' title="bbox 560 1156 2137 1234">
     <span class='ocr_line' id='line_1_10' title="bbox 560 1156 2137 1234; baseline 0.004 -24"><span class='ocrx_word' id='word_1_58' title='bbox 560 1156 614 1210; x_wconf 91' lang='lat' dir='ltr'><strong>in</strong></span> <span class='ocrx_word' id='word_1_59' title='bbox 637 1167 835 1212; x_wconf 75' lang='lat' dir='ltr'><strong>sancta:</strong></span> <span class='ocrx_word' id='word_1_60' title='bbox 856 1160 1129 1228; x_wconf 72' lang='lat' dir='ltr'><strong>religionis</strong></span> <span class='ocrx_word' id='word_1_61' title='bbox 1160 1160 1534 1214; x_wconf 84' lang='lat' dir='ltr'><strong>observatione</strong></span> <span class='ocrx_word' id='word_1_62' title='bbox 1556 1162 1725 1216; x_wconf 86' lang='lat' dir='ltr'><strong>seduli</strong></span> <span class='ocrx_word' id='word_1_63' title='bbox 1754 1172 1915 1232; x_wconf 88' lang='lat' dir='ltr'><strong>atque</strong></span> <span class='ocrx_word' id='word_1_64' title='bbox 1947 1162 2137 1234; x_wconf 89' lang='lat' dir='ltr'><strong>quieti.</strong></span> 
     </span>
    </p>
   </div>
   <div class='ocr_carea' id='block_1_11' title="bbox 560 1244 2140 1326">
    <p class='ocr_par' dir='ltr' id='par_1_11' title="bbox 560 1244 2140 1326">
     <span class='ocr_line' id='line_1_11' title="bbox 560 1244 2140 1326; baseline 0.006 -26"><span class='ocrx_word' id='word_1_65' title='bbox 560 1244 704 1301; x_wconf 76' lang='lat' dir='ltr'><strong>Nulli</strong></span> <span class='ocrx_word' id='word_1_66' title='bbox 728 1248 818 1302; x_wconf 86' lang='lat' dir='ltr'><strong>alii</strong></span> <span class='ocrx_word' id='word_1_67' title='bbox 846 1249 947 1303; x_wconf 73' lang='lat' dir='ltr'><strong>nisi</strong></span> <span class='ocrx_word' id='word_1_68' title='bbox 976 1252 1513 1306; x_wconf 67' lang='lat' dir='ltr'><strong>abbatiCluniacensi</strong></span> <span class='ocrx_word' id='word_1_69' title='bbox 1538 1254 1717 1324; x_wconf 87' lang='lat' dir='ltr'><strong>aliqua</strong></span> <span class='ocrx_word' id='word_1_70' title='bbox 1735 1255 2140 1326; x_wconf 61' lang='lat' dir='ltr'><strong>teneanturjoc-</strong></span> 
     </span>
    </p>
   </div>
   <div class='ocr_carea' id='block_1_12' title="bbox 558 1339 2142 1411">
    <p class='ocr_par' dir='ltr' id='par_1_12' title="bbox 558 1339 2142 1411">
     <span class='ocr_line' id='line_1_12' title="bbox 558 1339 2142 1411; baseline 0.008 -22"><span class='ocrx_word' id='word_1_71' title='bbox 558 1339 781 1393; x_wconf 79' lang='lat' dir='ltr'><strong>easionc</strong></span> <span class='ocrx_word' id='word_1_72' title='bbox 818 1341 1065 1411; x_wconf 73' lang='lat' dir='ltr'><strong>subjecti.</strong></span> <span class='ocrx_word' id='word_1_73' title='bbox 1101 1342 1543 1396; x_wconf 77' lang='lat' dir='ltr'><strong>(Ionsecratiouis</strong></span> <span class='ocrx_word' id='word_1_74' title='bbox 1575 1353 1752 1397; x_wconf 87' lang='lat' dir='ltr'><strong>autem</strong></span> <span class='ocrx_word' id='word_1_75' title='bbox 1788 1344 2042 1399; x_wconf 75' lang='lat' dir='ltr'><strong>abbatum</strong></span> <span class='ocrx_word' id='word_1_76' title='bbox 2087 1354 2142 1401; x_wconf 86' lang='lat' dir='ltr'><strong>et</strong></span> 
     </span>
    </p>
   </div>
   <div class='ocr_carea' id='block_1_13' title="bbox 557 1429 2139 1500">
    <p class='ocr_par' dir='ltr' id='par_1_13' title="bbox 557 1429 2139 1500">
     <span class='ocr_line' id='line_1_13' title="bbox 557 1429 2139 1500; baseline 0.004 -16"><span class='ocrx_word' id='word_1_77' title='bbox 557 1429 911 1485; x_wconf 73' lang='lat' dir='ltr'><strong>ecclesiarum</strong></span> <span class='ocrx_word' id='word_1_78' title='bbox 944 1442 993 1486; x_wconf 90' lang='lat' dir='ltr'><strong>et</strong></span> <span class='ocrx_word' id='word_1_79' title='bbox 1019 1433 1378 1487; x_wconf 88' lang='lat' dir='ltr'><strong>ordinationis</strong></span> <span class='ocrx_word' id='word_1_80' title='bbox 1405 1435 1819 1500; x_wconf 75' lang='lat' dir='ltr'><strong>tm‘utachorum,</strong></span> <span class='ocrx_word' id='word_1_81' title='bbox 1850 1436 1960 1490; x_wconf 89' lang='lat' dir='ltr'><strong>sive</strong></span> <span class='ocrx_word' id='word_1_82' title='bbox 1985 1436 2139 1491; x_wconf 80' lang='lat' dir='ltr'><strong>cleri-</strong></span> 
     </span>
    </p>
   </div>
   <div class='ocr_carea' id='block_1_14' title="bbox 557 1522 2137 1599">
    <p class='ocr_par' dir='ltr' id='par_1_14' title="bbox 557 1522 2137 1599">
     <span class='ocr_line' id='line_1_14' title="bbox 557 1522 2137 1599; baseline 0.006 -26"><span class='ocrx_word' id='word_1_83' title='bbox 557 1535 769 1585; x_wconf 89' lang='lat' dir='ltr'><strong>corum,</strong></span> <span class='ocrx_word' id='word_1_84' title='bbox 794 1540 934 1592; x_wconf 69' lang='lat' dir='ltr'><strong>Stulte</strong></span> <span class='ocrx_word' id='word_1_85' title='bbox 957 1522 1068 1577; x_wconf 81' lang='lat' dir='ltr'><strong>lato</strong></span> <span class='ocrx_word' id='word_1_86' title='bbox 1091 1524 1338 1579; x_wconf 64' lang='lat' dir='ltr'><strong>carnobin</strong></span> <span class='ocrx_word' id='word_1_87' title='bbox 1362 1526 1770 1595; x_wconf 75' lang='lat' dir='ltr'><strong>pertinentium,</strong></span> <span class='ocrx_word' id='word_1_88' title='bbox 1795 1526 1863 1579; x_wconf 85' lang='lat' dir='ltr'><strong>ab</strong></span> <span class='ocrx_word' id='word_1_89' title='bbox 1882 1527 2137 1599; x_wconf 87' lang='lat' dir='ltr'><strong>episcopo</strong></span> 
     </span>
    </p>
   </div>
   <div class='ocr_carea' id='block_1_15' title="bbox 558 1610 2136 1688">
    <p class='ocr_par' dir='ltr' id='par_1_15' title="bbox 558 1610 2136 1688">
     <span class='ocr_line' id='line_1_15' title="bbox 558 1610 2136 1688; baseline 0.006 -25"><span class='ocrx_word' id='word_1_90' title='bbox 558 1610 614 1664; x_wconf 90' lang='lat' dir='ltr'><strong>in</strong></span> <span class='ocrx_word' id='word_1_91' title='bbox 637 1612 794 1680; x_wconf 87' lang='lat' dir='ltr'><strong>cujus</strong></span> <span class='ocrx_word' id='word_1_92' title='bbox 835 1614 1054 1669; x_wconf 76' lang='lat' dir='ltr'><strong>dimeesi</strong></span> <span class='ocrx_word' id='word_1_93' title='bbox 1086 1624 1215 1670; x_wconf 85' lang='lat' dir='ltr'><strong>sunt</strong></span> <span class='ocrx_word' id='word_1_94' title='bbox 1244 1616 1532 1685; x_wconf 74' lang='lat' dir='ltr'><strong>accipiant,</strong></span> <span class='ocrx_word' id='word_1_95' title='bbox 1567 1616 1639 1670; x_wconf 89' lang='lat' dir='ltr'><strong>ita</strong></span> <span class='ocrx_word' id='word_1_96' title='bbox 1675 1626 1879 1682; x_wconf 88' lang='lat' dir='ltr'><strong>tamen,</strong></span> <span class='ocrx_word' id='word_1_97' title='bbox 1928 1618 1974 1671; x_wconf 85' lang='lat' dir='ltr'><strong>si</strong></span> <span class='ocrx_word' id='word_1_98' title='bbox 2017 1619 2136 1688; x_wconf 85' lang='lat' dir='ltr'><strong>epi-</strong></span> 
     </span>
    </p>
   </div>
   <div class='ocr_carea' id='block_1_16' title="bbox 556 1706 2134 1772">
    <p class='ocr_par' dir='ltr' id='par_1_16' title="bbox 556 1706 2134 1772">
     <span class='ocr_line' id='line_1_16' title="bbox 556 1706 2134 1772; baseline 0.004 -17"><span class='ocrx_word' id='word_1_99' title='bbox 556 1716 757 1771; x_wconf 65' lang='lat' dir='ltr'><strong>Scopus</strong></span> <span class='ocrx_word' id='word_1_100' title='bbox 800 1707 1061 1759; x_wconf 90' lang='lat' dir='ltr'><strong>canonice</strong></span> <span class='ocrx_word' id='word_1_101' title='bbox 1101 1706 1385 1761; x_wconf 80' lang='lat' dir='ltr'><strong>ordinatus</strong></span> <span class='ocrx_word' id='word_1_102' title='bbox 1420 1706 1622 1772; x_wconf 82' lang='lat' dir='ltr'><strong>fuerit,</strong></span> <span class='ocrx_word' id='word_1_103' title='bbox 1654 1719 1709 1762; x_wconf 88' lang='lat' dir='ltr'><strong>ct</strong></span> <span class='ocrx_word' id='word_1_104' title='bbox 1738 1708 2134 1763; x_wconf 66' lang='lat' dir='ltr'><strong>ordinationem</strong></span> 
     </span>
    </p>
   </div>
   <div class='ocr_carea' id='block_1_17' title="bbox 554 1795 2133 1867">
    <p class='ocr_par' dir='ltr' id='par_1_17' title="bbox 554 1795 2133 1867">
     <span class='ocr_line' id='line_1_17' title="bbox 554 1795 2133 1867; baseline 0.006 -21"><span class='ocrx_word' id='word_1_105' title='bbox 554 1795 723 1862; x_wconf 71' lang='lat' dir='ltr'><strong>gratis</strong></span> <span class='ocrx_word' id='word_1_106' title='bbox 764 1795 968 1849; x_wconf 77' lang='lat' dir='ltr'><strong>fecerit.</strong></span> <span class='ocrx_word' id='word_1_107' title='bbox 1008 1795 1101 1850; x_wconf 84' lang='lat' dir='ltr'><strong>Sin</strong></span> <span class='ocrx_word' id='word_1_108' title='bbox 1152 1807 1331 1851; x_wconf 87' lang='lat' dir='ltr'><strong>autetn</strong></span> <span class='ocrx_word' id='word_1_109' title='bbox 1371 1798 1573 1867; x_wconf 85' lang='lat' dir='ltr'><strong>aliquid</strong></span> <span class='ocrx_word' id='word_1_110' title='bbox 1607 1800 1801 1853; x_wconf 88' lang='lat' dir='ltr'><strong>horum</strong></span> <span class='ocrx_word' id='word_1_111' title='bbox 1842 1801 2133 1866; x_wconf 76' lang='lat' dir='ltr'><strong>obstiterit,</strong></span> 
     </span>
    </p>
   </div>
   <div class='ocr_carea' id='block_1_18' title="bbox 555 1883 2133 1959">
    <p class='ocr_par' dir='ltr' id='par_1_18' title="bbox 555 1883 2133 1959">
     <span class='ocr_line' id='line_1_18' title="bbox 555 1883 2133 1959; baseline 0.007 -23"><span class='ocrx_word' id='word_1_112' title='bbox 555 1883 790 1938; x_wconf 64' lang='lat' dir='ltr'><strong>habeant</strong></span> <span class='ocrx_word' id='word_1_113' title='bbox 841 1886 1110 1940; x_wconf 79' lang='lat' dir='ltr'><strong>licentiam</strong></span> <span class='ocrx_word' id='word_1_114' title='bbox 1153 1889 1496 1943; x_wconf 83' lang='lat' dir='ltr'><strong>auctoritatis</strong></span> <span class='ocrx_word' id='word_1_115' title='bbox 1537 1889 1678 1943; x_wconf 82' lang='lat' dir='ltr'><strong>sedis</strong></span> <span class='ocrx_word' id='word_1_116' title='bbox 1716 1890 2026 1959; x_wconf 61' lang='lat' dir='ltr'><strong>apostolica:</strong></span> <span class='ocrx_word' id='word_1_117' title='bbox 2068 1892 2133 1947; x_wconf 88' lang='lat' dir='ltr'><strong>ad</strong></span> 
     </span>
    </p>
   </div>
   <div class='ocr_carea' id='block_1_19' title="bbox 2245 704 3846 778">
    <p class='ocr_par' dir='ltr' id='par_1_19' title="bbox 2245 704 3846 778">
     <span class='ocr_line' id='line_1_19' title="bbox 2245 704 3846 778; baseline 0.001 -16"><span class='ocrx_word' id='word_1_118' title='bbox 2245 709 2633 778; x_wconf 87' lang='lat' dir='ltr'><strong>temporalibus</strong></span> <span class='ocrx_word' id='word_1_119' title='bbox 2671 708 2833 761; x_wconf 85' lang='lat' dir='ltr'><strong>etiam</strong></span> <span class='ocrx_word' id='word_1_120' title='bbox 2865 707 3090 760; x_wconf 73' lang='lat' dir='ltr'><strong>omnino</strong></span> <span class='ocrx_word' id='word_1_121' title='bbox 3130 704 3443 762; x_wconf 81' lang='lat' dir='ltr'><strong>destitutum</strong></span> <span class='ocrx_word' id='word_1_122' title='bbox 3483 724 3608 763; x_wconf 88' lang='lat' dir='ltr'><strong>csse</strong></span> <span class='ocrx_word' id='word_1_123' title='bbox 3638 709 3846 765; x_wconf 86' lang='lat' dir='ltr'><strong>subsi-</strong></span> 
     </span>
    </p>
   </div>
   <div class='ocr_carea' id='block_1_20' title="bbox 2240 798 3839 869">
    <p class='ocr_par' dir='ltr' id='par_1_20' title="bbox 2240 798 3839 869">
     <span class='ocr_line' id='line_1_20' title="bbox 2240 798 3839 869; baseline 0.002 -17"><span class='ocrx_word' id='word_1_124' title='bbox 2240 798 2365 864; x_wconf 84' lang='lat' dir='ltr'><strong>diis,</strong></span> <span class='ocrx_word' id='word_1_125' title='bbox 2395 798 2817 869; x_wconf 74' lang='lat' dir='ltr'><strong>laerymabilitcr</strong></span> <span class='ocrx_word' id='word_1_126' title='bbox 2836 798 3119 866; x_wconf 80' lang='lat' dir='ltr'><strong>conque:in</strong></span> <span class='ocrx_word' id='word_1_127' title='bbox 3153 807 3303 852; x_wconf 85' lang='lat' dir='ltr'><strong>sunt.</strong></span> <span class='ocrx_word' id='word_1_128' title='bbox 3335 799 3547 864; x_wconf 84' lang='lat' dir='ltr'><strong>Quibus</strong></span> <span class='ocrx_word' id='word_1_129' title='bbox 3572 800 3839 855; x_wconf 81' lang='lat' dir='ltr'><strong>miseriis</strong></span> 
     </span>
    </p>
   </div>
   <div class='ocr_carea' id='block_1_21' title="bbox 2240 888 3836 959">
    <p class='ocr_par' dir='ltr' id='par_1_21' title="bbox 2240 888 3836 959">
     <span class='ocr_line' id='line_1_21' title="bbox 2240 888 3836 959; baseline 0.002 -17"><span class='ocrx_word' id='word_1_130' title='bbox 2240 890 2600 959; x_wconf 80' lang='lat' dir='ltr'><strong>propcllendis</strong></span> <span class='ocrx_word' id='word_1_131' title='bbox 2650 889 2752 958; x_wconf 89' lang='lat' dir='ltr'><strong>ipsi</strong></span> <span class='ocrx_word' id='word_1_132' title='bbox 2800 903 3019 958; x_wconf 84' lang='lat' dir='ltr'><strong>quoque</strong></span> <span class='ocrx_word' id='word_1_133' title='bbox 3075 888 3327 942; x_wconf 78' lang='lat' dir='ltr'><strong>monachi</strong></span> <span class='ocrx_word' id='word_1_134' title='bbox 3374 906 3497 959; x_wconf 69' lang='lat' dir='ltr'><strong>qua:</strong></span> <span class='ocrx_word' id='word_1_135' title='bbox 3540 892 3836 945; x_wconf 78' lang='lat' dir='ltr'><strong>medicina</strong></span> 
     </span>
    </p>
   </div>
   <div class='ocr_carea' id='block_1_22' title="bbox 2239 979 3834 1050">
    <p class='ocr_par' dir='ltr' id='par_1_22' title="bbox 2239 979 3834 1050">
     <span class='ocr_line' id='line_1_22' title="bbox 2239 979 3834 1050; baseline 0.002 -17"><span class='ocrx_word' id='word_1_136' title='bbox 2239 980 2413 1049; x_wconf 78' lang='lat' dir='ltr'><strong>possit</strong></span> <span class='ocrx_word' id='word_1_137' title='bbox 2445 979 2686 1034; x_wconf 80' lang='lat' dir='ltr'><strong>adhiberi</strong></span> <span class='ocrx_word' id='word_1_138' title='bbox 2714 988 3065 1049; x_wconf 75' lang='lat' dir='ltr'><strong>suggerentes</strong></span> <span class='ocrx_word' id='word_1_139' title='bbox 3099 979 3285 1033; x_wconf 86' lang='lat' dir='ltr'><strong>multis</strong></span> <span class='ocrx_word' id='word_1_140' title='bbox 3321 980 3834 1050; x_wconf 84' lang='lat' dir='ltr'><strong>supplicationibus</strong></span> 
     </span>
    </p>
   </div>
   <div class='ocr_carea' id='block_1_23' title="bbox 2239 1070 3835 1141">
    <p class='ocr_par' dir='ltr' id='par_1_23' title="bbox 2239 1070 3835 1141">
     <span class='ocr_line' id='line_1_23' title="bbox 2239 1070 3835 1141; baseline 0.003 -18"><span class='ocrx_word' id='word_1_141' title='bbox 2239 1071 2397 1126; x_wconf 88' lang='lat' dir='ltr'><strong>nobis</strong></span> <span class='ocrx_word' id='word_1_142' title='bbox 2425 1071 2755 1136; x_wconf 89' lang='lat' dir='ltr'><strong>institerunt,</strong></span> <span class='ocrx_word' id='word_1_143' title='bbox 2797 1079 2855 1124; x_wconf 93' lang='lat' dir='ltr'><strong>ut</strong></span> <span class='ocrx_word' id='word_1_144' title='bbox 2887 1079 2993 1125; x_wconf 80' lang='lat' dir='ltr'><strong>tua:</strong></span> <span class='ocrx_word' id='word_1_145' title='bbox 3032 1070 3323 1141; x_wconf 73' lang='lat' dir='ltr'><strong>vigilantia:</strong></span> <span class='ocrx_word' id='word_1_146' title='bbox 3364 1070 3647 1141; x_wconf 67' lang='lat' dir='ltr'><strong>praefatum</strong></span> <span class='ocrx_word' id='word_1_147' title='bbox 3688 1088 3835 1128; x_wconf 84' lang='lat' dir='ltr'><strong>mo—</strong></span> 
     </span>
    </p>
   </div>
   <div class='ocr_carea' id='block_1_24' title="bbox 2239 1162 3835 1235">
    <p class='ocr_par' dir='ltr' id='par_1_24' title="bbox 2239 1162 3835 1235">
     <span class='ocr_line' id='line_1_24' title="bbox 2239 1162 3835 1235; baseline 0.002 -19"><span class='ocrx_word' id='word_1_148' title='bbox 2239 1162 2537 1217; x_wconf 87' lang='lat' dir='ltr'><strong>nasterimn</strong></span> <span class='ocrx_word' id='word_1_149' title='bbox 2578 1162 2871 1216; x_wconf 80' lang='lat' dir='ltr'><strong>debeamus</strong></span> <span class='ocrx_word' id='word_1_150' title='bbox 2913 1171 3315 1228; x_wconf 81' lang='lat' dir='ltr'><strong>commendare,</strong></span> <span class='ocrx_word' id='word_1_151' title='bbox 3342 1177 3453 1233; x_wconf 87' lang='lat' dir='ltr'><strong>quo</strong></span> <span class='ocrx_word' id='word_1_152' title='bbox 3494 1178 3591 1233; x_wconf 87' lang='lat' dir='ltr'><strong>per</strong></span> <span class='ocrx_word' id='word_1_153' title='bbox 3623 1164 3835 1235; x_wconf 71' lang='lat' dir='ltr'><strong>provi—</strong></span> 
     </span>
    </p>
   </div>
   <div class='ocr_carea' id='block_1_25' title="bbox 2236 1251 3826 1325">
    <p class='ocr_par' dir='ltr' id='par_1_25' title="bbox 2236 1251 3826 1325">
     <span class='ocr_line' id='line_1_25' title="bbox 2236 1251 3826 1325; baseline 0.003 -21"><span class='ocrx_word' id='word_1_154' title='bbox 2236 1251 2431 1307; x_wconf 68' lang='lat' dir='ltr'><strong>dentiae</strong></span> <span class='ocrx_word' id='word_1_155' title='bbox 2448 1262 2554 1307; x_wconf 69' lang='lat' dir='ltr'><strong>tuac</strong></span> <span class='ocrx_word' id='word_1_156' title='bbox 2566 1251 2802 1306; x_wconf 89' lang='lat' dir='ltr'><strong>studium</strong></span> <span class='ocrx_word' id='word_1_157' title='bbox 2826 1267 2947 1321; x_wconf 65' lang='lat' dir='ltr'><strong>quae</strong></span> <span class='ocrx_word' id='word_1_158' title='bbox 2970 1252 3199 1307; x_wconf 87' lang='lat' dir='ltr'><strong>aliorum</strong></span> <span class='ocrx_word' id='word_1_159' title='bbox 3225 1254 3581 1309; x_wconf 88' lang='lat' dir='ltr'><strong>sonmolentia</strong></span> <span class='ocrx_word' id='word_1_160' title='bbox 3606 1254 3826 1325; x_wconf 78' lang='lat' dir='ltr'><strong>deper-</strong></span> 
     </span>
    </p>
   </div>
   <div class='ocr_carea' id='block_1_26' title="bbox 2237 1342 3828 1419">
    <p class='ocr_par' dir='ltr' id='par_1_26' title="bbox 2237 1342 3828 1419">
     <span class='ocr_line' id='line_1_26' title="bbox 2237 1342 3828 1419; baseline 0.003 -22"><span class='ocrx_word' id='word_1_161' title='bbox 2237 1342 2299 1397; x_wconf 91' lang='lat' dir='ltr'><strong>iit</strong></span> <span class='ocrx_word' id='word_1_162' title='bbox 2341 1343 2526 1414; x_wconf 82' lang='lat' dir='ltr'><strong>rcligio</strong></span> <span class='ocrx_word' id='word_1_163' title='bbox 2563 1342 2868 1409; x_wconf 72' lang='lat' dir='ltr'><strong>reviviscat,</strong></span> <span class='ocrx_word' id='word_1_164' title='bbox 2909 1352 2962 1397; x_wconf 90' lang='lat' dir='ltr'><strong>et</strong></span> <span class='ocrx_word' id='word_1_165' title='bbox 2995 1343 3369 1413; x_wconf 83' lang='lat' dir='ltr'><strong>corporalibus</strong></span> <span class='ocrx_word' id='word_1_166' title='bbox 3393 1344 3550 1419; x_wconf 73' lang='lat' dir='ltr'><strong>item;</strong></span> <span class='ocrx_word' id='word_1_167' title='bbox 3570 1343 3828 1401; x_wconf 84' lang='lat' dir='ltr'><strong>Domino</strong></span> 
     </span>
    </p>
   </div>
   <div class='ocr_carea' id='block_1_27' title="bbox 2237 1428 3824 1505">
    <p class='ocr_par' dir='ltr' id='par_1_27' title="bbox 2237 1428 3824 1505">
     <span class='ocr_line' id='line_1_27' title="bbox 2237 1428 3824 1505; baseline 0.004 -19"><span class='ocrx_word' id='word_1_168' title='bbox 2237 1434 2551 1499; x_wconf 76' lang='lat' dir='ltr'><strong>auxiliante,</strong></span> <span class='ocrx_word' id='word_1_169' title='bbox 2574 1428 2845 1504; x_wconf 79' lang='lat' dir='ltr'><strong>suti&#39;ragiis</strong></span> <span class='ocrx_word' id='word_1_170' title='bbox 2867 1442 3153 1489; x_wconf 84' lang='lat' dir='ltr'><strong>renovetur</strong></span> <span class='ocrx_word' id='word_1_171' title='bbox 3170 1442 3225 1488; x_wconf 89' lang='lat' dir='ltr'><strong>et</strong></span> <span class='ocrx_word' id='word_1_172' title='bbox 3245 1442 3474 1489; x_wconf 88' lang='lat' dir='ltr'><strong>crescat.</strong></span> <span class='ocrx_word' id='word_1_173' title='bbox 3497 1432 3687 1505; x_wconf 80' lang='lat' dir='ltr'><strong>Igitur,</strong></span> <span class='ocrx_word' id='word_1_174' title='bbox 3710 1436 3824 1492; x_wconf 87' lang='lat' dir='ltr'><strong>tibi</strong></span> 
     </span>
    </p>
   </div>
   <div class='ocr_carea' id='block_1_28' title="bbox 2236 1522 3822 1595">
    <p class='ocr_par' dir='ltr' id='par_1_28' title="bbox 2236 1522 3822 1595">
     <span class='ocr_line' id='line_1_28' title="bbox 2236 1522 3822 1595; baseline 0.003 -18"><span class='ocrx_word' id='word_1_175' title='bbox 2236 1522 2453 1595; x_wconf 59' lang='grc' dir='ltr'><strong>Πυθοπί</strong></span> <span class='ocrx_word' id='word_1_176' title='bbox 2491 1524 2818 1580; x_wconf 86' lang='lat' dir='ltr'><strong>charissimo</strong></span> <span class='ocrx_word' id='word_1_177' title='bbox 2862 1532 3063 1579; x_wconf 70' lang='lat' dir='ltr'><strong>sancta:</strong></span> <span class='ocrx_word' id='word_1_178' title='bbox 3104 1522 3361 1591; x_wconf 77' lang='lat' dir='ltr'><strong>Romana:</strong></span> <span class='ocrx_word' id='word_1_179' title='bbox 3384 1522 3640 1581; x_wconf 80' lang='lat' dir='ltr'><strong>Ecclesia:</strong></span> <span class='ocrx_word' id='word_1_180' title='bbox 3668 1526 3822 1594; x_wconf 77' lang='lat' dir='ltr'><strong>(ilio,</strong></span> 
     </span>
    </p>
   </div>
   <div class='ocr_carea' id='block_1_29' title="bbox 2235 1616 3818 1673">
    <p class='ocr_par' dir='ltr' id='par_1_29' title="bbox 2235 1616 3818 1673">
     <span class='ocr_line' id='line_1_29' title="bbox 2235 1616 3818 1673; baseline 0.003 -4"><span class='ocrx_word' id='word_1_181' title='bbox 2235 1616 2687 1671; x_wconf 86' lang='lat' dir='ltr'><strong>revercndissimo</strong></span> <span class='ocrx_word' id='word_1_182' title='bbox 2731 1616 2979 1671; x_wconf 81' lang='lat' dir='ltr'><strong>videlicet</strong></span> <span class='ocrx_word' id='word_1_183' title='bbox 3019 1616 3395 1672; x_wconf 66' lang='lat' dir='ltr'><strong>Cluniacensis</strong></span> <span class='ocrx_word' id='word_1_184' title='bbox 3435 1616 3670 1673; x_wconf 71' lang='lat' dir='ltr'><strong>cmuobii</strong></span> <span class='ocrx_word' id='word_1_185' title='bbox 3705 1619 3818 1673; x_wconf 84' lang='lat' dir='ltr'><strong>ab-</strong></span> 
     </span>
    </p>
   </div>
   <div class='ocr_carea' id='block_1_30' title="bbox 2236 1707 3818 1779">
    <p class='ocr_par' dir='ltr' id='par_1_30' title="bbox 2236 1707 3818 1779">
     <span class='ocr_line' id='line_1_30' title="bbox 2236 1707 3818 1779; baseline 0.001 -16"><span class='ocrx_word' id='word_1_186' title='bbox 2236 1708 2366 1774; x_wconf 87' lang='lat' dir='ltr'><strong>bati,</strong></span> <span class='ocrx_word' id='word_1_187' title='bbox 2399 1709 2713 1779; x_wconf 77' lang='lat' dir='ltr'><strong>pra-dictum</strong></span> <span class='ocrx_word' id='word_1_188' title='bbox 2734 1707 3025 1779; x_wconf 78' lang='lat' dir='ltr'><strong>Cigniensc</strong></span> <span class='ocrx_word' id='word_1_189' title='bbox 3046 1708 3433 1765; x_wconf 90' lang='lat' dir='ltr'><strong>monasterium</strong></span> <span class='ocrx_word' id='word_1_190' title='bbox 3454 1710 3818 1766; x_wconf 75' lang='lat' dir='ltr'><strong>committen-</strong></span> 
     </span>
    </p>
   </div>
   <div class='ocr_carea' id='block_1_31' title="bbox 2235 1799 3823 1871">
    <p class='ocr_par' dir='ltr' id='par_1_31' title="bbox 2235 1799 3823 1871">
     <span class='ocr_line' id='line_1_31' title="bbox 2235 1799 3823 1871; baseline 0.002 -19"><span class='ocrx_word' id='word_1_191' title='bbox 2235 1806 2335 1864; x_wconf 87' lang='lat' dir='ltr'><strong>tes,</strong></span> <span class='ocrx_word' id='word_1_192' title='bbox 2379 1799 2541 1869; x_wconf 85' lang='lat' dir='ltr'><strong>hnjns</strong></span> <span class='ocrx_word' id='word_1_193' title='bbox 2579 1808 2781 1855; x_wconf 68' lang='lat' dir='ltr'><strong>nostrae</strong></span> <span class='ocrx_word' id='word_1_194' title='bbox 2824 1799 3201 1869; x_wconf 72' lang='lat' dir='ltr'><strong>prmceptionis</strong></span> <span class='ocrx_word' id='word_1_195' title='bbox 3221 1799 3544 1855; x_wconf 88' lang='lat' dir='ltr'><strong>auctoritate</strong></span> <span class='ocrx_word' id='word_1_196' title='bbox 3563 1800 3823 1871; x_wconf 72' lang='lat' dir='ltr'><strong>pmipi—</strong></span> 
     </span>
    </p>
   </div>
   <div class='ocr_carea' id='block_1_32' title="bbox 2236 1888 3823 1961">
    <p class='ocr_par' dir='ltr' id='par_1_32' title="bbox 2236 1888 3823 1961">
     <span class='ocr_line' id='line_1_32' title="bbox 2236 1888 3823 1961; baseline 0.003 -18"><span class='ocrx_word' id='word_1_197' title='bbox 2236 1905 2378 1953; x_wconf 86' lang='lat' dir='ltr'><strong>tuus,</strong></span> <span class='ocrx_word' id='word_1_198' title='bbox 2412 1890 2706 1945; x_wconf 84' lang='lat' dir='ltr'><strong>annuimus</strong></span> <span class='ocrx_word' id='word_1_199' title='bbox 2739 1899 2902 1959; x_wconf 83' lang='lat' dir='ltr'><strong>atque</strong></span> <span class='ocrx_word' id='word_1_200' title='bbox 2945 1890 3294 1945; x_wconf 81' lang='lat' dir='ltr'><strong>concedimus</strong></span> <span class='ocrx_word' id='word_1_201' title='bbox 3319 1898 3377 1944; x_wconf 90' lang='lat' dir='ltr'><strong>ut</strong></span> <span class='ocrx_word' id='word_1_202' title='bbox 3401 1888 3490 1945; x_wconf 63' lang='lat' dir='ltr'><strong>&#39;ab</strong></span> <span class='ocrx_word' id='word_1_203' title='bbox 3531 1891 3634 1946; x_wconf 88' lang='lat' dir='ltr'><strong>hac</strong></span> <span class='ocrx_word' id='word_1_204' title='bbox 3671 1909 3823 1961; x_wconf 75' lang='lat' dir='ltr'><strong>pra:-</strong></span> 
     </span>
    </p>
   </div>
   <div class='ocr_carea' id='block_1_33' title="bbox 551 1974 3816 2051">
    <p class='ocr_par' dir='ltr' id='par_1_33' title="bbox 551 1974 3816 2051">
     <span class='ocr_line' id='line_1_33' title="bbox 551 1974 3816 2051; baseline 0.003 -24"><span class='ocrx_word' id='word_1_205' title='bbox 551 1976 987 2046; x_wconf 86' lang='lat' dir='ltr'><strong>qnalemcunqne</strong></span> <span class='ocrx_word' id='word_1_206' title='bbox 1033 1980 1358 2033; x_wconf 86' lang='lat' dir='ltr'><strong>catholicum</strong></span> <span class='ocrx_word' id='word_1_207' title='bbox 1406 1980 1723 2048; x_wconf 78' lang='lat' dir='ltr'><strong>episcopum</strong></span> <span class='ocrx_word' id='word_1_208' title='bbox 1767 1982 1862 2050; x_wconf 76' lang='lat' dir='ltr'><strong>qni</strong></span> <span class='ocrx_word' id='word_1_209' title='bbox 1909 1982 1987 2036; x_wconf 86' lang='lat' dir='ltr'><strong>eis</strong></span> <span class='ocrx_word' id='word_1_210' title='bbox 2024 1984 2137 2051; x_wconf 82' lang='lat' dir='ltr'><strong>pla-</strong></span> <span class='ocrx_word' id='word_1_211' title='bbox 2170 1974 2212 2028; x_wconf 81' lang='grc' dir='ltr'><strong>Β</strong></span> <span class='ocrx_word' id='word_1_212' title='bbox 2239 1980 2373 2034; x_wconf 85' lang='lat' dir='ltr'><strong>senti</strong></span> <span class='ocrx_word' id='word_1_213' title='bbox 2398 1981 2504 2047; x_wconf 83' lang='lat' dir='ltr'><strong>die,</strong></span> <span class='ocrx_word' id='word_1_214' title='bbox 2539 1981 2779 2051; x_wconf 69' lang='lat' dir='ltr'><strong>qttantiia</strong></span> <span class='ocrx_word' id='word_1_215' title='bbox 2804 1979 3023 2046; x_wconf 80' lang='lat' dir='ltr'><strong>vixeris,</strong></span> <span class='ocrx_word' id='word_1_216' title='bbox 3057 1980 3209 2046; x_wconf 85' lang='lat' dir='ltr'><strong>illud,</strong></span> <span class='ocrx_word' id='word_1_217' title='bbox 3238 1989 3401 2050; x_wconf 82' lang='lat' dir='ltr'><strong>prout</strong></span> <span class='ocrx_word' id='word_1_218' title='bbox 3430 1981 3662 2036; x_wconf 90' lang='lat' dir='ltr'><strong>Domino</strong></span> <span class='ocrx_word' id='word_1_219' title='bbox 3698 1984 3816 2037; x_wconf 86' lang='lat' dir='ltr'><strong>mi-</strong></span> 
     </span>
    </p>
   </div>
   <div class='ocr_carea' id='block_1_34' title="bbox 551 2067 2134 2136">
    <p class='ocr_par' dir='ltr' id='par_1_34' title="bbox 551 2067 2134 2136">
     <span class='ocr_line' id='line_1_34' title="bbox 551 2067 2134 2136; baseline 0.007 -19"><span class='ocrx_word' id='word_1_220' title='bbox 551 2067 746 2131; x_wconf 88' lang='lat' dir='ltr'><strong>cucrit,</strong></span> <span class='ocrx_word' id='word_1_221' title='bbox 778 2083 943 2121; x_wconf 88' lang='lat' dir='ltr'><strong>causa</strong></span> <span class='ocrx_word' id='word_1_222' title='bbox 973 2070 1403 2123; x_wconf 85' lang='lat' dir='ltr'><strong>consecrationis</strong></span> <span class='ocrx_word' id='word_1_223' title='bbox 1424 2080 1477 2123; x_wconf 91' lang='lat' dir='ltr'><strong>et</strong></span> <span class='ocrx_word' id='word_1_224' title='bbox 1506 2070 1887 2136; x_wconf 77' lang='lat' dir='ltr'><strong>ordinationis,</strong></span> <span class='ocrx_word' id='word_1_225' title='bbox 1917 2081 2024 2127; x_wconf 89' lang='lat' dir='ltr'><strong>tam</strong></span> <span class='ocrx_word' id='word_1_226' title='bbox 2051 2074 2134 2128; x_wconf 89' lang='lat' dir='ltr'><strong>lo-</strong></span> 
     </span>
    </p>
   </div>
   <div class='ocr_carea' id='block_1_35' title="bbox 550 2161 2136 2236">
    <p class='ocr_par' dir='ltr' id='par_1_35' title="bbox 550 2161 2136 2236">
     <span class='ocr_line' id='line_1_35' title="bbox 550 2161 2136 2236; baseline 0.006 -26"><span class='ocrx_word' id='word_1_227' title='bbox 550 2170 740 2210; x_wconf 85' lang='lat' dir='ltr'><strong>corum</strong></span> <span class='ocrx_word' id='word_1_228' title='bbox 768 2173 929 2227; x_wconf 88' lang='lat' dir='ltr'><strong>quam</strong></span> <span class='ocrx_word' id='word_1_229' title='bbox 967 2175 1353 2228; x_wconf 87' lang='lat' dir='ltr'><strong>personarum,</strong></span> <span class='ocrx_word' id='word_1_230' title='bbox 1382 2161 1603 2216; x_wconf 81' lang='lat' dir='ltr'><strong>licenter</strong></span> <span class='ocrx_word' id='word_1_231' title='bbox 1625 2177 1863 2231; x_wconf 75' lang='lat' dir='ltr'><strong>pergere.</strong></span> <span class='ocrx_word' id='word_1_232' title='bbox 1890 2161 2013 2219; x_wconf 70' lang='lat' dir='ltr'><strong>Ilzcc</strong></span> <span class='ocrx_word' id='word_1_233' title='bbox 2035 2166 2136 2236; x_wconf 79' lang='lat' dir='ltr'><strong>igi-</strong></span> 
     </span>
    </p>
   </div>
   <div class='ocr_carea' id='block_1_36' title="bbox 552 2249 2131 2325">
    <p class='ocr_par' dir='ltr' id='par_1_36' title="bbox 552 2249 2131 2325">
     <span class='ocr_line' id='line_1_36' title="bbox 552 2249 2131 2325; baseline 0.006 -27"><span class='ocrx_word' id='word_1_234' title='bbox 552 2254 643 2299; x_wconf 87' lang='lat' dir='ltr'><strong>tur</strong></span> <span class='ocrx_word' id='word_1_235' title='bbox 666 2249 847 2301; x_wconf 87' lang='lat' dir='ltr'><strong>omnia</strong></span> <span class='ocrx_word' id='word_1_236' title='bbox 881 2264 1002 2317; x_wconf 73' lang='lat' dir='ltr'><strong>quae</strong></span> <span class='ocrx_word' id='word_1_237' title='bbox 1034 2250 1195 2319; x_wconf 84' lang='lat' dir='ltr'><strong>hujus</strong></span> <span class='ocrx_word' id='word_1_238' title='bbox 1220 2252 1469 2320; x_wconf 73' lang='lat' dir='ltr'><strong>przecepti</strong></span> <span class='ocrx_word' id='word_1_239' title='bbox 1500 2251 1811 2322; x_wconf 87' lang='lat' dir='ltr'><strong>decretique</strong></span> <span class='ocrx_word' id='word_1_240' title='bbox 1836 2256 2007 2307; x_wconf 89' lang='lat' dir='ltr'><strong>nostri</strong></span> <span class='ocrx_word' id='word_1_241' title='bbox 2033 2271 2131 2325; x_wconf 89' lang='lat' dir='ltr'><strong>pa-</strong></span> 
     </span>
    </p>
   </div>
   <div class='ocr_carea' id='block_1_37' title="bbox 553 2336 2132 2413">
    <p class='ocr_par' dir='ltr' id='par_1_37' title="bbox 553 2336 2132 2413">
     <span class='ocr_line' id='line_1_37' title="bbox 553 2336 2132 2413; baseline 0.007 -26"><span class='ocrx_word' id='word_1_242' title='bbox 553 2336 679 2407; x_wconf 76' lang='lat' dir='ltr'><strong>gina</strong></span> <span class='ocrx_word' id='word_1_243' title='bbox 702 2339 976 2402; x_wconf 84' lang='lat' dir='ltr'><strong>continet,</strong></span> <span class='ocrx_word' id='word_1_244' title='bbox 1014 2348 1122 2392; x_wconf 91' lang='lat' dir='ltr'><strong>tam</strong></span> <span class='ocrx_word' id='word_1_245' title='bbox 1152 2341 1246 2393; x_wconf 91' lang='lat' dir='ltr'><strong>tibi</strong></span> <span class='ocrx_word' id='word_1_246' title='bbox 1284 2356 1449 2410; x_wconf 91' lang='lat' dir='ltr'><strong>quam</strong></span> <span class='ocrx_word' id='word_1_247' title='bbox 1484 2342 1697 2395; x_wconf 89' lang='lat' dir='ltr'><strong>cunctis</strong></span> <span class='ocrx_word' id='word_1_248' title='bbox 1725 2342 1817 2412; x_wconf 87' lang='lat' dir='ltr'><strong>qui</strong></span> <span class='ocrx_word' id='word_1_249' title='bbox 1850 2343 1906 2403; x_wconf 84' lang='lat' dir='ltr'><strong>in</strong></span> <span class='ocrx_word' id='word_1_250' title='bbox 1930 2358 1996 2397; x_wconf 89' lang='lat' dir='ltr'><strong>eo</strong></span> <span class='ocrx_word' id='word_1_251' title='bbox 2020 2358 2132 2413; x_wconf 85' lang='lat' dir='ltr'><strong>quo</strong></span> 
     </span>
    </p>
   </div>
   <div class='ocr_carea' id='block_1_38' title="bbox 550 2427 2131 2503">
    <p class='ocr_par' dir='ltr' id='par_1_38' title="bbox 550 2427 2131 2503">
     <span class='ocr_line' id='line_1_38' title="bbox 550 2427 2131 2503; baseline 0.005 -24"><span class='ocrx_word' id='word_1_252' title='bbox 550 2441 611 2480; x_wconf 89' lang='lat' dir='ltr'><strong>es</strong></span> <span class='ocrx_word' id='word_1_253' title='bbox 652 2427 841 2480; x_wconf 88' lang='lat' dir='ltr'><strong>ordine</strong></span> <span class='ocrx_word' id='word_1_254' title='bbox 886 2428 1113 2498; x_wconf 87' lang='lat' dir='ltr'><strong>locoque</strong></span> <span class='ocrx_word' id='word_1_255' title='bbox 1152 2432 1513 2485; x_wconf 85' lang='lat' dir='ltr'><strong>successerint</strong></span> <span class='ocrx_word' id='word_1_256' title='bbox 1553 2432 1632 2485; x_wconf 91' lang='lat' dir='ltr'><strong>vel</strong></span> <span class='ocrx_word' id='word_1_257' title='bbox 1666 2432 1732 2486; x_wconf 88' lang='lat' dir='ltr'><strong>iis</strong></span> <span class='ocrx_word' id='word_1_258' title='bbox 1776 2448 2010 2503; x_wconf 84' lang='lat' dir='ltr'><strong>quorum</strong></span> <span class='ocrx_word' id='word_1_259' title='bbox 2046 2434 2131 2489; x_wconf 76' lang='lat' dir='ltr'><strong>in-</strong></span> 
     </span>
    </p>
   </div>
   <div class='ocr_carea' id='block_1_39' title="bbox 551 2520 2125 2591">
    <p class='ocr_par' dir='ltr' id='par_1_39' title="bbox 551 2520 2125 2591">
     <span class='ocr_line' id='line_1_39' title="bbox 551 2520 2125 2591; baseline 0.007 -21"><span class='ocrx_word' id='word_1_260' title='bbox 551 2523 753 2573; x_wconf 82' lang='lat' dir='ltr'><strong>teresse</strong></span> <span class='ocrx_word' id='word_1_261' title='bbox 774 2520 1027 2587; x_wconf 79' lang='lat' dir='ltr'><strong>potuerit,</strong></span> <span class='ocrx_word' id='word_1_262' title='bbox 1051 2521 1102 2574; x_wconf 92' lang='lat' dir='ltr'><strong>in</strong></span> <span class='ocrx_word' id='word_1_263' title='bbox 1135 2532 1451 2591; x_wconf 85' lang='lat' dir='ltr'><strong>perpetuum</strong></span> <span class='ocrx_word' id='word_1_264' title='bbox 1477 2522 1740 2577; x_wconf 89' lang='lat' dir='ltr'><strong>servanda</strong></span> <span class='ocrx_word' id='word_1_265' title='bbox 1761 2524 2125 2581; x_wconf 87' lang='lat' dir='ltr'><strong>decernimus.</strong></span> 
     </span>
    </p>
   </div>
   <div class='ocr_carea' id='block_1_40' title="bbox 553 2605 2127 2683">
    <p class='ocr_par' dir='ltr' id='par_1_40' title="bbox 553 2605 2127 2683">
     <span class='ocr_line' id='line_1_40' title="bbox 553 2605 2127 2683; baseline 0.007 -24"><span class='ocrx_word' id='word_1_266' title='bbox 553 2605 763 2677; x_wconf 83' lang='lat' dir='ltr'><strong>Si‘quis</strong></span> <span class='ocrx_word' id='word_1_267' title='bbox 796 2624 925 2662; x_wconf 86' lang='lat' dir='ltr'><strong>vero</strong></span> <span class='ocrx_word' id='word_1_268' title='bbox 951 2626 1166 2679; x_wconf 81' lang='lat' dir='ltr'><strong>regum,</strong></span> <span class='ocrx_word' id='word_1_269' title='bbox 1200 2613 1574 2675; x_wconf 88' lang='lat' dir='ltr'><strong>sacerdotum,</strong></span> <span class='ocrx_word' id='word_1_270' title='bbox 1599 2614 1921 2669; x_wconf 87' lang='lat' dir='ltr'><strong>clericorum</strong></span> <span class='ocrx_word' id='word_1_271' title='bbox 1942 2657 1956 2679; x_wconf 92' lang='lat'><strong>,</strong></span> <span class='ocrx_word' id='word_1_272' title='bbox 1976 2616 2127 2683; x_wconf 90' lang='lat' dir='ltr'><strong>judi-</strong></span> 
     </span>
    </p>
   </div>
   <div class='ocr_carea' id='block_1_41' title="bbox 549 2701 2128 2771">
    <p class='ocr_par' dir='ltr' id='par_1_41' title="bbox 549 2701 2128 2771">
     <span class='ocr_line' id='line_1_41' title="bbox 549 2701 2128 2771; baseline 0.006 -18"><span class='ocrx_word' id='word_1_273' title='bbox 549 2713 675 2753; x_wconf 80' lang='lat' dir='ltr'><strong>cnm</strong></span> <span class='ocrx_word' id='word_1_274' title='bbox 705 2716 769 2752; x_wconf 89' lang='lat' dir='ltr'><strong>ac</strong></span> <span class='ocrx_word' id='word_1_275' title='bbox 800 2701 1138 2755; x_wconf 70' lang='lat' dir='ltr'><strong>smcnlarium</strong></span> <span class='ocrx_word' id='word_1_276' title='bbox 1168 2717 1523 2771; x_wconf 72' lang='lat' dir='ltr'><strong>personarum</strong></span> <span class='ocrx_word' id='word_1_277' title='bbox 1552 2703 1691 2757; x_wconf 88' lang='lat' dir='ltr'><strong>hanc</strong></span> <span class='ocrx_word' id='word_1_278' title='bbox 1722 2705 2128 2762; x_wconf 89' lang='lat' dir='ltr'><strong>constitutionis</strong></span> 
     </span>
    </p>
   </div>
   <div class='ocr_carea' id='block_1_42' title="bbox 548 2776 2124 2863">
    <p class='ocr_par' dir='ltr' id='par_1_42' title="bbox 548 2776 2124 2863">
     <span class='ocr_line' id='line_1_42' title="bbox 548 2776 2124 2863; baseline 0.008 -22"><span class='ocrx_word' id='word_1_279' title='bbox 548 2799 749 2843; x_wconf 77' lang='lat' dir='ltr'><strong>ttostrze</strong></span> <span class='ocrx_word' id='word_1_280' title='bbox 784 2776 1033 2859; x_wconf 65' lang='lat' dir='ltr'><strong>paginam</strong></span> <span class='ocrx_word' id='word_1_281' title='bbox 1072 2809 1401 2863; x_wconf 75' lang='lat' dir='ltr'><strong>agnoscens,</strong></span> <span class='ocrx_word' id='word_1_282' title='bbox 1432 2803 1621 2850; x_wconf 88' lang='lat' dir='ltr'><strong>contra</strong></span> <span class='ocrx_word' id='word_1_283' title='bbox 1642 2807 1762 2849; x_wconf 85' lang='lat' dir='ltr'><strong>c‘am</strong></span> <span class='ocrx_word' id='word_1_284' title='bbox 1796 2798 1978 2851; x_wconf 86' lang='lat' dir='ltr'><strong>venire</strong></span> <span class='ocrx_word' id='word_1_285' title='bbox 2005 2807 2124 2853; x_wconf 86' lang='lat' dir='ltr'><strong>ten-</strong></span> 
     </span>
    </p>
   </div>
   <div class='ocr_carea' id='block_1_43' title="bbox 549 2882 2122 2955">
    <p class='ocr_par' dir='ltr' id='par_1_43' title="bbox 549 2882 2122 2955">
     <span class='ocr_line' id='line_1_43' title="bbox 549 2882 2122 2955; baseline 0.008 -24"><span class='ocrx_word' id='word_1_286' title='bbox 549 2882 759 2944; x_wconf 89' lang='lat' dir='ltr'><strong>taverit,</strong></span> <span class='ocrx_word' id='word_1_287' title='bbox 798 2884 1080 2949; x_wconf 69' lang='lat' dir='ltr'><strong>potestatis</strong></span> <span class='ocrx_word' id='word_1_288' title='bbox 1109 2885 1441 2954; x_wconf 87' lang='lat' dir='ltr'><strong>honorisque</strong></span> <span class='ocrx_word' id='word_1_289' title='bbox 1491 2885 1574 2939; x_wconf 90' lang='lat' dir='ltr'><strong>sui</strong></span> <span class='ocrx_word' id='word_1_290' title='bbox 1626 2886 1887 2954; x_wconf 75' lang='lat' dir='ltr'><strong>dignitate</strong></span> <span class='ocrx_word' id='word_1_291' title='bbox 1922 2899 2122 2955; x_wconf 88' lang='lat' dir='ltr'><strong>careat,</strong></span> 
     </span>
    </p>
   </div>
   <div class='ocr_carea' id='block_1_44' title="bbox 548 2974 2124 3049">
    <p class='ocr_par' dir='ltr' id='par_1_44' title="bbox 548 2974 2124 3049">
     <span class='ocr_line' id='line_1_44' title="bbox 548 2974 2124 3049; baseline 0.006 -25"><span class='ocrx_word' id='word_1_292' title='bbox 548 2986 782 3041; x_wconf 80' lang='lat' dir='ltr'><strong>reusque</strong></span> <span class='ocrx_word' id='word_1_293' title='bbox 807 2990 865 3026; x_wconf 89' lang='lat' dir='ltr'><strong>se</strong></span> <span class='ocrx_word' id='word_1_294' title='bbox 895 2974 1080 3027; x_wconf 80' lang='lat' dir='ltr'><strong>divino</strong></span> <span class='ocrx_word' id='word_1_295' title='bbox 1096 2975 1302 3044; x_wconf 88' lang='lat' dir='ltr'><strong>judicio</strong></span> <span class='ocrx_word' id='word_1_296' title='bbox 1324 2975 1555 3030; x_wconf 77' lang='lat' dir='ltr'><strong>existere</strong></span> <span class='ocrx_word' id='word_1_297' title='bbox 1586 2976 1652 3030; x_wconf 90' lang='lat' dir='ltr'><strong>de</strong></span> <span class='ocrx_word' id='word_1_298' title='bbox 1683 2986 1987 3049; x_wconf 84' lang='lat' dir='ltr'><strong>perp;trata</strong></span> <span class='ocrx_word' id='word_1_299' title='bbox 2017 2978 2124 3033; x_wconf 86' lang='lat' dir='ltr'><strong>ini-</strong></span> 
     </span>
    </p>
   </div>
   <div class='ocr_carea' id='block_1_45' title="bbox 546 3065 2124 3137">
    <p class='ocr_par' dir='ltr' id='par_1_45' title="bbox 546 3065 2124 3137">
     <span class='ocr_line' id='line_1_45' title="bbox 546 3065 2124 3137; baseline 0.008 -23"><span class='ocrx_word' id='word_1_300' title='bbox 546 3065 750 3132; x_wconf 76' lang='lat' dir='ltr'><strong>quitate</strong></span> <span class='ocrx_word' id='word_1_301' title='bbox 790 3076 1111 3135; x_wconf 72' lang='lat' dir='ltr'><strong>cognoscat;</strong></span> <span class='ocrx_word' id='word_1_302' title='bbox 1148 3077 1201 3121; x_wconf 89' lang='lat' dir='ltr'><strong>et</strong></span> <span class='ocrx_word' id='word_1_303' title='bbox 1237 3068 1341 3121; x_wconf 82' lang='lat' dir='ltr'><strong>nisi</strong></span> <span class='ocrx_word' id='word_1_304' title='bbox 1367 3083 1430 3122; x_wconf 88' lang='lat' dir='ltr'><strong>ea</strong></span> <span class='ocrx_word' id='word_1_305' title='bbox 1458 3084 1580 3137; x_wconf 75' lang='lat' dir='ltr'><strong>qua:</strong></span> <span class='ocrx_word' id='word_1_306' title='bbox 1606 3070 1675 3122; x_wconf 90' lang='lat' dir='ltr'><strong>ab</strong></span> <span class='ocrx_word' id='word_1_307' title='bbox 1706 3069 1798 3122; x_wconf 78' lang='lat' dir='ltr'><strong>illo</strong></span> <span class='ocrx_word' id='word_1_308' title='bbox 1829 3079 1953 3124; x_wconf 82' lang='lat' dir='ltr'><strong>sunt</strong></span> <span class='ocrx_word' id='word_1_309' title='bbox 1985 3073 2124 3127; x_wconf 84' lang='lat' dir='ltr'><strong>male</strong></span> 
     </span>
    </p>
   </div>
   <div class='ocr_carea' id='block_1_46' title="bbox 544 3157 2122 3230">
    <p class='ocr_par' dir='ltr' id='par_1_46' title="bbox 544 3157 2122 3230">
     <span class='ocr_line' id='line_1_46' title="bbox 544 3157 2122 3230; baseline 0.006 -21"><span class='ocrx_word' id='word_1_310' title='bbox 544 3157 722 3211; x_wconf 80' lang='lat' dir='ltr'><strong>ablata</strong></span> <span class='ocrx_word' id='word_1_311' title='bbox 755 3160 1067 3223; x_wconf 80' lang='lat' dir='ltr'><strong>restituerit,</strong></span> <span class='ocrx_word' id='word_1_312' title='bbox 1088 3168 1143 3213; x_wconf 85' lang='lat' dir='ltr'><strong>et</strong></span> <span class='ocrx_word' id='word_1_313' title='bbox 1163 3160 1322 3230; x_wconf 79' lang='lat' dir='ltr'><strong>digna</strong></span> <span class='ocrx_word' id='word_1_314' title='bbox 1348 3160 1659 3229; x_wconf 61' lang='lat' dir='ltr'><strong>pn&#39;uitentia</strong></span> <span class='ocrx_word' id='word_1_315' title='bbox 1686 3160 1868 3214; x_wconf 86' lang='lat' dir='ltr'><strong>illicite</strong></span> <span class='ocrx_word' id='word_1_316' title='bbox 1886 3171 2005 3216; x_wconf 85' lang='lat' dir='ltr'><strong>acta</strong></span> <span class='ocrx_word' id='word_1_317' title='bbox 2027 3164 2122 3219; x_wconf 86' lang='lat' dir='ltr'><strong>dc-</strong></span> 
     </span>
    </p>
   </div>
   <div class='ocr_carea' id='block_1_47' title="bbox 545 3245 2123 3319">
    <p class='ocr_par' dir='ltr' id='par_1_47' title="bbox 545 3245 2123 3319">
     <span class='ocr_line' id='line_1_47' title="bbox 545 3245 2123 3319; baseline 0.006 -21"><span class='ocrx_word' id='word_1_318' title='bbox 545 3245 769 3311; x_wconf 81' lang='lat' dir='ltr'><strong>ﬂeverit,</strong></span> <span class='ocrx_word' id='word_1_319' title='bbox 801 3266 830 3301; x_wconf 86' lang='lat' dir='ltr'><strong>a</strong></span> <span class='ocrx_word' id='word_1_320' title='bbox 858 3250 1230 3303; x_wconf 73' lang='lat' dir='ltr'><strong>sacratissimo</strong></span> <span class='ocrx_word' id='word_1_321' title='bbox 1261 3265 1488 3319; x_wconf 91' lang='lat' dir='ltr'><strong>corpore</strong></span> <span class='ocrx_word' id='word_1_322' title='bbox 1513 3265 1575 3305; x_wconf 91' lang='lat' dir='ltr'><strong>ac</strong></span> <span class='ocrx_word' id='word_1_323' title='bbox 1600 3251 1863 3318; x_wconf 74' lang='lat' dir='ltr'><strong>sanguine</strong></span> <span class='ocrx_word' id='word_1_324' title='bbox 1900 3250 1993 3304; x_wconf 79' lang='lat' dir='ltr'><strong>I).-i</strong></span> <span class='ocrx_word' id='word_1_325' title='bbox 2019 3252 2123 3307; x_wconf 84' lang='lat' dir='ltr'><strong>Do-</strong></span> 
     </span>
    </p>
   </div>
   <div class='ocr_carea' id='block_1_48' title="bbox 544 3338 2120 3411">
    <p class='ocr_par' dir='ltr' id='par_1_48' title="bbox 544 3338 2120 3411">
     <span class='ocr_line' id='line_1_48' title="bbox 544 3338 2120 3411; baseline 0.005 -20"><span class='ocrx_word' id='word_1_326' title='bbox 544 3338 679 3391; x_wconf 89' lang='lat' dir='ltr'><strong>tnini</strong></span> <span class='ocrx_word' id='word_1_327' title='bbox 716 3340 1073 3409; x_wconf 66' lang='lat' dir='ltr'><strong>redemptoris</strong></span> <span class='ocrx_word' id='word_1_328' title='bbox 1118 3341 1288 3397; x_wconf 82' lang='lat' dir='ltr'><strong>nostri</strong></span> <span class='ocrx_word' id='word_1_329' title='bbox 1334 3340 1460 3394; x_wconf 83' lang='lat' dir='ltr'><strong>Jesn</strong></span> <span class='ocrx_word' id='word_1_330' title='bbox 1509 3340 1711 3396; x_wconf 76' lang='lat' dir='ltr'><strong>Christi</strong></span> <span class='ocrx_word' id='word_1_331' title='bbox 1752 3342 1962 3397; x_wconf 78' lang='lat' dir='ltr'><strong>alienus</strong></span> <span class='ocrx_word' id='word_1_332' title='bbox 2007 3344 2120 3411; x_wconf 81' lang='lat' dir='ltr'><strong>ﬁat,</strong></span> 
     </span>
    </p>
   </div>
   <div class='ocr_carea' id='block_1_49' title="bbox 545 3431 2120 3504">
    <p class='ocr_par' dir='ltr' id='par_1_49' title="bbox 545 3431 2120 3504">
     <span class='ocr_line' id='line_1_49' title="bbox 545 3431 2120 3504; baseline 0.005 -22"><span class='ocrx_word' id='word_1_333' title='bbox 545 3431 781 3498; x_wconf 83' lang='lat' dir='ltr'><strong>atquein</strong></span> <span class='ocrx_word' id='word_1_334' title='bbox 821 3442 1023 3485; x_wconf 74' lang='lat' dir='ltr'><strong>aeterno</strong></span> <span class='ocrx_word' id='word_1_335' title='bbox 1048 3432 1296 3486; x_wconf 73' lang='lat' dir='ltr'><strong>examine</strong></span> <span class='ocrx_word' id='word_1_336' title='bbox 1323 3432 1584 3486; x_wconf 69' lang='lat' dir='ltr'><strong>districta:</strong></span> <span class='ocrx_word' id='word_1_337' title='bbox 1612 3433 1801 3487; x_wconf 87' lang='lat' dir='ltr'><strong>ultioni</strong></span> <span class='ocrx_word' id='word_1_338' title='bbox 1826 3434 2120 3504; x_wconf 84' lang='lat' dir='ltr'><strong>subjaccat.</strong></span> 
     </span>
    </p>
   </div>
   <div class='ocr_carea' id='block_1_50' title="bbox 545 3520 2125 3594">
    <p class='ocr_par' dir='ltr' id='par_1_50' title="bbox 545 3520 2125 3594">
     <span class='ocr_line' id='line_1_50' title="bbox 545 3520 2125 3594; baseline 0.004 -21"><span class='ocrx_word' id='word_1_339' title='bbox 545 3520 770 3574; x_wconf 76' lang='lat' dir='ltr'><strong>Cunctis</strong></span> <span class='ocrx_word' id='word_1_340' title='bbox 796 3532 976 3575; x_wconf 75' lang='lat' dir='ltr'><strong>autem</strong></span> <span class='ocrx_word' id='word_1_341' title='bbox 1012 3522 1186 3575; x_wconf 79' lang='lat' dir='ltr'><strong>rident</strong></span> <span class='ocrx_word' id='word_1_342' title='bbox 1224 3522 1487 3590; x_wconf 86' lang='lat' dir='ltr'><strong>Iocojnra</strong></span> <span class='ocrx_word' id='word_1_343' title='bbox 1528 3523 1895 3588; x_wconf 84' lang='lat' dir='ltr'><strong>servantibus,</strong></span> <span class='ocrx_word' id='word_1_344' title='bbox 1928 3524 2125 3594; x_wconf 71' lang='lat' dir='ltr'><strong>sitpax</strong></span> 
     </span>
    </p>
   </div>
   <div class='ocr_carea' id='block_1_51' title="bbox 545 3607 2123 3689">
    <p class='ocr_par' dir='ltr' id='par_1_51' title="bbox 545 3607 2123 3689">
     <span class='ocr_line' id='line_1_51' title="bbox 545 3607 2123 3689; baseline 0.006 -26"><span class='ocrx_word' id='word_1_345' title='bbox 545 3607 762 3665; x_wconf 84' lang='lat' dir='ltr'><strong>Domini</strong></span> <span class='ocrx_word' id='word_1_346' title='bbox 790 3613 960 3665; x_wconf 70' lang='lat' dir='ltr'><strong>nostri</strong></span> <span class='ocrx_word' id='word_1_347' title='bbox 990 3612 1116 3689; x_wconf 60' lang='lat' dir='ltr'><strong>.lcsn</strong></span> <span class='ocrx_word' id='word_1_348' title='bbox 1142 3610 1364 3676; x_wconf 82' lang='lat' dir='ltr'><strong>Christi,</strong></span> <span class='ocrx_word' id='word_1_349' title='bbox 1387 3620 1660 3682; x_wconf 87' lang='lat' dir='ltr'><strong>quatenus</strong></span> <span class='ocrx_word' id='word_1_350' title='bbox 1687 3622 1740 3667; x_wconf 87' lang='lat' dir='ltr'><strong>et</strong></span> <span class='ocrx_word' id='word_1_351' title='bbox 1775 3614 1861 3669; x_wconf 92' lang='lat' dir='ltr'><strong>hic</strong></span> <span class='ocrx_word' id='word_1_352' title='bbox 1888 3612 2123 3672; x_wconf 81' lang='lat' dir='ltr'><strong>Iructtun</strong></span> 
     </span>
    </p>
   </div>
   <div class='ocr_carea' id='block_1_52' title="bbox 550 3700 2124 3777">
    <p class='ocr_par' dir='ltr' id='par_1_52' title="bbox 550 3700 2124 3777">
     <span class='ocr_line' id='line_1_52' title="bbox 550 3700 2124 3777; baseline 0.004 -22"><span class='ocrx_word' id='word_1_353' title='bbox 550 3700 708 3756; x_wconf 76' lang='lat' dir='ltr'><strong>bona:</strong></span> <span class='ocrx_word' id='word_1_354' title='bbox 743 3704 973 3756; x_wconf 80' lang='lat' dir='ltr'><strong>actionis</strong></span> <span class='ocrx_word' id='word_1_355' title='bbox 1008 3704 1327 3771; x_wconf 81' lang='lat' dir='ltr'><strong>percipiant,</strong></span> <span class='ocrx_word' id='word_1_356' title='bbox 1368 3712 1422 3757; x_wconf 91' lang='lat' dir='ltr'><strong>et</strong></span> <span class='ocrx_word' id='word_1_357' title='bbox 1456 3703 1597 3772; x_wconf 89' lang='lat' dir='ltr'><strong>apud</strong></span> <span class='ocrx_word' id='word_1_358' title='bbox 1637 3704 1941 3760; x_wconf 73' lang='lat' dir='ltr'><strong>districtum</strong></span> <span class='ocrx_word' id='word_1_359' title='bbox 1973 3706 2124 3777; x_wconf 87' lang='lat' dir='ltr'><strong>judi-</strong></span> 
     </span>
    </p>
   </div>
   <div class='ocr_carea' id='block_1_53' title="bbox 549 3792 1672 3862">
    <p class='ocr_par' dir='ltr' id='par_1_53' title="bbox 549 3792 1672 3862">
     <span class='ocr_line' id='line_1_53' title="bbox 549 3792 1672 3862; baseline 0 -15"><span class='ocrx_word' id='word_1_360' title='bbox 549 3792 693 3847; x_wconf 85' lang='lat' dir='ltr'><strong>cium</strong></span> <span class='ocrx_word' id='word_1_361' title='bbox 721 3794 937 3862; x_wconf 83' lang='lat' dir='ltr'><strong>pr:entia</strong></span> <span class='ocrx_word' id='word_1_362' title='bbox 962 3802 1175 3846; x_wconf 70' lang='lat' dir='ltr'><strong>:eternzc</strong></span> <span class='ocrx_word' id='word_1_363' title='bbox 1203 3794 1350 3862; x_wconf 86' lang='lat' dir='ltr'><strong>pacis</strong></span> <span class='ocrx_word' id='word_1_364' title='bbox 1377 3794 1672 3847; x_wconf 87' lang='lat' dir='ltr'><strong>inveniant.</strong></span> 
     </span>
    </p>
   </div>
   <div class='ocr_carea' id='block_1_54' title="bbox 621 3881 2125 3953">
    <p class='ocr_par' dir='ltr' id='par_1_54' title="bbox 621 3881 2125 3953">
     <span class='ocr_line' id='line_1_54' title="bbox 621 3881 2125 3953; baseline 0.003 -18"><span class='ocrx_word' id='word_1_365' title='bbox 621 3883 810 3938; x_wconf 86' lang='lat' dir='ltr'><strong>Datum</strong></span> <span class='ocrx_word' id='word_1_366' title='bbox 844 3883 1145 3948; x_wconf 67' lang='lat' dir='ltr'><strong>I.:|I.‘l&#39;:tlti$,</strong></span> <span class='ocrx_word' id='word_1_367' title='bbox 1172 3884 1364 3953; x_wconf 87' lang='lat' dir='ltr'><strong>quinto</strong></span> <span class='ocrx_word' id='word_1_368' title='bbox 1388 3881 1512 3936; x_wconf 87' lang='lat' dir='ltr'><strong>Idus</strong></span> <span class='ocrx_word' id='word_1_369' title='bbox 1537 3882 1866 3947; x_wconf 84' lang='lat' dir='ltr'><strong>Decembris,</strong></span> <span class='ocrx_word' id='word_1_370' title='bbox 1886 3899 1981 3953; x_wconf 87' lang='lat' dir='ltr'><strong>per</strong></span> <span class='ocrx_word' id='word_1_371' title='bbox 2005 3900 2125 3939; x_wconf 87' lang='lat' dir='ltr'><strong>ma—</strong></span> 
     </span>
    </p>
   </div>
   <div class='ocr_carea' id='block_1_55' title="bbox 546 3956 2125 4046">
    <p class='ocr_par' dir='ltr' id='par_1_55' title="bbox 546 3956 2125 4046">
     <span class='ocr_line' id='line_1_55' title="bbox 546 3956 2125 4046; baseline 0.002 -19"><span class='ocrx_word' id='word_1_372' title='bbox 546 3990 651 4028; x_wconf 88' lang='lat' dir='ltr'><strong>nus</strong></span> <span class='ocrx_word' id='word_1_373' title='bbox 682 3974 828 4029; x_wconf 84' lang='lat' dir='ltr'><strong>Petri</strong></span> <span class='ocrx_word' id='word_1_374' title='bbox 858 3986 1058 4029; x_wconf 71' lang='lat' dir='ltr'><strong>sanctae</strong></span> <span class='ocrx_word' id='word_1_375' title='bbox 1098 3956 1353 4028; x_wconf 72' lang='lat' dir='ltr'><strong>Romana:</strong></span> <span class='ocrx_word' id='word_1_376' title='bbox 1384 3974 1639 4029; x_wconf 81' lang='lat' dir='ltr'><strong>Ecclesia:</strong></span> <span class='ocrx_word' id='word_1_377' title='bbox 1669 3975 1969 4046; x_wconf 74' lang='lat' dir='ltr'><strong>presbyteri</strong></span> <span class='ocrx_word' id='word_1_378' title='bbox 2003 3992 2125 4032; x_wconf 85' lang='lat' dir='ltr'><strong>car-</strong></span> 
     </span>
    </p>
   </div>
   <div class='ocr_carea' id='block_1_56' title="bbox 492 4050 2125 4134">
    <p class='ocr_par' dir='ltr' id='par_1_56' title="bbox 492 4050 2125 4134">
     <span class='ocr_line' id='line_1_56' title="bbox 492 4050 2125 4134; baseline 0.001 -16"><span class='ocrx_word' id='word_1_379' title='bbox 492 4050 501 4067; x_wconf 86' lang='grc'><strong>’</strong></span> <span class='ocrx_word' id='word_1_380' title='bbox 545 4065 742 4119; x_wconf 82' lang='lat' dir='ltr'><strong>dinalis</strong></span> <span class='ocrx_word' id='word_1_381' title='bbox 787 4083 849 4119; x_wconf 88' lang='lat' dir='ltr'><strong>ac</strong></span> <span class='ocrx_word' id='word_1_382' title='bbox 898 4065 1311 4130; x_wconf 84' lang='lat' dir='ltr'><strong>bibliotIu-carii,</strong></span> <span class='ocrx_word' id='word_1_383' title='bbox 1360 4080 1504 4118; x_wconf 90' lang='lat' dir='ltr'><strong>anno</strong></span> <span class='ocrx_word' id='word_1_384' title='bbox 1541 4074 1738 4134; x_wconf 87' lang='lat' dir='ltr'><strong>quarto</strong></span> <span class='ocrx_word' id='word_1_385' title='bbox 1777 4066 2125 4133; x_wconf 69' lang='lat' dir='ltr'><strong>pontificatus</strong></span> 
     </span>
    </p>
   </div>
   <div class='ocr_carea' id='block_1_57' title="bbox 545 4154 2084 4234">
    <p class='ocr_par' dir='ltr' id='par_1_57' title="bbox 545 4154 2084 4234">
     <span class='ocr_line' id='line_1_57' title="bbox 545 4154 2084 4234; baseline 0.002 -24"><span class='ocrx_word' id='word_1_386' title='bbox 545 4156 731 4234; x_wconf 82' lang='lat' dir='ltr'><strong>domui</strong></span> <span class='ocrx_word' id='word_1_387' title='bbox 761 4156 1003 4227; x_wconf 69' lang='lat' dir='ltr'><strong>Gregorii</strong></span> <span class='ocrx_word' id='word_1_388' title='bbox 1042 4157 1285 4226; x_wconf 78' lang='lat' dir='ltr'><strong>septimi,</strong></span> <span class='ocrx_word' id='word_1_389' title='bbox 1315 4155 1610 4211; x_wconf 87' lang='lat' dir='ltr'><strong>indictione</strong></span> <span class='ocrx_word' id='word_1_390' title='bbox 1641 4154 1848 4210; x_wconf 87' lang='lat' dir='ltr'><strong>decima</strong></span> <span class='ocrx_word' id='word_1_391' title='bbox 1872 4165 2084 4225; x_wconf 81' lang='lat' dir='ltr'><strong>quarta.</strong></span> 
     </span>
    </p>
   </div>
   <div class='ocr_carea' id='block_1_58' title="bbox 615 4247 976 4301">
    <p class='ocr_par' dir='ltr' id='par_1_58' title="bbox 615 4247 976 4301">
     <span class='ocr_line' id='line_1_58' title="bbox 615 4247 976 4301; baseline 0.003 -2"><span class='ocrx_word' id='word_1_392' title='bbox 615 4247 758 4301; x_wconf 72' lang='lat' dir='ltr'><strong>Bene</strong></span> <span class='ocrx_word' id='word_1_393' title='bbox 789 4249 976 4300; x_wconf 75' lang='lat' dir='ltr'><strong>valete.</strong></span> 
     </span>
    </p>
   </div>
   <div class='ocr_carea' id='block_1_59' title="bbox 1248 4313 1413 4375">
    <p class='ocr_par' dir='ltr' id='par_1_59' title="bbox 1248 4313 1413 4375">
     <span class='ocr_line' id='line_1_59' title="bbox 1248 4313 1413 4375; baseline 0.024 -8"><span class='ocrx_word' id='word_1_394' title='bbox 1248 4313 1413 4375; x_wconf 69' lang='lat' dir='ltr'><strong>XXII.</strong></span> 
     </span>
    </p>
   </div>
   <div class='ocr_carea' id='block_1_60' title="bbox 552 4426 2121 4499">
    <p class='ocr_par' dir='ltr' id='par_1_60' title="bbox 552 4426 2121 4499">
     <span class='ocr_line' id='line_1_60' title="bbox 552 4426 2121 4499; baseline -0.001 -16"><span class='ocrx_word' id='word_1_395' title='bbox 552 4427 898 4499; x_wconf 61' lang='lat' dir='ltr'><strong>I’ririt&#39;egium</strong></span> <span class='ocrx_word' id='word_1_396' title='bbox 924 4428 1163 4499; x_wconf 72' lang='lat' dir='ltr'><strong>Gregorii</strong></span> <span class='ocrx_word' id='word_1_397' title='bbox 1185 4426 1459 4497; x_wconf 75' lang='lat' dir='ltr'><strong>pupa&#39;l&#39;ll</strong></span> <span class='ocrx_word' id='word_1_398' title='bbox 1479 4445 1570 4497; x_wconf 78' lang='lat' dir='ltr'><strong>per</strong></span> <span class='ocrx_word' id='word_1_399' title='bbox 1592 4427 1729 4497; x_wconf 78' lang='lat' dir='ltr'><strong>quod</strong></span> <span class='ocrx_word' id='word_1_400' title='bbox 1750 4429 2121 4499; x_wconf 68' lang='lat' dir='ltr'><strong>monasterium</strong></span> 
     </span>
    </p>
   </div>
   <div class='ocr_carea' id='block_1_61' title="bbox 620 4493 2123 4567">
    <p class='ocr_par' dir='ltr' id='par_1_61' title="bbox 620 4493 2123 4567">
     <span class='ocr_line' id='line_1_61' title="bbox 620 4493 2123 4567; baseline 0.001 -18"><span class='ocrx_word' id='word_1_401' title='bbox 620 4493 956 4566; x_wconf 68' lang='lat' dir='ltr'><strong>Ciguiuceuve</strong></span> <span class='ocrx_word' id='word_1_402' title='bbox 988 4493 1266 4550; x_wconf 67' lang='lat' dir='ltr'><strong>commiitit</strong></span> <span class='ocrx_word' id='word_1_403' title='bbox 1290 4493 1565 4567; x_wconf 72' lang='lat' dir='ltr'><strong>regendum</strong></span> <span class='ocrx_word' id='word_1_404' title='bbox 1597 4493 1776 4549; x_wconf 59' lang='lat' dir='ltr'><strong>sancto</strong></span> <span class='ocrx_word' id='word_1_405' title='bbox 1809 4496 2037 4567; x_wconf 79' lang='lat' dir='ltr'><strong>llugom&#39;,</strong></span> <span class='ocrx_word' id='word_1_406' title='bbox 2071 4506 2123 4551; x_wconf 78' lang='lat' dir='ltr'><strong>et</strong></span> 
     </span>
    </p>
   </div>
   <div class='ocr_carea' id='block_1_62' title="bbox 616 4556 2121 4638">
    <p class='ocr_par' dir='ltr' id='par_1_62' title="bbox 616 4556 2121 4638">
     <span class='ocr_line' id='line_1_62' title="bbox 616 4556 2121 4638; baseline 0 -18"><span class='ocrx_word' id='word_1_407' title='bbox 616 4556 729 4636; x_wconf 65' lang='lat' dir='ltr'><strong>ejus</strong></span> <span class='ocrx_word' id='word_1_408' title='bbox 752 4568 1135 4620; x_wconf 75' lang='lat' dir='ltr'><strong>successoribus</strong></span> <span class='ocrx_word' id='word_1_409' title='bbox 1160 4556 1437 4619; x_wconf 65' lang='lat' dir='ltr'><strong>abbatibus</strong></span> <span class='ocrx_word' id='word_1_410' title='bbox 1459 4556 1981 4633; x_wconf 50' lang='lat' dir='ltr'><strong>Cluniacensibusviu</strong></span> <span class='ocrx_word' id='word_1_411' title='bbox 2001 4556 2121 4638; x_wconf 72' lang='lat' dir='ltr'><strong>per-</strong></span> 
     </span>
    </p>
   </div>
   <div class='ocr_carea' id='block_1_63' title="bbox 616 4648 811 4705">
    <p class='ocr_par' dir='ltr' id='par_1_63' title="bbox 616 4648 811 4705">
     <span class='ocr_line' id='line_1_63' title="bbox 616 4648 811 4705; baseline 0 -15"><span class='ocrx_word' id='word_1_412' title='bbox 616 4648 788 4705; x_wconf 77' lang='lat' dir='ltr'><strong>petum</strong></span> <span class='ocrx_word' id='word_1_413' title='bbox 798 4676 811 4690; x_wconf 91' lang='lat'><strong>.</strong></span> 
     </span>
    </p>
   </div>
   <div class='ocr_carea' id='block_1_64' title="bbox 1133 4702 1531 4773">
    <p class='ocr_par' dir='ltr' id='par_1_64' title="bbox 1133 4702 1531 4773">
     <span class='ocr_line' id='line_1_64' title="bbox 1133 4702 1531 4773; baseline -0.003 -18"><span class='ocrx_word' id='word_1_414' title='bbox 1133 4702 1314 4773; x_wconf 64' lang='lat' dir='ltr'><strong>(Anno</strong></span> <span class='ocrx_word' id='word_1_415' title='bbox 1349 4702 1531 4772; x_wconf 66' lang='lat'><strong>1075.)</strong></span> 
     </span>
    </p>
   </div>
   <div class='ocr_carea' id='block_1_65' title="bbox 801 4789 1774 4863">
    <p class='ocr_par' dir='ltr' id='par_1_65' title="bbox 801 4789 1774 4863">
     <span class='ocr_line' id='line_1_65' title="bbox 801 4789 1774 4863; baseline 0 -20"><span class='ocrx_word' id='word_1_416' title='bbox 801 4791 806 4795; x_wconf 84' lang='grc'><strong>’</strong></span> <span class='ocrx_word' id='word_1_417' title='bbox 896 4789 1221 4862; x_wconf 73' lang='lat' dir='ltr'><strong>[Bullatium</strong></span> <span class='ocrx_word' id='word_1_418' title='bbox 1257 4790 1621 4858; x_wconf 80' lang='lat' dir='ltr'><strong>Cluniaceuse,</strong></span> <span class='ocrx_word' id='word_1_419' title='bbox 1657 4790 1774 4863; x_wconf 75' lang='lat' dir='ltr'><strong>2L]</strong></span> 
     </span>
    </p>
   </div>
   <div class='ocr_carea' id='block_1_66' title="bbox 622 4890 2115 4960">
    <p class='ocr_par' dir='ltr' id='par_1_66' title="bbox 622 4890 2115 4960">
     <span class='ocr_line' id='line_1_66' title="bbox 622 4890 2115 4960; baseline 0.001 -14"><span class='ocrx_word' id='word_1_420' title='bbox 622 4892 928 4947; x_wconf 72' lang='lat' dir='ltr'><strong>Cntzcoutt&#39;s</strong></span> <span class='ocrx_word' id='word_1_421' title='bbox 963 4891 1275 4960; x_wconf 85' lang='lat' dir='ltr'><strong>cpiscopus,</strong></span> <span class='ocrx_word' id='word_1_422' title='bbox 1310 4908 1499 4949; x_wconf 87' lang='lat' dir='ltr'><strong>servus</strong></span> <span class='ocrx_word' id='word_1_423' title='bbox 1521 4908 1799 4947; x_wconf 86' lang='lat' dir='ltr'><strong>servorum</strong></span> <span class='ocrx_word' id='word_1_424' title='bbox 1833 4890 1948 4958; x_wconf 85' lang='lat' dir='ltr'><strong>Dei,</strong></span> <span class='ocrx_word' id='word_1_425' title='bbox 1981 4891 2115 4948; x_wconf 80' lang='lat' dir='ltr'><strong>cha-</strong></span> 
     </span>
    </p>
   </div>
   <div class='ocr_carea' id='block_1_67' title="bbox 548 4981 1735 5040">
    <p class='ocr_par' dir='ltr' id='par_1_67' title="bbox 548 4981 1735 5040">
     <span class='ocr_line' id='line_1_67' title="bbox 548 4981 1735 5040; baseline -0.003 0"><span class='ocrx_word' id='word_1_426' title='bbox 548 4983 772 5040; x_wconf 75' lang='lat' dir='ltr'><strong>t‘iSsimo</strong></span> <span class='ocrx_word' id='word_1_427' title='bbox 796 4982 907 5035; x_wconf 82' lang='lat' dir='ltr'><strong>ﬁlio</strong></span> <span class='ocrx_word' id='word_1_428' title='bbox 942 4981 1144 5036; x_wconf 67' lang='lat' dir='ltr'><strong>Ilroost</strong></span> <span class='ocrx_word' id='word_1_429' title='bbox 1168 4983 1510 5037; x_wconf 80' lang='lat' dir='ltr'><strong>Cluniacensi</strong></span> <span class='ocrx_word' id='word_1_430' title='bbox 1535 4984 1735 5038; x_wconf 86' lang='lat' dir='ltr'><strong>abbati.</strong></span> 
     </span>
    </p>
   </div>
   <div class='ocr_carea' id='block_1_68' title="bbox 620 5071 2113 5144">
    <p class='ocr_par' dir='ltr' id='par_1_68' title="bbox 620 5071 2113 5144">
     <span class='ocr_line' id='line_1_68' title="bbox 620 5071 2113 5144; baseline 0.001 -18"><span class='ocrx_word' id='word_1_431' title='bbox 620 5071 773 5128; x_wconf 84' lang='lat' dir='ltr'><strong>Jusla</strong></span> <span class='ocrx_word' id='word_1_432' title='bbox 821 5082 1129 5141; x_wconf 63' lang='lat' dir='ltr'><strong>sancteque</strong></span> <span class='ocrx_word' id='word_1_433' title='bbox 1171 5073 1414 5144; x_wconf 83' lang='lat' dir='ltr'><strong>religioni</strong></span> <span class='ocrx_word' id='word_1_434' title='bbox 1446 5072 1729 5143; x_wconf 80' lang='lat' dir='ltr'><strong>profutura</strong></span> <span class='ocrx_word' id='word_1_435' title='bbox 1767 5073 2113 5142; x_wconf 75' lang='lat' dir='ltr'><strong>poscentibus</strong></span> 
     </span>
    </p>
   </div>
   <div class='ocr_carea' id='block_1_69' title="bbox 552 5163 2114 5233">
    <p class='ocr_par' dir='ltr' id='par_1_69' title="bbox 552 5163 2114 5233">
     <span class='ocr_line' id='line_1_69' title="bbox 552 5163 2114 5233; baseline -0.001 -16"><span class='ocrx_word' id='word_1_436' title='bbox 552 5179 736 5232; x_wconf 80' lang='lat' dir='ltr'><strong>aurem</strong></span> <span class='ocrx_word' id='word_1_437' title='bbox 768 5178 869 5217; x_wconf 89' lang='lat' dir='ltr'><strong>nos</strong></span> <span class='ocrx_word' id='word_1_438' title='bbox 890 5171 1099 5233; x_wconf 87' lang='lat' dir='ltr'><strong>oportet</strong></span> <span class='ocrx_word' id='word_1_439' title='bbox 1125 5163 1436 5217; x_wconf 82' lang='lat' dir='ltr'><strong>benevolum</strong></span> <span class='ocrx_word' id='word_1_440' title='bbox 1455 5164 1818 5226; x_wconf 83' lang='lat' dir='ltr'><strong>connuodarc,</strong></span> <span class='ocrx_word' id='word_1_441' title='bbox 1843 5169 2114 5231; x_wconf 86' lang='lat' dir='ltr'><strong>quatenus</strong></span> 
     </span>
    </p>
   </div>
   <div class='ocr_carea' id='block_1_70' title="bbox 549 5252 2114 5324">
    <p class='ocr_par' dir='ltr' id='par_1_70' title="bbox 549 5252 2114 5324">
     <span class='ocr_line' id='line_1_70' title="bbox 549 5252 2114 5324; baseline -0.001 -15"><span class='ocrx_word' id='word_1_442' title='bbox 549 5264 603 5322; x_wconf 69' lang='lat' dir='ltr'><strong>et</strong></span> <span class='ocrx_word' id='word_1_443' title='bbox 646 5264 888 5324; x_wconf 69' lang='lat' dir='ltr'><strong>petentes</strong></span> <span class='ocrx_word' id='word_1_444' title='bbox 931 5254 1165 5308; x_wconf 86' lang='lat' dir='ltr'><strong>remedia</strong></span> <span class='ocrx_word' id='word_1_445' title='bbox 1201 5264 1411 5323; x_wconf 82' lang='lat' dir='ltr'><strong>sperata</strong></span> <span class='ocrx_word' id='word_1_446' title='bbox 1443 5256 1733 5323; x_wconf 86' lang='lat' dir='ltr'><strong>reperiant,</strong></span> <span class='ocrx_word' id='word_1_447' title='bbox 1774 5263 1827 5309; x_wconf 90' lang='lat' dir='ltr'><strong>ct</strong></span> <span class='ocrx_word' id='word_1_448' title='bbox 1872 5252 2114 5307; x_wconf 82' lang='lat' dir='ltr'><strong>ccclesiis</strong></span> 
     </span>
    </p>
   </div>
   <div class='ocr_carea' id='block_1_71' title="bbox 550 5344 2112 5412">
    <p class='ocr_par' dir='ltr' id='par_1_71' title="bbox 550 5344 2112 5412">
     <span class='ocr_line' id='line_1_71' title="bbox 550 5344 2112 5412; baseline -0.003 -12"><span class='ocrx_word' id='word_1_449' title='bbox 550 5345 992 5412; x_wconf 70' lang='lat' dir='ltr'><strong>monasteriisquc</strong></span> <span class='ocrx_word' id='word_1_450' title='bbox 1027 5345 1295 5399; x_wconf 82' lang='lat' dir='ltr'><strong>destitutis</strong></span> <span class='ocrx_word' id='word_1_451' title='bbox 1318 5344 1493 5398; x_wconf 81' lang='lat' dir='ltr'><strong>debita</strong></span> <span class='ocrx_word' id='word_1_452' title='bbox 1520 5361 1625 5398; x_wconf 91' lang='lat' dir='ltr'><strong>non</strong></span> <span class='ocrx_word' id='word_1_453' title='bbox 1643 5345 1783 5399; x_wconf 88' lang='lat' dir='ltr'><strong>desit</strong></span> <span class='ocrx_word' id='word_1_454' title='bbox 1809 5344 2112 5399; x_wconf 81' lang='lat' dir='ltr'><strong>sollicitudo</strong></span> 
     </span>
    </p>
   </div>
   <div class='ocr_carea' id='block_1_72' title="bbox 553 5434 2113 5506">
    <p class='ocr_par' dir='ltr' id='par_1_72' title="bbox 553 5434 2113 5506">
     <span class='ocr_line' id='line_1_72' title="bbox 553 5434 2113 5506; baseline -0.001 -17"><span class='ocrx_word' id='word_1_455' title='bbox 553 5436 970 5506; x_wconf 65' lang='lat' dir='ltr'><strong>tompassioque</strong></span> <span class='ocrx_word' id='word_1_456' title='bbox 1010 5438 1262 5504; x_wconf 88' lang='lat' dir='ltr'><strong>pastoris.</strong></span> <span class='ocrx_word' id='word_1_457' title='bbox 1297 5435 1529 5489; x_wconf 84' lang='lat' dir='ltr'><strong>Proinde</strong></span> <span class='ocrx_word' id='word_1_458' title='bbox 1577 5434 1951 5505; x_wconf 78' lang='lat' dir='ltr'><strong>Gigniaccnsis</strong></span> <span class='ocrx_word' id='word_1_459' title='bbox 1996 5449 2113 5487; x_wconf 88' lang='lat' dir='ltr'><strong>mo-</strong></span> 
     </span>
    </p>
   </div>
   <div class='ocr_carea' id='block_1_73' title="bbox 552 5525 2111 5606">
    <p class='ocr_par' dir='ltr' id='par_1_73' title="bbox 552 5525 2111 5606">
     <span class='ocr_line' id='line_1_73' title="bbox 552 5525 2111 5606; baseline -0.002 -26"><span class='ocrx_word' id='word_1_460' title='bbox 552 5529 775 5582; x_wconf 84' lang='lat' dir='ltr'><strong>nasterii</strong></span> <span class='ocrx_word' id='word_1_461' title='bbox 810 5527 977 5598; x_wconf 86' lang='lat' dir='ltr'><strong>(quod</strong></span> <span class='ocrx_word' id='word_1_462' title='bbox 1032 5528 1307 5606; x_wconf 76' lang='lat' dir='ltr'><strong>proprium</strong></span> <span class='ocrx_word' id='word_1_463' title='bbox 1354 5528 1494 5581; x_wconf 86' lang='lat' dir='ltr'><strong>beati</strong></span> <span class='ocrx_word' id='word_1_464' title='bbox 1548 5526 1689 5581; x_wconf 84' lang='lat' dir='ltr'><strong>Petri</strong></span> <span class='ocrx_word' id='word_1_465' title='bbox 1746 5525 2111 5596; x_wconf 88' lang='lat' dir='ltr'><strong>apostolorum</strong></span> 
     </span>
    </p>
   </div>
   <div class='ocr_carea' id='block_1_74' title="bbox 553 5614 2116 5690">
    <p class='ocr_par' dir='ltr' id='par_1_74' title="bbox 553 5614 2116 5690">
     <span class='ocr_line' id='line_1_74' title="bbox 553 5614 2116 5690; baseline -0.003 -19"><span class='ocrx_word' id='word_1_466' title='bbox 553 5618 814 5690; x_wconf 80' lang='lat' dir='ltr'><strong>principis</strong></span> <span class='ocrx_word' id='word_1_467' title='bbox 847 5636 967 5673; x_wconf 82' lang='lat' dir='ltr'><strong>esse</strong></span> <span class='ocrx_word' id='word_1_468' title='bbox 1011 5618 1393 5688; x_wconf 70' lang='lat' dir='ltr'><strong>dignoscitur),</strong></span> <span class='ocrx_word' id='word_1_469' title='bbox 1424 5618 1674 5672; x_wconf 73' lang='lat' dir='ltr'><strong>monachi</strong></span> <span class='ocrx_word' id='word_1_470' title='bbox 1705 5625 1905 5672; x_wconf 57' lang='lat' dir='ltr'><strong>nostra!</strong></span> <span class='ocrx_word' id='word_1_471' title='bbox 1952 5614 2116 5669; x_wconf 84' lang='lat' dir='ltr'><strong>misc-</strong></span> 
     </span>
    </p>
   </div>
   <div class='ocr_carea' id='block_1_75' title="bbox 554 5698 2116 5781">
    <p class='ocr_par' dir='ltr' id='par_1_75' title="bbox 554 5698 2116 5781">
     <span class='ocr_line' id='line_1_75' title="bbox 554 5698 2116 5781; baseline -0.007 -14"><span class='ocrx_word' id='word_1_472' title='bbox 554 5712 781 5768; x_wconf 85' lang='lat' dir='ltr'><strong>rationis</strong></span> <span class='ocrx_word' id='word_1_473' title='bbox 809 5719 1088 5781; x_wconf 87' lang='lat' dir='ltr'><strong>sperantes</strong></span> <span class='ocrx_word' id='word_1_474' title='bbox 1128 5708 1411 5770; x_wconf 73' lang='lat' dir='ltr'><strong>auxilium,</strong></span> <span class='ocrx_word' id='word_1_475' title='bbox 1458 5708 1596 5759; x_wconf 84' lang='lat' dir='ltr'><strong>idem</strong></span> <span class='ocrx_word' id='word_1_476' title='bbox 1640 5698 2029 5762; x_wconf 75' lang='lat' dir='ltr'><strong>menastcrium</strong></span> <span class='ocrx_word' id='word_1_477' title='bbox 2062 5712 2116 5757; x_wconf 84' lang='lat' dir='ltr'><strong>et</strong></span> 
     </span>
    </p>
   </div>
   <div class='ocr_carea' id='block_1_76' title="bbox 556 5797 2112 5873">
    <p class='ocr_par' dir='ltr' id='par_1_76' title="bbox 556 5797 2112 5873">
     <span class='ocr_line' id='line_1_76' title="bbox 556 5797 2112 5873; baseline -0.008 -16"><span class='ocrx_word' id='word_1_478' title='bbox 556 5804 851 5873; x_wconf 73' lang='lat' dir='ltr'><strong>religionis,</strong></span> <span class='ocrx_word' id='word_1_479' title='bbox 883 5818 1004 5873; x_wconf 78' lang='lat' dir='ltr'><strong>qua:</strong></span> <span class='ocrx_word' id='word_1_480' title='bbox 1032 5802 1161 5854; x_wconf 59' lang='lat' dir='ltr'><strong>olim</strong></span> <span class='ocrx_word' id='word_1_481' title='bbox 1202 5797 1651 5854; x_wconf 69' lang='lat' dir='ltr'><strong>excellentissima</strong></span> <span class='ocrx_word' id='word_1_482' title='bbox 1691 5798 1762 5850; x_wconf 91' lang='lat' dir='ltr'><strong>ibi</strong></span> <span class='ocrx_word' id='word_1_483' title='bbox 1797 5797 2112 5857; x_wconf 83' lang='lat' dir='ltr'><strong>habebatur,</strong></span> 
     </span>
    </p>
   </div>
   <div class='ocr_carea' id='block_1_77' title="bbox 569 5886 2115 5964">
    <p class='ocr_par' dir='ltr' id='par_1_77' title="bbox 569 5886 2115 5964">
     <span class='ocr_line' id='line_1_77' title="bbox 569 5886 2115 5964; baseline -0.007 -16"><span class='ocrx_word' id='word_1_484' title='bbox 569 5911 708 5948; x_wconf 82' lang='lat' dir='ltr'><strong>nunc</strong></span> <span class='ocrx_word' id='word_1_485' title='bbox 740 5904 955 5964; x_wconf 77' lang='lat' dir='ltr'><strong>propter</strong></span> <span class='ocrx_word' id='word_1_486' title='bbox 980 5893 1233 5948; x_wconf 79' lang='lat' dir='ltr'><strong>abbatum</strong></span> <span class='ocrx_word' id='word_1_487' title='bbox 1281 5888 1796 5962; x_wconf 63' lang='lat' dir='ltr'><strong>praepositmumquc</strong></span> <span class='ocrx_word' id='word_1_488' title='bbox 1841 5886 2115 5942; x_wconf 80' lang='lat' dir='ltr'><strong>remissio-</strong></span> 
     </span>
    </p>
   </div>
   <div class='ocr_carea' id='block_1_78' title="bbox 2236 2071 3816 2143">
    <p class='ocr_par' dir='ltr' id='par_1_78' title="bbox 2236 2071 3816 2143">
     <span class='ocr_line' id='line_1_78' title="bbox 2236 2071 3816 2143; baseline 0.001 -16"><span class='ocrx_word' id='word_1_489' title='bbox 2236 2080 2452 2127; x_wconf 79' lang='lat' dir='ltr'><strong>serante</strong></span> <span class='ocrx_word' id='word_1_490' title='bbox 2501 2072 2773 2137; x_wconf 88' lang='lat' dir='ltr'><strong>volucris,</strong></span> <span class='ocrx_word' id='word_1_491' title='bbox 2821 2071 3143 2136; x_wconf 82' lang='lat' dir='ltr'><strong>ordinandi.</strong></span> <span class='ocrx_word' id='word_1_492' title='bbox 3188 2071 3446 2143; x_wconf 78' lang='lat' dir='ltr'><strong>regendi,</strong></span> <span class='ocrx_word' id='word_1_493' title='bbox 3496 2072 3816 2143; x_wconf 83' lang='lat' dir='ltr'><strong>corrigendi</strong></span> 
     </span>
    </p>
   </div>
   <div class='ocr_carea' id='block_1_79' title="bbox 2234 2162 3817 2233">
    <p class='ocr_par' dir='ltr' id='par_1_79' title="bbox 2234 2162 3817 2233">
     <span class='ocr_line' id='line_1_79' title="bbox 2234 2162 3817 2233; baseline 0.003 -18"><span class='ocrx_word' id='word_1_494' title='bbox 2234 2162 2717 2233; x_wconf 78' lang='lat' dir='ltr'><strong>cotnumtandiquc</strong></span> <span class='ocrx_word' id='word_1_495' title='bbox 2779 2178 2904 2217; x_wconf 86' lang='lat' dir='ltr'><strong>cum</strong></span> <span class='ocrx_word' id='word_1_496' title='bbox 2979 2162 3234 2216; x_wconf 87' lang='lat' dir='ltr'><strong>omnibus</strong></span> <span class='ocrx_word' id='word_1_497' title='bbox 3292 2162 3408 2217; x_wconf 92' lang='lat' dir='ltr'><strong>suis</strong></span> <span class='ocrx_word' id='word_1_498' title='bbox 3463 2163 3817 2233; x_wconf 81' lang='lat' dir='ltr'><strong>pertinentiis</strong></span> 
     </span>
    </p>
   </div>
   <div class='ocr_carea' id='block_1_80' title="bbox 2234 2250 3815 2322">
    <p class='ocr_par' dir='ltr' id='par_1_80' title="bbox 2234 2250 3815 2322">
     <span class='ocr_line' id='line_1_80' title="bbox 2234 2250 3815 2322; baseline 0.003 -17"><span class='ocrx_word' id='word_1_499' title='bbox 2234 2252 2460 2307; x_wconf 87' lang='lat' dir='ltr'><strong>liberam</strong></span> <span class='ocrx_word' id='word_1_500' title='bbox 2483 2260 2806 2322; x_wconf 88' lang='lat' dir='ltr'><strong>potestatem</strong></span> <span class='ocrx_word' id='word_1_501' title='bbox 2830 2251 3052 2307; x_wconf 86' lang='lat' dir='ltr'><strong>habeas.</strong></span> <span class='ocrx_word' id='word_1_502' title='bbox 3079 2250 3374 2322; x_wconf 83' lang='lat' dir='ltr'><strong>Postquam</strong></span> <span class='ocrx_word' id='word_1_503' title='bbox 3403 2262 3582 2308; x_wconf 86' lang='lat' dir='ltr'><strong>autem</strong></span> <span class='ocrx_word' id='word_1_504' title='bbox 3622 2263 3676 2308; x_wconf 91' lang='lat' dir='ltr'><strong>tu</strong></span> <span class='ocrx_word' id='word_1_505' title='bbox 3710 2255 3815 2310; x_wconf 76' lang='lat' dir='ltr'><strong>dc-</strong></span> 
     </span>
    </p>
   </div>
   <div class='ocr_carea' id='block_1_81' title="bbox 2233 2341 3818 2415">
    <p class='ocr_par' dir='ltr' id='par_1_81' title="bbox 2233 2341 3818 2415">
     <span class='ocr_line' id='line_1_81' title="bbox 2233 2341 3818 2415; baseline 0.002 -18"><span class='ocrx_word' id='word_1_506' title='bbox 2233 2343 2525 2398; x_wconf 88' lang='lat' dir='ltr'><strong>sideratam</strong></span> <span class='ocrx_word' id='word_1_507' title='bbox 2555 2341 2702 2414; x_wconf 77' lang='lat' dir='ltr'><strong>longi</strong></span> <span class='ocrx_word' id='word_1_508' title='bbox 2724 2341 2928 2397; x_wconf 88' lang='lat' dir='ltr'><strong>laboris</strong></span> <span class='ocrx_word' id='word_1_509' title='bbox 2950 2342 3251 2397; x_wconf 83' lang='lat' dir='ltr'><strong>mercedem</strong></span> <span class='ocrx_word' id='word_1_510' title='bbox 3266 2359 3299 2397; x_wconf 90' lang='lat' dir='ltr'><strong>a</strong></span> <span class='ocrx_word' id='word_1_511' title='bbox 3319 2342 3538 2398; x_wconf 87' lang='lat' dir='ltr'><strong>Christo</strong></span> <span class='ocrx_word' id='word_1_512' title='bbox 3560 2354 3818 2415; x_wconf 81' lang='lat' dir='ltr'><strong>receptu-</strong></span> 
     </span>
    </p>
   </div>
   <div class='ocr_carea' id='block_1_82' title="bbox 2230 2431 3813 2503">
    <p class='ocr_par' dir='ltr' id='par_1_82' title="bbox 2230 2431 3813 2503">
     <span class='ocr_line' id='line_1_82' title="bbox 2230 2431 3813 2503; baseline 0.002 -14"><span class='ocrx_word' id='word_1_513' title='bbox 2230 2450 2348 2500; x_wconf 86' lang='lat' dir='ltr'><strong>rus,</strong></span> <span class='ocrx_word' id='word_1_514' title='bbox 2395 2433 2628 2489; x_wconf 91' lang='lat' dir='ltr'><strong>Domino</strong></span> <span class='ocrx_word' id='word_1_515' title='bbox 2665 2441 2913 2498; x_wconf 79' lang='lat' dir='ltr'><strong>vocante,</strong></span> <span class='ocrx_word' id='word_1_516' title='bbox 2958 2431 3028 2486; x_wconf 91' lang='lat' dir='ltr'><strong>ab</strong></span> <span class='ocrx_word' id='word_1_517' title='bbox 3070 2432 3177 2488; x_wconf 88' lang='lat' dir='ltr'><strong>hoc</strong></span> <span class='ocrx_word' id='word_1_518' title='bbox 3219 2433 3424 2488; x_wconf 89' lang='lat' dir='ltr'><strong>mundo</strong></span> <span class='ocrx_word' id='word_1_519' title='bbox 3483 2434 3769 2492; x_wconf 82' lang='lat' dir='ltr'><strong>transieris</strong></span> <span class='ocrx_word' id='word_1_520' title='bbox 3792 2477 3813 2503; x_wconf 89' lang='lat'><strong>,</strong></span> 
     </span>
    </p>
   </div>
   <div class='ocr_carea' id='block_1_83' title="bbox 2229 2520 3813 2592">
    <p class='ocr_par' dir='ltr' id='par_1_83' title="bbox 2229 2520 3813 2592">
     <span class='ocr_line' id='line_1_83' title="bbox 2229 2520 3813 2592; baseline 0.002 -16"><span class='ocrx_word' id='word_1_521' title='bbox 2229 2535 2529 2591; x_wconf 88' lang='lat' dir='ltr'><strong>omnesque</strong></span> <span class='ocrx_word' id='word_1_522' title='bbox 2573 2535 2921 2577; x_wconf 84' lang='lat' dir='ltr'><strong>successores</strong></span> <span class='ocrx_word' id='word_1_523' title='bbox 2960 2529 3087 2577; x_wconf 89' lang='lat' dir='ltr'><strong>tuos</strong></span> <span class='ocrx_word' id='word_1_524' title='bbox 3127 2522 3290 2575; x_wconf 85' lang='lat' dir='ltr'><strong>talem</strong></span> <span class='ocrx_word' id='word_1_525' title='bbox 3333 2520 3389 2575; x_wconf 89' lang='lat' dir='ltr'><strong>in</strong></span> <span class='ocrx_word' id='word_1_526' title='bbox 3435 2521 3659 2592; x_wconf 68' lang='lat' dir='ltr'><strong>praefato</strong></span> <span class='ocrx_word' id='word_1_527' title='bbox 3703 2522 3813 2579; x_wconf 84' lang='lat' dir='ltr'><strong>Gi-</strong></span> 
     </span>
    </p>
   </div>
   <div class='ocr_carea' id='block_1_84' title="bbox 2229 2610 3815 2681">
    <p class='ocr_par' dir='ltr' id='par_1_84' title="bbox 2229 2610 3815 2681">
     <span class='ocr_line' id='line_1_84' title="bbox 2229 2610 3815 2681; baseline 0.004 -17"><span class='ocrx_word' id='word_1_528' title='bbox 2229 2612 2439 2681; x_wconf 82' lang='lat' dir='ltr'><strong>gniensi</strong></span> <span class='ocrx_word' id='word_1_529' title='bbox 2476 2611 2807 2665; x_wconf 83' lang='lat' dir='ltr'><strong>monasterio</strong></span> <span class='ocrx_word' id='word_1_530' title='bbox 2851 2619 3174 2680; x_wconf 87' lang='lat' dir='ltr'><strong>potestatem</strong></span> <span class='ocrx_word' id='word_1_531' title='bbox 3219 2610 3421 2667; x_wconf 86' lang='lat' dir='ltr'><strong>habere</strong></span> <span class='ocrx_word' id='word_1_532' title='bbox 3455 2611 3712 2670; x_wconf 81' lang='lat' dir='ltr'><strong>volumus</strong></span> <span class='ocrx_word' id='word_1_533' title='bbox 3750 2622 3815 2671; x_wconf 83' lang='lat' dir='ltr'><strong>et</strong></span> 
     </span>
    </p>
   </div>
   <div class='ocr_carea' id='block_1_85' title="bbox 2228 2698 3813 2768">
    <p class='ocr_par' dir='ltr' id='par_1_85' title="bbox 2228 2698 3813 2768">
     <span class='ocr_line' id='line_1_85' title="bbox 2228 2698 3813 2768; baseline 0.003 -13"><span class='ocrx_word' id='word_1_534' title='bbox 2228 2702 2369 2756; x_wconf 86' lang='lat' dir='ltr'><strong>hanc</strong></span> <span class='ocrx_word' id='word_1_535' title='bbox 2416 2702 2737 2757; x_wconf 86' lang='lat' dir='ltr'><strong>auctoritate</strong></span> <span class='ocrx_word' id='word_1_536' title='bbox 2779 2701 3123 2768; x_wconf 86' lang='lat' dir='ltr'><strong>roboramus,</strong></span> <span class='ocrx_word' id='word_1_537' title='bbox 3163 2702 3368 2757; x_wconf 85' lang='lat' dir='ltr'><strong>scilicet</strong></span> <span class='ocrx_word' id='word_1_538' title='bbox 3398 2711 3457 2758; x_wconf 91' lang='lat' dir='ltr'><strong>ut</strong></span> <span class='ocrx_word' id='word_1_539' title='bbox 3480 2703 3663 2760; x_wconf 90' lang='lat' dir='ltr'><strong>nullus</strong></span> <span class='ocrx_word' id='word_1_540' title='bbox 3699 2698 3813 2760; x_wconf 53' lang='lat' dir='ltr'><strong>Ibi;</strong></span> 
     </span>
    </p>
   </div>
   <div class='ocr_carea' id='block_1_86' title="bbox 2225 2792 3811 2865">
    <p class='ocr_par' dir='ltr' id='par_1_86' title="bbox 2225 2792 3811 2865">
     <span class='ocr_line' id='line_1_86' title="bbox 2225 2792 3811 2865; baseline 0.001 -15"><span class='ocrx_word' id='word_1_541' title='bbox 2225 2796 2345 2850; x_wconf 86' lang='lat' dir='ltr'><strong>dem</strong></span> <span class='ocrx_word' id='word_1_542' title='bbox 2379 2794 2548 2850; x_wconf 85' lang='lat' dir='ltr'><strong>abbas</strong></span> <span class='ocrx_word' id='word_1_543' title='bbox 2580 2794 2810 2865; x_wconf 80' lang='lat' dir='ltr'><strong>eligatur</strong></span> <span class='ocrx_word' id='word_1_544' title='bbox 2830 2801 2925 2849; x_wconf 92' lang='lat' dir='ltr'><strong>aut</strong></span> <span class='ocrx_word' id='word_1_545' title='bbox 2947 2793 3251 2859; x_wconf 88' lang='lat' dir='ltr'><strong>ordinetur,</strong></span> <span class='ocrx_word' id='word_1_546' title='bbox 3278 2792 3386 2848; x_wconf 90' lang='lat' dir='ltr'><strong>nisi</strong></span> <span class='ocrx_word' id='word_1_547' title='bbox 3416 2793 3501 2849; x_wconf 86' lang='lat' dir='ltr'><strong>vel</strong></span> <span class='ocrx_word' id='word_1_548' title='bbox 3525 2794 3641 2864; x_wconf 89' lang='lat' dir='ltr'><strong>ipse</strong></span> <span class='ocrx_word' id='word_1_549' title='bbox 3668 2794 3811 2851; x_wconf 60' lang='lat' dir='ltr'><strong>Clu-</strong></span> 
     </span>
    </p>
   </div>
   <div class='ocr_carea' id='block_1_87' title="bbox 2227 2883 3809 2957">
    <p class='ocr_par' dir='ltr' id='par_1_87' title="bbox 2227 2883 3809 2957">
     <span class='ocr_line' id='line_1_87' title="bbox 2227 2883 3809 2957; baseline 0.003 -18"><span class='ocrx_word' id='word_1_550' title='bbox 2227 2887 2496 2941; x_wconf 73' lang='lat' dir='ltr'><strong>niacensrs</strong></span> <span class='ocrx_word' id='word_1_551' title='bbox 2516 2885 2683 2940; x_wconf 86' lang='lat' dir='ltr'><strong>abbas</strong></span> <span class='ocrx_word' id='word_1_552' title='bbox 2700 2883 2931 2939; x_wconf 76' lang='lat' dir='ltr'><strong>adfuerit</strong></span> <span class='ocrx_word' id='word_1_553' title='bbox 2952 2899 3186 2955; x_wconf 71' lang='lat' dir='ltr'><strong>eumque</strong></span> <span class='ocrx_word' id='word_1_554' title='bbox 3196 2885 3590 2954; x_wconf 78' lang='lat' dir='ltr'><strong>approbaverit,</strong></span> <span class='ocrx_word' id='word_1_555' title='bbox 3603 2886 3689 2940; x_wconf 85' lang='lat' dir='ltr'><strong>vel</strong></span> <span class='ocrx_word' id='word_1_556' title='bbox 3705 2903 3809 2957; x_wconf 81' lang='lat' dir='ltr'><strong>per</strong></span> 
     </span>
    </p>
   </div>
   <div class='ocr_carea' id='block_1_88' title="bbox 2225 2974 3806 3047">
    <p class='ocr_par' dir='ltr' id='par_1_88' title="bbox 2225 2974 3806 3047">
     <span class='ocr_line' id='line_1_88' title="bbox 2225 2974 3806 3047; baseline 0.001 -16"><span class='ocrx_word' id='word_1_557' title='bbox 2225 2977 2455 3045; x_wconf 78' lang='lat' dir='ltr'><strong>legatum</strong></span> <span class='ocrx_word' id='word_1_558' title='bbox 2479 2991 2636 3031; x_wconf 90' lang='lat' dir='ltr'><strong>suum</strong></span> <span class='ocrx_word' id='word_1_559' title='bbox 2661 2974 2956 3031; x_wconf 86' lang='lat' dir='ltr'><strong>secundum</strong></span> <span class='ocrx_word' id='word_1_560' title='bbox 2972 2975 3220 3029; x_wconf 83' lang='lat' dir='ltr'><strong>timorem</strong></span> <span class='ocrx_word' id='word_1_561' title='bbox 3236 2974 3330 3028; x_wconf 89' lang='lat' dir='ltr'><strong>Dei</strong></span> <span class='ocrx_word' id='word_1_562' title='bbox 3350 2990 3637 3031; x_wconf 83' lang='lat' dir='ltr'><strong>assensum</strong></span> <span class='ocrx_word' id='word_1_563' title='bbox 3660 2991 3806 3047; x_wconf 77' lang='lat' dir='ltr'><strong>pra:-</strong></span> 
     </span>
    </p>
   </div>
   <div class='ocr_carea' id='block_1_89' title="bbox 2224 3060 3799 3136">
    <p class='ocr_par' dir='ltr' id='par_1_89' title="bbox 2224 3060 3799 3136">
     <span class='ocr_line' id='line_1_89' title="bbox 2224 3060 3799 3136; baseline 0.001 -15"><span class='ocrx_word' id='word_1_564' title='bbox 2224 3067 2419 3122; x_wconf 86' lang='lat' dir='ltr'><strong>bnerit.</strong></span> <span class='ocrx_word' id='word_1_565' title='bbox 2438 3064 2497 3119; x_wconf 90' lang='lat' dir='ltr'><strong>Si</strong></span> <span class='ocrx_word' id='word_1_566' title='bbox 2528 3066 2653 3136; x_wconf 83' lang='lat' dir='ltr'><strong>quis</strong></span> <span class='ocrx_word' id='word_1_567' title='bbox 2675 3074 2852 3120; x_wconf 86' lang='lat' dir='ltr'><strong>autem</strong></span> <span class='ocrx_word' id='word_1_568' title='bbox 2885 3079 3097 3135; x_wconf 78' lang='lat' dir='ltr'><strong>regum,</strong></span> <span class='ocrx_word' id='word_1_569' title='bbox 3121 3060 3548 3133; x_wconf 73' lang='lat' dir='ltr'><strong>imperatorum,</strong></span> <span class='ocrx_word' id='word_1_570' title='bbox 3572 3066 3799 3133; x_wconf 85' lang='lat' dir='ltr'><strong>ducum,</strong></span> 
     </span>
    </p>
   </div>
   <div class='ocr_carea' id='block_1_90' title="bbox 2223 3155 3802 3226">
    <p class='ocr_par' dir='ltr' id='par_1_90' title="bbox 2223 3155 3802 3226">
     <span class='ocr_line' id='line_1_90' title="bbox 2223 3155 3802 3226; baseline -0.002 -13"><span class='ocrx_word' id='word_1_571' title='bbox 2223 3158 2518 3222; x_wconf 88' lang='lat' dir='ltr'><strong>comitum,</strong></span> <span class='ocrx_word' id='word_1_572' title='bbox 2563 3171 2658 3211; x_wconf 89' lang='lat' dir='ltr'><strong>seu</strong></span> <span class='ocrx_word' id='word_1_573' title='bbox 2696 3156 2948 3226; x_wconf 71' lang='lat' dir='ltr'><strong>qnzelibet</strong></span> <span class='ocrx_word' id='word_1_574' title='bbox 2990 3155 3216 3210; x_wconf 78' lang='lat' dir='ltr'><strong>omnino</strong></span> <span class='ocrx_word' id='word_1_575' title='bbox 3264 3169 3460 3225; x_wconf 80' lang='lat' dir='ltr'><strong>magna</strong></span> <span class='ocrx_word' id='word_1_576' title='bbox 3509 3155 3595 3209; x_wconf 83' lang='lat' dir='ltr'><strong>vel</strong></span> <span class='ocrx_word' id='word_1_577' title='bbox 3631 3171 3802 3226; x_wconf 81' lang='lat' dir='ltr'><strong>parva</strong></span> 
     </span>
    </p>
   </div>
   <div class='ocr_carea' id='block_1_91' title="bbox 2223 3245 3805 3319">
    <p class='ocr_par' dir='ltr' id='par_1_91' title="bbox 2223 3245 3805 3319">
     <span class='ocr_line' id='line_1_91' title="bbox 2223 3245 3805 3319; baseline 0 -18"><span class='ocrx_word' id='word_1_578' title='bbox 2223 3262 2477 3318; x_wconf 85' lang='lat' dir='ltr'><strong>persona,</strong></span> <span class='ocrx_word' id='word_1_579' title='bbox 2496 3247 2659 3315; x_wconf 90' lang='lat' dir='ltr'><strong>hujus</strong></span> <span class='ocrx_word' id='word_1_580' title='bbox 2676 3247 2846 3302; x_wconf 87' lang='lat' dir='ltr'><strong>nostri</strong></span> <span class='ocrx_word' id='word_1_581' title='bbox 2882 3247 3132 3316; x_wconf 64' lang='lat' dir='ltr'><strong>praecepti</strong></span> <span class='ocrx_word' id='word_1_582' title='bbox 3155 3245 3493 3301; x_wconf 88' lang='lat' dir='ltr'><strong>sanctionem</strong></span> <span class='ocrx_word' id='word_1_583' title='bbox 3517 3246 3805 3319; x_wconf 75' lang='lat' dir='ltr'><strong>violaverit</strong></span> 
     </span>
    </p>
   </div>
   <div class='ocr_carea' id='block_1_92' title="bbox 2223 3336 3800 3408">
    <p class='ocr_par' dir='ltr' id='par_1_92' title="bbox 2223 3336 3800 3408">
     <span class='ocr_line' id='line_1_92' title="bbox 2223 3336 3800 3408; baseline -0.001 -14"><span class='ocrx_word' id='word_1_584' title='bbox 2223 3350 2277 3394; x_wconf 90' lang='lat' dir='ltr'><strong>ct</strong></span> <span class='ocrx_word' id='word_1_585' title='bbox 2318 3337 2611 3408; x_wconf 78' lang='lat' dir='ltr'><strong>infringere</strong></span> <span class='ocrx_word' id='word_1_586' title='bbox 2641 3353 2807 3392; x_wconf 85' lang='lat' dir='ltr'><strong>ausus</strong></span> <span class='ocrx_word' id='word_1_587' title='bbox 2849 3336 3030 3403; x_wconf 72' lang='lat' dir='ltr'><strong>fuerit,</strong></span> <span class='ocrx_word' id='word_1_588' title='bbox 3052 3337 3226 3391; x_wconf 89' lang='lat' dir='ltr'><strong>donec</strong></span> <span class='ocrx_word' id='word_1_589' title='bbox 3267 3336 3363 3389; x_wconf 66' lang='lat' dir='ltr'><strong>tibi</strong></span> <span class='ocrx_word' id='word_1_590' title='bbox 3412 3347 3507 3393; x_wconf 87' lang='lat' dir='ltr'><strong>aut</strong></span> <span class='ocrx_word' id='word_1_591' title='bbox 3537 3337 3645 3393; x_wconf 90' lang='lat' dir='ltr'><strong>tuis</strong></span> <span class='ocrx_word' id='word_1_592' title='bbox 3671 3352 3800 3393; x_wconf 86' lang='lat' dir='ltr'><strong>suc-</strong></span> 
     </span>
    </p>
   </div>
   <div class='ocr_carea' id='block_1_93' title="bbox 2223 3427 3796 3506">
    <p class='ocr_par' dir='ltr' id='par_1_93' title="bbox 2223 3427 3796 3506">
     <span class='ocr_line' id='line_1_93' title="bbox 2223 3427 3796 3506; baseline -0.001 -21"><span class='ocrx_word' id='word_1_593' title='bbox 2223 3429 2533 3485; x_wconf 75' lang='lat' dir='ltr'><strong>cessat-ibus</strong></span> <span class='ocrx_word' id='word_1_594' title='bbox 2546 3427 3200 3500; x_wconf 76' lang='lat' dir='ltr'><strong>satisfeceritdiguamque</strong></span> <span class='ocrx_word' id='word_1_595' title='bbox 3209 3427 3587 3506; x_wconf 63' lang='lat' dir='ltr'><strong>putritentiam</strong></span> <span class='ocrx_word' id='word_1_596' title='bbox 3601 3430 3796 3499; x_wconf 80' lang='lat' dir='ltr'><strong>egerit,</strong></span> 
     </span>
    </p>
   </div>
   <div class='ocr_carea' id='block_1_94' title="bbox 2224 3516 3794 3589">
    <p class='ocr_par' dir='ltr' id='par_1_94' title="bbox 2224 3516 3794 3589">
     <span class='ocr_line' id='line_1_94' title="bbox 2224 3516 3794 3589; baseline -0.001 -14"><span class='ocrx_word' id='word_1_597' title='bbox 2224 3537 2349 3575; x_wconf 87' lang='lat' dir='ltr'><strong>eum</strong></span> <span class='ocrx_word' id='word_1_598' title='bbox 2370 3537 2399 3574; x_wconf 90' lang='lat' dir='ltr'><strong>a</strong></span> <span class='ocrx_word' id='word_1_599' title='bbox 2413 3527 2762 3575; x_wconf 88' lang='lat' dir='ltr'><strong>sacrosancto</strong></span> <span class='ocrx_word' id='word_1_600' title='bbox 2777 3520 3010 3589; x_wconf 75' lang='lat' dir='ltr'><strong>corpore</strong></span> <span class='ocrx_word' id='word_1_601' title='bbox 3039 3516 3426 3583; x_wconf 80' lang='lat' dir='ltr'><strong>Domim,ve1ut</strong></span> <span class='ocrx_word' id='word_1_602' title='bbox 3448 3518 3794 3588; x_wconf 76' lang='lat' dir='ltr'><strong>sacrilegum,</strong></span> 
     </span>
    </p>
   </div>
   <div class='ocr_carea' id='block_1_95' title="bbox 2224 3607 3759 3678">
    <p class='ocr_par' dir='ltr' id='par_1_95' title="bbox 2224 3607 3759 3678">
     <span class='ocr_line' id='line_1_95' title="bbox 2224 3607 3759 3678; baseline -0.001 -13"><span class='ocrx_word' id='word_1_603' title='bbox 2224 3626 2587 3674; x_wconf 79' lang='lat' dir='ltr'><strong>removemus,</strong></span> <span class='ocrx_word' id='word_1_604' title='bbox 2619 3618 2673 3663; x_wconf 89' lang='lat' dir='ltr'><strong>et</strong></span> <span class='ocrx_word' id='word_1_605' title='bbox 2710 3609 3004 3678; x_wconf 85' lang='lat' dir='ltr'><strong>apostolica</strong></span> <span class='ocrx_word' id='word_1_606' title='bbox 3034 3608 3352 3663; x_wconf 80' lang='lat' dir='ltr'><strong>auctoritate</strong></span> <span class='ocrx_word' id='word_1_607' title='bbox 3382 3607 3759 3678; x_wconf 79' lang='lat' dir='ltr'><strong>prohibemus.</strong></span> 
     </span>
    </p>
   </div>
   <div class='ocr_carea' id='block_1_96' title="bbox 2295 3696 3796 3771">
    <p class='ocr_par' dir='ltr' id='par_1_96' title="bbox 2295 3696 3796 3771">
     <span class='ocr_line' id='line_1_96' title="bbox 2295 3696 3796 3771; baseline -0.001 -18"><span class='ocrx_word' id='word_1_608' title='bbox 2295 3700 2488 3755; x_wconf 82' lang='lat' dir='ltr'><strong>Datum</strong></span> <span class='ocrx_word' id='word_1_609' title='bbox 2526 3698 2846 3764; x_wconf 84' lang='lat' dir='ltr'><strong>Laterauis,</strong></span> <span class='ocrx_word' id='word_1_610' title='bbox 2887 3698 3079 3768; x_wconf 86' lang='lat' dir='ltr'><strong>quinto</strong></span> <span class='ocrx_word' id='word_1_611' title='bbox 3127 3696 3252 3752; x_wconf 88' lang='lat' dir='ltr'><strong>ldus</strong></span> <span class='ocrx_word' id='word_1_612' title='bbox 3302 3696 3647 3765; x_wconf 82' lang='lat' dir='ltr'><strong>Decembris,</strong></span> <span class='ocrx_word' id='word_1_613' title='bbox 3697 3714 3796 3771; x_wconf 81' lang='lat' dir='ltr'><strong>per</strong></span> 
     </span>
    </p>
   </div>
   <div class='ocr_carea' id='block_1_97' title="bbox 2224 3787 3788 3869">
    <p class='ocr_par' dir='ltr' id='par_1_97' title="bbox 2224 3787 3788 3869">
     <span class='ocr_line' id='line_1_97' title="bbox 2224 3787 3788 3869; baseline -0.003 -22"><span class='ocrx_word' id='word_1_614' title='bbox 2224 3807 2418 3848; x_wconf 81' lang='lat' dir='ltr'><strong>manus</strong></span> <span class='ocrx_word' id='word_1_615' title='bbox 2456 3790 2621 3853; x_wconf 84' lang='lat' dir='ltr'><strong>Petri,</strong></span> <span class='ocrx_word' id='word_1_616' title='bbox 2652 3798 2853 3846; x_wconf 80' lang='lat' dir='ltr'><strong>sanctae</strong></span> <span class='ocrx_word' id='word_1_617' title='bbox 2882 3789 3141 3844; x_wconf 80' lang='lat' dir='ltr'><strong>Retnatue</strong></span> <span class='ocrx_word' id='word_1_618' title='bbox 3180 3787 3435 3843; x_wconf 75' lang='lat' dir='ltr'><strong>Ecclesia:</strong></span> <span class='ocrx_word' id='word_1_619' title='bbox 3471 3788 3788 3869; x_wconf 67' lang='lat' dir='ltr'><strong>presbyteri,</strong></span> 
     </span>
    </p>
   </div>
   <div class='ocr_carea' id='block_1_98' title="bbox 2224 3879 3791 3949">
    <p class='ocr_par' dir='ltr' id='par_1_98' title="bbox 2224 3879 3791 3949">
     <span class='ocr_line' id='line_1_98' title="bbox 2224 3879 3791 3949; baseline 0.001 -15"><span class='ocrx_word' id='word_1_620' title='bbox 2224 3881 2514 3937; x_wconf 82' lang='lat' dir='ltr'><strong>cardinalis</strong></span> <span class='ocrx_word' id='word_1_621' title='bbox 2534 3898 2597 3936; x_wconf 81' lang='lat' dir='ltr'><strong>ac</strong></span> <span class='ocrx_word' id='word_1_622' title='bbox 2627 3880 3043 3946; x_wconf 88' lang='lat' dir='ltr'><strong>bibliothecarii,</strong></span> <span class='ocrx_word' id='word_1_623' title='bbox 3067 3894 3211 3934; x_wconf 88' lang='lat' dir='ltr'><strong>anno</strong></span> <span class='ocrx_word' id='word_1_624' title='bbox 3231 3886 3426 3948; x_wconf 85' lang='lat' dir='ltr'><strong>quarto</strong></span> <span class='ocrx_word' id='word_1_625' title='bbox 3447 3879 3791 3949; x_wconf 77' lang='lat' dir='ltr'><strong>pontiﬁcatus</strong></span> 
     </span>
    </p>
   </div>
   <div class='ocr_carea' id='block_1_99' title="bbox 2223 3967 3785 4043">
    <p class='ocr_par' dir='ltr' id='par_1_99' title="bbox 2223 3967 3785 4043">
     <span class='ocr_line' id='line_1_99' title="bbox 2223 3967 3785 4043; baseline 0.001 -19"><span class='ocrx_word' id='word_1_626' title='bbox 2223 3969 2405 4024; x_wconf 84' lang='lat' dir='ltr'><strong>domui</strong></span> <span class='ocrx_word' id='word_1_627' title='bbox 2428 3970 2672 4043; x_wconf 72' lang='lat' dir='ltr'><strong>Gregorii</strong></span> <span class='ocrx_word' id='word_1_628' title='bbox 2694 3985 2844 4040; x_wconf 67' lang='lat' dir='ltr'><strong>papa:</strong></span> <span class='ocrx_word' id='word_1_629' title='bbox 2867 3969 3103 4039; x_wconf 82' lang='lat' dir='ltr'><strong>septimi,</strong></span> <span class='ocrx_word' id='word_1_630' title='bbox 3126 3968 3313 4023; x_wconf 85' lang='lat' dir='ltr'><strong>indict.</strong></span> <span class='ocrx_word' id='word_1_631' title='bbox 3342 3967 3551 4024; x_wconf 82' lang='lat' dir='ltr'><strong>decima</strong></span> <span class='ocrx_word' id='word_1_632' title='bbox 3571 3976 3785 4040; x_wconf 80' lang='lat' dir='ltr'><strong>quarta.</strong></span> 
     </span>
    </p>
   </div>
   <div class='ocr_carea' id='block_1_100' title="bbox 2294 4060 2652 4116">
    <p class='ocr_par' dir='ltr' id='par_1_100' title="bbox 2294 4060 2652 4116">
     <span class='ocr_line' id='line_1_100' title="bbox 2294 4060 2652 4116; baseline 0.003 -2"><span class='ocrx_word' id='word_1_633' title='bbox 2294 4060 2436 4115; x_wconf 83' lang='lat' dir='ltr'><strong>Bene</strong></span> <span class='ocrx_word' id='word_1_634' title='bbox 2463 4061 2652 4116; x_wconf 80' lang='lat' dir='ltr'><strong>valete.</strong></span> 
     </span>
    </p>
   </div>
   <div class='ocr_carea' id='block_1_101' title="bbox 2337 4124 3093 4183">
    <p class='ocr_par' dir='ltr' id='par_1_101' title="bbox 2337 4124 3093 4183">
     <span class='ocr_line' id='line_1_101' title="bbox 2337 4124 3093 4183; baseline 0 0"><span class='ocrx_word' id='word_1_635' title='bbox 2337 4124 2354 4139; x_wconf 85' lang='grc'><em>’</em></span> <span class='ocrx_word' id='word_1_636' title='bbox 2906 4126 3093 4183; x_wconf 76' lang='lat' dir='ltr'><strong>XXIII.</strong></span> 
     </span>
    </p>
   </div>
   <div class='ocr_carea' id='block_1_102' title="bbox 2227 4215 3784 4292">
    <p class='ocr_par' dir='ltr' id='par_1_102' title="bbox 2227 4215 3784 4292">
     <span class='ocr_line' id='line_1_102' title="bbox 2227 4215 3784 4292; baseline -0.001 -16"><span class='ocrx_word' id='word_1_637' title='bbox 2227 4222 2507 4292; x_wconf 72' lang='lat' dir='ltr'><strong>Gregorius</strong></span> <span class='ocrx_word' id='word_1_638' title='bbox 2572 4220 2685 4274; x_wconf 79' lang='lat' dir='ltr'><strong>I’II</strong></span> <span class='ocrx_word' id='word_1_639' title='bbox 2731 4222 3038 4292; x_wconf 66' lang='lat' dir='ltr'><strong>utendam-ii</strong></span> <span class='ocrx_word' id='word_1_640' title='bbox 3090 4218 3147 4273; x_wconf 89' lang='lat' dir='ltr'><strong>S.</strong></span> <span class='ocrx_word' id='word_1_641' title='bbox 3180 4218 3341 4292; x_wconf 70' lang='grc' dir='ltr'><strong>ΔΡιεινὶ</strong></span> <span class='ocrx_word' id='word_1_642' title='bbox 3390 4215 3784 4275; x_wconf 65' lang='grc' dir='ltr'><strong>αοηίιοδείειιςείε</strong></span> 
     </span>
    </p>
   </div>
   <div class='ocr_carea' id='block_1_103' title="bbox 2677 4288 3361 4360">
    <p class='ocr_par' dir='ltr' id='par_1_103' title="bbox 2677 4288 3361 4360">
     <span class='ocr_line' id='line_1_103' title="bbox 2677 4288 3361 4360; baseline 0 -18"><span class='ocrx_word' id='word_1_643' title='bbox 2677 4291 3023 4360; x_wconf 71' lang='lat' dir='ltr'><strong>possessiones</strong></span> <span class='ocrx_word' id='word_1_644' title='bbox 3061 4288 3361 4358; x_wconf 79' lang='lat' dir='ltr'><strong>conﬁrmat.</strong></span> 
     </span>
    </p>
   </div>
   <div class='ocr_carea' id='block_1_104' title="bbox 2628 4365 3216 4439">
    <p class='ocr_par' dir='ltr' id='par_1_104' title="bbox 2628 4365 3216 4439">
     <span class='ocr_line' id='line_1_104' title="bbox 2628 4365 3216 4439; baseline -0.003 0"><span class='ocrx_word' id='word_1_645' title='bbox 2628 4418 2634 4425; x_wconf 65' lang='grc' dir='ltr'>ι</span> <span class='ocrx_word' id='word_1_646' title='bbox 2796 4366 2977 4439; x_wconf 64' lang='lat' dir='ltr'><strong>(A0110</strong></span> <span class='ocrx_word' id='word_1_647' title='bbox 2998 4437 3006 4439; x_wconf 31' lang='grc' dir='ltr'><strong><em>μ</em></strong></span> <span class='ocrx_word' id='word_1_648' title='bbox 3034 4365 3216 4439; x_wconf 64' lang='grc' dir='ltr'><strong>Ψῖδτ)</strong></span> 
     </span>
    </p>
   </div>
   <div class='ocr_carea' id='block_1_105' title="bbox 2364 4433 3676 4509">
    <p class='ocr_par' dir='ltr' id='par_1_105' title="bbox 2364 4433 3676 4509">
     <span class='ocr_line' id='line_1_105' title="bbox 2364 4433 3676 4509; baseline -0.003 -18"><span class='ocrx_word' id='word_1_649' title='bbox 2364 4437 2541 4509; x_wconf 71' lang='lat' dir='ltr'><strong>[Apud</strong></span> <span class='ocrx_word' id='word_1_650' title='bbox 2565 4433 2875 4503; x_wconf 57' lang='lat' dir='ltr'><strong>Acuentc&#39;u,</strong></span> <span class='ocrx_word' id='word_1_651' title='bbox 2913 4433 3349 4507; x_wconf 78' lang='lat' dir='ltr'><strong>Spicilegiitom.</strong></span> <span class='ocrx_word' id='word_1_652' title='bbox 3387 4433 3462 4501; x_wconf 89' lang='lat' dir='ltr'><strong>II,</strong></span> <span class='ocrx_word' id='word_1_653' title='bbox 3497 4434 3676 4508; x_wconf 60' lang='lat' dir='ltr'><strong>58L].</strong></span> 
     </span>
    </p>
   </div>
   <div class='ocr_carea' id='block_1_106' title="bbox 2292 4524 3773 4597">
    <p class='ocr_par' dir='ltr' id='par_1_106' title="bbox 2292 4524 3773 4597">
     <span class='ocr_line' id='line_1_106' title="bbox 2292 4524 3773 4597; baseline -0.003 -14"><span class='ocrx_word' id='word_1_654' title='bbox 2292 4528 2599 4583; x_wconf 72' lang='lat' dir='ltr'><strong>Gnccomus</strong></span> <span class='ocrx_word' id='word_1_655' title='bbox 2632 4529 2941 4597; x_wconf 84' lang='lat' dir='ltr'><strong>episc0pus,</strong></span> <span class='ocrx_word' id='word_1_656' title='bbox 2964 4541 3155 4581; x_wconf 83' lang='lat' dir='ltr'><strong>servus</strong></span> <span class='ocrx_word' id='word_1_657' title='bbox 3191 4540 3474 4580; x_wconf 82' lang='lat' dir='ltr'><strong>servorum</strong></span> <span class='ocrx_word' id='word_1_658' title='bbox 3501 4524 3619 4591; x_wconf 83' lang='lat' dir='ltr'><strong>Dei,</strong></span> <span class='ocrx_word' id='word_1_659' title='bbox 3647 4526 3773 4580; x_wconf 79' lang='lat' dir='ltr'><strong>dile-</strong></span> 
     </span>
    </p>
   </div>
   <div class='ocr_carea' id='block_1_107' title="bbox 2151 4614 3774 4692">
    <p class='ocr_par' dir='ltr' id='par_1_107' title="bbox 2151 4614 3774 4692">
     <span class='ocr_line' id='line_1_107' title="bbox 2151 4614 3774 4692; baseline -0.004 -17"><span class='ocrx_word' id='word_1_660' title='bbox 2151 4638 2196 4692; x_wconf 80' lang='lat' dir='ltr'><strong>D</strong></span> <span class='ocrx_word' id='word_1_661' title='bbox 2219 4629 2308 4676; x_wconf 89' lang='lat' dir='ltr'><strong>cto</strong></span> <span class='ocrx_word' id='word_1_662' title='bbox 2350 4620 2405 4674; x_wconf 92' lang='lat' dir='ltr'><strong>in</strong></span> <span class='ocrx_word' id='word_1_663' title='bbox 2455 4617 2676 4675; x_wconf 87' lang='lat' dir='ltr'><strong>Christo</strong></span> <span class='ocrx_word' id='word_1_664' title='bbox 2741 4617 2852 4672; x_wconf 85' lang='lat' dir='ltr'><strong>ﬁlio</strong></span> <span class='ocrx_word' id='word_1_665' title='bbox 2896 4616 3188 4671; x_wconf 65' lang='lat' dir='ltr'><strong>Rawcnno</strong></span> <span class='ocrx_word' id='word_1_666' title='bbox 3240 4614 3426 4690; x_wconf 79' lang='lat' dir='ltr'><strong>abbati</strong></span> <span class='ocrx_word' id='word_1_667' title='bbox 3471 4614 3774 4669; x_wconf 80' lang='lat' dir='ltr'><strong>monasterii</strong></span> 
     </span>
    </p>
   </div>
   <div class='ocr_carea' id='block_1_108' title="bbox 2225 4704 3774 4779">
    <p class='ocr_par' dir='ltr' id='par_1_108' title="bbox 2225 4704 3774 4779">
     <span class='ocr_line' id='line_1_108' title="bbox 2225 4704 3774 4779; baseline -0.005 -12"><span class='ocrx_word' id='word_1_668' title='bbox 2225 4710 2407 4767; x_wconf 89' lang='lat' dir='ltr'><strong>Sancti</strong></span> <span class='ocrx_word' id='word_1_669' title='bbox 2434 4710 2578 4765; x_wconf 85' lang='lat' dir='ltr'><strong>Petri</strong></span> <span class='ocrx_word' id='word_1_670' title='bbox 2605 4710 2691 4764; x_wconf 90' lang='lat' dir='ltr'><strong>siti</strong></span> <span class='ocrx_word' id='word_1_671' title='bbox 2721 4710 2775 4764; x_wconf 91' lang='lat' dir='ltr'><strong>in</strong></span> <span class='ocrx_word' id='word_1_672' title='bbox 2804 4710 2925 4765; x_wconf 90' lang='lat' dir='ltr'><strong>loco</strong></span> <span class='ocrx_word' id='word_1_673' title='bbox 2945 4707 3042 4779; x_wconf 88' lang='lat' dir='ltr'><strong>qui</strong></span> <span class='ocrx_word' id='word_1_674' title='bbox 3061 4706 3260 4763; x_wconf 88' lang='lat' dir='ltr'><strong>dicitur</strong></span> <span class='ocrx_word' id='word_1_675' title='bbox 3277 4704 3616 4771; x_wconf 84' lang='lat' dir='ltr'><strong>Condomus,</strong></span> <span class='ocrx_word' id='word_1_676' title='bbox 3637 4704 3774 4761; x_wconf 65' lang='lat' dir='ltr'><strong>suis»</strong></span> 
     </span>
    </p>
   </div>
   <div class='ocr_carea' id='block_1_109' title="bbox 2222 4798 3220 4870">
    <p class='ocr_par' dir='ltr' id='par_1_109' title="bbox 2222 4798 3220 4870">
     <span class='ocr_line' id='line_1_109' title="bbox 2222 4798 3220 4870; baseline -0.006 -15"><span class='ocrx_word' id='word_1_677' title='bbox 2222 4816 2328 4870; x_wconf 82' lang='lat' dir='ltr'><strong>quo</strong></span> <span class='ocrx_word' id='word_1_678' title='bbox 2354 4799 2762 4855; x_wconf 79' lang='lat' dir='ltr'><strong>successoribus</strong></span> <span class='ocrx_word' id='word_1_679' title='bbox 2783 4798 2839 4852; x_wconf 91' lang='lat' dir='ltr'><strong>in</strong></span> <span class='ocrx_word' id='word_1_680' title='bbox 2882 4803 3220 4868; x_wconf 88' lang='lat' dir='ltr'><strong>perpetuum.</strong></span> 
     </span>
    </p>
   </div>
   <div class='ocr_carea' id='block_1_110' title="bbox 2296 4884 3772 4959">
    <p class='ocr_par' dir='ltr' id='par_1_110' title="bbox 2296 4884 3772 4959">
     <span class='ocr_line' id='line_1_110' title="bbox 2296 4884 3772 4959; baseline -0.001 -16"><span class='ocrx_word' id='word_1_681' title='bbox 2296 4888 2555 4959; x_wconf 61' lang='lat' dir='ltr'><strong>Supernae</strong></span> <span class='ocrx_word' id='word_1_682' title='bbox 2578 4887 2947 4944; x_wconf 86' lang='lat' dir='ltr'><strong>miserationis</strong></span> <span class='ocrx_word' id='word_1_683' title='bbox 2981 4893 3225 4955; x_wconf 85' lang='lat' dir='ltr'><strong>respectu</strong></span> <span class='ocrx_word' id='word_1_684' title='bbox 3249 4884 3317 4940; x_wconf 89' lang='lat' dir='ltr'><strong>ad</strong></span> <span class='ocrx_word' id='word_1_685' title='bbox 3338 4885 3445 4940; x_wconf 83' lang='lat' dir='ltr'><strong>hoc</strong></span> <span class='ocrx_word' id='word_1_686' title='bbox 3465 4884 3772 4941; x_wconf 78' lang='lat' dir='ltr'><strong>universalis</strong></span> 
     </span>
    </p>
   </div>
   <div class='ocr_carea' id='block_1_111' title="bbox 2186 4972 3772 5045">
    <p class='ocr_par' dir='ltr' id='par_1_111' title="bbox 2186 4972 3772 5045">
     <span class='ocr_line' id='line_1_111' title="bbox 2186 4972 3772 5045; baseline -0.004 -12"><span class='ocrx_word' id='word_1_687' title='bbox 2186 4992 2190 4999; x_wconf 79' lang='lat'><em>‘</em></span> <span class='ocrx_word' id='word_1_688' title='bbox 2220 4978 2475 5033; x_wconf 77' lang='lat' dir='ltr'><strong>Ecclesiae</strong></span> <span class='ocrx_word' id='word_1_689' title='bbox 2495 4993 2683 5033; x_wconf 89' lang='lat' dir='ltr'><strong>curam</strong></span> <span class='ocrx_word' id='word_1_690' title='bbox 2711 4975 3071 5045; x_wconf 82' lang='lat' dir='ltr'><strong>suscepimus,</strong></span> <span class='ocrx_word' id='word_1_691' title='bbox 3116 4981 3173 5028; x_wconf 87' lang='lat' dir='ltr'><strong>et</strong></span> <span class='ocrx_word' id='word_1_692' title='bbox 3212 4972 3499 5042; x_wconf 85' lang='lat' dir='ltr'><strong>apostolici</strong></span> <span class='ocrx_word' id='word_1_693' title='bbox 3538 4973 3772 5027; x_wconf 82' lang='lat' dir='ltr'><strong>modera-</strong></span> 
     </span>
    </p>
   </div>
   <div class='ocr_carea' id='block_1_112' title="bbox 2219 5063 3769 5137">
    <p class='ocr_par' dir='ltr' id='par_1_112' title="bbox 2219 5063 3769 5137">
     <span class='ocr_line' id='line_1_112' title="bbox 2219 5063 3769 5137; baseline -0.002 -14"><span class='ocrx_word' id='word_1_694' title='bbox 2219 5069 2383 5125; x_wconf 89' lang='lat' dir='ltr'><strong>minis</strong></span> <span class='ocrx_word' id='word_1_695' title='bbox 2419 5069 2833 5124; x_wconf 83' lang='lat' dir='ltr'><strong>sollicitudinem</strong></span> <span class='ocrx_word' id='word_1_696' title='bbox 2874 5066 3133 5137; x_wconf 80' lang='lat' dir='ltr'><strong>gerimus,</strong></span> <span class='ocrx_word' id='word_1_697' title='bbox 3175 5072 3235 5119; x_wconf 91' lang='lat' dir='ltr'><strong>ut</strong></span> <span class='ocrx_word' id='word_1_698' title='bbox 3253 5063 3418 5135; x_wconf 89' lang='lat' dir='ltr'><strong>justis</strong></span> <span class='ocrx_word' id='word_1_699' title='bbox 3444 5064 3769 5134; x_wconf 81' lang='lat' dir='ltr'><strong>precantium</strong></span> 
     </span>
    </p>
   </div>
   <div class='ocr_carea' id='block_1_113' title="bbox 2218 5155 3769 5227">
    <p class='ocr_par' dir='ltr' id='par_1_113' title="bbox 2218 5155 3769 5227">
     <span class='ocr_line' id='line_1_113' title="bbox 2218 5155 3769 5227; baseline -0.001 -13"><span class='ocrx_word' id='word_1_700' title='bbox 2218 5160 2361 5215; x_wconf 76' lang='lat' dir='ltr'><strong>votis</strong></span> <span class='ocrx_word' id='word_1_701' title='bbox 2404 5168 2606 5213; x_wconf 86' lang='lat' dir='ltr'><strong>attenta</strong></span> <span class='ocrx_word' id='word_1_702' title='bbox 2662 5157 2992 5227; x_wconf 70' lang='lat' dir='ltr'><strong>benignitate</strong></span> <span class='ocrx_word' id='word_1_703' title='bbox 3045 5156 3343 5222; x_wconf 84' lang='lat' dir='ltr'><strong>faveamus,</strong></span> <span class='ocrx_word' id='word_1_704' title='bbox 3398 5165 3455 5211; x_wconf 87' lang='lat' dir='ltr'><strong>et</strong></span> <span class='ocrx_word' id='word_1_705' title='bbox 3497 5155 3769 5212; x_wconf 78' lang='lat' dir='ltr'><strong>libramine</strong></span> 
     </span>
    </p>
   </div>
   <div class='ocr_carea' id='block_1_114' title="bbox 2219 5244 3763 5320">
    <p class='ocr_par' dir='ltr' id='par_1_114' title="bbox 2219 5244 3763 5320">
     <span class='ocr_line' id='line_1_114' title="bbox 2219 5244 3763 5320; baseline -0.003 -15"><span class='ocrx_word' id='word_1_706' title='bbox 2219 5249 2489 5320; x_wconf 58' lang='lat' dir='ltr'><strong>arquitatis</strong></span> <span class='ocrx_word' id='word_1_707' title='bbox 2529 5248 2782 5303; x_wconf 88' lang='lat' dir='ltr'><strong>omnibus</strong></span> <span class='ocrx_word' id='word_1_708' title='bbox 2821 5248 2876 5301; x_wconf 92' lang='lat' dir='ltr'><strong>in</strong></span> <span class='ocrx_word' id='word_1_709' title='bbox 2912 5246 3231 5302; x_wconf 82' lang='lat' dir='ltr'><strong>necessitate</strong></span> <span class='ocrx_word' id='word_1_710' title='bbox 3260 5244 3478 5315; x_wconf 84' lang='lat' dir='ltr'><strong>positis,</strong></span> <span class='ocrx_word' id='word_1_711' title='bbox 3519 5253 3763 5315; x_wconf 85' lang='lat' dir='ltr'><strong>quantum</strong></span> 
     </span>
    </p>
   </div>
   <div class='ocr_carea' id='block_1_115' title="bbox 2222 5332 3760 5409">
    <p class='ocr_par' dir='ltr' id='par_1_115' title="bbox 2222 5332 3760 5409">
     <span class='ocr_line' id='line_1_115' title="bbox 2222 5332 3760 5409; baseline -0.003 -15"><span class='ocrx_word' id='word_1_712' title='bbox 2222 5340 2331 5394; x_wconf 86' lang='lat' dir='ltr'><strong>Deo</strong></span> <span class='ocrx_word' id='word_1_713' title='bbox 2387 5339 2622 5395; x_wconf 83' lang='lat' dir='ltr'><strong>donante</strong></span> <span class='ocrx_word' id='word_1_714' title='bbox 2702 5353 2991 5409; x_wconf 84' lang='lat' dir='ltr'><strong>possumus</strong></span> <span class='ocrx_word' id='word_1_715' title='bbox 3014 5378 3029 5396; x_wconf 90' lang='lat'><strong>.</strong></span> <span class='ocrx_word' id='word_1_716' title='bbox 3093 5334 3381 5391; x_wconf 83' lang='lat' dir='ltr'><strong>subvenire</strong></span> <span class='ocrx_word' id='word_1_717' title='bbox 3459 5332 3760 5390; x_wconf 82' lang='lat' dir='ltr'><strong>debeamus.</strong></span> 
     </span>
    </p>
   </div>
   <div class='ocr_carea' id='block_1_116' title="bbox 2220 5421 3758 5501">
    <p class='ocr_par' dir='ltr' id='par_1_116' title="bbox 2220 5421 3758 5501">
     <span class='ocr_line' id='line_1_116' title="bbox 2220 5421 3758 5501; baseline -0.005 -15"><span class='ocrx_word' id='word_1_718' title='bbox 2220 5432 2450 5486; x_wconf 84' lang='lat' dir='ltr'><strong>Proinde</strong></span> <span class='ocrx_word' id='word_1_719' title='bbox 2471 5432 2626 5501; x_wconf 80' lang='lat' dir='ltr'><strong>juxta</strong></span> <span class='ocrx_word' id='word_1_720' title='bbox 2648 5430 2959 5500; x_wconf 86' lang='lat' dir='ltr'><strong>petitionem</strong></span> <span class='ocrx_word' id='word_1_721' title='bbox 2980 5437 3131 5483; x_wconf 90' lang='lat' dir='ltr'><strong>tuam</strong></span> <span class='ocrx_word' id='word_1_722' title='bbox 3161 5421 3387 5496; x_wconf 58' lang='lat' dir='ltr'><strong>prmium</strong></span> <span class='ocrx_word' id='word_1_723' title='bbox 3425 5423 3758 5489; x_wconf 80' lang='lat' dir='ltr'><strong>monasterio,</strong></span> 
     </span>
    </p>
   </div>
   <div class='ocr_carea' id='block_1_117' title="bbox 2216 5513 3760 5591">
    <p class='ocr_par' dir='ltr' id='par_1_117' title="bbox 2216 5513 3760 5591">
     <span class='ocr_line' id='line_1_117' title="bbox 2216 5513 3760 5591; baseline -0.001 -15"><span class='ocrx_word' id='word_1_724' title='bbox 2216 5523 2303 5577; x_wconf 92' lang='lat' dir='ltr'><strong>cui</strong></span> <span class='ocrx_word' id='word_1_725' title='bbox 2360 5530 2419 5576; x_wconf 91' lang='lat' dir='ltr'><strong>tu</strong></span> <span class='ocrx_word' id='word_1_726' title='bbox 2460 5535 2691 5591; x_wconf 80' lang='lat' dir='ltr'><strong>praeesse</strong></span> <span class='ocrx_word' id='word_1_727' title='bbox 2751 5517 3087 5591; x_wconf 81' lang='lat' dir='ltr'><strong>dignosoeris</strong></span> <span class='ocrx_word' id='word_1_728' title='bbox 3140 5515 3453 5587; x_wconf 85' lang='lat' dir='ltr'><strong>hujusmodi</strong></span> 
     </span>
    </p>
   </div>
   <div class='ocr_carea' id='block_1_118' title="bbox 2213 5605 3755 5683">
    <p class='ocr_par' dir='ltr' id='par_1_118' title="bbox 2213 5605 3755 5683">
     <span class='ocr_line' id='line_1_118' title="bbox 2213 5605 3755 5683; baseline -0.004 -17"><span class='ocrx_word' id='word_1_729' title='bbox 2213 5611 2465 5683; x_wconf 78' lang='lat' dir='ltr'><strong>przesenti</strong></span> <span class='ocrx_word' id='word_1_730' title='bbox 2507 5609 2847 5667; x_wconf 87' lang='lat' dir='ltr'><strong>auctoritatis</strong></span> <span class='ocrx_word' id='word_1_731' title='bbox 2902 5615 3103 5663; x_wconf 65' lang='lat' dir='ltr'><strong>nostra:</strong></span> <span class='ocrx_word' id='word_1_732' title='bbox 3150 5606 3369 5663; x_wconf 83' lang='lat' dir='ltr'><strong>decreto</strong></span> <span class='ocrx_word' id='word_1_733' title='bbox 3411 5605 3755 5676; x_wconf 69' lang='lat' dir='ltr'><strong>indulgemus;</strong></span> 
     </span>
    </p>
   </div>
   <div class='ocr_carea' id='block_1_119' title="bbox 2214 5692 3755 5771">
    <p class='ocr_par' dir='ltr' id='par_1_119' title="bbox 2214 5692 3755 5771">
     <span class='ocr_line' id='line_1_119' title="bbox 2214 5692 3755 5771; baseline -0.005 -13"><span class='ocrx_word' id='word_1_734' title='bbox 2214 5702 2563 5759; x_wconf 86' lang='lat' dir='ltr'><strong>concedimus</strong></span> <span class='ocrx_word' id='word_1_735' title='bbox 2583 5710 2745 5771; x_wconf 81' lang='lat' dir='ltr'><strong>atque</strong></span> <span class='ocrx_word' id='word_1_736' title='bbox 2779 5698 3196 5764; x_wconf 77' lang='lat' dir='ltr'><strong>conﬁrmamus;</strong></span> <span class='ocrx_word' id='word_1_737' title='bbox 3236 5701 3539 5753; x_wconf 77' lang='lat' dir='ltr'><strong>statuentes</strong></span> <span class='ocrx_word' id='word_1_738' title='bbox 3568 5692 3755 5750; x_wconf 76' lang='lat' dir='ltr'><strong>nullum</strong></span> 
     </span>
    </p>
   </div>
   <div class='ocr_carea' id='block_1_120' title="bbox 2214 5784 3757 5864">
    <p class='ocr_par' dir='ltr' id='par_1_120' title="bbox 2214 5784 3757 5864">
     <span class='ocr_line' id='line_1_120' title="bbox 2214 5784 3757 5864; baseline -0.005 -17"><span class='ocrx_word' id='word_1_739' title='bbox 2214 5809 2425 5864; x_wconf 81' lang='lat' dir='ltr'><strong>regum,</strong></span> <span class='ocrx_word' id='word_1_740' title='bbox 2449 5794 2535 5848; x_wconf 78' lang='lat' dir='ltr'><strong>vel</strong></span> <span class='ocrx_word' id='word_1_741' title='bbox 2572 5792 2980 5861; x_wconf 87' lang='lat' dir='ltr'><strong>imperatorum,</strong></span> <span class='ocrx_word' id='word_1_742' title='bbox 3020 5787 3347 5850; x_wconf 85' lang='lat' dir='ltr'><strong>antistitum,</strong></span> <span class='ocrx_word' id='word_1_743' title='bbox 3386 5784 3598 5841; x_wconf 79' lang='lat' dir='ltr'><strong>nullum</strong></span> <span class='ocrx_word' id='word_1_744' title='bbox 3632 5799 3757 5856; x_wconf 74' lang='lat' dir='ltr'><strong>qua—</strong></span> 
     </span>
    </p>
   </div>
   <div class='ocr_carea' id='block_1_121' title="bbox 2214 5871 3750 5951">
    <p class='ocr_par' dir='ltr' id='par_1_121' title="bbox 2214 5871 3750 5951">
     <span class='ocr_line' id='line_1_121' title="bbox 2214 5871 3750 5951; baseline -0.009 -12"><span class='ocrx_word' id='word_1_745' title='bbox 2214 5898 2427 5951; x_wconf 77' lang='lat' dir='ltr'><strong>cunque</strong></span> <span class='ocrx_word' id='word_1_746' title='bbox 2456 5882 2714 5951; x_wconf 70' lang='lat' dir='ltr'><strong>dignitate</strong></span> <span class='ocrx_word' id='word_1_747' title='bbox 2734 5876 3151 5950; x_wconf 49' lang='lat' dir='ltr'><strong>prtcditumg’vcl</strong></span> <span class='ocrx_word' id='word_1_748' title='bbox 3189 5889 3571 5946; x_wconf 73' lang='lat' dir='ltr'><strong>quemcunque</strong></span> <span class='ocrx_word' id='word_1_749' title='bbox 3605 5871 3750 5936; x_wconf 68' lang='lat' dir='ltr'><strong>aliut!</strong></span> 
     </span>
    </p>
   </div>
   <div class='ocr_carea' id='block_1_122' title="bbox 2996 6397 3855 6416">
    <p class='ocr_par' dir='ltr' id='par_1_122' title="bbox 2996 6397 3855 6416">
     <span class='ocr_line' id='line_1_122' title="bbox 2996 6397 3855 6416; baseline 0.009 -16"><span class='ocrx_word' id='word_1_750' title='bbox 2996 6397 3036 6400; x_wconf 38' lang='grc' dir='ltr'><em>Α</em></span> <span class='ocrx_word' id='word_1_751' title='bbox 3266 6398 3374 6407; x_wconf 37' lang='lat'><strong>7-...—</strong></span> <span class='ocrx_word' id='word_1_752' title='bbox 3426 6397 3790 6410; x_wconf 49' lang='grc' dir='ltr'><strong>Ἦήή</strong></span> <span class='ocrx_word' id='word_1_753' title='bbox 3819 6397 3855 6416; x_wconf 45' lang='grc' dir='ltr'><strong>ἡ</strong></span> 
     </span>
    </p>
   </div>
  </div>
