3952 6362
124 435 224 489 68.0

1012 438 1371 494 EI’IS'I'OLAZ
1408 438 1642 493 ΕΧίΊὶΑ
1678 435 2076 493 ιιιῖιῑιετιιωι
2122 433 2483 489 \'.\G.\.\"l'liS

3281 430 3384 486 670

126 548 330 604 audere
355 548 424 604 de
465 550 552 606 his
580 566 703 622 qum
739 551 913 606 eidem
947 552 1243 607 venerabili
1280 551 1401 607 loco
1440 551 1710 622 quibusli-
1741 551 1783 606 ,ἱ
1810 546 2100 616 episcopis,
2138 547 2430 616 episcopis,
2467 542 2896 607 marchimtibus,
2933 541 3240 604 comitibus,
3265 555 3387 609 pro-

92 639 215 729 jhct
245 639 567 697 hominibus
588 641 654 696 de
677 642 897 712 proprio
926 642 1051 712 jure
1087 657 1199 712 jam
1229 643 1428 697 donata
1453 652 1599 706 sunt,
1624 643 1708 695 vel

132 731 183 785 in
217 729 489 797 futurum,
513 731 624 787 Deo
646 733 956 799 miserante,
975 733 1122 802 juste
1146 734 1341 788 collata
1363 733 1581 797 fuerint,
1607 735 1710 787 sub

129 819 428 888 cujuslibet
467 836 648 876 causa:
697 823 1069 878 occasionisvc
1117 825 1296 894 specie
1341 825 1584 882 minuere
1628 825 1709 878 vel

131 910 370 976 auferre,
409 911 523 966 sive
552 912 668 966 suis
692 913 882 967 usibus
912 913 1208 983 applicare,
1245 915 1331 968 vel
1367 916 1486 968 aliis
1513 915 1616 985 piis
1646 917 1711 970 de

131 1000 317 1056 causis
343 1017 440 1070 per
479 1017 592 1057 sua:
634 1003 876 1060 avaritia:
923 1007 1332 1060 excusationem
1383 1008 1707 1072 concedere;

132 1092 222 1146 sed
253 1101 457 1147 cuncta
484 1109 605 1162 qua:
634 1093 707 1147 ihi
723 1094 872 1164 juste
893 1096 1071 1150 oblata
1093 1104 1241 1163 sunt,
1269 1097 1352 1151 vel
1380 1097 1561 1152 offerri
1581 1115 1713 1173 coin-

134 1181 336 1252 tigerit,
364 1191 474 1237 tant
504 1200 534 1238 a
563 1193 614 1240 te
641 1201 806 1257 quam
832 1188 900 1240 ab
929 1187 1029 1252 eis,
1055 1188 1152 1258 qui
1199 1189 1254 1243 in
1293 1198 1388 1243 tuo
1418 1187 1594 1243 ollieio
1627 1190 1712 1243 lo—

132 1288 305 1343 coque
328 1276 716 1342 successerint,
751 1279 974 1347 perenni
1015 1280 1484 1350 temporcillibata
1516 1289 1569 1334 et
1598 1280 1716 1335 sine

135 1362 514 1432 inquietudine
537 1367 790 1423 volumus
819 1369 1108 1438 possideri,
1132 1385 1322 1425 eorum
1362 1371 1578 1440 quidem
1605 1372 1716 1425 usi-

133 1452 233 1509 bus
267 1471 374 1525 pro
403 1472 639 1526 quorum
663 1461 1063 1516 sustentatione
1091 1471 1145 1516 et
1167 1462 1561 1532 gubernatione
1580 1478 1713 1518 con-

134 1557 288 1600 cessa
313 1557 467 1614 sunt,
503 1550 680 1606 modis
699 1552 956 1620 omnibus
979 1551 1286 1622 profutura.

203 1635 272 1691 Et
295 1637 430 1707 quia
452 1637 568 1710 Ugo
601 1641 889 1711 episcopus
921 1642 1062 1698 idem
1101 1643 1496 1699 monasterium
1522 1660 1587 1699 ex
1613 1645 1712 1698 bo-

135 1727 220 1783 nis
250 1728 587 1787 hzereditatis
627 1748 741 1788 suae
764 1732 995 1788 ditatum
1036 1733 1296 1790 “ornante
1332 1733 1715 1804 Ecclesia:juri

136 1820 486 1886 contradidit,
528 1822 596 1877 ad
638 1822 877 1879 futuram
923 1822 1256 1882 defensionis
1300 1842 1412 1881 suae
1445 1829 1712 1882 cautelam

137 1911 494 1966 constitutum
543 1923 628 1969 est
672 1924 733 1968 ιιι
776 1915 1004 1986 singulis
1039 1917 1199 1973 annis
1239 1918 1429 1986 pensio
1473 1919 1715 1989 quinque
1752 1897 1792 1950 Β

137 2001 438 2057 solidorum
475 2013 706 2060 monetae
739 2006 885 2061 illius
916 2013 1073 2062 terra:
1109 2009 1422 2077 apostolicze
1443 2009 1556 2064 sedi
1589 2010 1713 2064 τριι..

137 2091 314 2146 datur.
345 2091 676 2149 Nominatim
700 2097 866 2166 igitur
899 2096 1288 2178 confirmamus
1316 2099 1490 2153 eidem
1518 2116 1710 2155 mona-

137 2183 301 2236 sterio
326 2183 450 2238 illas
478 2187 874 2254 possessiones,
899 2203 1037 2258 quas
1061 2190 1349 2258 prmdictus
1373 2189 1489 2259 Ugo
1510 2190 1715 2261 episco-

137 2285 236 2340 pus
265 2273 519 2343 ejusdem
562 2277 881 2333 monasterii
913 2278 1187 2345 fundator,
1222 2280 1273 2334 in
1302 2297 1440 2352 pago
1482 2282 1714 2338 Leonta-

139 2362 237 2416 nia:
275 2378 352 2440 ex.
367 2364 497 2434 jure
542 2367 857 2436 patrimonii
905 2372 991 2426 sui
1032 2371 1258 2442 prmfato
1279 2373 1398 2429 loco
1441 2377 1710 2430 contulit:

136 2452 384 2510 videlicet
407 2457 691 2513 ecclesiam
719 2459 902 2515 Sancti
930 2461 1072 2516 Petri
1096 2471 1152 2520 et
1172 2463 1351 2519 locum
1377 2465 1714 2534 Condontus,

138 2547 279 2613 quod
316 2546 710 2617 interpretatur
742 2551 939 2608 domus
981 2554 1253 2619 sublimis,
1299 2571 1423 2610 cum
1459 2559 1717 2614 omnibus

137 2634 250 2687 suis
298 2637 658 2704 appennliciis.
719 2637 851 2693 item
908 2640 1295 2697 constituimus
1343 2653 1420 2707 ut,
1481 2645 1717 2701 obeunte

138 2725 350 2808 abbate,
380 2740 490 2780 non
519 2729 658 2784 alius
682 2729 753 2784 ibi
781 2747 1113 2802 quacunque
1133 2734 1474 2803 obreptionis
1512 2737 1714 2790 astutia

137 2816 438 2885 ordinetur,
463 2818 569 2874 nisi
595 2820 758 2890 quem
794 2820 992 2878 fratres
1025 2824 1270 2892 ejusdem
1305 2825 1406 2878 loci
1434 2828 1712 2880 connnuni

139 2922 410 2964 consensu
461 2911 775 2969 secundum
819 2913 1068 2967 timorem
1132 2912 1220 2968 Dei
1269 2915 1568 2984 clt'get'ittl.’
1606 2915 1717 2971 lloc

139 3011 354 3064 quoque
399 3000 657 3067 przescnti
708 3002 947 3070 capitulo
999 3003 1403 3072 sultjttltglttttts,
1443 3002 1714 3074 utipsam

139 3087 532 3142 tuonastcrium
556 3091 854 3146 etabbatcs
878 3088 1024 3162 ejus,
1063 3095 1146 3148 vel
1194 3096 1444 3148 ntonacbi
1474 3097 1543 3150 ab
1568 3097 1714 3149 ιιιιιιιί

141 3178 421 3232 secularis
457 3179 661 3235 servitii
707 3182 815 3235 sint
852 3183 1196 3238 iul'estatione
1230 3185 1432 3249 secuti,
1459 3185 1717 3255 (nullique

140 3269 450 3338 gravamine
479 3272 767 3326 mundame
791 3260 1168 3342 oppressionis
1189 3275 1404 3338 remoti,
1441 3275 1493 3327 in
1519 3286 1722 3329 sancta:

141 3359 421 3428 religionis
443 3360 827 3416 observatione
862 3364 1036 3419 seduli
1074 3375 1237 3433 atque
1271 3365 1461 3434 quieti,
1495 3376 1548 3419 et
1575 3367 1720 3420 nulla

141 3443 320 3516 aliqua
350 3448 656 3503 habeantur
689 3453 982 3507 occasione
1020 3455 1270 3523 subjecti.

209 3533 333 3590 llaec
374 3536 538 3606 igitur
559 3539 762 3606 omnia,
789 3556 910 3608 qum
941 3534 1104 3612 hujus
1141 3543 1722 3613 praeceptidecretique

106 3626 312 3700 .nostri
340 3627 540 3696 pagina
574 3629 839 3694 etnttinet,
869 3639 977 3684 tam
1014 3617 1118 3686 tibi
1164 3649 1328 3702 quam
1373 3634 1584 3689 cunctis
1628 3634 1719 3704 qui

145 3714 201 3770 in
229 3733 424 3772 eorum
451 3719 567 3772 loca
592 3722 975 3787 successerint;
1013 3722 1067 3776 in
1103 3735 1421 3794 perpetuum
1456 3717 1720 3781 servanda

144 3806 506 3864 decernimus.
534 3808 590 3863 Si
624 3811 751 3880 quis
774 3827 903 3866 vero
930 3829 1138 3882 regum,
1165 3817 1546 3883 sacerdotum,
1564 3817 1723 3872 cleri-

147 3911 353 3965 corum,
396 3901 646 3969 judicmn
697 3919 762 3959 ac
801 3905 1143 3959 sanadarium
1174 3922 1531 3975 personarum
1584 3909 1723 3962 hanc

147 3993 555 4048 constitutionis
598 4004 796 4050 nostra:
846 3985 1098 4066 paginam
1141 4013 1485 4068 agnoscens,
1530 4010 1720 4054 contra

147 4091 262 4132 eam
291 4080 478 4134 venire
509 4084 816 4149 tcntavcrit,
859 4086 1225 4152 possessionis
1267 4088 1602 4158 honorisque
1637 4092 1748 4144 sui-

147 4167 408 4238 dignitate
439 4181 643 4236 careat,
668 4187 929 4242 reumque
959 4189 1017 4228 se
1047 4173 1236 4227 divino
1262 4175 1470 4244 judicio
1492 4179 1723 4232 existere

147 4258 212 4312 de
235 4271 547 4328 perpetrata
580 4261 862 4331 iniquitate
910 4275 1223 4334 cognoscat.
1262 4264 1328 4318 Et
1364 4266 1468 4320 nisi
1495 4283 1557 4321 ea
1601 4284 1722 4336 qua:

149 4349 216 4403 ab
247 4350 340 4404 illo
369 4362 498 4406 sunt
523 4353 661 4408 male
683 4353 859 4410 ablata
895 4355 1213 4422 restituerit,
1237 4357 1323 4411 vcl
1355 4357 1516 4427 digna
1549 4359 1722 4427 pumi-

149 4441 313 4495 tcntia
355 4441 542 4497 illicitc
563 4452 683 4499 aeta
707 4444 999 4511 delleverit,
1028 4461 1058 4500 a
1093 4447 1469 4503 sacratissimo
1494 4463 1721 4518 corpore

148 4545 213 4586 ac.
240 4533 512 4604 sanguine
540 4532 748 4589 Domini
774 4535 1133 4606 redemptoris
1159 4538 1328 4591 nostri
1354 4537 1482 4594 .lesu
1517 4539 1719 4594 Christi
1754 4572 1798 4626 Ι)

149 4620 358 4678 alienus
382 4626 495 4676 liat.
523 4623 748 4679 Cunctis
770 4633 948 4678 autem
980 4625 1152 4679 eidetn
1186 4627 1307 4680 loco
1327 4628 1474 4697 justa
1499 4644 1722 4686 servan-

146 4709 294 4766 tibus
330 4713 405 4766 sit
430 4727 532 4779 pax
567 4711 780 4766 Domini
811 4713 982 4767 nostri
1025 4712 1154 4768 .lesu
1198 4715 1424 4782 Christi,
1455 4713 1754 4787 quatenus.

151 4808 203 4854 ct
230 4799 320 4855 hic
349 4799 587 4855 fructum
611 4801 738 4856 boni
780 4803 962 4873 aperis
1009 4804 1333 4874 percipiant,
1370 4817 1425 4861 et
1457 4809 1599 4879 apud
1636 4809 1722 4863 di-

153 4887 669 4960 strictum'judiccm
696 4894 916 4962 prtemia
936 4878 1151 4949 telorum
1172 4896 1320 4964 pacis
1353 4878 1649 4953 inveniant.

221 4979 420 5038 Datum
456 4980 739 5040 Lateranis
761 5000 856 5038 vtn
889 4983 1012 5039 ldus
1045 4984 1246 5053 Martii,
1273 5003 1367 5057 per
1392 5004 1586 5044 manus
1618 4989 1724 5045 Pe-

154 5072 244 5142 tri,
269 5082 473 5130 sancta:
493 5071 753 5128 Romana:
787 5073 1042 5130 Ecclesia:
1072 5078 1395 5151 presbyteri,
1427 5080 1724 5137 cardinalis

157 5175 220 5218 ac
260 5164 685 5234 bibliothecarii,
730 5180 875 5220 anno
918 5166 1078 5220 tertio
1126 5170 1474 5236 pontiﬁcatus
1517 5172 1727 5227 domini

159 5249 400 5324 Gregorii
434 5254 523 5309 VII
556 5272 728 5328 papae,
759 5256 1054 5312 indictione
1089 5273 1198 5313 xxv.

714 5372 717 5373 ν
844 5347 1032 5404 XXIV.

163 5430 440 5504 Gregorius
470 5433 584 5489 VII
611 5410 832 5509 suscipit
854 5440 1227 5494 monasterium
1255 5438 1440 5494 Fontis
1459 5439 1726 5497 Avellanw

647 5509 741 5561 sub
777 5527 874 5563 sua
895 5513 1232 5580 protectione.
1511 5538 1520 5545 -

511 5593 690 5664 (Anno
717 5598 873 5665 1076,
899 5617 932 5654 x
955 5599 1072 5656 Kal.
1097 5585 1341 5673 Aprilis.)

166 5680 547 5757 [MIT'I'ARELLI,
577 5684 771 5740 Annal.
797 5687 1122 5759 Camaldul.,
1160 5703 1290 5748 tom.
1330 5691 1394 5759 ll,
1421 5708 1540 5762 pag.
1570 5692 1723 5764 258.]

233 5775 537 5836 CBECOBIUS
551 5775 857 5848 episcopus,
882 5795 1072 5837 servus
1099 5799 1377 5840 servorum
1401 5783 1517 5851 Dei,
1542 5783 1723 5837 archi-

1749 3231 1788 3287 (2

1811 639 2047 700 ceribus,
2101 638 2476 691 valvasoribus
2506 635 2868 704 omnibusque,
2912 633 2963 687 in
3005 633 3224 685 (lln'islo
3269 650 3386 684 crc-

1810 730 2082 793 dcntibus,
2121 730 2437 787 salutemet
2473 727 2830 796 apostolicam
2859 723 3312 778 benedictionem.

1882 821 2078 876 Notum
2127 823 2197 877 sit
2243 821 2396 876 vobis
2417 821 2696 883 otnnibus,
2751 817 2894 887 quod
2951 834 3048 868 nos
3098 815 3382 868 ecclesiam

1813 923 2012 968 sanctze
2035 913 2228 965 (Zrncis
2256 911 2439 965 Fontis
2471 911 2742 964 Avellanae
2781 918 2833 962 et
2862 909 3040 960 omnia
3073 923 3194 976 quze
3218 906 3388 974 ipsius

1811 1002 1978 1056 eremi
2004 1013 2152 1064 sunt,
2183 1002 2387 1055 scilicet
2416 1002 2767 1065 ntonasleria,
2799 1015 3011 1052 erenms
3054 1006 3388 1064 cunctasque

1815 1093 1888 1147 illi
1913 1091 2527 1162 suppositas.ccclesias
2571 1091 2653 1144 vel
2677 1091 2932 1159 capellas,
2968 1088 3206 1150 castella,
3240 1086 3389 1139 vicos

1814 1185 2096 1252 villasque,
2134 1184 2329 1252 putealia
2349 1200 2471 1236 cum
2499 1183 2853 1236 retinentilms
2873 1195 2958 1242 ca,
2984 1187 3224 1233 armenta
3251 1192 3389 1246 quo—

1815 1294 1942 1348 que,
1969 1286 2097 1341 elc.,
2123 1276 2177 1329 in
2214 1286 2456 1330 nostram
2483 1275 2791 1344 suscepisse
2822 1273 3126 1327 custodiam
3152 1269 3267 1322 solo
3292 1267 3387 1321 Dei

1818 1369 2032 1430 timore,
2079 1375 2242 1434 atqtte
2285 1365 2594 1419 charissimi
2644 1363 2735 1416 lilii
2777 1361 2947 1415 nostri
2976 1359 3114 1413 Pclri
3143 1355 3387 1411 Damiani

1815 1459 1980 1528 hujus
2029 1457 2285 1512 fluuiana:
2336 1455 2594 1510 Ecclesia:
2640 1455 2931 1510 cardinalis
2977 1467 3193 1513 amore;
3248 1449 3389 1502 unde

1815 1550 2071 1605 outuibus
2115 1549 2429 1603 hominibus
2469 1547 2835 1618 praecipimus,
2872 1555 2924 1600 cl
2953 1561 3017 1598 cx
3066 1542 3204 1596 beati
3246 1538 3387 1593 l’ctri

1816 1641 2137 1695 auctoritate
2165 1657 2227 1694 ac
2257 1649 2443 1696 nostra
2485 1639 2806 1692 mandamus
2849 1647 2906 1690 ιιι
2935 1635 3116 1689 omnia
3155 1632 3389 1702 lit-(elata:

1815 1731 2078 1798 ecclesiar,
2100 1733 2191 1786 ubi
2227 1731 2426 1786 fuerint
2457 1731 2691 1795 iuventa,
2717 1730 2834 1782 sine
2857 1727 3076 1781 la-sionc
3103 1724 3384 1788 custodiri,

1820 1823 2000 1878 nullus
2024 1839 2052 1875 a
2083 1823 2238 1876 nobis
2270 1833 2348 1875 vel
2374 1822 2438 1876 al:
2465 1821 2646 1890 aliqua
2684 1828 2969 1890 potestate,
2996 1828 3098 1871 etc.

1892 1913 2083 1966 Datum
2139 1913 2388 1967 Laterani
2427 1929 2458 1966 x
2496 1911 2762 1965 Kalendas
2788 1910 3005 1980 Aprilis,
3041 1923 3134 1977 per
3195 1919 3388 1959 manus

1819 2003 1960 2058 l'ctri
1997 2014 2197 2058 sanctae
2227 2004 2482 2057 ltomanze
2508 2001 2761 2056 licclesize
2783 1999 3075 2069 presbyteri
3095 1995 3387 2050 cardinalis

1818 2097 2248 2158 hibliolln-carii,
2300 2112 2445 2148 anno
2501 2110 2556 2149 nt
2625 2093 2968 2163 pontiﬁcatus
3017 2091 3200 2145 domui
3257 2089 3385 2144 (Ire-

1817 2187 1954 2257 gorii
1994 2185 2076 2240 VII
2113 2203 2281 2257 papzc.

2521 2325 2686 2381 XXV.

1819 2463 2059 2529 (Ireqorii
2120 2461 2226 2514 l'll
2302 2460 2522 2530 cpistola
2597 2460 2667 2530 ml
2739 2457 3023 2530 Mauricum
3056 2528 3063 2530 _
3093 2457 3388 2530 episcopum

1894 2527 2346 2586 Tridentimmt.—¥
2367 2529 2593 2598 Exponit
2627 2529 2772 2598 jnslc
2802 2545 2854 2582 se
2901 2527 3182 2580 Ilenricmn
3224 2528 3387 2598 impe—

1892 2615 2118 2656 ratorem
2158 2595 2655 2660 «arcommnnicasse.
2702 2609 2749 2652 ct
2783 2609 2835 2652 ιιι
2879 2599 3176 2667 ponti/irem
3217 2595 3388 2674 missis-

1891 2674 2059 2740 copiis
2082 2673 2252 2739 juret,
2282 2681 2449 2740 rogat.

2407 2803 2590 2873 (Anno
2625 2802 2800 2873 lD'ili.)

2205 2935 2426 3006 Hlxxsl,
2456 2935 2660 2990 Concil.
2701 2933 2819 3000 XX,
2845 2935 2996 3006 375.,

1889 3071 2194 3124 Gtrtzcoun's
2229 3068 2537 3137 episeopos,
2575 3084 2764 3120 servus
2801 3080 3080 3120 servorum
3121 3064 3234 3130 Dei,
3279 3064 3390 3118 fra-

1823 3158 1910 3223 tri,
1948 3171 1994 3212 et
2028 3158 2353 3226 em-piscopo
2384 3156 2728 3223 'I'ridenlino,
2755 3155 3034 3224 Iltztxnuzo,
3071 3157 3298 3211 salutem
3340 3166 3394 3208 cl.

1826 3247 2178 3316 :tpOslolitztztt
2211 3245 2663 3310 Ia-ncdit‘lioltt‘tn,

1897 3335 2155 3390 Miramur
2191 3334 2547 3388 fuiternitatis
2582 3348 2686 3386 tua:
2715 3334 3053 3402 prudentiam
3094 3334 3254 3386 verba
3295 3350 3391 3386 no-

1824 3438 1934 3483 stra
1968 3427 2286 3496 neglexisse,
2337 3435 2395 3478 ut
2430 3425 2726 3479 secundum
2760 3441 2820 3476 ea
2850 3424 3055 3476 nullum
3089 3423 3393 3476 decreveris

1775 3537 1780 3542 ·
1823 3520 1952 3572 dare
1982 3532 2324 3586 responsum,
2354 3514 2592 3569 maxime
2623 3530 2747 3568 cmn
2778 3524 2900 3583 post
2929 3514 3238 3584 svnodalcm
3268 3529 3392 3568 scn-

1825 3609 2042 3662 tcntiam
2077 3607 2128 3660 in
2170 3605 2481 3660 lleinrieum
2526 3621 2703 3674 regem
2747 3606 3012 3674 prolatam
3056 3605 3270 3657 dilectio
3303 3614 3391 3658 tua

1825 3700 2046 3753 minime
2078 3698 2297 3753 differre
2320 3698 2595 3763 debuerit;
2621 3698 2685 3751 ad
2711 3697 2867 3766 cujus
2892 3697 3146 3749 nimirum
3171 3703 3392 3749 senten-

1825 3792 1909 3844 tia-
1935 3789 2421 3859 promulgationem
2465 3804 2567 3843 nos
2601 3789 2828 3856 justitize
2869 3787 2984 3840 zelo
3025 3785 3308 3854 impulsos,
3341 3795 3396 3840 ct

1825 3898 1930 3934 noa
1963 3880 2142 3948 aliqua
2179 3880 2520 3948 promotione
2569 3878 2780 3947 injuriae
2830 3877 3129 3931 concitatos
3172 3892 3394 3934 manum

1822 3971 2152 4036 exercuisse,
2192 3986 2365 4040 neque
2391 3969 2669 4037 solertiam
2720 3980 2866 4022 tuam
2910 3969 3179 4039 ignorare,
3223 3983 3398 4037 neque

1808 4063 2052 4132 "aliquem
2080 4078 2228 4116 sanze
2271 4062 2472 4116 mentis
2495 4057 2773 4115 hominem
2809 4069 3066 4129 putamus
3091 4075 3249 4127 posse
3277 4073 3395 4111 am-

1823 4155 2023 4223 bigere.
2057 4154 2210 4219 Quod
2256 4163 2434 4206 tamen
2455 4152 2513 4206 'si
2545 4153 2597 4203 in
2624 4151 2847 4205 dubium
2880 4151 3132 4217 cuiquam
3171 4148 3395 4202 deveni-

1822 4250 1925 4305 ret,
1970 4249 2185 4294 constat
2218 4239 2338 4306 ejus
2377 4239 2454 4293 rei
2498 4238 2766 4292 rationem
2791 4238 2941 4306 prius
2974 4253 3038 4291 cx
3087 4238 3244 4292 nobis
3280 4235 3397 4292 fore

1824 4331 2196 4396 scrutandam,
2226 4347 2390 4400 quam
2417 4331 2470 4383 in
2503 4330 2654 4384 illum
2683 4329 3054 4400 pra‘judicium
3077 4329 3276 4385 factum
3316 4339 3396 4384 te-

1824 4438 1970 4477 mere
1999 4438 2119 4477 esse
2148 4422 2499 4477 credendum.
2537 4420 2759 4486 Verum,
2795 4429 3070 4490 utcunque
3111 4435 3230 4474 sesc
3271 4419 3394 4488 epi-

1825 4515 1917 4569 nio
1967 4515 2182 4579 habeat,
2249 4513 2515 4567 factumve
2579 4513 2981 4580 interpretetur,
3034 4509 3164 4563 illud
3204 4509 3396 4587 procul

1824 4604 1988 4658 dubio
2001 4605 2284 4658 clementia
2305 4603 2485 4657 divina
2498 4609 2775 4670 sperantes
2788 4599 3175 4668 promittimus,
3194 4597 3396 4655 festum

1823 4695 1965 4750 beati
2007 4693 2150 4748 Petri
2192 4709 2299 4746 non
2325 4691 2477 4761 prius
2505 4691 2919 4756 transeundum,
2963 4706 3129 4762 quam
3171 4691 3229 4745 in
3257 4707 3398 4746 cun-

1823 4792 2032 4837 ctorum
2076 4783 2266 4837 notitia
2313 4781 2616 4837 certissime
2647 4781 2871 4849 clarcat,
2905 4782 3056 4836 illum
3093 4781 3402 4852 justissime

1823 4890 1944 4929 esse
1973 4874 2521 4929 cxcommunicatum.
2557 4872 2622 4928 Et
2657 4873 2780 4927 inde
2816 4871 3208 4927 fraternitatem
3245 4879 3398 4928 tuam

1825 4965 2111 5031 volumus,
2158 4976 2322 5037 atque
2365 4980 2683 5029 monemus,
2727 4969 2790 5016 ut
2818 4969 3000 5016 certos
3042 4975 3147 5015 nos
3185 4961 3402 5029 studeat

1824 5055 2002 5112 facere
2031 5067 2212 5111 utrum
2244 5057 2353 5112 Deo
2377 5073 2445 5110 an
2475 5054 2788 5109 hominibus
2817 5053 2990 5123 magis
3019 5053 3242 5123 elegerit
3266 5054 3399 5108 obc-

1824 5147 1961 5212 dire,
1986 5138 2238 5200 utrumve
2255 5146 2481 5215 justitiae
2516 5145 2938 5214 obtemperando
2978 5144 3137 5198 ﬁdem
3164 5143 3296 5210 Deo,
3343 5156 3400 5201 ct
3429 5202 3440 5205 ,

1825 5244 2029 5313 sancta!
2059 5235 2320 5290 Romana:
2343 5235 2602 5291 Ecclesia:
2625 5237 2936 5301 observare,
2960 5251 3122 5304 quam
3153 5235 3278 5290 filiis
3300 5235 3399 5290 ini-

1823 5327 2045 5395 quitatis
2075 5327 2326 5381 haerendo
2350 5327 2722 5400 [admei-endo]
2747 5328 3069 5384 conculcarc
3099 5328 3412 5382 censueritv

1811 5417 2100 5488 Rogamus
2112 5429 2430 5489 ergo-atque
2453 5420 2751 5475 invitamus
2779 5429 2838 5473 ut
2860 5421 2926 5474 ad
2949 5421 3226 5475 servitium
3252 5418 3396 5491 beati

1827 5509 1970 5564 Petri
2004 5526 2103 5580 pro
2133 5527 2292 5580 posse.
2343 5521 2436 5565 tuo
2495 5513 2694 5566 milites
2729 5512 2942 5566 mittere
2976 5510 3212 5572 studeas,
3264 5521 3394 5561 eos-

1828 5619 1932 5672 quc
1955 5603 2314 5657 sidecreveris
2341 5603 2573 5668 mittere,
2588 5603 2856 5656 Mathildze
2878 5599 2999 5652 tilia:
3026 5609 3223 5652 nostra:
3245 5597 3394 5660 noti-1

1826 5695 1988 5747 l‘icare
2000 5707 2278 5761 procures,
2301 5692 2456 5759 cujus
2475 5707 2575 5759 ope
2597 5690 2846 5744 conduCti
2875 5703 3063 5742 secure
3090 5685 3298 5755 possint
3323 5687 3394 5743 ad

1828 5785 1947 5851 n03,
1969 5791 2022 5838 ct
2048 5782 2163 5838 sine
2183 5781 2583 5850 impedimento,
2599 5781 2807 5834 favente
2824 5778 3072 5843 Domino,
3089 5776 3388 5847 pervenire.
