3952 6418
567 500 663 555 671
682 522 685 523 ν

1244 588 1446 693 'XXVI.

571 771 809 842 Gregorii
856 773 965 828 VII
1008 777 1230 845 epistola
1285 778 1354 832 ad
1395 779 1698 835 Gcrmmzos‘.
1728 780 2021 835 —Causas
2042 795 2135 834 ex-

672 846 1156 900 communicationis
1172 847 1407 902 Heiuriri
1428 851 1756 918 imperatoris
1779 850 2024 919 explicat.

1128 980 1317 1051 (Auno
1394 964 1574 1053 tum.)
1672 1060 1679 1067 ο

990 1111 1184 1184 [una
1222 1113 1429 1173 L‘oncil.
1458 1113 1577 1183 xx,
1599 1114 1753 1186 377.1
1799 1080 1829 1123 ³

640 1245 963 1317 Gnscontcs,
987 1266 1180 1309 servus
1198 1270 1481 1311 servorum
1506 1255 1623 1324 Dei,
1647 1257 1901 1313 omnibus
1922 1259 2134 1328 episco-

568 1336 673 1408 pis,
709 1338 958 1408 ducibus,
981 1344 1290 1410 comitibus,
1327 1350 1639 1421 ueterisque
1660 1354 1715 1427 in
1748 1371 1916 1427 regno
1933 1361 2133 1416 Teuto-

568 1427 818 1485 n'icorum
843 1431 1207 1514 Christianam
1242 1438 1400 1496 fidem
1444 1424 1855 1505 defendentibus
1903 1452 2144 1509 salutem‘

567 1524 624 1571 et
652 1522 1003 1588 apostolicam
1024 1524 1470 1587 benedictionem.

570 1699 804 1767 catione,
827 1718 990 1796 quam
1028 1707 1081 1760 in
1115 1723 1294 1796 regem
1326 1711 1573 1783 fecimus,
1599 1703 1866 1789 dubitare,
1892 1738 1957 1779 ac
1985 1738 2133 1796 quaa—

571 1803 692 1844 rere
739 1798 923 1848 utrum
965 1794 1113 1865 juste
1154 1799 1225 1854 sit
1263 1794 1792 1878 excommunicatus,
1830 1821 1885 1868 et
1928 1814 1973 1869 si
2003 1794 2149 1871 lno--

1478 506 1533 561 s.
1574 503 1899 563 cnsconu
1935 463 2026 557 vn
2058 499 2258 557 rare
2296 477 2578 556 orsum:
2613 497 2795 554 rans
2827 496 2892 554 ιι.

2100 602 2105 607 ’
2157 615 2205 674 Α
2231 593 2472 683 nequitia
2502 610 2842 682 pertinaciter
2870 616 3011 664 stare
3035 606 3371 678 agnovimus,
3403 602 3545 659 sicut
3566 600 3817 671 dignum

3724 54 3913 163 ττι-ιε

3693 488 3818 543 672

2234 713 2370 770 erat,
2385 704 2674 774 sacrilegos
2686 702 3034 757 administros
3044 707 3098 753 et
3112 698 3353 752 membra
3366 695 3569 751 diaboli
3595 709 3628 749 a
3648 709 3818 749 como

2231 793 2490 848 munione
2501 801 2555 846 et
2569 805 2791 861 corpore
2803 788 2966 845 totius
2978 786 3231 842 Ecclesiae
3241 785 3636 857 separavimus,
3649 790 3709 864 et
3722 795 3819 836 re-

2233 896 2352 952 gem
2371 890 2432 965 _ut
2457 895 2553 936 eos
2582 896 2613 935 a
2632 879 2795 935 domo
2807 894 2929 945 sua,
2960 893 2991 931 a
3011 876 3278 953 consiliis,
3304 883 3359 931 et
3378 873 3529 930 omni
3544 886 3817 928 commu-

2231 980 2393 1036 nione
2403 996 2522 1048 sua,
2537 980 2677 1036 sicut
2687 977 3184 1035 excommunicatos
3194 977 3501 1048 expelleret,
3512 974 3821 1031 admonui—

2233 1085 2375 1126 mus.
2388 1069 2764 1135 lnterimvero,
2790 1068 3196 1140 ingravescente
3211 1076 3405 1125 contra
3413 1083 3595 1140 regem
3616 1066 3815 1123 Saxo-

2233 1173 2362 1212 num
2382 1175 2442 1212 ea
2450 1174 2568 1224 usa,
2590 1173 2712 1212 cum
2730 1157 2874 1211 vires
2884 1164 2937 1210 et
2953 1156 3199 1227 praesidia
3213 1156 3361 1227 regni
3374 1171 3437 1214 ex
3452 1163 3604 1233 parte
3620 1155 3823 1209 maxi-

2232 1250 2321 1307 ma
2332 1270 2362 1307 a
2375 1269 2435 1308 se
2446 1254 2676 1309 deiicere
2688 1253 2929 1324 velleeon
2935 1252 3185 1322 spiceret,
3202 1252 3420 1307 interim
3431 1251 3629 1306 direxit
3638 1248 3817 1307 nobis

2230 1345 2514 1415 epistolam
2545 1347 2861 1416 supplicem,
2889 1354 2944 1400 et
2970 1347 3121 1401 omni
3150 1345 3452 1402 humilitate
3477 1344 3723 1415 plenam,
3748 1344 3813 1398 in

2231 1450 2339 1504 qua
2368 1422 2877 1506 omnipotentti,
2906 1442 2960 1490 et
2986 1434 3143 1490 beato
3169 1434 3335 1491 Petro
3363 1450 3428 1491 ac
3453 1434 3613 1503 nobis
3640 1433 3815 1489 valde

2232 1541 2294 1581 se
2342 1526 2664 1596 culpabilem
2713 1526 2965 1593 reddens,
2993 1540 3184 1596 preces
3231 1527 3401 1589 etiam
3463 1524 3680 1589 obtulit,
3719 1531 3811 1590 ut.

2232 1618 2377 1688 quod
2413 1633 2479 1673 ex
2514 1634 2612 1673 sua
2640 1619 2798 1688 culpa
2845 1618 2902 1673 in
2952 1617 3339 1695 ecclesiasticis
3382 1616 3567 1695 causis
3606 1623 3811 1670 contra

2231 1706 2550 1761 canonicam
2571 1706 2836 1776 justitiam
2859 1717 2914 1763 et
2961 1692 3177 1764 decreta
3227 1692 3538 1762 sanctorum
3572 1700 3813 1758 Patrum

2234 1792 2436 1849 factum
2461 1792 2673 1862 fuisset,
2706 1803 2893 1850 nostra
2924 1796 3218 1866 apostolica
3260 1793 3541 1864 prudentia
3566 1800 3645 1869 et
3703 1806 3813 1846 au-

572 1888 685 1935 stra
730 1886 997 1986 sententia
1039 1903 1102 1942 ex
1158 1894 1480 1969 auctoritate
1524 1897 1710 1968 legalis
1742 1918 2004 1971 censuras,
2044 1921 2128 1975 ea,

2235 1885 2478 1941 etoritate
2509 1886 2777 1957 corrigere
2813 1886 3173 1964 studeremus,
3207 1893 3372 1970 atque
3412 1883 3471 1937 in
3516 1897 3583 1936 eo
3641 1892 3849 1958 suam"

571 1985 679 2040 (illa
747 1972 929 2029 debuit
958 2018 972 2041 ,
1027 1978 1410 2038 deliberatione
1469 2001 1682 2057 egressa
1733 1992 1820 2046 είι,
1883 1972 2130 2065 ρυερι-οζ
2163 1972 2206 1986 ”
2232 1980 2389 2034 nobis
2425 1980 2805 2046 obedientiam,
2836 1979 3145 2046 consilium,
3166 1987 3221 2034 et
3242 1972 3679 2057 ﬁdele‘promisit
3706 1974 3813 2029 ad-

569 2070 711 2131 pter,
743 2066 973 2134 qualiter
1011 2070 1079 2125 ad
1112 2078 1691 2136 excommunicandum
1730 2082 1880 2139 illum
1918 2087 2132 2143 adducti

573 2166 784 2219 sumus,
800 2166 958 2224 prout
992 2161 1176 2216 verius
1220 2167 1575 2235 potuerimus,
1611 2178 1747 2228 teste
1802 2176 2132 2233 conscientia

571 2250 779 2311 nostra,
817 2249 989 2304 oculis
1036 2259 1089 2305 et
1146 2252 1501 2314 intellectibus
1556 2262 1796 2317 omnium
1833 2266 2134 2335 patefacere

571 2335 905 2436 curabimus,
931 2356 1040 2394 non
1076 2349 1187 2397 tam
1222 2354 1282 2399 ut
1320 2347 1558 2419 Singulas
1595 2368 1807 2425 causas,
1832 2356 1965 2411 heu!
2013 2364 2149 2431 quae

570 2425 801 2517 nimium
824 2436 963 2485 notae
983 2441 1128 2499 sunt,
1150 2437 1305 2504 quasi
1327 2448 1512 2494 nostro
1532 2442 1766 2499 clamore
1785 2425 2135 2517 projiciamus

573 2511 945 2584 inpublicum,
974 2532 1136 2590 quam
1186 2517 1263 2579 uti
1303 2542 1492 2583 eorum
1528 2511 1899 2601 Opinionibusv
1921 2537 2137 2593 satisfa-

571 2605 782 2662 ciamus
806 2610 899 2679 qui
935 2620 1122 2680 putant
1153 2631 1253 2670 nos
1283 2618 1613 2687 spiritualem
1640 2624 1873 2694 gladium
1915 2635 2133 2695 temere,

573 2702 629 2749 et
669 2700 847 2768 magis
881 2713 1033 2757 motu
1076 2706 1242 2760 animi
1276 2710 1446 2763 nostri
1492 2728 1655 2781 quam
1699 2715 1881 2770 divino
1908 2727 2054 2773 metu
2083 2718 2153 2775 et

572 2785 799 2855 justitiaa
852 2792 988 2859 zelo,
1033 2796 1348 2865 arripuisse.
1379 2799 1515 2856 Cum
1559 2805 1737 2861 adhuc
1778 2807 1833 2861 in
1877 2808 2135 2864 diacona-

578 2876 866 2970 tusoﬂlcio
909 2884 1073 2959 positi
1128 2901 1392 2955 essemus,
1429 2891 1633 2959 perlata
1656 2895 1723 2948 ad
1754 2910 1854 2951 nos
1892 2898 1959 2952 de
1994 2901 2137 2970 regis

576 2965 880 3059 actionibus
904 2972 1125 3029 sinistra
1147 2983 1201 3030 et
1222 2979 1451 3033 multum
1478 2981 1760 3039 inhonesta
1801 2985 1942 3043 fama
1970 3008 1983 3045 :
2012 2965 2139 3059 pro-

575 3062 695 3122 pter
723 3057 1055 3149 imperialem
1080 3064 1416 3135 dignitatem,
1439 3079 1493 3125 et
1513 3077 1864 3132 reverentiam
1893 3057 2063 3149 patris
2084 3087 2140 3136 et

578 3146 767 3201 matris
790 3148 928 3221 ejus,
946 3167 1173 3216 nec-non
1191 3167 1409 3227 propter
1432 3176 1579 3232 spem
1599 3172 1652 3219 et
1677 3146 2003 3225 desiderium
2024 3187 2140 3228 cor-

2227 2070 2518 2141 jutorium.‘
2541 2073 2809 2129 Hocidem
2841 2074 3003 2130 etiam
3027 2083 3215 2144 postea
3237 2088 3290 2142 ,a
3327 2068 3700 2126 confratribus
3753 2075 3813 2121 et

2231 2168 2421 2240 legatis
2449 2169 2663 2235 nostris,
2710 2167 3004 2225 Humberto
3048 2166 3381 2222 Pramestino
3431 2164 3716 2234 episcopo,
3750 2169 3809 2215 et

2232 2262 2458 2318 Geraldo
2488 2262 2757 2322 Hostiensi
2785 2262 3059 2334 episeopo,
3078 2257 3234 2343 quos
3250 2261 3317 2330 ad
3342 2259 3495 2315 illum
3524 2257 3810 2320 misimus,

2215 2351 2298 2405 ’ad
2327 2351 2696 2421 pmnitentiam
2726 2358 3010 2419 susceptus
3037 2347 3091 2403 in
3119 2346 3336 2404 illorum
3366 2361 3563 2418 manus
3590 2360 3689 2415 per
3713 2360 3814 2398 sa-

2233 2451 2356 2493 cras
2405 2439 2573 2493 stolas
2602 2454 2741 2509 quas
2785 2437 2840 2493 in
2886 2435 3024 2491 collo
3068 2427 3342 2503 tenebant,
3375 2431 3815 2505 repromittendo

2235 2529 2589 2585 conﬁrmavit.
2622 2528 2755 2584 Dein
2799 2538 2921 2599 post
2966 2526 3184 2599 aliquod
3237 2534 3453 2596 tempus
3501 2523 3814 2579 commisso

2235 2637 2358 2685 cum
2384 2620 2688 2677 Saxonibus
2704 2620 2911 2693 praelia,
2942 2635 3059 2687 rex,
3094 2634 3193 2691 pro
3221 2617 3445 2673 victoria
3474 2631 3636 2687 quam
3670 2615 3814 2671 ade-

2235 2723 2359 2785 ptus
2394 2723 2496 2781 est,
2530 2715 2666 2769 tales
2710 2712 2822 2768 Deo
2869 2722 3048 2784 grates
3113 2715 3172 2767 et
3214 2710 3464 2765 victimas
3492 2706 3712 2774 obtulit,
3749 2716 3813 2762 ut

2236 2816 2361 2862 vota
2387 2823 2509 2876 qua:
2536 2807 2601 2861 de
2622 2806 2994 2861 emendatione
3019 2821 3117 2859 sua
3147 2802 3366 2867 fecerat,
3380 2801 3640 2856 continuo
3660 2798 3815 2876 fran-

2238 2908 2405 2969 geret,
2430 2909 2484 2954 et
2517 2899 2652 2953 nihil
2669 2913 2859 2954 eorum
2884 2913 3004 2967 qua:
3042 2897 3201 2953 nobis
3247 2895 3590 2965 promiserat,
3622 2902 3813 2949 atten-

2238 2988 2392 3057 dens,
2407 2988 2901 3047 excommunicatos
2912 2989 2966 3044 in
2979 3003 3131 3043 suam
3148 2986 3569 3043 familiaritatem
3582 2994 3639 3040 et
3659 3000 3813 3040 com.

2240 3085 2553 3143 munionem
2590 3085 2874 3154 reciperet,
2903 3090 2958 3139 et
2980 3082 3239 3140 ecclesias
3258 3081 3314 3136 in
3343 3095 3463 3136 eam
3485 3094 3650 3151 quam
3681 3093 3816 3134 con-

2239 3183 2526 3247 sueverant
2549 3249 2552 3252 ,
2576 3172 2950 3227 confusionem
2988 3165 3242 3245 traheret.
3274 3168 3392 3236 Qua
3422 3168 3519 3237 de
3547 3182 3608 3222 re
3646 3167 3813 3249 gravi

881 3240 1003 3345 ejus
1027 3246 1348 3345 per‘litteras
1380 3266 1522 3321 saepe
1549 3254 1945 3345 admonuimus
1986 3261 2059 3314 'ut
2108 3276 2143 3316 α
2166 3258 2211 3315 C
2238 3244 2699 3336 dolorepert-ulsi,
2729 3280 3039 3335 quanquam
3070 3237 3271 3334 potius,
3298 3234 3609 3345 contempta
3646 3234 3813 3330 regis

577 3326 848 3418 pravitate
860 3330 1272 3403 suadesisteret,
1294 3345 1366 3406 et,
1391 3353 1600 3397 memor
1616 3329 1906 3402 clarissimi
1920 3353 2140 3418 generis

579 3428 654 3506 ac:
675 3415 952 3486 dignitatis
978 3437 1109 3489 suae,
1131 3426 1296 3483 vitam
1348 3445 1502 3486 suam
1538 3420 1781 3503 moribus
1816 3415 2015 3508 quibus
2056 3430 2167 3497 re-'

581 3518 709 3604 gem
722 3515 787 3604 et
808 3508 1070 3604 futurum,
1094 3515 1205 3571 Deo
1225 3518 1479 3589 donante,
1500 3524 1713 3581 deceret
1738 3521 2141 3598 imperatorem,

581 3593 905 3689 institueret.
927 3599 1216 3673 Postquam
1241 3607 1419 3664 autem
1441 3593 1874 3682 ad'pontificatus
1912 3593 2139 3689 apicem,

476 3710 479 3713 η
582 3680 708 3738 licet
737 3685 963 3758 indigni,
989 3694 1257 3761 venimus,
1282 3705 1336 3750 et
1371 3699 1447 3753 illi
1492 3680 1622 3756 aetas
1659 3680 2143 3773 pariteri'erescere

584 3774 749 3842 capit
784 3785 838 3830 et
892 3777 1172 3848 iniquitas,
1205 3784 1562 3857 intelligentes
1584 3790 1761 3848 Deum
1804 3798 2144 3867 omnipoten-

584 3870 693 3919 tem
722 3873 874 3921 tanto
898 3868 1197 3927 districtius
1234 3874 1299 3929 de
1323 3892 1486 3933 manu
1516 3892 1702 3951 nostra
1753 3874 2005 3943 animam,
2025 3878 2159 3958 ejus

582 3955 992 4025 requisiturum,
1022 3972 1227 4031 quanto
1256 3967 1412 4025 nobis
1442 3970 1591 4026 illum
1640 3975 1710 4029 ad
1737 3955 2142 4046 ,increpandum

584 4058 695 4114 prae
723 4049 934 4104 cunctis
956 4047 1176 4109 libertas
1196 4055 1319 4115 data
1346 4057 1537 4116 fuisset
1564 4070 1618 4134 et
1646 4066 1957 4135 auctoritas,
1973 4071 2143 4126 multo

494 4173 502 4179 .
584 4134 869 4195 sollicitius
922 4157 1046 4197 eum
1104 4146 1279 4201 modis
1329 4152 1582 4208 omnibus
1637 4134 2143 4227 arguendo,

584 4228 807 4294 crando,
828 4230 1176 4302 increpando,
1200 4238 1268 4292 ad
1282 4230 1715 4301 emendationem
1737 4248 1861 4304 vitae
1884 4265 1996 4306 suae
2014 4254 2143 4308 hor—
2200 4246 2201 4249 “

584 4315 693 4368 tati
712 4331 920 4373 sumus.
953 4321 1054 4386 Qui
1092 4338 1216 4379 cum
1244 4330 1403 4385 nobis
1430 4347 1573 4403 saepe
1597 4338 1951 4395 salutationes
1974 4351 2027 4397 et
2055 4344 2142 4397 lit-

582 4412 731 4461 teras
760 4408 1011 4476 mitteret,
1047 4426 1317 4475 excusans
1343 4433 1402 4473 se
1428 4436 1551 4476 cum
1564 4439 1631 4478 ex
1652 4434 1973 4497 a3tate,,qua3
1998 4430 2143 4485 fluxa

582 4506 729 4551 esset
750 4506 804 4552 et
833 4497 1056 4571 fragilis,
1090 4513 1202 4559 tum
1230 4508 1374 4576 quod
1402 4510 1472 4565 ab
1500 4512 1585 4569 his
1632 4514 1689 4568 in
1745 4531 1976 4585 quorum
2027 4534 2144 4572 ma—

587 4586 749 4642 nibus
777 4604 906 4644 cura
936 4592 1053 4662 ejus
1105 4606 1241 4672 erat,
1273 4600 1545 4669 multoties
1584 4605 1688 4660 sibi
1723 4574 1861 4661 male
1917 4623 2140 4663 suasum
2173 4574 2218 4628 Β

586 4685 747 4744 atque
775 4682 1078 4737 consultum
1109 4687 1212 4753 sit,
1246 4691 1451 4747 monita
1488 4705 1674 4749 nostra
1703 4696 1770 4751 de
1797 4697 1883 4751 die
1913 4697 1968 4751 in
1997 4698 2137 4753 diem

556 4778 657 4867 ise.
674 4769 1075 4865 promptissime
1112 4772 1489 4846 suscepturum
1529 4785 1710 4863 verbis
1749 4787 1964 4856 quidem
2017 4805 2142 4859 pro-

583 4864 761 4947 misit;
788 4867 1040 4913 caaterum
1065 4877 1145 4928 re,
1169 4873 1224 4919 et
1261 4864 1689 4941 exaggeratione‘
1722 4876 2000 4944 culparum
2043 4894 2138 4947 pe-

584 4945 731 5001 nitus
744 4948 1096 5005 conculcavit.
1112 4950 1254 5008 Inter
1263 4955 1385 5027 haec,
1395 4958 1658 5026 quosdam
1680 4958 1971 5015 familiares
1991 4945 2138 5031 suos,

586 5050 815 5104 quorum
853 5041 1095 5097 consiliis
1119 5055 1171 5098 et
1195 5047 1688 5103 machinationibus
1730 5051 2070 5120 episcopatus
2086 5064 2142 5108 et

528 5192 531 5193 ν
587 5126 754 5179 inulta
784 5133 1132 5199 monasteria,
1166 5136 1399 5195 inductis
1450 5154 1545 5208 per
1573 5140 1803 5209 pretium
1854 5143 1993 5211 lupis
2039 5158 2137 5212 pro

588 5216 916 5291 pastoribus,
957 5218 1263 5279 Simouiaea
1292 5228 1481 5293 lueresi
1515 5228 1749 5298 foedavit,
1778 5232 1844 5288 ad
1872 5235 2138 5302 poeniten-

589 5304 720 5356 tiam
762 5307 1069 5384 vocavimus
1112 5330 1125 5364 :
1159 5310 1524 5394 quatenuset
1570 5321 1713 5374 bona
1767 5324 2133 5391 ecclesiarum,

590 5407 710 5481 qua:
736 5408 829 5463 per
850 5394 1214 5475 interventum
1235 5410 1345 5455 tam
1375 5405 1617 5459 scelerati
1642 5409 1945 5481 commercii
1971 5413 2139 5465 sacri-

590 5480 707 5553 lega
743 5500 907 5540 manu
935 5499 1302 5559 susceperant,
1328 5480 1719 5567 venerabilibus
1738 5497 1892 5562 locis,
1924 5499 1990 5551 ad
2019 5515 2139 5567 quas

552 5575 562 5585 '
591 5571 944 5659 pertinebant,
965 5599 1087 5637 cum
1118 5584 1295 5640 adhuc
1314 5586 1467 5640 locus
1488 5596 1631 5642 esset
1656 5589 1996 5655 emendandi,
2021 5590 2139 5643 red-

593 5664 797 5735 derent,
826 5678 880 5725 et
908 5672 1009 5740 ipsi
1064 5674 1131 5729 de
1158 5683 1459 5751 perpetrata
1488 5675 1769 5747 iniquitate
1796 5695 1889 5749 per
1908 5680 2142 5741 lamenta

582 5756 941 5819 pmnitudinis
969 5761 1075 5817 Deo
1122 5763 1510 5821 satisfacerent.
1542 5766 1691 5834 Quos
1746 5784 1871 5823 cum
1915 5769 1982 5823 ad
2030 5768 2145 5824 haec

581 5849 934 5926 exsequenda
967 5851 1119 5908 (latas
1147 5851 1390 5910 inducias
1421 5871 1689 5930 spernere,
1718 5857 1844 5914 etin
1888 5865 2142 5917 consueta

2243 3349 2477 3405 caelestis
2505 3348 2875 3415 beneficentia,
2906 3363 3041 3418 pene
3063 3348 3244 3418 omnis
3283 3360 3411 3419 spes
3436 3344 3813 3409 correctionis

2240 3440 2359 3511 ejus
2386 3440 2545 3517 nobis
2568 3441 2745 3498 ablata
2788 3430 3083 3508 sit’adhuc,
3115 3440 3566 3517 tamenanimum
3596 3449 3811 3509 tempe-

2240 3515 2467 3602 randum
2496 3528 2619 3597 fore
2652 3528 2991 3590 decrevimus
3008 3531 3193 3603 magis
3214 3515 3493 3601 cupientes
3517 3544 3643 3609 eum
3678 3542 3814 3601 apo-

2240 3621 2494 3681 stolicam.
2508 3612 2702 3689 audire
2731 3611 3428 3693 mansuetudinemgquam,
3451 3618 3811 3695 experiri7se-

2240 3702 3040 3783 veritatems'ltaque‘gmlsitnus
3083 3712 3134 3767 ei
3160 3702 3421 3785 epistulas
3448 3708 3813 3776 Conlmonito-

2241 3801 2373 3867 rias,
2407 3811 2469 3858 ut
2491 3796 2811 3867 meminerit,
2835 3788 2987 3871 quid,
3010 3787 3178 3875 ete'ui
3208 3790 3539 3875 promiserit,
3566 3812 3638 3851 ne
3687 3810 3811 3875 ere-

2241 3816 2373 3867 rtas,
2407 3815 2469 3858 ut
2491 3815 2811 3867 metumet-tt
2835 3815 2987 3871 qum,
3010 3815 3178 3869 atem
3208 3816 3307 3870 pro
3364 3815 3539 3864 isertt,
3566 3815 3638 3851 ne
3687 3815 3807 3852 cre-

2240 3888 2332 3945 dat
2364 3903 2426 3943 se
2457 3903 2616 3960 posse
2657 3887 2844 3943 fallere
2891 3872 3263 3965 Deum,eujus
3287 3815 3498 3957 (Xanto
3537 3873 3807 3955 prolixior

2240 3983 2325 4032 est
2369 3975 2647 4046 patientia,
2710 3983 2864 4031 tanto
2918 3975 3165 4033 severior
3198 3976 3314 4042 est,
3359 3990 3486 4029 cum
3535 3974 3811 4031 vindicare

2242 4065 2484 4136 cmperit,
2510 4064 2623 4130 ira;
2657 4078 2725 4118 ne
2771 4064 3064 4131 inhonorct
3102 4063 3273 4119 Deum
3320 4064 3681 4120 honorantem
3726 4078 3807 4131 se,

2239 4170 2342 4211 nec
2385 4156 2678 4226 potentiam
2724 4169 2878 4210 suam
2939 4156 3007 4213 ad
3034 4156 3130 4211 Dei
3158 4164 3545 4226 contemptum,
3585 4165 3640 4211 et
3672 4170 3808 4226 apo-

2239 4247 2486 4306 stolicam
2552 4254 2721 4309 tentet
2764 4246 3074 4308 extendere
3136 4245 3521 4303 contumeliam
3547 4285 3565 4311 ,
3627 4245 3808 4302 sciens

2239 4334 2386 4408 quod
2468 4337 2717 4411 superbis
2788 4337 2997 4397 resistit
3066 4336 3232 4417 Deus,
3282 4337 3582 4392 humilibus
3629 4344 3808 4391 autem

2239 4426 2333 4479 dat
2351 4424 2883 4495 gratiam.Przeterea
2910 4425 3171 4493 misimus?
3186 4426 3255 4480 ad
3276 4440 3402 4480 eum
3428 4434 3542 4480 tres
3591 4424 3806 4496 religio-

2242 4527 2333 4566 sos
2356 4515 2524 4578 viros,
2548 4527 2676 4566 suos
2704 4512 2891 4581 utique
2920 4511 3247 4582 fideles,'pe,r
3272 4526 3412 4583 quos
3439 4526 3565 4566 eum
3598 4502 3804 4567 secreto

2242 4604 2554 4659 monuimus
2582 4611 2643 4658 ut
2672 4604 3041 4673 pmnitentiam
3064 4614 3244 4676 ageret
3261 4604 3329 4660 de
3349 4603 3467 4658 suis
3489 4603 3802 4672 sceleribus,

2241 4712 2383 4767 quae,
2400 4712 2563 4766 quam
2586 4696 2855 4757 horrenda
2866 4706 2992 4754 sunt
3012 4697 3178 4764 dicta,
3191 4697 3436 4768 pluribus
3452 4705 3638 4752 tamen
3659 4706 3799 4765 nota,

2239 4782 2295 4845 et
2340 4790 2398 4845 in
2445 4791 2629 4846 multis
2650 4790 2893 4859 partibus
2921 4800 3079 4846 terra:
3104 4790 3396 4865 divulgata.
3425 4787 3655 4860 Propter
3689 4805 3804 4860 qua:

2199 4894 2207 4905 '
2239 4893 2350 4933 non
2373 4880 2551 4935 solum
2577 4875 3037 4937 excommunicari
3070 4883 3243 4948 usque
3270 4879 3345 4936 ad-
3386 4878 3605 4949 dignam
3648 4877 3819 4935 satis.

2239 4969 2547 5034 factionem,
2578 4970 2675 5027 sed
2735 4971 2897 5025 etiam
2923 4969 2991 5023 ab
3039 4971 3186 5023 omni
3242 4956 3448 5025 honore
3489 4968 3645 5038 regni
3684 4982 3802 5023 eum

2244 5059 2447 5127 absque
2470 5058 2617 5118 omni
2634 5074 2729 5127 spe
2756 5058 3177 5130 recuperationis
3206 5058 3400 5113 debere
3444 5054 3691 5121 destitui,
3718 5055 3819 5113 di;

2242 5152 2492 5206 vinarum
2518 5160 2572 5206 et
2604 5152 2960 5207 humanarum
2989 5154 3169 5222 legum
3187 5158 3418 5206 testatur
3432 5155 3489 5202 et
3511 5148 3668 5218 jubet
3712 5164 3804 5205 au-

2243 5245 2485 5299 ctoritas.
2516 5242 2817 5311 Postremo,
2839 5244 2948 5298 nisi
2974 5239 3475 5299 excommunicatos
3493 5248 3526 5291 a
3554 5253 3655 5293 sua
3680 5254 3798 5310 pstr—

2243 5335 2551 5405 ticipatione
2571 5335 2850 5400 divideret,
2874 5349 2974 5393 nos
2997 5330 3133 5386 nihil
3158 5328 3305 5383 aliud
3326 5328 3393 5384 de
3430 5342 3498 5383 eo
3534 5329 3802 5387 vindicare

2242 5422 2339 5479 aut
2353 5408 2643 5479 decernere
2652 5437 2833 5492 posse,
2856 5435 3019 5489 quam
3039 5426 3118 5481 ut,
3142 5425 3426 5487 separatus
3448 5417 3518 5472 ab
3538 5416 3795 5483 Ecclesia,

2240 5507 2296 5560 in
2323 5504 2908 5561 excommunicatorum
2932 5503 3203 5558 consortio
3239 5501 3398 5570 foret,
3436 5519 3562 5558 cum
3611 5496 3798 5577 quibus

2210 5644 2217 5661 ,
2238 5595 2352 5664 ipse
2371 5596 2547 5664 potius
2560 5609 2722 5663 quam
2744 5608 2865 5647 cum
2885 5591 3103 5646 Christo
3117 5592 3314 5649 habere
3333 5603 3542 5664 partem
3562 5594 3793 5666 elegerit,

2241 5680 2384 5736 Sane
2433 5684 2480 5758 si
2531 5692 2721 5735 nostra
2768 5678 2973 5732 monita
2995 5669 3292 5751 suscipere,
3322 5691 3379 5737 et
3424 5683 3597 5736 vitam
3648 5697 3794 5737 suam

2241 5770 2505 5839 cerrigere
2528 5767 2704 5832 vellet,
2730 5763 2898 5819 Deum
2916 5774 3110 5821 testem
3150 5768 3526 5824 invocavimus
3545 5774 3625 5831 et
3649 5768 3797 5821 inve-

2243 5848 2449 5918 camus,
2481 5857 2741 5920 quantum
2772 5864 2872 5907 nos
2894 5850 2958 5905 de
2988 5851 3105 5927 ejus
3148 5852 3319 5908 salute
3347 5850 3716 5926 gauderemus
3742 5858 3795 5916 et
