3952 6416
507 488 609 544 ὒῖδ

1425 474 1484 530 S.
1523 466 1851 528 GRECORII
1886 463 1977 521 ΥΠ
2012 460 2215 520 ΡᾹΡᾹΖ
2253 458 2538 517 OPERUM
2566 459 2748 515 PARS
2782 457 2843 514 ll.

3680 40 3907 247 ’Ἶ

3667 457 3791 513 876

506 598 845 670 impudenter
894 591 1189 656 invaserit,
1220 598 1268 644 et
1304 587 1517 659 prolixo
1542 586 1657 656 jam
1689 592 1934 652 tempore
1978 593 2081 649 op-
2110 580 2156 636 Λ
2181 575 2276 630 site
2292 574 2570 645 episcopo,
2595 573 2820 644 suisque
2848 569 3277 640 successmibus,
3296 571 3529 627 salutem
3552 578 3610 627 et
3636 586 3794 643 apo-

505 690 763 763 presserit
798 687 1076 742 violenter.
1124 681 1274 736 Datis
1307 694 1542 748 namque
1574 674 1762 731 comiti
1788 673 1961 727 Alano
1989 685 2087 726 co-

508 783 675 853 piosis
705 778 1058 841 muneribus,
1098 787 1221 843 qua:
1262 786 1437 840 usque
1481 767 1643 822 hodie
1668 766 1735 820 ad
1760 763 2087 834 probamen-

507 884 621 929 tum
649 872 798 943 prius
835 868 1086 939 nequitia:
1127 865 1179 919 in
1223 862 1509 933 propatulo
1547 865 1803 921 exstant,
1836 871 1944 914 non
1993 869 2089 923 per

506 965 705 1019 ostium
734 962 790 1016 in
821 961 962 1014 ovile
990 957 1217 1020 Christi,
1265 954 1357 1010 sed
1399 960 1459 1006 ut
1500 949 1588 1004 fur
1616 958 1670 1003 ct
1703 948 1843 1002 latro
1871 945 2089 1001 aliunde

502 1055 764 1125 irrepsit;
810 1053 904 1122 qui
934 1051 1096 1105 etiam
1129 1063 1229 1102 nec
1259 1047 1364 1102 hoc
1410 1044 1613 1099 scelere
1641 1048 1951 1104 contentus,
1984 1039 2089 1091 ini-

506 1148 772 1217 quitatem
803 1158 967 1213 super
1001 1140 1345 1210 iniquitatem
1385 1134 1633 1207 apposuit
1662 1173 1676 1199 ,
1721 1140 1774 1185 et
1807 1130 1967 1202 quasi
2003 1128 2089 1183 Si—

507 1237 818 1291 tnouiacum
849 1248 971 1289 esse
1002 1246 1194 1302 parum
1226 1240 1278 1283 et
1314 1244 1412 1299 pro
1445 1227 1614 1281 nihilo
1641 1225 1922 1294 deputarct
1944 1263 1959 1288 ,
1990 1219 2086 1274 Ni-

506 1329 700 1382 eolaita
730 1339 950 1396 quoque
989 1323 1102 1378 fieri
1154 1318 1450 1375 festinavit.
1503 1315 1637 1370 Nam
1692 1315 1745 1368 in
1803 1314 1922 1383 ipso
1975 1321 2087 1366 tam

504 1419 810 1489 perniciose
854 1420 1050 1484 adepto
1095 1419 1409 1483 episcopatu
1439 1408 1648 1478 nuptiis
1687 1405 1899 1476 publice
1943 1402 2087 1458 cele-

506 1509 677 1563 bratis
700 1549 715 1573 ,
747 1517 989 1561 scortum
1038 1503 1220 1574 potius
1249 1516 1413 1571 quam
1445 1513 1701 1569 sponsam
1741 1496 1939 1553 ducere
1976 1508 2089 1548 non

505 1599 741 1661 erubuit,
772 1614 835 1651 ex
863 1612 968 1666 qua
995 1604 1049 1649 et
1078 1594 1218 1647 ﬁlios
1246 1591 1570 1661 procreavit,
1610 1597 1670 1641 ut
1693 1588 1787 1657 qui
1824 1587 1935 1657 jam
1976 1584 2089 1653 spi-

506 1690 670 1744 ritum
717 1704 878 1742 suum
924 1684 1231 1740 animarum
1271 1681 1579 1749 corruptori
1626 1693 1724 1749 per
1774 1675 2088 1731 Simoniaca

504 1779 829 1835 (-etttmet‘cia
859 1777 1230 1848 prostituerat,
1256 1788 1350 1843 per
1373 1771 1528 1827 [αναξρ
1555 1769 1794 1825 libidinis
1819 1768 2087 1823 incestum

504 1885 704 1941 corpus
742 1884 905 1924 suum
947 1868 1020 1923 ita
1052 1866 1107 1922 in
1134 1863 1518 1923 contumeliam
1547 1861 1765 1917 diabolo
1794 1873 2086 1915 consecra—

2190 665 2441 721 stolicam
2470 666 2926 721 benedictionem.

2260 757 2522 827 Superum
2544 755 2919 811 miserationis
2943 762 3191 825 respectu
3219 754 3286 809 ad
3313 754 3417 810 hoc
3439 753 3788 811 universalis

2187 846 2445 903 Ecclesia:
2493 863 2683 902 curam
2729 846 3075 917 suscepimus
3108 853 3163 902 et
3190 847 3470 917 apostolici
3515 846 3791 902 modern-

2195 940 2358 994 minis
2382 940 2801 994 sollicitudinem
2829 938 3069 1010 gerimus
3096 945 3165 992 ut'
3205 935 3370 1007 justis
3422 936 3783 1006 precantium

2186 1032 2330 1086 votis
2358 1030 2638 1094 faveamus
2672 1038 2727 1084 et
2756 1037 2948 1084 nostro
2984 1027 3270 1082 libramine
3294 1027 3478 1082 charis
3508 1026 3786 1081 omnibus

2187 1120 2240 1173 in
2272 1119 2592 1174 necessitate
2614 1117 2830 1187 positis,
2859 1124 3125 1186 quantum
3163 1113 3274 1170 Deo
3307 1115 3545 1170 donante
3572 1128 3788 1185 possu—

2187 1227 2330 1277 mus,
2366 1209 2658 1265 suhvcnirc
2679 1208 2996 1263 debeamus.
3028 1206 3262 1261 Proinde
3290 1205 3447 1276 juxta
3477 1219 3784 1275 personam

2190 1312 2336 1356 tuam
2382 1301 2627 1356 ecclesia:
2663 1299 2804 1367 beati
2832 1297 3099 1363 Autberti,
3141 1297 3454 1367 hujusmodi
3489 1295 3785 1367 privilegio

2187 1393 2641 1463 auctoritatisque
2677 1358 2879 1445 ndstra:
2907 1389 3126 1444 decreto
3178 1388 3541 1459 indulgemus,
3572 1401 3786 1443 concc-

2185 1486 2369 1539 dinms
2390 1492 2556 1554 atque
2578 1484 2883 1548 lirmamus,
2914 1487 3220 1536 'statuentes
3241 1479 3451 1533 nullum
3483 1493 3786 1534 successo-

2188 1591 2310 1629 rum
2359 1582 2603 1639 tuorum,
2650 1573 2861 1627 nullum
2911 1586 3131 1643 quoque
3164 1570 3425 1641 dignitate
3452 1570 3778 1640 prmditum,

2188 1667 2271 1719 vel
2307 1680 2580 1736 quemque
2637 1664 2827 1729 alium,
2856 1663 2923 1718 de
2967 1663 3053 1717 his
3096 1678 3219 1733 qua:
3251 1662 3428 1717 eidem
3469 1658 3783 1717 venerabili

2188 1757 2525 1811 monasterio
2546 1771 2577 1810 a
2601 1763 2653 1810 te
2675 1755 2759 1809 vel
2782 1771 2813 1809 a
2849 1753 3183 1824 quibuslibet
3205 1752 3521 1808 hominibus
3554 1753 3621 1808 de
3640 1766 3783 1822 pro-

2187 1846 2309 1917 prio
2327 1846 2449 1915 jure
2468 1846 2584 1917 jam
2621 1846 2828 1900 donata
2872 1845 3004 1909 sint,
3027 1843 3110 1898 vel
3146 1843 3200 1897 in
3231 1843 3503 1909 futurum,
3534 1842 3645 1898 Deo
3669 1843 3783 1898 mi-

503 1970 586 2018 rct
609 2002 626 2028 ,
653 1968 705 2016 et
727 1961 807 2016 sic
838 1961 892 2014 in
918 1974 985 2014 eo
1022 1958 1207 2013 nullus
1232 1957 1385 2011 locus
1416 1960 1726 2033 superesset
1760 1944 2083 2033 Conditoril,

2198 1944 2422 2003 serante,
2465 1936 2630 1992 allata
2659 1934 2886 2003 fuerint,
2922 1936 3025 1990 suh
3060 1933 3353 2004 cujuslibet
3390 1949 3572 1990 causa:
3612 1949 3782 1989 occa-

503 2068 665 2124 quem
687 2052 843 2107 intus
862 2050 1207 2119 exteriusque
1237 2048 1534 2118 obligatum
1562 2053 1737 2100 totum
1766 2042 1870 2098 sibi
1894 2042 2088 2098 adver-

504 2143 686 2199 sarius
716 2157 826 2196 non
854 2141 1202 2196 vindicasset.
1235 2136 1346 2194 Nec
1377 2148 1559 2193 tamen
1603 2138 1889 2205 hucusque
1929 2134 2088 2189 mali—

504 2235 593 2289 tia:
615 2243 847 2289 conatus
875 2232 1138 2297 substitit,
1167 2230 1260 2286 sed
1286 2229 1692 2284 atrocissimum
1733 2225 1946 2281 facinus
1966 2227 2087 2280 tur-

504 2324 902 2395 pissimmnque
956 2322 1220 2394 ﬂagitium
1267 2319 1543 2376 horrendo
1591 2318 1754 2373 etiam
1803 2316 2089 2388 sacrilegio

505 2415 821 2471 cumulavit.
854 2413 991 2468 Nam
1036 2413 1252 2469 adultas
1298 2427 1365 2467 ex
1404 2411 1595 2466 illicito
1630 2409 1980 2464 matrimonio
2021 2410 2088 2464 li-

506 2509 608 2563 lias
636 2547 652 2574 ,
701 2506 920 2577 przediis
957 2505 1201 2561 ecclesia:
1232 2513 1284 2559 et
1320 2502 1620 2559 rcdditibus
1672 2501 1893 2559 nomine
1942 2501 2090 2556 dotis

505 2597 739 2663 collatis,
767 2606 932 2668 atque
966 2596 1216 2651 alienatis
1255 2594 1459 2651 scelere
1499 2592 1897 2648 innnanissimo
1923 2591 2091 2647 mari-

506 2690 659 2745 tavit.
708 2687 805 2745 llis
844 2687 1225 2759 iniquitatibus
1253 2694 1545 2756 coapertus
1568 2725 1585 2751 ,
1620 2680 1869 2740 eamdem
1905 2692 2087 2739 tamen

504 2781 790 2838 ecclesiam
827 2779 1177 2836 dilaceratam
1217 2778 1647 2848 dissipatamque
1675 2776 1721 2831 si
1747 2776 1908 2831 liceat
1935 2776 2093 2830 incu-

506 2871 641 2925 bare.
659 2870 902 2937 molitur,
933 2870 1134 2941 quibus
1161 2869 1229 2924 de
1255 2867 1440 2923 causis
1461 2866 1728 2922 celsitudo
1760 2875 1852 2920 tua
1878 2866 2092 2921 noverit

507 2962 661 3018 illum
700 2962 813 3032 jam
854 2960 999 3017 beati
1039 2958 1186 3015 Petri
1226 2958 1457 3030 apostoli
1486 2958 1698 3029 spiculo
1739 2957 2045 3030 perfossum
2071 2998 2089 3027 ,

502 3064 588 3120 et,
621 3053 729 3109 nisi
781 3052 1004 3108 sceleris
1045 3052 1371 3123 resipuerit,
1422 3052 1766 3106 anathemate
1805 3049 2104 3108 mortifero.

501 3160 626 3199 esse
663 3143 1001 3198 damnatum.
1054 3141 1399 3213 Quapropter
1447 3150 1674 3212 paterna
1727 3140 1992 3197 charitate
2038 3150 2093 3198 te

505 3236 817 3299 admonere,
844 3243 900 3290 et
927 3249 1153 3290 causam
1184 3234 1420 3289 breviter
1455 3247 1727 3303 exponere
1756 3233 2089 3303 studuimus,

505 3341 573 3382 ne
615 3325 848 3382 fortasse
898 3340 994 3395 per
1040 3324 1404 3397 ignorantiam
1450 3332 1562 3378 tam
1604 3324 1834 3380 scelesto
1881 3326 2091 3383 homini

506 3417 695 3473 tandiu
742 3418 799 3472 in
852 3417 1093 3473 tenebris
1141 3417 1257 3473 suis
1294 3416 1500 3487 jacenti
1551 3415 1783 3472 ulterius
1826 3416 2091 3474 auxilium

506 3509 768 3579 pra-beas,
802 3522 939 3563 neve
965 3507 1235 3563 scelerum
1280 3506 1401 3576 ejus
1440 3513 1494 3561 te
1532 3506 1850 3577 participem
1881 3506 2049 3566 facias
2072 3551 2089 3578 ,

507 3601 601 3656 sed
629 3600 746 3656 sedi
771 3598 1104 3670 apostolicte,
1137 3600 1452 3669 nostrisque
1479 3598 1704 3654 monitis
1726 3600 1973 3656 modeste
1995 3617 2094 3673 pa-

509 3691 678 3745 rendo
710 3691 860 3744 illum
890 3705 922 3744 a
955 3699 1009 3744 te
1041 3689 1275 3759 repellas
1301 3707 1316 3755 ;
1357 3689 1443 3745 vel
1472 3690 1637 3743 etiam
1666 3698 1727 3744 ut
1748 3691 1965 3746 tandem
1994 3694 2092 3746 ali-

509 3781 729 3852 quando
758 3780 861 3836 sibi
893 3780 1165 3847 consulat,
1200 3788 1364 3850 atque
1390 3779 1459 3835 ad
1487 3780 1789 3836 remedium
1825 3783 2084 3852 paeniten-

509 3873 596 3928 tize
624 3871 923 3943 confugiat,
951 3872 1148 3926 blande
1170 3871 1470 3937 suadendo,
1510 3872 1557 3927 si
1589 3873 1814 3946 poteris,
1844 3874 2089 3953 inducas.

508 3961 644 4019 Nam
674 3962 808 4018 tales
851 3963 906 4017 in
933 3963 1076 4016 malo
1100 3961 1510 4032 perseverantes
1548 3961 1729 4034 fovere
1755 3972 1811 4018 et
1836 3965 2095 4035 adjuvare

510 4055 645 4110 nihil
670 4062 755 4110 est
794 4053 941 4109 aliud
976 4068 1141 4125 quam
1172 4053 1308 4108 iram
1349 4052 1565 4109 Domini
1599 4064 1790 4110 contra
1819 4071 1877 4111 se
1897 4071 2094 4127 provo-

509 4163 654 4202 care.
706 4144 820 4201 Nos
879 4160 1012 4200 vcro
1068 4146 1395 4215 supradicta:
1442 4145 1697 4204 Ecclesia:
1747 4148 2093 4205 aﬂlictioncm

508 4229 714 4293 diutius
751 4251 859 4292 non
892 4234 1129 4291 ferentes
1151 4276 1168 4304 ,
1220 4235 1333 4292 Deo
1377 4236 1676 4307 inspirante
1699 4280 1715 4305 ,
1754 4242 1932 4295 virum
1969 4242 2095 4296 vita:

511 4327 847 4400 probabilem
896 4338 951 4382 et
978 4337 1268 4399 comperta:
1309 4328 1588 4400 religionis
1634 4330 1765 4385 inibi
1819 4332 2097 4388 ordinavi-

511 4436 635 4476 mus
674 4426 729 4475 et
772 4420 1256 4485 consceravimus,
1286 4420 1535 4475 videlicet
1573 4422 1631 4475 S.
1664 4421 1880 4497 Melanii
1922 4425 2093 4480 abba-

510 4520 619 4568 tem
661 4511 777 4580 qui,
817 4527 941 4566 cmn
988 4510 1059 4565 ob
1105 4509 1242 4567 alias
1270 4525 1469 4567 causas
1497 4527 1637 4581 quas
1665 4513 1936 4581 explicare.
1967 4513 2096 4585 p'ro-

2185 2028 2426 2084 sionisve
2470 2027 2672 2098 specie,
2706 2027 2973 2094 minuere,
3015 2026 3099 2081 vel
3140 2024 3377 2093 auferre,
3420 2016 3494 2082 ac.
3514 2026 3630 2082 suis
3658 2025 3781 2082 usi-

2185 2118 2289 2174 bus
2308 2117 2583 2189 applicare
2624 2125 2722 2174 aut
2761 2118 2886 2175 aliis
2917 2117 3234 2174 concedere.
3270 2116 3376 2173 Sed
3417 2126 3619 2174 cuneta
3649 2133 3782 2189 qua:

2186 2210 2367 2264 oblata
2399 2218 2548 2275 sunt,
2571 2209 2657 2264 vel
2682 2210 2755 2263 ibi
2793 2209 2978 2265 offerri
3008 2208 3373 2280 contigerunt,
3386 2211 3611 2281 percurri
3635 2219 3781 2265 tem-

2186 2313 2319 2369 pore
2365 2298 2573 2363 integra
2611 2313 2644 2354 a
2667 2298 2882 2355 clericis
2915 2298 3022 2355 loci
3057 2298 3203 2354 illius
3248 2308 3304 2354 et
3328 2300 3445 2354 sine
3491 2300 3779 2371 inquietu-

2186 2389 2312 2444 dine
2368 2388 2624 2445 volumus
2678 2388 2977 2460 possideri,
3041 2403 3233 2444 eorum
3275 2389 3498 2459 quidem
3549 2390 3780 2458 usibus,

2186 2494 2287 2551 pro
2307 2496 2544 2552 quorum
2569 2481 2969 2537 sustentatione
2988 2481 3489 2562 gubernationcque
3510 2498 3780 2540 concessa

2188 2580 2317 2625 sunt
2370 2572 2548 2627 modis
2582 2572 2839 2626 omnibus
2872 2570 3176 2641 profutura.
3215 2571 3340 2629 llaec
3374 2574 3543 2646 igitur
3585 2574 3780 2649 omnia

2186 2677 2311 2733 qua:
2344 2661 2508 2732 hujus
2542 2662 2785 2733 praedicti
2816 2663 3129 2733 decretique
3159 2664 3334 2718 nostri
3361 2665 3559 2735 pagina
3588 2665 3777 2721 conti-

2188 2760 2280 2807 net
2322 2760 2432 2807 tam
2459 2752 2555 2807 tibi
2597 2767 2762 2823 quam
2798 2753 3014 2808 cunctis
3061 2753 3156 2823 qui
3201 2752 3297 2807 tibi
3330 2755 3781 2810 successerintin

2189 2850 2509 2911 perpetuum
2554 2844 2822 2898 servando
2852 2844 3215 2900 decernimus.
3246 2842 3303 2898 Si
3336 2844 3460 2915 quis
3492 2859 3625 2900 vero
3658 2846 3782 2917 cpi-

2190 2945 2482 3002 scoporum
2506 2941 2601 2987 aut
2639 2932 2988 2999 clericorum,
3013 2934 3095 2988 vel
3127 2934 3471 2989 saecularium
3504 2949 3780 3005 persona-

2191 3036 2311 3076 rum
2349 3020 2490 3076 hanc
2513 3021 2924 3078 constitutionis
2961 3031 3162 3079 nostrae
3186 3006 3438 3094 paginam
3462 3038 3782 3093 agnoscens

2190 3119 2382 3165 contra
2414 3098 2599 3166 venire
2630 3112 2937 3179 tentaverit,
2982 3113 3266 3183 potestatis
3300 3112 3639 3183 honorisque
3684 3112 3780 3169 di¢

2191 3203 2394 3274 gnitate
2414 3211 2618 3271 careat,
2644 3218 2910 3275 reumque
2960 3220 3019 3259 se
3040 3205 3226 3259 divino
3250 3205 3462 3274 judicio
3481 3205 3550 3260 de
3572 3219 3777 3275 pet-pec

2117 3297 2159 3354 C
2194 3302 2333 3349 trata
2379 3294 2667 3365 iniquitate
2716 3286 3032 3366 cognoscat,
3058 3303 3114 3350 et
3151 3275 3258 3350 nisi
3282 3310 3405 3367 quae
3426 3296 3496 3351 ab
3522 3295 3616 3351 illo
3644 3305 3781 3352 sunt

2194 3386 2335 3441 male
2371 3386 2552 3440 ablata
2582 3386 2854 3454 restituat,
2885 3402 2918 3441 a
2939 3386 3289 3443 sanctissimo
3308 3402 3537 3457 corpore
3559 3403 3625 3444 ac
3646 3403 3781 3443 san-

2192 3476 2356 3546 guine
2381 3474 2479 3531 Dei
2509 3476 2727 3532 Domini
2757 3476 3136 3548 Redemptoris
3183 3481 3358 3534 nostri
3375 3478 3507 3534 Jesu
3546 3478 3778 3547 Christi.

2192 3568 2406 3622 alienus
2433 3569 2545 3633 tiat,
2574 3575 2738 3638 atque
2778 3567 2835 3622 in
2854 3577 3063 3624 aeterno
3095 3569 3347 3624 examine
3384 3569 3647 3626 districta:
3685 3571 3780 3626 ιι]-

2194 3657 2328 3713 tioni
2352 3658 2650 3730 subjaceat.
2682 3658 2909 3716 Cunctis
2935 3668 3119 3716 autem
3138 3661 3316 3716 eidem
3342 3660 3464 3717 loco
3479 3661 3635 3733 justa
3658 3676 3783 3719 ser-

2192 3749 2446 3806 vantibus
2477 3751 2548 3806 sit
2584 3766 2691 3821 pax
2714 3750 2930 3806 Domini
2977 3752 3154 3808 nostri
3188 3750 3316 3809 Jesu
3340 3751 3569 3821 Christi,
3600 3762 3664 3808 ut
3683 3753 3781 3811 hic

2193 3842 2428 3896 tractum
2456 3842 2612 3897 bona:
2633 3836 2864 3897 actiOnis
2895 3843 3182 3913 recipiant,
3212 3851 3266 3899 et
3296 3844 3441 3913 apud
3460 3843 3774 3901 districtum

2188 3933 2428 4002 judicent
2459 3933 2680 4002 praemia
2705 3940 2923 3989 :eternaa
2946 3934 3098 4005 pacis
3126 3934 3422 3990 inveniant.

2263 4020 2460 4077 Datum
2491 4021 2773 4079 Lateranis
2795 4023 3066 4083 Kalendas
3106 4022 3428 4083 Novembris
3448 4042 3548 4099 per
3577 4043 3778 4087 manus

2193 4112 2360 4181 Petri,
2405 4124 2609 4171 sancta:
2653 4114 2914 4172 Romanae
2944 4116 3201 4173 Ecclesia:
3238 4104 3543 4191 presbyteri
3597 4123 3778 4177 cardi-

2195 4206 2335 4259 nalis
2363 4220 2427 4259 ac
2457 4205 2873 4275 bibliothecarii,
2919 4221 3065 4264 anno
3104 4223 3158 4263 tv
3186 4194 3539 4279 pontiﬁcatus
3587 4210 3775 4268 domui

2195 4296 2442 4366 Gregorii
2469 4311 2638 4367 papae.
2814 4308 2817 4309 '
3296 4310 3299 4311 '

2895 4383 3063 4445 XXX.

2197 4480 2437 4554 Gregorii
2481 4478 2594 4554 γη
2623 4479 2858 4554 οερὶειοιιιΔ
2877 4481 2949 4536 ad
2981 4479 3286 4554 Germanos.
3320 4511 3393 4554 έ-
3413 4479 3701 4554 Signiﬁcat
3722 4500 3774 4540 σι

2268 4549 2737 4625 idemne-celerare
2788 4551 2996 4625 aetneos
3047 4552 3150 4625 iter
3199 4552 3447 4606 statuisse
3479 4549 3774 4625 ἀις-μωρὰ

512 4602 683 4671 lixum
736 4613 860 4670 est,
910 4603 979 4658 ad
1011 4618 1111 4670 nos
1147 4602 1427 4668 venisset,
1461 4604 1811 4672 pontiﬁcatus
1855 4621 1996 4662 onus
2024 4623 2091 4692 ex
2122 4627 2168 4682 ι)
2263 4602 2349 4673 die
2400 4619 2435 4674 8
2482 4602 2732 4692 ,Ιάηξιαριίὶ
2794 4602 2989 4692 θοῇ)
3039 4602 3775 4679 ῇᾶηιάέῖξέέείύἓῇξάξ

515 4693 792 4765 insperato
823 4692 1011 4763 subire
1037 4693 1354 4761 compulsus
1384 4704 1487 4749 est.
1516 4692 1593 4748 De
1623 4711 1734 4765 quo
1768 4690 2095 4757 confidimus

514 4785 568 4841 in
593 4783 845 4850 Domino,
858 4783 986 4855 quia
1009 4783 1077 4848 si,
1092 4791 1151 4836 ut
1173 4782 1548 4839 desideramus
1571 4786 1871 4856 litterisque
1892 4791 2096 4847 nostris

516 4876 890 4946 multipliciter
923 4874 1218 4944 implorare
1245 4873 1582 4940 curavimus,
1607 4892 1911 4947 principum
1938 4890 2097 4939 terra:

448 5004 451 5009 ρ
517 4969 784 5031 bonorum
836 4967 1080 5020 virorum
1124 4966 1356 5036 gratiam
1404 4973 1460 5019 et
1503 4966 1681 5021 studia
1731 4968 1932 5025 habere
1976 4989 2096 5028 me-

517 5059 708 5124 ruerit,
747 5056 977 5111 Domino
1003 5067 1351 5126 cooperante,
1382 5057 1490 5114 sub
1522 5056 1583 5111 B.
1617 5056 1761 5114 Petri
1793 5063 2097 5130 patrocinio

516 5151 802 5208 ecclesiam
828 5149 882 5202 in
915 5146 1112 5201 melius
1134 5149 1482 5205 restaur'abit.

694 5248 698 5252 ’
1211 5258 1407 5315 xxrx.

657 5348 811 5404 Bulla
841 5348 1081 5420 Gregorii
1115 5349 1225 5421 VI]
1259 5366 1354 5421 pro
1378 5349 1599 5405 ecclesia
1635 5351 1694 5407 S.
1720 5354 1962 5411 Autberti

928 5472 935 5475 _
1097 5420 1513 5475 Cameracensis.

1118 5506 1299 5577 (Anno
1328 5509 1507 5580 1076.)

525 5596 835 5669 [Bawsmm
875 5598 1174 5674 Chronique
1216 5600 1438 5674 fxit-rus
1463 5576 1514 5674 et
1553 5604 1617 5658 de
1659 5576 1929 5674 Cambrai,
1961 5608 2089 5663 edit.

879 5667 1110 5737 Lecuv’,
1137 5686 1259 5741 pag.
1294 5671 1420 5737 545,
1461 5672 1513 5725 in
1548 5675 1738 5746 notis.)

594 5758 901 5813 Careamus
927 5761 1234 5830 episcopus,
1272 5776 1463 5817 servus
1498 5776 1780 5816 servorum
1823 5764 1935 5829 Dei,
1962 5766 2089 5820 Lie-

527 5865 697 5903 unum
728 5850 922 5905 dilecto
950 5850 1001 5904 in
1043 5852 1262 5907 Christo
1303 5853 1436 5921 lilio,
1460 5852 1871 5911 Cameracensis
1908 5858 2090 5913 Eccle-

2267 4701 2448 4747 cztrcnt
2477 4700 2535 4744 ut
2561 4691 2684 4746 bene
2721 4692 3022 4761 recipiatur.

2789 4782 2970 4850 (Anno
2993 4781 3175 4852 1076.)

2580 4871 2812 4944 [[Maxsn
2851 4872 3054 4927 Cuncil.
3082 4871 3200 4939 XX,
3233 4872 3386 4947 379.]

2268 4965 2598 5032 Caesonius,
2630 4978 2821 5019 servus
2852 4979 3137 5020 servorum
3184 4964 3303 5032 Dei,
3325 4966 3772 5041 archiepiscopis,

2196 5056 2489 5125 episcopis,
2532 5055 2785 5124 ducibus,
2822 5056 3132 5126 comitibus,
3180 5073 3283 5114 nec
3329 5074 3443 5115 non
3473 5060 3775 5130 majoribus

2197 5153 2254 5198 et
2292 5146 2594 5199 minoribus
2639 5145 2692 5199 in
2757 5161 2924 5217 regno
2974 5145 3400 5203 Teutonicorum
3438 5149 3772 5222 constitutis,

2199 5233 2428 5288 salutem
2451 5243 2505 5287 et
2530 5236 2885 5304 apostoliéam
2916 5237 3369 5292 benedictionem.

2268 5320 2401 5389 Nos,
2435 5330 2489 5376 et
2524 5323 2729 5394 indigni
2762 5332 2816 5379 et
2851 5325 3072 5381 inutiles
3102 5323 3364 5398 principis
3396 5332 3771 5399 apostolorum

2198 5413 2339 5467 servi
2376 5412 2669 5467 statuimus
2711 5415 2777 5468 ad
2804 5430 2903 5469 vos
2941 5415 3123 5470 divina
3156 5417 3455 5478 auxiliante
3489 5421 3771 5480 clementia

2196 5504 2403 5569 venire,
2433 5511 2489 5559 et
2511 5514 2902 5575 postponentes
2917 5507 3161 5563 omnium
3186 5509 3427 5566 fidelium
3459 5522 3771 5573 nostrorum

2194 5593 2507 5660 consilium,
2553 5594 2625 5647 ita
2680 5592 3069 5663 profectionem
3119 5608 3363 5654 nostram
3404 5610 3687 5661 maturare
3716 5613 3775 5660 ut

2195 5699 2247 5737 vt
2292 5682 2417 5738 ldus
2464 5684 2710 5738 Januarii
2767 5686 2905 5753 apud
2940 5726 2952 5738 .
3000 5728 3010 5739 .
3057 5729 3072 5742 .
3117 5729 3130 5742 .
3175 5729 3189 5742 .
3236 5729 3250 5742 .
3296 5728 3310 5742 .
3350 5690 3584 5749 velimus
3634 5710 3770 5764 esse,

2197 5784 2374 5827 vestra
2426 5776 2643 5843 quidem
2683 5777 2959 5831 voluntate.
3007 5788 3059 5833 ct
3111 5777 3406 5842 desiderio.
3459 5795 3521 5837 ut
3580 5786 3770 5843 fiducia

2197 5864 2436 5934 probatzc
2466 5866 2586 5920 lldei
2617 5883 2955 5941 quzecunque
2992 5885 3203 5939 aspera,
3233 5880 3285 5926 et
3330 5888 3377 5927 st
3404 5877 3770 5932 necessarium
