3952 6370
152 447 248 502 ῧῖῚ

1035 433 1391 492 EPISTULE
1423 431 1658 488 EXTRA
1699 426 2096 484 llEGISTRUlI
2140 427 2517 482 \'.-\C.‘..\'Tl-'.S.

3309 427 3412 482 678

154 558 335 626 fuerit,
391 558 566 628 ipsum
621 553 941 610 ell'asioncm
996 549 1279 622 sanguinis
1331 563 1432 618 pro
1485 547 1730 600 libertate
1761 545 1804 600 Α
1831 542 2124 607 (iel‘ut'dus,
2150 550 2276 596 tunc
2301 541 2608 610 episcopus,
2636 548 2818 608 postea
2845 537 3101 592 Romazne
3123 539 3264 592 sedis
3287 554 3415 607 pon-

154 651 410 708 Ecclesiae
444 658 649 704 sanctae
689 657 742 701 et
790 646 963 700 salute
1013 641 1243 711 imperii,
1280 655 1413 709 pura
1435 647 1488 692 et
1519 638 1726 691 sincera

157 739 462 794 intentione
490 737 674 790 subire
705 749 812 788 non
852 733 1179 787 dubitemus.
1216 727 1387 782 Vestri
1416 742 1543 796 ergo
1566 725 1728 778 studii

155 831 224 884 sit
248 829 315 883 de.
356 828 675 896 exceptione
706 834 760 879 et
780 825 1001 877 servitio
1040 831 1229 876 nostro
1254 835 1587 890 praemonere
1612 833 1729 880 eos,

156 936 291 990 quos
322 918 612 989 prudentia
645 926 820 970 vestra
855 913 1169 983 cognoverit
1193 911 1242 965 id
1278 927 1459 980 posse,
1492 919 1544 961 et
1576 906 1732 959 nobis

156 1011 370 1065 debere.
427 1008 511 1062 Sit
556 1008 718 1062 etiam
763 1005 925 1060 studii
971 1004 1134 1057 vestri
1182 1017 1282 1071 per
1315 1009 1496 1070 partes
1522 1008 1732 1053 vestras

157 1116 344 1172 pacem
395 1103 634 1163 lirmare,
684 1107 743 1150 ut
776 1093 1096 1149 intentionis
1141 1102 1342 1146 nostrae
1394 1089 1731 1160 propositum

160 1192 288 1246 nihil
332 1191 598 1260 impedire
647 1188 838 1257 possit.
889 1186 1033 1251 Quot
1065 1193 1118 1237 ct
1175 1190 1410 1252 quantas
1467 1180 1732 1233 collucta—

157 1281 332 1338 tiones
384 1295 511 1333 cum
557 1277 763 1332 nuntiis
819 1276 983 1345 regiis
1025 1273 1396 1337 babuerinms,
1449 1278 1501 1324 et
1535 1269 1734 1339 quibus

160 1369 467 1424 rationibus
521 1367 680 1421 dictis
735 1381 925 1419 eorum
981 1363 1406 1426 obviaverimus,
1470 1359 1733 1430 quidquid

157 1457 344 1513 deesse
366 1457 582 1512 videtur
623 1457 838 1520 litteris,
881 1455 1082 1508 latores
1117 1468 1304 1507 earum
1347 1452 1558 1520 plenius
1586 1450 1732 1518 judi-

160 1549 377 1604 cabunt.
433 1548 662 1614 Quibus,
697 1547 837 1601 sicut
882 1547 948 1602 de
996 1547 1083 1607 iis,
1135 1561 1256 1614 quae.
1283 1545 1440 1597 beato
1498 1542 1657 1595 Petro
1683 1552 1734 1595 et

160 1641 314 1694 nobis
338 1639 688 1708 promisistis,
722 1639 1088 1691 indubitanter
1108 1635 1401 1699 credimus,
1441 1636 1510 1688 ita
1549 1651 1646 1685 vos
1668 1634 1734 1686 de

161 1730 264 1796 his,
295 1746 420 1800 qua:
444 1745 510 1784 ex
544 1739 730 1783 nostra
776 1739 928 1799 parte
948 1728 1202 1794 dixerint,
1241 1727 1397 1781 nobis
1432 1725 1733 1781 certissime

162 1823 411 1877 volumus
446 1822 684 1876 credere.

851 1912 1042 1969 XXXI.

165 1989 400 2074 Gregorii
444 2003 552 2058 VII
581 2004 805 2073 epistola
835 2004 906 2057 ad
946 2003 1267 2074 Germanos,
1291 2032 1361 2041 —
1408 2001 1650 2074 Nuntiat
1681 2019 1734 2054 se

231 2073 413 2128 centra
457 2076 774 2128 roluntatem
822 2083 872 2126 et
922 2073 1202 2126 consilium
1241 2073 1596 2126 Romanorum
1636 2073 1735 2124 iter

228 2145 412 2265 (Ὧι-θος
444 2144 648 2198 habere.
683 2142 946 2196 Hortatur
975 2143 1097 2197 dent
1119 2159 1329 2212 operum
1361 2149 1418 2193 ut
1446 2157 1532 2194 eos
1569 2142 1734 2209 possit

228 2231 260 2265 a
298 2229 395 2265 tre.

192 2227 196 2230 ’
227 2227 395 2267 aatre.

750 2302 931 2372 (Anno
974 2301 1153 2372 l076.)

554 2393 771 2467 [Massa
812 2393 1014 2448 Concil.
1057 2392 1346 2471 XX,535.]

229 2487 539 2542 Caesonius
564 2485 870 2554 episcopus,
898 2500 1087 2539 servus
1125 2475 1402 2538 servorum
1451 2483 1542 2537 Dei
1570 2525 1584 2549 ,
1616 2500 1735 2538 om-

163 2577 320 2631 nibus
343 2575 792 2644 archiepiscopis,
823 2574 1114 2643 episcopis,
1148 2574 1454 2637 abbatibus,
1478 2575 1730 2641 ducibus,

163 2666 589 2730 marcbionibus,
627 2665 938 2729 comitibus,
971 2667 1333 2734 omnibusque
1365 2665 1731 2720 Christianam

163 2767 213 2811 et
241 2757 298 2812 Β,
325 2756 472 2812 Petri
501 2756 892 2826 apostolorum,
927 2755 1184 2826 principis
1223 2757 1379 2810 tidem
1407 2797 1422 2822 ,
1453 2766 1506 2811 et
1531 2757 1728 2811 doctri-

164 2834 284 2903 nam
314 2847 752 2912 defendentibus,
780 2856 836 2902 et
869 2848 1285 2902 observantibus
1311 2849 1364 2901 in
1393 2849 1541 2901 omni
1566 2864 1730 2918 regno

165 2938 585 2995 Teutonicorum
611 2979 626 3003 ,
679 2938 908 2994 salutent
953 2947 1005 2994 et
1047 2939 1327 2993 beatorum
1362 2939 1729 3007 apostolorum

162 3029 302 3085 Petri
326 3041 380 3086 et
407 3029 562 3084 Pauli
583 3031 1012 3086 benedictionem
1039 3040 1091 3085 ct
1111 3031 1354 3084 omnium
1384 3040 1730 3098 peccatorum

164 3123 576 3178 absolutionem.

230 3212 341 3283 Ego
371 3211 765 3281 qualiscunque
795 3210 1048 3265 sacerdos
1071 3211 1438 3280 apostolorum
1470 3211 1730 3281 principis
1759 3229 1798 3285 ε

164 3318 349 3358 servus
374 3344 392 3368 ,
422 3311 611 3358 contra
659 3304 987 3356 voluntatem
1034 3312 1086 3355 et
1130 3303 1417 3356 consilium
1460 3302 1734 3358 “onmno-

163 3408 302 3457 rum,
333 3393 613 3448 conﬁdens
636 3394 702 3447 de
732 3393 1103 3446 misericordia
1152 3392 1244 3447 Dei
1278 3402 1332 3447 et
1360 3410 1484 3447 vera
1513 3396 1612 3448 lide
1642 3411 1734 3449 ca-

163 3481 383 3546 tholica,
423 3481 580 3536 venio
611 3481 678 3535 ad
703 3497 822 3546 vos,
848 3493 1078 3558 paratus
1100 3492 1320 3550 propter
1349 3484 1608 3537 honorem
1639 3484 1733 3538 Dei

166 3581 217 3627 ct
237 3573 472 3627 salutem
507 3573 812 3626 animarum
839 3563 1142 3626 vestrarum
1172 3581 1401 3626 mortem
1441 3575 1642 3640 subire,
1676 3583 1734 3630 ut

133 3673 139 3680 ‘
168 3680 258 3734 per
285 3663 485 3718 multas
513 3663 889 3718 tribulationcs
917 3664 1200 3736 tendamus
1218 3705 1233 3729 ,
1265 3672 1318 3718 ct
1355 3665 1734 3732 perveniamus

168 3755 230 3809 ad
253 3754 516 3826 requiem.
544 3752 653 3809 Vos
676 3762 875 3818 autem,
920 3752 1109 3809 fratres
1139 3754 1246 3808 mei
1275 3755 1609 3810 dilectissimi
1636 3799 1649 3820 ,
1681 3765 1735 3811 et

168 3845 608 3901 desideratissimi
630 3886 647 3911 ,
686 3860 1030 3914 summepere
1066 3852 1254 3900 curate
1292 3855 1350 3899 ut
1379 3862 1470 3900 vos
1502 3849 1730 3916 possim,

168 3934 274 3990 Deo
286 3937 600 4002 auxiliante,
628 3937 794 4002 adire,
816 3938 1079 4006 vobisque
1105 3937 1158 3990 in
1179 3938 1432 3991 omnibus
1455 3939 1730 4006 prodesse.

168 4023 454 4080 Benedicat
491 4040 592 4080 vos
620 4026 711 4079 ille
758 4041 822 4080 ex
853 4028 1011 4095 cujus
1040 4029 1212 4097 gratia
1241 4029 1443 4084 dictum
1479 4037 1563 4083 est
1599 4029 1733 4082 mihi

167 4113 233 4169 ad
277 4129 482 4183 corpus
520 4115 663 4168 beati
709 4114 853 4169 Petri
907 4117 962 4169 in
1005 4107 1092 4170 die
1139 4118 1497 4172 ordinationis
1545 4136 1676 4174 meae
1715 4134 1728 4172 :

166 4202 536 4274 Quodcunque
558 4204 898 4260 benedixcris
928 4207 1271 4261 benedictum
1306 4208 1448 4273 erit,
1479 4217 1531 4261 et
1560 4210 1734 4277 quod-

166 4307 377 4365 cunque
436 4295 662 4350 solveris
720 4295 774 4350 in
842 4305 985 4352 terra
1031 4297 1136 4352 erit
1182 4297 1421 4352 solutum
1465 4298 1519 4351 in
1570 4300 1728 4353 coelo.

165 4384 352 4443 Amen.

836 4475 1049 4531 XXXII.

1831 629 1982 693 tiles,
2019 630 2343 698 rescriptum
2369 643 2489 682 esse
2519 638 2752 690 constat,
2786 629 2864 681 vel
2890 637 3082 682 vestra!
3116 629 3410 682 canonica'.

1831 714 2244 786 Quaurseilici't
2267 719 2584 773 canonicam
2616 720 2888 782 tnrndmn,
2929 729 2982 772 ct
3019 719 3413 775 defendendam

1831 826 1925 879 per
1971 811 2214 863 eam-.let‘n
2264 811 2517 879 paginam
2558 811 2670 878 ipse
2712 820 2887 862 vester
2935 809 3242 878 episcopus,
3283 825 3413 864 san-

1831 903 2058 956 ctissimi
2086 903 2499 971 pra-decessm‘ls
2525 903 2625 954 mz-i
2654 902 2852 954 Leonis
2881 919 3049 970 Inque,
3078 918 3411 971 suorumque

1833 1009 2212 1046 successorum
2252 993 2559 1046 auctoritati
2613 993 2886 1056 tuendam,
2929 1003 2980 1045 et
3023 992 3413 1047 defendendam

1834 1084 2128 1148 commisit,
2182 1092 2344 1152 atque
2390 1084 2692 1151 supposuit,
2728 1083 2998 1151 utqnieti,
3029 1091 3081 1135 et
3120 1083 3296 1135 securi
3348 1084 3416 1136 ab

1835 1175 1981 1228 omni
2013 1175 2230 1227 lzesionc
2261 1190 2576 1243 permanere
2610 1175 2849 1227 valeatis.
2905 1174 3181 1228 Desiderio
3214 1177 3413 1244 itaque,

1835 1281 1898 1319 ac
1929 1265 2184 1334 petitione
2218 1273 2329 1329 tua,
2369 1274 2425 1318 ut
2458 1266 2716 1330 diximus,
2753 1267 3013 1331 inclinati,
3057 1276 3110 1320 et
3161 1268 3418 1335 praeposi-
3442 1303 3454 1314 -

1837 1363 1971 1418 ltun,
2017 1365 2178 1422 atque
2215 1370 2562 1408 successores
2601 1357 2917 1409 canonicam
2952 1357 3114 1409 vitam
3152 1358 3414 1411 ducturos

1837 1447 1939 1499 sub
1975 1456 2171 1500 nostra:
2199 1447 2509 1514 ειιιοδιυῑὶοω
2541 1447 2875 1501 delensionis
2908 1449 3205 1502 munimine
3239 1449 3414 1502 susci-

1835 1536 2035 1604 pimus.
2089 1536 2148 1588 Iit
2187 1537 2324 1588 bona
2353 1537 2556 1600 (mrnia,
2585 1552 2707 1604 qtne
2745 1546 2918 1592 vestra
2948 1548 2999 1593 et
3027 1539 3205 1603 habet,
3233 1548 3285 1593 et
3318 1539 3414 1593 ba-

1838 1627 2012 1679 bitura
2045 1637 2147 1689 esi,
2181 1637 2229 1678 et
2269 1627 2366 1678 sibi
2401 1627 2668 1694 pet'litteul
2692 1629 2974 1691 t.‘:tl|ﬂ!tl(':l,
3008 1629 3256 1683 videlicet
3291 1645 3416 1684 eur-

1838 1725 1936 1780 tes,
1965 1726 2214 1780 terras,”
2235 1717 2387 1784 jt:.‘-.ln
2416 1716 2778 1770 Flor-culinam
2806 1719 2988 1771 urbem
3016 1728 3223 1787 pratum
3253 1720 3414 1789 aegis,

1837 1827 2086 1878 cmupunl
2125 1811 2266 1877 regis
2295 1819 2466 1862 totum
2498 1828 2619 1863 cum
2657 1813 2882 1875 niansis,
2909 1822 2956 1865 et
2986 1814 3269 1866 territoriis
3298 1828 3416 1866 om-

1836 1902 2014 1964 nibus,
2045 1920 2165 1971 qme
2194 1902 2245 1953 in
2274 1901 2582 1955 Florentino
2623 1913 2774 1956 culte
2811 1905 2968 1957 habet
3001 1915 3047 1957 et
3093 1907 3304 1970 retinet,
3334 1905 3415 1959 vel

1836 1991 1936 2044 sibi
1970 1992 2237 2060 pertinent
2276 1991 2526 2059 [ntulit-ta
2572 2003 2748 2046 vestra
2788 1996 3089 2059 carminata,
3114 2011 3319 2048 eur.em
3357 1994 3414 2048 S.

1835 2080 2063 2134 Andrea‘.
2096 2097 2219 2135 cum
2251 2083 2506 2134 munibus
2533 2082 2634 2135 sibi
2673 2085 3088 2151 patinentibus,
3118 2095 3326 2140 curtem
3349 2087 3417 2140 de

1835 2167 2058 2233 Quinto,
2087 2180 2293 2223 curtem
2320 2171 2385 2224 de
2422 2172 2664 2224 tiintoria
2695 2190 2818 2225 cum
2861 2175 3114 2228 onmibus
3146 2176 3260 2228 suis
3297 2193 3418 2245 per-

1838 2258 2098 2325 tineutiis,
2135 2270 2187 2314 et
2216 2262 2359 2314 illam
2400 2272 2624 2330 partem,
2671 2279 2835 2332 quam
2863 2265 3053 2320 I‘etrus
3077 2268 3418 2336 primicerius

1835 2357 2024 2402 contra
2047 2351 2308 2405 canonica
2336 2352 2579 2405 instituta
2614 2369 2879 2422 usurpare
2900 2355 3049 2409 visus
3073 2366 3174 2422 est,
3208 2357 3416 2424 plebem

1833 2440 1899 2493 de
1935 2439 2136 2495 lixinca
2161 2460 2283 2497 ('lllll
2320 2453 2489 2508 eurte,
2517 2455 2563 2497 et
2593 2446 2817 2511 mansis,
2844 2455 2897 2500 et
2919 2448 3172 2501 omnibus
3203 2448 3418 2502 territe—

1835 2531 1950 2596 riis,
1983 2541 2036 2585 et
2069 2533 2542 2600 decimatitmilms,
2567 2553 2907 2605 qmeeunque
2934 2538 2999 2590 ad
3028 2539 3272 2591 eamdem
3305 2539 3418 2607 plc-

1834 2623 1976 2686 bem,
2015 2625 2096 2676 vel
2132 2635 2337 2678 eurlem
2368 2629 2633 2694 pertinere.
2670 2629 2938 2682 vitientur.
2967 2628 3193 2698 Insuper
3222 2639 3416 2696 totum,

1833 2713 1976 2782 quod
2009 2712 2228 2767 Thetth
2259 2716 2398 2769 lilius
2429 2716 2602 2785 Lepizi
2634 2734 2732 2786 pro
2772 2720 2946 2772 salute
2986 2721 3181 2774 anima:
3212 2737 3323 2775 sua:
3361 2723 3414 2776 in

1832 2803 2057 2859 ccciesia
2116 2802 2172 2856 8.
2230 2804 2456 2858 Joannis
2505 2809 2762 2871 contulit,
2812 2810 2889 2862 vel
2938 2809 2992 2862 in
3027 2810 3211 2871 eadem
3251 2827 3417 2865 cano-

1835 2893 1984 2958 nica;
2023 2903 2219 2948 terram
2255 2895 2310 2948 8.
2342 2895 2555 2950 Proculi
2594 2899 2646 2950 in
2693 2901 2948 2968 prsetlicta
2994 2901 3415 2969 plebc,lcurtem

1832 2982 1896 3035 de
1919 2983 2059 3046 lacu,
2088 3001 2210 3051 qtue
2231 2994 2312 3037 est
2337 2985 2474 3038 infra
2500 2987 2707 3054 plebem
2743 2987 2797 3041 8.
2829 2988 2970 3042 Petri
2998 2991 3157 3044 sitam
3185 2989 3412 3058 Valiam,

1833 3088 1956 3126 cum
2002 3076 2258 3128 omnibus
2299 3076 2614 3144 adjacentiis
2645 3089 2697 3131 et
2727 3081 3064 3147 pertinentiis
3101 3082 3236 3146 suis,
3269 3099 3415 3136 eam-

1832 3183 1960 3235 pum
1987 3168 2340 3223 nihilominus
2363 3170 2565 3238 Raudi;
2593 3174 2839 3229 similiter
2859 3179 3140 3232 ecclesiam
3169 3179 3224 3233 S.
3251 3157 3415 3248 I’etri,

1832 3268 1952 3328 qua:
1983 3261 2182 3315 dicitur
2215 3262 2474 3318 Cantuari
2515 3282 2638 3320 cum
2681 3269 2796 3322 suis
2841 3271 3200 3337 pertinentiis,
3252 3290 3416 3343 quam

1834 3348 2105 3404 Gerardus
2131 3354 2452 3407 venerabilis
2488 3357 2775 3424 episcopus
2803 3357 3125 3414 Florentium
3164 3361 3417 3417 Ecclesia:

1834 3445 2124 3511 prtelibata:
2163 3447 2392 3499 contulit
2431 3449 2726 3502 canonicae.
2788 3447 2896 3504 Nec
2948 3466 3058 3505 non
3109 3453 3417 3521 ubicunque

1832 3534 2033 3602 aliquid
2066 3534 2285 3599 habere,
2311 3537 2391 3588 vel
2421 3547 2622 3604 tenere,
2651 3548 2743 3593 aut
2765 3542 2864 3594 sibi
2893 3543 3160 3610 pertinere
3182 3545 3415 3611 videtur,

1835 3623 1947 3692 ipsa
1988 3633 2165 3678 vestra
2196 3627 2458 3680 canonica
2491 3647 2502 3680 :
2549 3639 2602 3681 et
2645 3631 2907 3700 quidquid
2941 3631 3212 3688 Gerardus
3243 3637 3420 3690 archi-

1834 3715 2111 3784 preslnter
2136 3732 2232 3784 pro
2265 3718 2546 3783 beneﬁcio,
2579 3730 2632 3772 et
2667 3722 2781 3789 ipsa
2829 3722 3142 3778 Florentina
3175 3710 3418 3782 Ecclesia

1834 3804 2024 3869 tenuit,
2060 3813 2167 3857 tam
2193 3806 2244 3858 in
2278 3807 2732 3863 dccimatiouilms
2766 3827 2930 3879 quam
2966 3829 3088 3880 qua:
3110 3815 3161 3866 in
3186 3817 3416 3880 mansis,

1833 3908 1886 3952 et
1917 3898 1968 3951 in
2004 3899 2238 3967 prmdiis,
2277 3916 2376 3954 nec
2401 3917 2507 3955 non
2539 3912 2594 3956 et
2617 3907 3295 3978 quarumque»Stephanus
3321 3909 3418 3962 ab-

1835 3988 1931 4042 bas
1954 4004 2019 4042 ex
2050 3990 2310 4046 beneﬁcio
2351 3994 2537 4046 tenuit.
2591 3996 2850 4051 Similiter
2871 4008 2923 4053 et
2949 4015 3287 4071 quamcunque
3307 4003 3418 4071 pri-

1834 4079 2041 4136 micerii
2071 4083 2331 4137 benelicia
2367 4083 2544 4151 fuere;
2579 4097 2742 4157 alque
2783 4091 2991 4160 plebem
3046 4091 3102 4146 S.
3145 4091 3416 4165 Hippolyti

1834 4173 1994 4227 sitam
2040 4174 2211 4241 Iilsze,
2253 4177 2487 4246 iteman
2532 4195 2806 4247 campum,
2834 4192 2883 4235 et
2929 4184 3166 4248 hortum,
3198 4186 3298 4253 ‘qui
3333 4192 3419 4240 est

1824 4262 1982 4329 juxta
2034 4264 2313 4318 ecclesiam
2359 4265 2414 4317 8.
2466 4265 2768 4334 Βιοιὶέηςιιλξτ,
2817 4287 2910 4323 seu
2947 4272 3328 4327 etiam'curtes
3361 4283 3418 4328 et

1832 4351 2088 4404 ecclesias
2141 4361 2301 4421 atque
2343 4355 2624 4408 castellum
2675 4356 2728 4408 in
2763 4359 3035 4412 territorio
3079 4361 3313 4430 plebium
3353 4362 3412 4418 S.

1832 4437 2058 4496 Joannis
2091 4441 2330 4511 Majoris,
2368 4454 2420 4498 et
2453 4444 2507 4498 8.
2545 4445 2842 4513 Laurentii,
2886 4460 2937 4504 et
2986 4451 3042 4505 S.
3090 4454 3339 4509 Cassiani
3383 4471 3416 4510 a

165 4563 446 4636 Gregorius
492 4563 605 4621 VII
652 4566 1002 4621 catltedralem
1041 4567 1315 4622 ecclesiam
1365 4566 1729 4622 Florentino»:

1835 4532 2163 4605 linibusjugi
2189 4535 2404 4604 Alpium
2432 4537 2839 4596 .llucellensium
2883 4560 3057 4614 usque
3094 4546 3148 4600 in
3188 4546 3414 4602 ﬂuvium

235 4639 481 4712 gendum
517 4637 738 4712 suscipit
776 4637 1009 4706 bonaque
1043 4637 1156 4706 ejus
1193 4639 1492 4708 con/irruat,
1529 4648 1732 4708 petente
1766 4706 1770 4712 '

162 4716 167 4721 '
233 4701 490 4772 Ragnerio
523 4701 783 4772 episcopo.

746 4793 926 4862 (Anno
964 4794 1147 4864 1076.)

455 4880 739 4954 [υςιιειιῃ
778 4881 947 4937 Italia
983 4901 1158 4950 sacra,
1197 4883 1284 4951 III,
1327 4884 1440 4958 79.]

229 4971 537 5030 ϐιεεοιιιυε
570 4972 876 5042 episcopus,
904 4988 1094 5028 servus
1124 4989 1402 5028 servorum
1433 4974 1548 5040 Dei,
1582 4975 1731 5030 Man—

165 5077 284 5117 τηω
305 5061 366 5118 8.
396 5061 717 5116 Florentium
734 5061 987 5117 Ecclesiae
1007 5065 1338 5132 prmprosito,
1363 5066 1587 5136 aliisque
1605 5083 1734 5121 eon—

165 5147 419 5209 l‘ratribus
462 5152 758 5220 canonicis,
809 5153 1025 5222 tuisque
1072 5157 1476 5213 successoribus
1514 5159 1567 5211 in
1607 5175 1730 5228 per-

166 5228 404 5308 petuum.

233 5328 288 5384 Si
303 5332 474 5401 iustis
493 5349 772 5393 Serrorum
796 5336 888 5393 Dei
912 5337 1260 5408 petitionibus
1283 5341 1547 5395 satisfecei
1565 5343 1726 5408 imus,

168 5420 345 5486 procul
386 5421 556 5477 dubio
600 5429 893 5495 apostolica
939 5439 1199 5498 pz'zccepta
1241 5445 1536 5484 servamus.
1579 5432 1727 5498 Qua-

168 5517 394 5578 propter,
419 5509 806 5571 interveniente
827 5519 1099 5575 confratre
1129 5531 1313 5574 nostro
1327 5521 1592 5591 l‘layncz-io
1616 5526 1727 5592 epi-

169 5611 328 5668 scopo
347 5608 550 5668 vestro,
582 5604 966 5680 conﬁrmamus
988 5621 1148 5680 atque
1169 5611 1580 5668 corroboramus
1607 5616 1723 5681 tibi,

169 5685 375 5759 tuisque
407 5693 837 5762 successoribus,
869 5701 1127 5768 quidquid
1177 5704 1228 5756 in
1262 5704 1454 5771 pagina
1496 5719 1724 5760 conces—

170 5776 346 5846 sionis,
399 5788 453 5834 et
503 5779 949 5853 conﬁrmationis,
988 5804 1150 5858 quam
1193 5804 1364 5846 vester
1410 5793 1531 5846 fecit
1572 5796 1724 5850 vobis

1838 4620 2007 4688 Sevze,
2028 4639 2150 4693 quae
2172 4623 2434 4680 Jeremias
2457 4628 2601 4683 lilius
2626 4629 2923 4700 lldeprandi
2953 4649 3054 4702 pro
3083 4651 3182 4690 sua
3211 4635 3417 4704 liliique

1836 4712 1920 4766 sui
1950 4713 2130 4767 anima
2155 4730 2250 4782 per
2276 4717 2578 4770 chartulam
2625 4718 2931 4776 oll‘ersionis
2960 4725 3249 4791 praelibatze
3279 4739 3414 4776 con-

1837 4803 1958 4857 tulit
1978 4806 2272 4869 canonica},
2302 4816 2482 4862 cnrtcs
2507 4817 2559 4862 et
2580 4825 2756 4875 casas,
2784 4819 2958 4865 sortes
2986 4821 3040 4864 et
3067 4811 3374 4866 domnicata
3394 4854 3412 4879 ,

1836 4900 1889 4945 et
1917 4894 2198 4948 ecclesiam
2229 4895 2283 4949 S.
2312 4896 2524 4951 Martini
2560 4915 2683 4952 eum
2724 4901 2978 4953 omnibus
3009 4901 3108 4954 sibi
3138 4903 3415 4971 pertinen-

1836 4985 1981 5038 tibus
2004 4987 2166 5040 rebus
2189 4988 2242 5040 in
2276 4989 2399 5041 villa
2440 4989 2505 5043 de.
2547 4989 2804 5056 Bagaolo,
2828 5007 2948 5058 qua:
2978 4994 3147 5046 scitur
3181 5010 3301 5050 esse
3328 4997 3412 5050 in-

1833 5071 1912 5126 fra
1942 5075 2148 5141 plebem
2183 5075 2239 5129 S.
2269 5077 2448 5131 Marize
2479 5079 2544 5131 de
2567 5078 2764 5145 Pinita,
2796 5097 2917 5149 qua:
2941 5083 3134 5137 dedere
3161 5086 3412 5140 homines

1832 5163 1899 5216 de
1931 5165 2122 5218 Rufina
2161 5167 2212 5218 in
2250 5169 2500 5235 praedicta
2529 5173 2810 5225 canonica.
2859 5173 3152 5229 Ecclesiam
3185 5176 3242 5230 S.
3278 5177 3410 5230 Am-
3471 5238 3474 5242 ,

1832 5252 1996 5307 brosii
2023 5270 2145 5308 cum
2174 5257 2287 5310 suis
2311 5259 2668 5325 pertinentiis,
2700 5263 2981 5316 ecclesiam
3010 5264 3064 5317 8.
3092 5265 3272 5317 .‘llarize
3303 5282 3408 5318 no-

1831 5343 1980 5396 vellae
2013 5359 2133 5398 cum
2160 5345 2319 5399 rebus
2353 5347 2487 5411 suis,
2517 5359 2754 5402 castrum
2782 5351 2846 5404 de
2871 5352 3223 5416 Seharaboni,
3255 5363 3424 5408 man:

1831 5449 1953 5486 sum
1991 5451 2156 5487 unum
2220 5436 2271 5488 in
2329 5436 2625 5503 Conciano,
2670 5451 2723 5492 ct
2764 5441 3021 5508 quidquid
3060 5441 3114 5492 in
3152 5445 3403 5508 praedicta

1831 5527 2091 5580 canonica
2121 5528 2266 5579 dedit
2291 5526 2485 5582 ImeLIa
2513 5530 2566 5581 in
2592 5524 2808 5582 civitate
2834 5531 3095 5584 chulana
3140 5534 3306 5596 intus,
3351 5546 3405 5587 et

1829 5629 1979 5673 extra
2005 5629 2207 5672 curtem
2235 5621 2299 5672 de
2327 5620 2623 5675 Petramala
2647 5639 2767 5675 cum
2805 5624 3057 5679 omnibus
3105 5629 3204 5680 sibi
3239 5644 3317 5696 per
3338 5630 3403 5679 ti-

1829 5710 2080 5762 nentibns
2101 5709 2279 5772 rebus,
2304 5720 2356 5762 et
2385 5720 2602 5774 terram,
2628 5729 2746 5780 qum
2777 5715 2921 5768 dedit
2945 5716 3238 5786 Tlntlrcrga
3267 5737 3404 5773 uxor
3476 5722 3478 5725 ’

1834 5801 2118 5867 anitripbi,
2165 5810 2214 5853 ct
2265 5812 2537 5869 praetcrea,
2584 5807 2718 5856 sit»!
2767 5825 2926 5875 supra
2968 5811 3221 5869 diximus,
3258 5826 3397 5877 quac-
