3952 6440
422 482 430 490 ’
467 503 567 559 ρτθ

1355 497 1410 551 s.
1453 443 1777 552 Gnnconu
1797 448 1898 545 "vn
1935 490 2137 546 PAP/E
2158 491 2453 573 opimus!
2489 491 2668 548 rans
2702 491 2766 546 ιι.

3737 63 3911 100 .“’“‹-’⁷ε

3571 488 3694 546 680

467 630 679 685 ermque
703 621 875 669 vestra
905 590 1160 667 canonica
1182 611 1326 680 justc
1357 579 1704 674 nunc‘habet,
1729 607 1895 660 autin
1923 621 2021 674 ρο-
2049 613 2094 666 Α
2119 606 2336 660 timodre
2359 605 2710 676 paenitudinis
2738 601 3068 660 exhibitione
3093 600 3160 656 ab
3181 599 3543 656 anathematis
3562 603 3708 656 vin-

469 714 692 768 sterum,
718 700 946 756 Domino
966 709 1250 764 annuente,
1283 699 1481 752 habere
1512 696 1794 766 contigerit
1823 695 1876 748 in
1901 694 2027 764 qui-

471 791 702 845 buslibet
740 790 900 843 rebus
939 788 1247 851 mobilibus,
1272 787 1354 839 vel
1380 786 1764 847 immobilibus,
1808 784 1922 838 sive
1962 781 2030 835 ab

469 879 708 948 ejusdem
730 877 961 932 civitatis
993 875 1243 945 episcopo
1277 874 1438 939 datis,
1470 874 1582 927 sive
1607 873 1674 926 ab
1706 872 1826 925 aliis
1853 869 2031 939 homi-

472 971 633 1023 nibus
666 968 912 1038 publicis,
937 968 1019 1020 vel
1049 966 1268 1035 privatis
1303 965 1419 1029 tibi,
1453 964 1665 1031 tuisque
1699 958 2029 1015 successori-

475 1056 579 1113 bus.
603 1038 985 1107 conﬁrmamus
1017 1059 1069 1104 et
1106 1050 1409 1105 stabilimus
1450 1050 1503 1102 in
1538 1056 1873 1117 perpetuum.
1908 1043 2033 1099 Haec

475 1149 638 1218 igitur
659 1146 862 1212 omnia,
885 1161 1005 1215 qua:
1043 1144 1202 1213 hujus
1227 1143 1476 1213 praecepti
1518 1142 1821 1210 decretique
1860 1139 2032 1192 nostri

474 1236 668 1306 pagina
695 1236 952 1300 continet,
975 1243 1084 1288 tam
1115 1233 1208 1287 tibi
1234 1247 1397 1302 quam
1443 1233 1672 1296 cunctis,
1715 1231 1808 1300 qui
1852 1230 1906 1282 in
1945 1245 2030 1295 eo,

419 1372 426 1378 .
476 1341 584 1394 quo
609 1340 668 1379 es
689 1324 895 1390 ordine,
923 1323 1149 1390 locoque
1175 1319 1555 1384 successerint,
1578 1319 1661 1372 vel
1694 1319 1772 1373 eis
1801 1332 2033 1387 quorum

477 1414 736 1469 interesse
765 1412 1020 1483 potuerit,
1053 1410 1349 1481 apostolica
1391 1409 1710 1465 auctoritate
1748 1407 1804 1460 in
1849 1421 2036 1476 perpe-

481 1509 631 1556 tuum
657 1500 1299 1556 servandadeazrnimus.
1343 1497 1400 1552 Si
1422 1498 1543 1568 quis
1564 1511 1691 1552 vero
1713 1511 1919 1566 regum,
1943 1511 2035 1549 sa-

481 1591 778 1655 cerdotum,
805 1589 1144 1654 clericorum,
1171 1589 1416 1656 judicum
1449 1603 1513 1641 ac
1541 1585 1876 1641 saecularium
1898 1599 2037 1654 ,per-

483 1695 736 1734 sonarum
768 1680 904 1733 hanc
937 1677 1337 1733 constitutionis
1362 1685 1560 1730 nostra:
1583 1675 1829 1745 paginam
1865 1687 2036 1742 agno—

482 1783 660 1831 serens,
686 1776 873 1822 contra
903 1781 1021 1820 eam
1045 1763 1331 1818 temerario
1354 1778 1490 1818 ausu
1519 1763 1701 1816 venire
1731 1761 2036 1830 tentaverit,
2073 1815 2075 1818 ι

482 1855 780 1924 potestatis,
804 1854 1126 1924 honorisque
1154 1853 1237 1907 sui
1265 1853 1523 1922 dignitate
1551 1860 1748 1918 careat,
1780 1864 2039 1920 reumque

2125 695 2248 748 culo
2273 695 2582 748 absolutum
2607 695 2662 747 in
2701 693 2929 763 gratiam
2955 689 3354 746 communionis
3383 705 3510 744 eum
3539 705 3713 745 rece-

2125 782 2322 850 pimus.
2354 781 2427 836 De
2457 791 2650 837 caetero
2683 782 2817 835 nihil
2848 795 3032 835 secum
3058 787 3374 843 statuentes,
3400 778 3508 833 nisi
3542 778 3708 849 quod

2127 873 2192 926 ad
2214 873 2479 926 cautelam
2504 880 2557 926 et
2581 872 2844 926 honorem
2867 869 3112 924 omnium
3135 875 3374 922 vestrum
3395 865 3512 921 fore
3536 874 3715 937 puta-

2127 963 2321 1017 vimus.
2352 961 2596 1031 Cumque
2621 961 3098 1031 Langobardorum
3122 957 3362 1028 episcOpi
3393 959 3562 1013 totius
3592 973 3710 1012 ne-

2127 1051 2256 1121 gotii
2279 1061 2544 1106 summam
2571 1052 2638 1106 ad
2662 1066 3004 1105 communem
3028 1057 3352 1104 conventum
3372 1057 3426 1103 et
3447 1050 3709 1118 pruden-

2129 1142 2216 1196 tiae
2252 1152 2444 1196 vestra:
2485 1141 2934 1196 consultationem
2975 1148 3306 1194 reservatam
3331 1153 3457 1193 esse
3489 1152 3714 1208 cogno-

2131 1240 2360 1297 scerent,
2387 1245 2488 1285 nec
2517 1237 2584 1286 de
2617 1231 2734 1286 suis
2777 1229 2950 1298 culpis
2973 1244 3035 1284 ea
3069 1241 3235 1298 quam
3272 1228 3561 1296 sperabant
3593 1228 3713 1281 ἰιῐιο

2129 1321 2372 1390 punitate
2391 1320 2785 1376 absolutionem
2803 1319 3063 1388 consequi
3082 1317 3404 1388 potuissent,
3432 1331 3577 1386 quan
3585 1325 3712 1370 tam

2083 1463 2090 1469 .
2131 1410 2437 1479 superbiam
2473 1418 2813 1479 quantosque
2850 1409 3069 1462 malitiae
3099 1413 3328 1462 conatus
3364 1415 3553 1461 contra
3595 1420 3712 1460 nos

2099 1547 2102 1552 .
2133 1500 2314 1555 adorsi
2346 1500 2473 1565 sint,
2501 1500 2569 1554 ad
2596 1498 2881 1554 dicendum
2908 1497 3127 1567 quidem
3159 1495 3336 1560 triste,
3367 1495 3434 1549 ad
3465 1495 3669 1549 audien
3689 1523 3708 1535 -

2133 1590 2261 1644 dum
2291 1597 2376 1643 est
2399 1587 2781 1654 abominabile,
2815 1603 2940 1642 cum
2979 1587 3075 1652 illi,
3109 1586 3202 1655 qui
3243 1585 3297 1638 in
3330 1583 3571 1638 Ecclesia
3604 1583 3710 1638 Dei

2135 1680 2400 1734 columna:
2448 1693 2566 1734 esse
2611 1679 2932 1744 debuerunt,
2975 1691 3085 1732 non
3126 1675 3287 1730 modo
3343 1673 3397 1727 in
3439 1687 3711 1743 compage

2135 1768 2377 1837 corporis
2401 1766 2601 1822 Christi
2632 1767 2838 1822 nullum
2862 1765 3039 1820 locum
3069 1772 3302 1830 teneant,
3337 1763 3430 1817 sed
3453 1761 3708 1831 pertina-

2137 1856 2270 1910 citer
2297 1855 2718 1924 impugnatores,
2759 1862 2814 1909 et
2845 1862 3108 1923 quantum
3147 1853 3216 1907 ad
3245 1867 3302 1907 se
3334 1852 3711 1906 destructores

485 1960 545 1998 se
585 1944 763 1998 divino
800 1943 1001 2012 judicio
1029 1943 1258 1996 existere
1298 1943 1363 1997 de
1410 1949 1712 2012 perpetrata
1759 1941 2041 2010 iniquitate
2072 1946 2114 2000 B
2139 1944 2390 1998 existant.
2422 1943 2496 1998 De
2518 1957 2640 2013 rege
2665 1957 2814 2008 vero,
2846 1950 2907 1996 ut
2927 1942 2981 1996 in
3018 1943 3100 1996 his
3122 1956 3243 2010 qua:
3262 1939 3420 1994 nobis
3450 1938 3714 2008 promisit

487 2042 790 2106 cognoscat.
828 2033 893 2086 Et
913 2033 1018 2088 nisi
1041 2047 1125 2108 ea,
1149 2048 1268 2102 qua:
1292 2032 1360 2085 ab
1397 2032 1487 2087 illo
1523 2040 1648 2086 sunt
1677 2031 1816 2085 male
1840 2031 2038 2095 ablata,

487 2124 796 2189 restituerit,
827 2123 909 2176 vel
941 2122 1098 2192 digna
1125 2120 1437 2190 pmnitentia
1467 2120 1648 2174 illicite
1669 2128 1788 2188 acta
1816 2117 2043 2173 deﬂeve-

489 2213 582 2278 rit,
615 2228 645 2266 a
677 2211 1039 2266 sacratissimo
1072 2225 1318 2278 corpore,
1340 2225 1404 2263 ac
1423 2209 1682 2277 sanguine
1715 2207 1810 2261 Dei
1830 2203 2043 2260 Domini

492 2301 846 2369 redemptoris
874 2298 1046 2353 nostri
1087 2295 1214 2352 Jesu
1253 2296 1454 2350 Christi
1485 2297 1691 2350 alienus
1717 2296 1842 2361 fiat,
1885 2303 2047 2362 atque

492 2389 550 2443 in
569 2397 768 2443 aeterno
807 2386 1048 2442 examine
1071 2386 1329 2440 districta:
1353 2383 1542 2438 ultioni
1583 2384 1873 2454 subjaceat.
1908 2383 2049 2437 Cun-

493 2480 597 2532 ctis
630 2484 806 2530 autem
836 2476 1006 2530 eidem
1032 2475 1152 2529 loco
1176 2474 1321 2543 justa
1350 2475 1687 2532 servantibus
1713 2475 1785 2526 sit
1808 2489 1909 2542 pax
1941 2472 2048 2526 Do-

495 2566 628 2620 mini
661 2565 830 2619 nostri
863 2563 988 2618 Jesu
1028 2563 1251 2627 Christi,
1285 2571 1554 2632 quatenus
1595 2571 1646 2615 et
1686 2561 1776 2615 hic
1815 2561 2048 2615 fructum

494 2655 650 2709 bona:
691 2652 915 2707 actionis
952 2650 1265 2720 percipiant,
1314 2655 1368 2703 et
1409 2650 1548 2718 apud
1582 2649 1881 2705 districtum
1901 2648 2048 2718 judi-

496 2755 612 2798 cem
640 2741 856 2811 praemia
894 2747 1104 2795 aeterna
1131 2738 1276 2808 pacis
1305 2737 1596 2795 inveniant.
1648 2737 1838 2803 Amen,
1869 2753 2046 2792 amen.

570 2833 793 2901 Signum
821 2831 1061 2899 Gregorii
1084 2845 1234 2898 papae
1255 2829 1468 2897 septimi
1493 2848 1506 2882 :
1539 2829 1895 2883 miserationes
1927 2836 2049 2894 tute,

503 2918 742 2982 Domine,
771 2932 924 2985 super
953 2916 1308 2983 omniaopera
1330 2915 1462 2982 ejus.

573 3004 763 3057 Datum
802 3002 1082 3055 Florentiae
1118 3018 1148 3054 v
1189 3001 1304 3054 Kal.
1344 2999 1581 3055 Januarii
1620 3017 1713 3070 per
1744 3018 1936 3057 manus
1962 3002 2054 3057 Pe-

502 3099 570 3152 tri
609 3106 806 3152 sanetae
841 3096 1096 3150 Romanae
1132 3095 1382 3155 Ecclesia:
1405 3095 1701 3165 presbyteri
1744 3094 2050 3159 cardinalis,

506 3187 1006 3252 acbibliothecarii,
1045 3200 1187 3239 anno
1219 3202 1270 3240 Iv
1295 3187 1649 3254 pontificatus
1686 3185 1888 3240 domini
1925 3185 2056 3240 Grc-

2143 2033 2456 2103 simpliciter
2481 2041 2574 2087 aut
2601 2020 2910 2087 obedienter
2932 2031 3302 2097 ambulaverit,
3329 2045 3440 2084 non
3467 2027 3710 2083 multum

2141 2124 2312 2178 lzetari
2336 2138 2647 2193 possumus,
2687 2122 2984 2192 praesertim
3013 2136 3136 2175 cum
3171 2137 3237 2176 ex
3263 2121 3382 2190 ejus
3409 2117 3709 2190 presentia

2143 2213 2362 2282 pessimi
2402 2214 2602 2282 quique
2644 2221 2831 2267 contra
2881 2226 2982 2266 nos
3022 2219 3076 2265 et
3120 2210 3471 2288 apostolicam
3520 2210 3710 2264 sedem

2144 2302 2264 2370 plus
2300 2302 2539 2356 audacia:
2571 2315 2734 2372 quam
2777 2301 2998 2356 terroris
3029 2315 3128 2370 pro
3161 2308 3464 2369 perpetrata
3495 2299 3708 2368 iniqui-

2144 2400 2254 2445 tate
2276 2391 2527 2445 habeant.
2552 2391 2695 2445 Inter
2717 2392 2832 2446 haec
2861 2399 3038 2445 vestra
3060 2385 3286 2444 consilia
3303 2378 3708 2457 eXSpectantes,

2146 2479 2359 2534 tandem
2381 2494 2475 2549 per
2497 2479 2665 2533 filium
2689 2487 2934 2532 nostrum
2961 2474 3313 2546 Rapotonem.
3338 2492 3496 2546 quem
3517 2475 3586 2530 ad
3603 2491 3711 2531 vos

2145 2564 2414 2635 misimus,
2445 2569 2548 2642 hoc
2567 2584 2665 2623 vos
2695 2569 2828 2622 velle
2870 2574 2924 2621 et
2948 2563 3218 2637 postulare
3250 2563 3624 2635 cognovimus,
3647 2562 3711 2620 ἐἰ
3739 2611 3744 2616 .

2146 2659 2418 2728 quomodo
2442 2645 2508 2712 ad
2529 2666 2710 2727 partes
2728 2664 2936 2711 vestras
2961 2656 3192 2711 transire
3217 2654 3510 2725 possimus,
3541 2663 3712 2724 atque

2148 2748 2202 2802 id
2227 2756 2306 2814 ut,
2348 2747 2560 2806 cautius
2586 2747 2699 2802 fieri
2727 2746 2916 2816 possit,
2941 2761 3066 2801 cum
3087 2745 3228 2814 regis
3262 2743 3496 2798 consilio
3527 2751 3584 2798 et
3610 2741 3712 2798 ad-

2145 2836 2368 2904 jutorio,
2401 2851 2558 2905 agere
2607 2835 2941 2890 Studeamus.
2991 2831 3100 2889 Nos
3138 2833 3319 2902 itaque
3365 2833 3508 2888 sicut
3551 2831 3713 2900 vobis

2150 2924 2544 2986 mandavimus,
2574 2932 2765 2978 vestrae
2785 2923 3048 2977 voluntati
3071 2932 3231 2991 atque
3251 2922 3492 2977 consiliis
3513 2922 3570 2976 in
3589 2935 3714 2976 om-

2153 3015 2314 3068 nibus
2356 3014 2656 3068 secundum
2692 3012 3082 3081 beneplacitum
3122 3010 3216 3078 Dei
3259 3009 3570 3066 satisfacere
3608 3025 3711 3064 cu-

2152 3104 2379 3172 pientes,
2408 3102 2458 3156 id
2489 3103 2664 3170 ipsum
2689 3117 2784 3171 per
2806 3102 3025 3156 nuntios
3055 3110 3272 3155 nostros
3298 3115 3421 3155 cum
3451 3114 3575 3170 rege
3595 3107 3711 3154 sta-

2154 3197 2304 3246 tuere
2353 3199 2512 3261 atque
2549 3199 2800 3260 coaptare
2845 3206 3064 3260 operam
3099 3190 3313 3244 damus.
3359 3188 3560 3256 Verum
3601 3203 3714 3257 quo

508 3278 642 3349 gorii
676 3275 765 3329 νη
800 3291 973 3346 ρειιεες
1013 3290 1154 3333 anno
1187 3276 1431 3330 Videiicct
1480 3275 1771 3328 Dominicw
1814 3274 2056 3328 incama-
2081 3271 2121 3326 C
2153 3279 2335 3332 animo
2372 3279 2486 3347 ipse
2523 3279 2679 3355 nobis
2708 3287 2762 3332 et
2781 3279 2933 3334 vobis
2975 3279 3028 3332 in
3059 3279 3162 3333 hac
3201 3294 3366 3332 causa
3406 3279 3715 3335 consentire

509 3368 672 3424 tionis
707 3367 987 3422 millesimo
1023 3366 1414 3436 septuagesimo
1449 3373 1618 3421 sexto.
1656 3364 1838 3418 indict.
1876 3379 1985 3417 xxv.

1161 3482 1394 3537 XXXIII.

513 3577 748 3646 Gregorii
793 3573 898 3628 VII
942 3575 1158 3643 epistola
1198 3576 1264 3626 ad
1306 3574 1733 3646 archiepiscopus,
1773 3575 2056 3646 episcopos,

546 3688 549 3690 .
587 3643 758 3707 duces,
789 3646 997 3695 comites
1031 3647 1338 3709 c‘wterosque
1365 3644 1620 3710 principes
1643 3643 1758 3709 cum
1790 3643 1926 3694 omni
1961 3657 2055 3709 po—

585 3712 707 3783 pulo
740 3713 882 3780 regni
921 3711 1335 3764 Teutonicorum.

1093 3799 1269 3868 (Anno
1312 3797 1492 3864 ωτι.)

520 3891 783 3965 ίιῐιιεορὶε
803 3889 1094 3965 ἘιιιῖῇιιίξηΞ
1113 3887 1421 3965 Cia-oniten,
1445 3889 1583 3965 apud
1606 3887 1808 3965 Ριῖιιτζἱ
1822 3886 2059 3965 dignum.

693 3958 861 4011 Germ.
893 3958 1036 4023 hist,
1064 3958 1256 4024 Script.
1287 3965 1416 4009 tom.
1445 3957 1574 4021 Vlll,
1599 3973 1717 4026 pag.
1748 3955 1896 4026 445.]

594 4070 893 4124 GBEGORIUS
926 4067 1208 4135 episcopus
1251 4080 1439 4118 servus
1499 4080 1777 4119 servorum
1811 4065 1906 4119 Dei
1935 4065 2066 4120 dile-

523 4152 780 4213 ctissimis
808 4157 860 4210 in
876 4155 1089 4210 Christo
1115 4154 1370 4209 fratribus
1392 4162 1446 4209 et
1463 4154 1608 4220 filiis,
1631 4155 2064 4226 archiepiscopis,

522 4251 806 4321 episc0pis,
844 4249 1093 4313 ducibus,
1127 4237 1435 4314 Comitibus,
1463 4247 1774 4316 ueterisque
1810 4250 2065 4319 principi-

524 4341 645 4401 bus,
694 4354 815 4393 cum
862 4338 1006 4392 omni
1039 4339 1238 4407 pepulo
1275 4338 1425 4407 regni
1463 4336 1880 4393 Teutonicorum
1925 4340 2068 4394 chri-

527 4429 756 4482 stianam
784 4427 940 4479 fidem
967 4435 1019 4480 et
1051 4427 1361 4493 religionem
1389 4426 1814 4494 defendentibus,
1842 4430 2064 4484 salutem

527 4526 581 4571 et
606 4515 952 4585 apostolicam
981 4513 1424 4566 benedictionem.

2153 3369 2362 3434 debeat,
2399 3378 2522 3422 ante
2563 3365 2876 3424 missionem
2916 3369 3078 3439 hujus
3112 3369 3414 3439 legationis,
3453 3369 3711 3438 quoniam

2153 3475 2250 3513 rex
2265 3471 2293 3512 a
2312 3459 2468 3513 nobis
2484 3459 2638 3529 longe
2655 3459 2907 3524 distabat,
2932 3474 3264 3528 praenoscere
3285 3473 3394 3514 non
3415 3459 3708 3528 potuimus,

2157 3548 2248 3602 sed
2273 3562 2397 3601 mox
2427 3557 2487 3603 ut
2511 3548 2944 3618 cognoverimus,
2989 3549 3142 3604 vobis
3165 3549 3415 3602 intimare
3461 3563 3571 3602 non
3598 3557 3712 3604 tari-

2156 3638 2424 3692 dabimus.
2459 3637 2659 3692 Scitote
2699 3638 2860 3708 igitur
2909 3637 3168 3708 quoniam
3207 3639 3323 3692 haec
3348 3647 3432 3692 est
3466 3638 3712 3692 voluntas

2159 3735 2212 3779 et
2235 3726 2557 3779 desiderium
2579 3736 2846 3793 nostrum,
2870 3736 2930 3781 ut
2960 3727 3044 3781 vel
3073 3742 3339 3782 consensu
3362 3727 3522 3795 regis,
3553 3726 3638 3778 vel
3664 3725 3713 3782 Ii

2160 3830 2225 3868 eo
2249 3815 2462 3868 nolente
2489 3814 2604 3868 fieri
2627 3816 2820 3882 possit,
2847 3817 2914 3870 ad
2938 3831 3036 3870 vos
3058 3830 3156 3884 pro
3181 3814 3456 3872 communi
3485 3814 3713 3870 utilitate

2161 3913 2214 3958 et
2249 3904 2420 3957 salute
2451 3904 2690 3957 omnium
2722 3913 2956 3958 vestrum
2977 3912 3434 3974 per-transeamus.
3463 3902 3617 3969 Quod
3643 3905 3712 3974 si,

2162 3994 2399 4063 peccatis
2419 3987 2472 4046 et
2498 4009 2785 4062 pravorum
2800 3993 2992 4049 studiis
3015 3993 3375 4058 obstantibus,
3391 3993 3505 4049 ﬁeri
3528 3993 3713 4064 nequi-

2163 4083 2318 4148 verit,
2365 4083 2559 4136 absens
2605 4089 2782 4137 tamen
2829 4083 3248 4152 omnipotentem
3289 4081 3456 4138 Deum
3505 4082 3714 4139 obnixis

2164 4188 2374 4243 semper
2395 4173 2562 4228 orabo
2589 4174 2861 4243 precibus,
2897 4181 2958 4228 ut
2982 4173 3145 4228 corda
3186 4182 3360 4228 vestra
3385 4181 3438 4227 et
3470 4173 3628 4228 tidem
3660 4173 3714 4228 in

2164 4265 2312 4318 omni
2334 4265 2506 4336 gratia
2537 4272 2591 4318 et
2629 4263 2824 4318 virtute
2851 4263 3151 4329 confirmet,
3187 4270 3240 4316 et
3267 4264 3341 4316 ita
3383 4262 3439 4315 in
3469 4262 3714 4317 omnibus

2164 4363 2340 4408 vestra
2384 4353 2610 4423 consilia
2640 4361 2694 4406 et
2729 4352 2868 4408 facta
2905 4353 3120 4421 dirigat,
3149 4359 3211 4405 ut
3242 4352 3544 4404 libertatem
3562 4348 3714 4404 Chri-

2166 4444 2354 4497 stianae
2391 4441 2667 4510 religionis
2700 4441 2966 4494 indefessa
2985 4441 3182 4492 virtute
3220 4439 3525 4504 defendere,
3552 4445 3606 4492 et
3635 4452 3718 4506 ea;

2170 4546 2290 4599 quan
2335 4529 2402 4583 ad
2443 4537 2642 4583 statum
2671 4537 2724 4581 et
2748 4529 2972 4597 gloriam
3001 4528 3321 4582 nobilissimi
3367 4527 3520 4598 regni
3559 4527 3713 4584 vestri

603 4607 751 4660 Sicut
776 4605 830 4658 ίῐι
863 4603 1131 4672 Prioribus
1156 4601 1344 4655 “ueris
1369 4609 1424 4656 εἴ
1457 4601 1752 4672 ιθεειοηιηι
1779 4608 1955 4662 verbis
1979 4622 2073 4660 V0-
2099 4578 2146 4636 υ
2173 4578 2282 4672 Deo
2320 4617 2636 4686 dignissima
2682 4625 2736 4670 et
2749 4578 2916 4671 :obis
2940 4617 3226 4671 utilissima
3256 4625 3403 4683 sunt,
3429 4578 3714 4687 uproviden

530 4698 614 4753 bis
636 4694 1072 4766 significavimus,
1100 4691 1449 4761 intelligentes
1473 4695 1617 4762 quod
1647 4695 1805 4762 digne
1835 4695 1942 4750 Deo
1977 4698 2072 4751 de-
2119 4714 2121 4716 ·

486 4811 489 4813 >
532 4787 772 4842 fensores
788 4782 1009 4853 iustitia:
1028 4795 1127 4836 vos
1156 4781 1210 4835 in
1239 4795 1364 4834 vera
1389 4782 1688 4836 obedientia
1713 4792 1765 4858 et
1797 4786 2074 4854 apostolici

512 4871 862 4948 principatus
902 4871 1199 4928 reverentia
1234 4871 1573 4937 exbibuistis,
1597 4873 1651 4926 in
1685 4884 1859 4928 vestra
1887 4876 1987 4929 tide
2023 4884 2076 4930 et

535 4967 773 5020 consiliis
794 4964 1108 5030 fiducialiter
1133 4977 1278 5032 spem
1302 4971 1580 5031 ponentes,
1609 4972 1791 5016 contra
1827 4966 2073 5019 volunta-

538 5064 643 5106 tem
672 5067 805 5120 pene
827 5051 1063 5102 omnium
1092 5051 1322 5104 fidelium
1355 5060 1682 5113 nostrorum,
1706 5063 1922 5121 excepta
1951 5056 2076 5108 cha—

538 5143 752 5197 rissima
781 5148 834 5193 et
871 5139 1176 5192 ﬁdelissima
1199 5141 1338 5194 beati
1378 5141 1516 5195 Petri
1543 5142 1667 5208 filia,
1696 5143 1937 5197 videlicet
1963 5144 2077 5197 Ma-

541 5232 723 5294 thilde,
763 5231 861 5282 iter
897 5228 962 5281 ad
1006 5241 1101 5280 vos
1141 5243 1248 5281 non
1288 5232 1462 5283 solum
1501 5232 1638 5285 inter
1667 5234 1832 5286 multa
1874 5235 2078 5288 incom-

542 5322 721 5384 moda,
747 5319 838 5373 sed
869 5326 921 5370 et
945 5315 1179 5384 pericula
1207 5319 1439 5385 aggressi
1471 5335 1678 5383 sumus,
1699 5305 1753 5373 et
1779 5323 2080 5389 pervenisse

543 5412 756 5480 quidem
812 5407 1191 5476 potuissemus,
1233 5406 1277 5458 si
1316 5406 1568 5459 ducatum
1621 5423 1685 5461 eo
1727 5417 1979 5478 tempore,
2017 5427 2082 5465 eo

546 5502 662 5552 loco
686 5514 791 5566 quo
827 5496 1174 5549 constitutum
1207 5503 1340 5558 erat,
1376 5510 1439 5547 ex
1476 5504 1650 5550 vestra
1683 5507 1834 5566 parte
1865 5499 2083 5553 habuis-

546 5603 744 5642 semus.
768 5585 901 5638 Cum
933 5595 1108 5638 autem
1133 5600 1198 5637 ex
1224 5583 1336 5652 ipsa
1374 5586 1724 5653 suspensione
1745 5597 1942 5655 nostra:
1962 5605 2086 5658 pro-

549 5674 790 5730 Mionis
833 5676 942 5742 regi
986 5675 1040 5727 in
1075 5674 1275 5727 Italiam
1311 5676 1610 5742 properanti
1658 5678 1723 5730 ad
1763 5693 1862 5732 nos
1895 5695 2083 5747 perve-

548 5763 726 5820 niendi
750 5765 962 5818 daretur
991 5765 1219 5828 occasio,
1249 5764 1369 5818 victi
1399 5764 1514 5833 ejus
1543 5766 1841 5828 humilitate
1865 5777 1917 5821 et
1945 5771 2083 5823 mul-

2173 4707 2392 4776 possitis
2417 4715 2470 4760 et
2497 4707 2738 4776 exsequi.
2783 4705 2892 4761 Vos
2921 4715 3100 4761 autem
3130 4707 3185 4761 in
3228 4707 3502 4777 proposito
3539 4707 3714 4764 defen-

2171 4797 2357 4851 dendae
2385 4797 2628 4866 justitize,
2665 4797 2807 4864 quod
2837 4812 2933 4867 pro
2966 4797 3185 4852 nomine
3211 4797 3412 4852 Christi
3440 4806 3495 4852 et
3527 4807 3711 4854 aeterna

2173 4887 2522 4941 retributione
2550 4887 2864 4958 incaepistis,
2887 4887 2959 4941 ita
2974 4887 3262 4957 persistite,
3289 4896 3349 4941 ut
3379 4887 3447 4940 ad
3468 4901 3712 4942 coronam

2171 4983 2281 5026 tam
2304 4974 2496 5038 sancti,
2519 4982 2627 5026 tam
2652 4972 2761 5027 Deo
2782 4975 2961 5042 placiti
2984 4975 3314 5039 certaminis,
3342 4972 3450 5027 Deo
3470 4973 3720 5042 donante,-

2174 5062 2471 5130 pertingere
2514 5063 2752 5117 valeatis.
2790 5062 2952 5117 Plura
2992 5064 3146 5118 vobis
3173 5079 3265 5131 per
3300 5062 3498 5130 scripta
3545 5063 3712 5120 misis-

2176 5165 2378 5213 semus,
2423 5149 2527 5202 nisi
2563 5151 2706 5218 quod
2749 5151 2882 5205 tales
2920 5152 2986 5204 ad
3020 5166 3116 5204 vos
3154 5149 3372 5202 nuntios
3411 5149 3710 5221 direximus,

2177 5238 2372 5307 quibus
2395 5237 2758 5292 indubitanter
2779 5240 2997 5293 credere
3019 5237 3263 5306 potestis,
3293 5237 3347 5290 in
3373 5252 3602 5306 quorum
3629 5257 3713 5299 ore

2177 5321 2436 5390 quidquid
2479 5321 2532 5373 in
2556 5323 2780 5389 epistola
2811 5323 2992 5375 minus
3011 5320 3336 5386 continetur,
3370 5334 3423 5377 et
3450 5340 3549 5394 pro
3576 5327 3714 5384 vobis

2179 5413 2260 5464 vel
2289 5412 2355 5464 ad
2384 5426 2478 5464 vos
2499 5426 2594 5464 eor
2623 5421 2868 5466 nostrum
2900 5411 3076 5476 habet,
3102 5413 3399 5480 posuimus.
3427 5416 3618 5476 Amen.

2183 5568 2417 5638 Gregorii
2457 5568 2566 5650 VI.
2593 5568 2815 5650 epistola
3163 5576 3591 5650 archiepiscopos,
3618 5582 3714 5650 cpio

2251 5637 2904 5711 scapos,_abbates,_reges,
2935 5641 3211 5711 principes,
3242 5637 3457 5700 clericos
3478 5637 3537 5701 ἐι
3567 5637 3714 5703 [uicos

2251 5656 2448 5707 scopas,
2482 5656 2711 5700 uocales,
2746 5656 2904 5759 reges,
2923 5656 3211 5761 (prmerpes,
3242 5656 3457 5700 clericos
3485 5657 3537 5701 et
3567 5656 3714 5703 (uicos

2251 5709 2304 5784 in
2338 5706 2661 5784 Narbonensi
2695 5703 2793 5758 Gal
2819 5709 2889 5772 ia,
2955 5709 3215 5784 :uasconia
3260 5723 3307 5766 et
3340 5712 3599 5784 Hispania
3641 5733 3714 5769 rea

2252 5778 2400 5844 gione
2448 5773 2753 5826 constitutos
2796 5779 2999 5844 quando
3040 5781 3306 5850 Amatam,
3364 5773 3715 5838 Oloromusem
