3952 6450
527 506 630 555 657»

1435 502 1490 557 ὃ.
1533 498 1856 558 CRECORII
1899 499 2006 574 \'II_
2026 500 2223 556 ΡΛΡΑἶ
2264 500 2543 555 ΟΝἰΙὶυΜ
2586 500 2762 555 PARS
2801 504 2863 555 ll.

3752 124 3898 415 -η

3660 516 3731 563 (ιδ
3740 519 3766 564 ι

526 619 721 685 pimus.
771 620 1125 687 Quapropter,
1174 616 1518 670 dilectissime
1564 618 1659 681 ﬁli,
1700 620 1837 671 sicut
1899 626 1987 670 tua
2034 625 2087 670 et
2116 622 2156 675 Α
2185 623 2309 670 strte
2337 616 2587 685 paginam
2612 631 2947 687 cognoscens
2969 626 3158 672 contra
3182 632 3301 674 eam
3318 624 3611 681 temerario
3628 640 3767 692 ausu

525 706 750 760 fratrum
778 717 992 761 tuorum
1015 706 1228 761 devotio
1246 707 1555 776 postulavit,
1582 708 1958 775 suscipientes,
1990 706 2096 761 sic—

525 806 582 849 ut
616 806 667 849 et
701 798 1122 865 pnedecessores
1157 797 1353 861 nostri,
1389 796 1669 866 pra-fatum
1708 797 2095 849 monasterium

521 886 632 945 cui.
666 884 774 940 Deo
800 896 1038 951 auctore,
1074 897 1303 954 praeesse
1333 886 1689 955 dignosccris,
1717 886 1769 939 in
1799 887 2017 940 tutelam
2044 893 2095 936 ct

523 974 888 1029 defensionem
920 984 1120 1029 saneta:
1150 975 1407 1029 Romanae
1450 974 1724 1037 Ecelcsim,
1777 990 1872 1043 per
1933 973 2096 1042 hujus

522 1066 696 1120 nostri
717 1065 917 1119 decreti
947 1066 1215 1135 paginam,
1244 1066 1309 1119 ad
1335 1064 1797 1119 corroborandum
1827 1063 1936 1115 Deo
1993 1078 2093 1115 au-

523 1165 671 1209 ctore
707 1164 908 1209 statum
939 1154 1082 1223 ejus,
1111 1154 1420 1224 apostolicae
1439 1153 1712 1207 —tuitionis
1755 1153 2092 1222 privilegium

521 1245 617 1297 tibi
642 1245 1005 1299 concedimus.
1038 1244 1439 1298 Conﬁrmamus
1466 1243 1649 1297 omnia
1672 1243 1977 1312 qureeiilcm
2004 1256 2094 1292 ve—

517 1334 745 1387 nerabili
786 1334 905 1388 loco
953 1350 983 1388 a
1032 1334 1361 1403 quibuslibet
1403 1333 1715 1386 hominibus
1758 1333 1823 1385 de
1874 1331 2093 1399 proprio

516 1422 759 1491 jurejam
781 1424 979 1476 donata
1003 1432 1151 1488 sunt,
1176 1424 1257 1477 vel
1285 1423 1338 1476 in
1362 1421 1625 1487 futurum,
1650 1411 1759 1475 Deo
1779 1422 2111 1483 miserante,

524 1511 713 1564 collata
741 1497 1359 1582 fuerint,ettjusmtnque
1406 1512 1550 1566 modi
1589 1511 1963 1581 possessiones
1998 1518 2092 1561 aut

521 1600 662 1655 bona
684 1610 828 1667 sunt,
862 1609 970 1655 tam
995 1602 1049 1655 in
1078 1604 1237 1657 rebits
1268 1602 1560 1655 mobilibus
1591 1617 1754 1670 quam
1792 1598 2083 1652 immobili-

522 1692 645 1754 bus,
680 1699 733 1744 et
753 1694 1027 1759 postremo
1055 1692 1308 1745 universa
1352 1707 1474 1761 qua:
1518 1706 1664 1745 nunc
1706 1690 1951 1759 legaliter
1993 1703 2086 1742 ac-

518 1780 719 1847 quisita
743 1781 1002 1849 possidet,
1035 1782 1162 1835 etin
1193 1789 1494 1851 posterum,
1524 1780 1634 1835 Deo
1656 1780 1971 1849 opitulante,
1998 1793 2089 1832 ac-

521 1872 735 1939 quirere
756 1872 1007 1940 potnerit.
1035 1870 1267 1925 Proinde
1297 1871 1592 1940 apostolica
1616 1869 1937 1923 auctoritate
1961 1882 2089 1921 cen—

2194 706 2375 759 venire
2408 708 2716 772 tentaverit,
2766 707 3051 775 potestatis
3091 709 3422 782 honorisque
3469 715 3555 768 sui
3588 715 3769 786 digni-

2193 802 2303 849 tate
2331 805 2534 862 careat,
2561 812 2823 868 reumque
2849 814 2907 853 se
2938 798 3125 854 divino
3171 800 3379 869 judicio
3427 805 3661 862 existere
3700 808 3771 861 de

2193 894 2499 956 perpetrata
2526 886 2809 958 iniquitate
2834 900 3148 961 cognoscat.
3181 891 3247 946 Et
3268 894 3374 949 nisi
3421 910 3488 950 ea
3538 912 3663 966 qua:
3698 898 3772 951 ab

2192 979 2283 1032 illo
2312 989 2437 1035 sunt
2462 986 2601 1036 male
2630 983 2807 1038 ablata
2829 984 3144 1052 restituerit,
3172 986 3432 1058 veLdigna
3453 972 3769 1058 pcenitientia

2194 1070 2378 1124 illicito
2410 1081 2531 1126 acta
2579 1072 2879 1139 deﬁeret-it,
2927 1091 2957 1129 a
2998 1077 3372 1133 saeratissimo
3419 1095 3649 1151 corpore
3704 1097 3770 1137 ac

2191 1162 2453 1232 sanguine
2482 1162 2696 1220 Domini
2728 1168 2900 1221 nostri
2954 1166 3335 1240 Redemptoris
3386 1170 3513 1226 Iesu
3561 1172 3769 1228 Christi

2193 1249 2403 1305 alienus
2445 1250 2557 1318 liat,
2589 1263 2750 1323 atque
2781 1256 2834 1308 in
2871 1266 3074 1312 teterno
3099 1261 3351 1315 examine
3384 1262 3643 1341 districta
3685 1265 3772 1317 IlI-

2192 1340 2325 1394 tioni
2356 1344 2649 1412 suhjaccat.
2684 1345 2910 1402 Cunctis
2938 1358 3117 1403 autem
3149 1352 3320 1406 eidem
3355 1340 3635 1422 lochusta
3659 1369 3777 1410 Scr-

2189 1429 2443 1485 vantibus
2476 1430 2545 1485 sit
2565 1448 2668 1501 pax
2695 1432 2910 1488 Domini
2942 1438 3115 1491 nostri
3139 1437 3270 1493 Jesu
3299 1438 3532 1507 Christi,
3578 1452 3773 1512 quate-

2191 1532 2295 1571 nus
2324 1527 2377 1572 et
2406 1519 2495 1575 hic
2525 1520 2759 1577 fructum
2787 1524 2945 1580 bona:
2974 1526 3207 1582 actionis
3230 1531 3774 1603 percipiant,etapud

2188 1605 2493 1664 districtum
2523 1608 2765 1667 Iudicem
2787 1615 3009 1684 praemia
3030 1625 3246 1672 teternte
3293 1621 3444 1688 pacis
3464 1624 3769 1677 inveniant.

2260 1696 2454 1754 Datum
2478 1699 2727 1757 Laterani
2765 1720 2814 1757 tv
2846 1703 2970 1761 Idus
2989 1705 3232 1761 Januarii
3264 1724 3359 1777 per
3398 1726 3595 1765 manus
3623 1710 3772 1767 Petri

2189 1799 2390 1843 sanctzn
2422 1797 2680 1846 “ornante
2729 1791 2984 1850 Ecclesia:
3027 1799 3328 1868 presbyteri
3370 1802 3667 1857 cardinalis
3704 1818 3773 1858 ac

2192 1874 2609 1943 hibliothecarii,
2635 1894 2781 1933 anno
2803 1881 2995 1951 quinto
3020 1887 3366 1952 pontiﬁcatus
3414 1887 3477 1942 D.
3526 1874 3785 1961 Gregorii.

522 1975 705 2015 scmus
738 1969 898 2029 atque
928 1960 1220 2014 statuimus
1250 1968 1312 2013 ut
1338 1959 1519 2013 nullus
1543 1968 1730 2027 regum
1759 1958 1841 2011 vel
1867 1958 2094 2025 impera-
2124 1956 2165 2010 Β
2192 1965 2404 2034 septimi
2438 1982 2608 2037 papae,
2639 1970 2708 2024 ab
2737 1970 3112 2028 incarnatione
3169 1990 3298 2030 vero
3348 1974 3566 2033 Domini
3606 1956 3770 2052 αὖτε,

521 2059 721 2114 torum,
749 2050 968 2115 ducum,
1012 2050 1409 2115 marchionum,
1460 2048 1740 2111 comitum,
1790 2047 2083 2102 caslaltlio-

523 2156 671 2200 num,
722 2121 903 2195 nullus
951 2141 1275 2204 antistitum,
1331 2139 1414 2193 Vel
1453 2152 1776 2207 quacunque
1828 2136 2087 2206 dignitate

522 2231 801 2297 prtelitus,
835 2239 929 2283 aut
973 2230 1155 2298 aliqua
1195 2244 1427 2298 persona
1483 2227 1759 2281 saecularis
1808 2225 1893 2279 vel
1927 2224 2091 2277 eccle-

522 2321 765 2384 siastica,
794 2334 987 2389 magna
1020 2320 1102 2373 vel
1139 2332 1321 2387 parva,
1347 2316 1543 2370 audeat
1569 2315 1853 2384 prtefatum
1898 2328 2089 2367 mona-

520 2411 747 2464 sterium
770 2426 801 2463 a
832 2409 915 2464 sui
939 2410 1148 2464 ordinis
1178 2424 1242 2462 ac
1265 2406 1538 2461 ﬁrmitatis
1590 2404 1883 2459 stabilitate
1920 2402 2091 2456 divel-

521 2506 652 2565 lere,
675 2509 768 2554 aut
793 2501 933 2553 bona
959 2499 1061 2553 sibi
1083 2496 1428 2567 pertinentia,
1453 2510 1548 2564 pro
1572 2510 1670 2548 sua
1695 2494 1987 2562 rapacitate
2012 2492 2093 2543 vtl

522 2590 773 2644 violentia
821 2589 1136 2657 autiniqute
1160 2585 1549 2642 dominationis
1598 2583 1970 2653 Oppressione,
2008 2583 2094 2635 in-

526 2677 738 2740 vadere,
761 2678 844 2730 vel
866 2676 1118 2745 diripere,
1147 2675 1232 2728 vel
1262 2657 1385 2727 inde
1423 2672 1659 2735 auferre,
1686 2672 1798 2725 sive
1836 2670 1953 2726 suis
1985 2670 2096 2723 usi-

522 2770 626 2821 bus
655 2765 819 2835 impia
841 2766 1143 2818 temeritate
1163 2761 1504 2831 applicando,
1534 2762 1616 2813 vel
1651 2760 1772 2813 aliis
1797 2761 1955 2829 quasi
1990 2759 2094 2828 piis

523 2856 591 2909 de
621 2855 801 2909 causis
814 2870 913 2923 pro
938 2869 1051 2908 suae
1071 2852 1314 2907 avaritiae
1336 2850 1689 2905 excusatione
1720 2848 2095 2925 concedendo:

524 2946 621 3000 sed
641 2954 835 3000 cuncta
867 2959 988 3013 quae
1011 2943 1080 2997 ibi
1106 2942 1285 2997 oblata
1304 2949 1452 3005 sunt,
1482 2939 1759 2993 veloll‘erri
1790 2938 2098 3008 contigerit,

534 3052 633 3090 .am
661 3052 692 3089 a
716 3044 770 3089 te
797 3050 961 3105 quam
983 3034 1051 3087 ab
1075 3034 1155 3087 eis
1178 3034 1273 3102 qui
1297 3032 1351 3085 in
1376 3041 1471 3087 tuo
1499 3029 1673 3084 olIicio
1719 3029 1949 3098 locoque
1975 3044 2101 3082 suc-

524 3126 811 3189 cesserint,
843 3124 1067 3193 perenni
1101 3120 1577 3191 tcmporcillibata
1606 3134 1671 3172 ac
1711 3119 1829 3173 sine
1872 3116 2100 3173 infesta-

531 3217 679 3269 tione
702 3214 883 3282 aliqua
909 3213 1163 3265 volumus
1198 3225 1261 3265 ac
1298 3209 1642 3265 decernimus
1676 3208 1961 3276 possideri,
2002 3221 2099 3261 eo-

2188 2055 2484 2111 indictione
2507 2058 2704 2127 prima.

2839 2149 3104 2208 XXXVII.

2192 2233 2233 2288 (ἐ
2242 2236 2428 2303 regorii
2452 2252 2602 2305 papa:
2624 2235 2735 2312 VII
2756 2240 3087 2312 priuilegium
3112 2260 3207 2312 pro
3230 2249 3548 2302 monasterio
3560 2246 3620 2303 S.
3638 2246 3779 2304 Cru-

2686 2309 2763 2360 cis
2792 2307 3280 2380 It'imﬁerlegtemis.

2780 2400 2963 2470 (Anno
2994 2402 3180 2472 1078.)

2303 2482 2507 2555 [Gallia
2531 2486 2837 2543 Christiana
2863 2501 2971 2545 vet.
3002 2493 3133 2560 edit,
3162 2503 3295 2549 tom.
3322 2494 3410 2562 IV,
3436 2513 3491 2567 p.
3518 2498 3672 2572 δελ]

2200 2593 2203 2597 ί
2264 2572 2572 2631 ϐιιεςοῐιιυε
2592 2578 2898 2649 episcopus,
2926 2597 3115 2637 servus
3146 2599 3427 2663 servorum
3444 2585 3556 2653 Dei,
3578 2589 3788 2644 dilecto

2198 2664 2250 2716 in
2273 2662 2491 2719 Christo
2522 2666 2632 2721 ﬁlio
2663 2668 2988 2736 BENEDICTO,
3010 2673 3192 2728 abbati
3216 2662 3541 2732 monasterii
3563 2677 3786 2735 Sancta:

2196 2750 2388 2807 Crucis
2409 2754 2463 2808 in
2486 2754 2762 2817 Britannia
2784 2760 2894 2826 siti,
2918 2761 2974 2815 in
3004 2762 3131 2817 villa
3152 2780 3274 2834 qua:
3300 2766 3498 2823 dicitur
3518 2768 3786 2838 Avantot,

2199 2842 2424 2912 suisque
2453 2848 2863 2905 successoribus
2887 2851 3085 2907 ibidem
3108 2856 3425 2926 regulariter
3444 2859 3781 2930 viventibus.

2199 2939 2254 2985 et
2282 2934 2567 2989 monachis
2601 2934 2657 2988 in
2685 2947 3006 3007 perpetuum

2271 3019 2571 3091 Britannia,
2593 3023 2735 3079 sicut
2763 3029 3010 3083 nonnulli
3039 3032 3215 3101 gentis
3238 3044 3443 3090 nostra:
3482 3046 3779 3103 testantur,

2202 3122 2311 3161 non
2344 3109 2519 3163 solum
2552 3112 2622 3165 ab
2654 3113 3098 3185 imperatoribus,
3129 3135 3319 3176 verum
3347 3124 3510 3178 etiam
3539 3126 3611 3180 ab
3644 3126 3786 3196 ipsis

2205 3196 2624 3266 habitatoribus,
2653 3205 2836 3259 tutela:
2859 3214 2916 3260 et
2935 3207 3245 3265 defensioni
3282 3223 3484 3270 sanetae
3515 3214 3785 3273 Romana:

524 3321 648 3358 mm
671 3278 1228 3373 quid'emusibusmm
1250 3313 1484 3369 quorum
1505 3297 1895 3352 sustentatam“,
1910 3297 2105 3367 super-
2132 3278 2172 3334 C
2206 3284 2459 3343 Ecclesiae
2494 3293 2918 3369 commissaest.
2951 3296 3153 3353 Verum
3183 3310 3561 3360 antecessores
3602 3310 3784 3363 nostri

523 3396 852 3463 nationeque
881 3406 1142 3447 concessa
1165 3397 1312 3455 sunt,
1332 3389 1510 3443 modis
1526 3388 1779 3443 omnibus
1799 3385 2098 3456 profutura.

523 3484 655 3538 Item
696 3482 1084 3538 constituimus
1112 3490 1192 3547 ut,
1215 3480 1449 3543 obeunte
1480 3480 1703 3544 abbate,
1729 3494 1836 3532 non
1860 3479 2000 3533 alius
2028 3478 2103 3533 ibi

525 3587 854 3643 quacunque
884 3572 1220 3640 obreptionis
1248 3570 1445 3624 astutia
1475 3568 1756 3623 ordinetur
1784 3569 1905 3623 .nisi
1939 3583 2099 3638 qnem

526 3659 727 3713 fratres
772 3659 1044 3728 ejusdem'
1081 3658 1315 3713 etenobii
1365 3658 1663 3712 secundum
1715 3659 1967 3712 timorem
2005 3656 2101 3712 Dei

528 3748 809 3819 elegerint,
832 3748 1067 3802 maxime
1099 3748 1166 3801 de
1189 3747 1377 3801 eadem
1401 3746 1840 3816 congregatione,
1875 3746 1922 3800 si
1975 3746 2097 3801 tdo-

526 3854 667 3895 lteus
691 3839 942 3892 inventus
966 3836 1148 3891 fuerit.
1186 3836 1341 3901 Quod
1364 3836 1412 3890 si
1440 3836 1566 3890 talis
1598 3836 1691 3904 qui
1725 3836 1850 3889 huic
1883 3835 2100 3904 regimi-

529 3930 585 3984 ni
616 3936 881 3999 congruat
908 3927 1050 3981 inter
1078 3941 1172 3981 eos
1225 3925 1455 3979 inveniri
1483 3939 1588 3978 non
1637 3925 1831 3995 possit,
1883 3925 2101 4001 aliunde

528 4019 634 4074 sibi
679 4017 895 4079 Patrem
942 4026 996 4072 et
1044 4017 1362 4087 magistrum
1413 4023 1690 4085 expetant;
1743 4016 1838 4085 qui
1871 4030 1980 4070 non
2029 4016 2101 4070 ab

526 4109 637 4164 alio
660 4109 766 4163 nisi
792 4124 823 4162 a
854 4106 1100 4163 Romano
1148 4107 1399 4178 pontiﬁce
1428 4106 1724 4162 secundum
1751 4106 2098 4161 consuetudi-

528 4198 714 4251 dinem
741 4199 981 4265 priorum
1006 4197 1261 4250 abbatum
1285 4206 1650 4261 consecretur,
1675 4212 1851 4266 neque
1872 4196 2097 4252 alterius

531 4286 640 4341 nisi
689 4286 929 4354 ejusdem
978 4285 1207 4339 Romani
1254 4287 1525 4356 pontiﬁcis
1565 4278 1830 4341 subdatur
1865 4287 2090 4361 judicio.

452 4370 459 4377 ’
531 4374 981 4429 Consecrationes
1002 4382 1182 4428 autem
1217 4376 1591 4441 ecclesiarum,
1618 4389 1673 4434 et
1722 4379 2095 4434 ordinationes

530 4468 851 4522 clericorum
882 4464 1104 4535 praefato
1135 4466 1383 4520 emnobio
1408 4468 1812 4536 pertinentium,
1861 4468 1930 4522 ab
1975 4468 2092 4536 epi-

532 4568 700 4623 se0po
730 4557 785 4609 in
822 4557 978 4626 cujus
1000 4556 1222 4612 dioecesi
1256 4564 1340 4611 est
1385 4557 1670 4626 accipiant,
1699 4558 1771 4611 ita
1817 4567 1999 4612 tamen
2043 4557 2088 4611 si

531 4626 652 4719 ipse
672 4626 961 4719 episcopus
987 4650 1246 4704 canonice
1291 4650 1592 4718 ordinatus,
1642 4660 1738 4707 aut
1765 4667 1796 4707 a
1847 4650 2090 4727 Romana

533 4737 775 4796 Ecclesia
796 4745 927 4790 tunc
950 4738 1449 4793 excommunicatus
1477 4753 1585 4793 non
1608 4738 1788 4804 fuerit,
1838 4748 1893 4795 et
1941 4740 2091 4794 ordi-

505 4828 808 4889 nationem
842 4825 1009 4897 gratis
1034 4823 1239 4880 fecerit.
1270 4823 1366 4878 Sin
1414 4835 1593 4880 autem
1646 4829 1850 4897 aliquid
1896 4827 2093 4885 liorum

530 4917 821 4982 obstiterit,
856 4916 1043 4981 abbas,
1081 4915 1151 4971 ad
1178 4916 1610 4985 qualemcunque
1624 4917 1950 4971 catholicum
1981 4920 2097 4988 epi-

535 5018 761 5071 scopum
795 5006 848 5059 ei
876 5005 1156 5073 placuerit,
1188 5021 1353 5060 causa
1377 5004 1803 5060 consecrationis
1842 5013 1897 5059 et
1945 5003 2095 5060 ordi-

538 5092 775 5146 nationis
802 5100 913 5146 tam
955 5095 1199 5149 locorum
1245 5111 1410 5165 quam
1460 5109 1816 5164 personarum
1873 5095 2096 5155 licenter

537 5189 759 5250 pergat:
790 5172 1051 5249 liceatque
1072 5184 1326 5252 episcopo
1366 5185 1646 5251 canonice,
1688 5186 1834 5256 quod
1874 5195 2097 5257 rogatus

536 5280 609 5334 ab
636 5294 701 5334 eo
726 5278 906 5343 fuerit,
931 5294 1203 5349 peragere.
1239 5279 1363 5335 IItcc
1392 5282 1554 5351 igitur
1578 5285 1762 5338 omnia
1783 5301 1905 5354 qua:
1933 5287 2096 5356 hujus

536 5379 786 5449 praecepti
814 5375 1119 5446 decretique
1143 5378 1315 5431 nostri
1348 5379 1545 5449 pagina
1566 5381 1827 5448 continet,
1869 5392 1975 5438 tam
1998 5387 2095 5441 tibi

536 5489 702 5546 quam
723 5474 933 5529 cunctis
961 5474 1055 5543 qui
1082 5474 1136 5527 in
1165 5489 1232 5528 eo
1260 5491 1370 5544 quo
1398 5491 1458 5529 es
1482 5476 1672 5531 ordine
1715 5477 1942 5548 locoque
1970 5498 2114 5538 suc--

538 5571 817 5637 cesserint,
853 5572 907 5626 in
950 5582 1264 5643 perpetuum
1315 5577 1578 5631 servanda
1624 5577 2002 5636 decernimus-
2040 5581 2097 5636 Si

539 5673 664 5747 quis
676 5686 802 5726 vero
823 5691 1027 5744 regum,
1055 5677 1458 5746 imperatorum,
1480 5679 2095 5751 clericorum,jndicum,

539 5786 609 5847 ac
630 5773 962 5830 Stecularinm
986 5792 1337 5847 personarum
1368 5779 1508 5835 hanc
1542 5783 1946 5840 constitutionis
1998 5803 2096 5843 no.

2204 3375 2259 3429 in
2290 3377 2393 3432 hac
2422 3394 2609 3447 (ansa,
2641 3382 2781 3439 sicut
2810 3384 2864 3441 in
2896 3388 3083 3443 multis
3112 3390 3257 3457 aliis,
3283 3390 3418 3448 adeo
3442 3395 3784 3468 negligentes

2200 3465 2439 3535 fuerunt,
2474 3478 2533 3524 ut
2561 3486 2739 3540 amor,
2761 3483 2816 3529 et
2841 3478 3135 3545 promissio
3165 3482 3473 3551 apostolicae
3492 3465 3694 3553 tutevlze,
3725 3498 3787 3543 ct

2200 3556 2426 3626 pristina
2448 3559 2758 3618 devotionis
2779 3574 2981 3621 nostra:
3008 3567 3257 3637 intentio,
3307 3572 3362 3626 in
3419 3573 3677 3644 injuriam
3726 3588 3786 3631 et

2198 3660 2335 3714 pene
2343 3649 2500 3718 quasi
2512 3649 2567 3703 in
2578 3651 2910 3709 ablutionem
2924 3657 3043 3728 (sic)
3057 3659 3310 3731 utrinque
3317 3662 3652 3720 devenerint.
3662 3664 3787 3724 Nos

2200 3733 2403 3804 itaque,
2425 3735 2536 3792 Deo
2557 3750 2801 3811 auctore,
2810 3744 2929 3801 hate
2948 3761 3071 3815 qua:
3094 3747 3357 3804 hactenus
3375 3752 3616 3821 neglecta
3648 3741 3785 3811 sunt

2199 3823 2267 3875 ad
2296 3826 2617 3881 memoriam
2648 3832 2950 3900 satagimus
2977 3835 3269 3910 reducereL
3295 3839 3350 3892 et
3377 3846 3531 3894 tanto
3571 3844 3784 3903 sollici—

2198 3911 2309 3967 tius
2337 3913 2482 4001 circa
2512 3917 2741 3973 salutem
2767 3928 2821 3974 et
2850 3920 3113 3978 honorem
3138 3926 3331 3996 patrita
3358 3938 3552 3986 vestrm
3575 3948 3778 4004 procu-

2197 4014 2386 4057 ramus
2414 4005 2653 4060 studium
2676 4007 2987 4079 impendere
3009 4023 3236 4083 quanto,
3275 4017 3419 4073 sicut
3461 4018 3580 4088 jam
3633 4024 3783 4079 dixi-

2196 4105 2339 4157 mus,
2373 4092 2515 4149 beati
2544 4093 2688 4151 Petri
2712 4100 3016 4168 patrocinio
3041 4112 3254 4174 gentem
3284 4116 3523 4163 vestram
3551 4126 3652 4181 pro
3679 4113 3783 4169 de-

2193 4181 2413 4237 votione
2441 4184 2579 4239 colla
2610 4187 2933 4245 submisisse
2960 4195 3365 4263 cognoscimus,
3393 4206 3450 4252 et
3490 4198 3617 4255 licet
3644 4202 3779 4257 uni-

2192 4271 2473 4328 versaliter
2502 4275 2648 4352 quod
2678 4291 2709 4331 a
2738 4278 2899 4333 nobis
2922 4281 3178 4350 requiris,
3202 4284 3631 4355 charissimeﬁli,
3653 4288 3782 4344 Bri-

2191 4361 2392 4414 tannia:
2423 4355 2740 4429 debeamus,
2775 4367 3064 4435 specialius
3093 4378 3272 4428 tamen
3302 4373 3370 4427 ad
3397 4374 3779 4432 liberationem

2190 4452 2247 4497 et
2313 4445 2537 4505 tutelam
2589 4449 2905 4503 monasterii
2955 4452 3034 4505 tui
3080 4454 3361 4511 munimen
3402 4460 3781 4531 auxiliumque

2191 4533 2597 4599 praetendimus.
2638 4533 2816 4604 Unde,
2856 4540 3156 4595 secundum
3180 4549 3426 4601 tenorem
3449 4549 3779 4618 postulatio-

2195 4624 2281 4678 nis
2336 4634 2463 4693 tum,
2490 4629 2884 4684 monasterium
2911 4631 3000 4687 cui
3030 4641 3110 4702 tu,
3136 4634 3248 4691 Deo
3274 4647 3519 4707 auctore,
3542 4657 3776 4711 practise

2192 4713 2548 4784 dignosceris,
2581 4717 2684 4774 sub
2713 4721 2881 4775 tutela
2908 4729 2962 4777 et
2989 4722 3306 4782 defensione
3333 4730 3651 4799 apostolica:
3686 4749 3775 4788 se-

2193 4806 2279 4861 dis
2311 4822 2436 4862 cum
2475 4815 2584 4863 tota
2615 4809 2791 4866 insula
2839 4828 2962 4883 quae
3006 4826 3236 4873 vocatur
3270 4818 3494 4889 Guedel,
3537 4825 3623 4878 vel
3661 4827 3775 4880 alio

2196 4897 2418 4952 nomine
2447 4898 2592 4954 ilella
2615 4900 2827 4969 Insula;
2858 4920 3000 4974 quae,
3035 4924 3161 4964 cum
3185 4911 3307 4967 aliis
3328 4917 3776 4984 possessionibus

2197 4998 2318 5052 quat
2334 4985 2480 5054 juste
2508 4988 2611 5042 sibi
2635 4994 2903 5059 pertinere
2928 4998 3203 5069 videntur,
3249 5005 3637 5075 suscipientes,
3666 5008 3777 5067 hu-

2193 5074 2435 5141 jnsmodi
2465 5077 2567 5133 sibi
2593 5082 2868 5155 privilegia
2903 5090 3157 5156 praesenti
3197 5074 3542 5149 auctoritatis
3563 5106 3776 5154 nostra

2195 5164 2415 5221 decreto
2443 5166 2805 5243 indulgemus,
2854 5179 3205 5256 concedimus
3259 5188 3422 5253 atque
3463 5172 3773 5256 ﬁrmamus.

2196 5262 2493 5312 statuentes
2523 5260 2731 5316 nullum
2760 5279 2971 5335 regum,
2997 5265 3410 5337 imperatorum,
3433 5275 3773 5346 antistitum,

2196 5345 2402 5400 nullum
2435 5362 2760 5421 quacunque
2795 5352 3057 5421 dignitate
3102 5357 3408 5428 przeditum,
3444 5365 3531 5419 vel
3576 5348 3774 5437 quem?

2198 5448 2414 5504 cunque
2461 5437 2627 5491 alium
2659 5439 2861 5493 audere
2883 5439 2951 5494 de
2975 5440 3061 5496 his
3087 5457 3211 5514 qua:
3255 5449 3430 5507 eidem
3469 5445 3771 5514 venerabili

2199 5521 2319 5576 loco
2346 5538 2378 5576 a
2405 5526 2738 5593 quibuslibet
2793 5527 3107 5586 hominibus
3149 5535 3217 5591 de
3272 5543 3496 5611 proprio
3511 5545 3638 5615 jure
3652 5547 3771 5616 jam

2198 5613 2395 5670 donata
2425 5626 2555 5671 sunt
2574 5619 2656 5672 vel
2680 5619 2734 5673 in
2765 5619 3028 5690 iuturum,
3060 5624 3170 5681 Deo
3199 5613 3525 5702 miserante,
3574 5613 3775 5695 col—lata

2197 5697 2419 5769 fuerint,
2450 5706 2554 5758 sub
2604 5707 2896 5775 cujuslibet
2943 5726 3122 5769 causa:
3164 5697 3543 5778 «ccasiouisve
3590 5729 3777 5795 specie

2198 5794 2439 5850 minuere
2459 5798 2539 5851 vel
2570 5797 2803 5871 auferre,
2852 5815 2898 5860 et
2952 5806 3066 5862 suis
3110 5808 3299 5866 usibus
3344 5794 3643 5884 applicare,
3690 5820 3777 5873 vel

3494 6162 3898 6350 ,κε-μ]

3561 6439 3590 6444 ἡ
3683 6439 3898 6450 ἡὴ
