3952 6366
155 416 254 468 683

1036 406 1386 460 EPISTOLA‘I
1427 405 1656 458 EXTRA
1697 403 2090 459 REGiSTRL'M
2135 403 2512 459 VAGANTES.

3271 408 3376 464 1386

150 529 272 582 aliis
301 526 464 596 quasi
496 525 598 594 piis
619 523 683 575 tle
713 521 893 576 causis
918 535 1016 589 pro
1061 536 1172 574 sua:
1211 520 1446 572 avaritiae
1498 533 1723 572 excusa-
1754 521 1794 573 Λ
1823 516 1927 570 niri
1967 533 2076 570 non
2123 518 2314 584 possit,
2361 517 2575 569 aliunde
2607 517 2705 569 sil-i
2737 517 2944 571 Patrem
2980 526 3033 572 et
3061 519 3372 587 magistrum

153 621 296 670 tione
325 617 666 678 concedere;
696 614 788 667 sed
832 621 1027 666 cuncta
1071 628 1191 681 quae
1235 611 1307 663 ibi
1346 609 1526 664 oblata
1575 618 1720 670 sunt,

152 709 232 761 vel
259 709 452 761 offerri
476 706 781 775 contigerit,
807 713 915 756 tam
948 719 977 755 a
1009 716 1059 755 te
1088 716 1249 770 quam
1281 700 1348 752 ab
1392 699 1470 751 eis
1519 698 1610 766 qui
1669 699 1720 750 in

151 810 243 849 tuo
272 797 454 849 ofﬁcio
484 796 711 862 locoque
737 791 1114 854 successerint,
1148 788 1369 856 perenni
1401 797 1638 854 tempore
1661 786 1724 837 il-

151 886 313 939 libata
343 894 400 938 et
435 887 552 939 sine
582 883 951 952 inquietudine
979 881 1160 948 atiqua
1191 879 1442 932 volumus
1481 877 1724 945 posside-

153 981 217 1042 ri,
253 993 452 1031 eorum
474 976 691 1045 quidem
723 975 932 1037 usibus,
957 986 1052 1040 pro
1077 985 1308 1040 quorum
1332 966 1725 1022 sustentatione

152 1068 656 1136 gnbernationeque
683 1077 940 1117 concessa
967 1068 1114 1124 sunt,
1141 1056 1314 1110 modis
1338 1055 1588 1109 onmibus
1601 1068 1698 1122 pro

155 1158 355 1211 futura.
392 1156 517 1208 "me
543 1155 706 1225 igitur
743 1152 924 1206 omnia
954 1165 1074 1218 quae
1123 1149 1284 1217 hujns
1329 1145 1576 1215 prtecepti
1627 1144 1722 1198 de—

152 1243 398 1315 eretique
430 1245 604 1298 nostri
635 1244 829 1313 pagina
861 1242 1119 1304 continet,
1150 1249 1258 1293 tam
1297 1236 1391 1290 tibi
1421 1251 1726 1304 quamcun-

155 1341 254 1392 ctis
274 1339 371 1406 qui
399 1338 454 1390 in
479 1351 544 1390 eo
587 1351 695 1406 quo
724 1350 784 1388 es
813 1333 1003 1387 ordine
1059 1333 1284 1399 locoque
1342 1327 1722 1392 successerint,

155 1430 206 1482 in
233 1436 555 1497 perpetuum
581 1426 841 1480 servanda
865 1422 1224 1477 decernimus.
1251 1418 1306 1471 Si
1337 1418 1458 1486 quis
1481 1433 1608 1468 vero
1632 1417 1726 1469 im-

155 1528 489 1588 peratorum,
525 1533 730 1587 regum,
774 1517 993 1576 ducum,
1019 1511 1415 1571 marcbionum,
1442 1507 1720 1569 comitum,

155 1610 521 1670 sicerdotum,
563 1607 904 1668 clericorum,
948 1603 1214 1672 judicum,
1271 1613 1335 1652 ac
1382 1596 1722 1650 srecularium

155 1715 514 1769 personarum
543 1700 682 1753 hanc
704 1692 1106 1752 constitutionis
1129 1699 1328 1744 nostrae
1352 1688 1600 1757 paginam
1629 1701 1724 1756 ag-

154 1806 414 1855 noscens,
443 1797 632 1845 contra
664 1804 781 1842 eam
807 1785 1096 1848 temerario
1120 1797 1256 1836 ausu
1312 1779 1493 1847 venire
1542 1787 1719 1831 tenta-

1827 617 2102 673 cxpetant,
2156 615 2209 659 ct
2265 606 2594 674 Lingouensi
2651 609 2900 677 episeopo
2949 612 3373 666 consecrandum

1825 697 2291 763 ordinandumque
2318 696 2656 763 provideant,
2688 697 2729 749 si
2751 705 2925 750 tamen
2954 698 3066 765 ipse
3092 699 3376 768 episcopus

1826 783 2052 850 gratiam
2104 783 2409 850 apostolica:
2467 783 2610 836 sedis
2670 784 2936 846 habuerit,
3002 795 3057 838 ct
3115 788 3376 841 canonice

1827 874 1996 938 ipsam
2019 871 2411 923 ordinationem
2443 870 2617 923 facere
2641 873 2888 925 voluerit.
2917 872 3067 938 Quod
3095 875 3138 927 si
3171 875 3375 943 aliquid

1827 960 2021 1011 horum
2063 959 2353 1022 obstiterit,
2381 959 2536 1012 liccat
2571 961 2739 1013 electo
2765 963 3003 1029 ejusdem
3039 964 3374 1028 monasterii,

1827 1061 1919 1105 aut
1944 1051 2009 1104 ad
2041 1046 2391 1118 apostolicam
2418 1052 2594 1104 sedem
2623 1067 2917 1117 recurrere,
2949 1061 3045 1106 aut
3066 1069 3096 1106 a
3133 1069 3377 1122 quocun-

1825 1160 1930 1213 que
1974 1144 2199 1196 voluerit
2240 1144 2491 1212 religioso
2533 1143 2785 1211 episcopo
2827 1144 3283 1195 consecrationem
3325 1151 3378 1198 ct

1825 1233 2143 1286 clericorum
2179 1232 2547 1284 ordinationes
2579 1239 2737 1299 atque
2771 1239 2962 1284 etetera
2997 1246 3116 1299 quae
3157 1231 3221 1284 ad
3257 1231 3374 1298 cpio

1825 1335 2048 1389 scopum
2080 1321 2349 1389 pertinent
2376 1321 2668 1386 suscipere.
2712 1320 3011 1373 Statuimus
3032 1321 3191 1374 etiam
3219 1335 3285 1374 ne
3307 1321 3377 1376 ab

1823 1410 2078 1478 episcopo
2109 1410 2189 1461 vel
2221 1409 2480 1462 ministris
2525 1409 2881 1476 Lingonensis
2915 1410 3166 1464 l-‘cclesia:
3196 1411 3374 1464 divina

1825 1507 2003 1551 vestro
2029 1498 2358 1551 monasterio
2384 1497 2772 1550 inter-ditantur
2796 1498 2986 1561 oﬂicia,
3004 1499 3094 1551 sed
3122 1501 3376 1557 continuo

1826 1588 2199 1649 celebrentur,
2258 1588 2361 1639 nisi
2417 1587 2616 1640 eisdem
2670 1587 2850 1640 causis
2913 1586 3108 1641 fratres
3159 1603 3374 1642 cessare

1824 1684 2071 1743 oporteat
2115 1690 2235 1742 quze
2281 1673 2424 1727 sedis
2470 1675 2776 1741 apostolicae
2821 1675 3064 1742 praesulis
3106 1674 3376 1733 Benedicti

1822 1764 2267 1819 determinatione
2303 1763 2567 1816 distincte
2591 1772 2737 1816 sunt.
2766 1762 2911 1816 Illam
2938 1778 3150 1832 quoque
3180 1765 3234 1818 in
3259 1782 3373 1819 mo-

156 1882 309 1946 verit,
341 1881 653 1935 admonitus
679 1880 843 1934 semel
872 1887 925 1932 οι
955 1877 1172 1938 iterum,
1204 1887 1375 1940 usque
1427 1869 1583 1923 temo
1622 1865 1718 1938 per
1750 1864 1790 1922 [3
1820 1855 2008 1908 nachis
2030 1854 2137 1907 tuis
2169 1853 2400 1922 quietem
2427 1868 2489 1905 ac
2520 1852 2839 1915 libertatem,
2867 1869 3026 1922 quam
3065 1855 3200 1906 idem
3235 1871 3373 1927 prte-

154 1974 542 2026 convenientes
564 1971 830 2034 inducias,
857 1969 900 2023 si
931 1982 1039 2021 non
1068 1964 1351 2032 rcsipuerit
1379 1970 1540 2029 atque
1582 1977 1720 2028 pra:-

156 2064 298 2117 dicto
321 2061 655 2117 monasterio
686 2075 793 2114 non
831 2056 1168 2120 satisfecerit,
1219 2052 1498 2123 potestatis
1546 2052 1718 2107 bono-

159 2155 339 2224 risque
371 2155 458 2208 sui
487 2153 745 2224 dignitate
772 2158 974 2214 careat,
1005 2162 1264 2218 reumque
1293 2161 1350 2200 se
1370 2144 1552 2198 divino
1576 2142 1720 2212 judi-

158 2248 240 2300 cio
266 2247 503 2301 existere
530 2245 596 2301 de
623 2250 927 2314 perpetrata
980 2239 1262 2321 iniquitat'e
1290 2243 1618 2305 cognoscat;
1669 2243 1723 2288 et

158 2338 259 2390 nisi
289 2352 353 2390 ca
386 2352 509 2405 qua:
538 2336 606 2391 ab
635 2335 726 2388 illo
751 2342 878 2389 sunt
905 2331 1043 2385 male
1065 2329 1240 2382 ablata
1273 2327 1585 2389 restituerit,
1638 2327 1720 2379 vel

155 2428 315 2496 digna
348 2426 664 2495 ptenitentia
696 2425 876 2478 illicite
907 2431 1023 2475 acta
1047 2417 1342 2478 deﬂevcril,
1387 2433 1416 2469 a
1467 2415 1722 2469 sacratis-

159 2519 296 2573 simo
320 2531 546 2585 corpore
571 2522 623 2569 et
651 2513 912 2582 sanguine
943 2509 1152 2563 Domini
1183 2509 1355 2560 nostri
1384 2505 1511 2559 Jesu
1565 2504 1722 2559 Chri-

158 2609 225 2661 sti
257 2611 468 2663 alienus
515 2608 626 2673 fiat,
663 2617 824 2676 atque
855 2605 912 2658 in
944 2613 1144 2657 aeterno
1177 2601 1422 2655 examine
1467 2599 1722 2655 district:e

159 2701 352 2753 ultioni
384 2700 678 2769 suhjaceat.
702 2697 926 2752 Cunctis
947 2704 1125 2748 autem
1150 2693 1320 2746 cidem
1343 2692 1462 2746 loco
1481 2707 1578 2744 sua
1599 2690 1720 2759 jura

159 2789 520 2853 servantibus,
552 2789 624 2842 sit
647 2805 750 2857 pax
779 2785 992 2841 Domini
1015 2784 1185 2839 nostri
1210 2782 1335 2838 Iesu
1364 2779 1725 2851 Christi,qua-

159 2889 317 2933 tenus
349 2888 403 2933 et
432 2868 522 2934 hic
543 2878 777 2933 fructum
811 2879 964 2931 bona:
1021 2876 1250 2930 actionis
1295 2873 1615 2942 percipiant,
1669 2875 1724 2926 et

159 2971 300 3039 apud
329 2970 635 3025 districtum
665 2967 904 3023 Judiccm
950 2966 1169 3036 prmmia
1194 2974 1406 3018 aeterna:
1445 2963 1592 3032 pacis
1638 2963 1722 3016 in-

159 3063 397 3116 veniant.

202 3153 426 3206 'Datum
467 3151 717 3206 Laterani
756 3167 850 3206 vm
876 3149 993 3204 Kal.
1027 3149 1196 3220 April.
1220 3163 1313 3218 per
1338 3162 1533 3201 manus
1576 3145 1718 3202 Petri
1748 3183 1788 3237 Ο

161 3244 217 3298 S.
244 3245 502 3298 [tentante
530 3245 783 3297 Ecclesne
804 3243 1097 3312 presbyteri
1128 3240 1417 3294 eardinalis
1445 3246 1497 3291 et
1524 3239 1718 3291 biblio-

160 3337 407 3399 thecarii,
433 3349 574 3388 anno
607 3351 637 3387 v
663 3333 852 3403 pontii.
894 3333 1098 3386 domini
1134 3331 1374 3401 Gregorii
1409 3328 1495 3384 VII
1545 3344 1714 3398 papae,

159 3429 345 3483 i’ndiet.
388 3427 578 3497 pritna.
1190 3414 1193 3417 ’

794 3514 1078 3571 XXXVIII.

157 3613 396 3683 Gregorii
431 3627 581 3681 papa.-
622 3609 759 3683 i:H_
784 3608 1114 3683 pririlggium
1160 3623 1254 3683 pro
1298 3605 1613 3657 monasterio
1657 3603 1714 3658 S.

631 3676 848 3745 Benig'm'
887 3676 1236 3728 Diviouemis.

746 3765 925 3836 (Anno
955 3762 1133 3833 1078.)

156 3863 420 3933 [Pettium
447 3858 654 3933 Raetici!
689 3857 750 3910 de
783 3855 948 3926 piece;
969 3870 1101 3922 pour
1131 3853 1296 3933 ferrit-
1326 3853 1358 3905 ὰ
1381 3849 1634 3906 l’ltistoire
1658 3865 1720 3904 ac

611 3921 936 3995 Bourgbgne,
969 3921 1087 3992 pag.
1125 3921 1271 3992 iiii]

225 4021 534 4075 GREGOBICS
567 4017 886 4086 episcopus,
924 4028 1115 4067 servus
1153 4026 1434 4065 servorum
1467 4011 1591 4076 Dei,
1624 4026 1708 4065 ve-

160 4111 386 4168 nerabili
437 4109 546 4163 lilio
606 4107 938 4170 Gens-avom,
992 4103 1170 4156 abbati
1207 4101 1548 4156 Divionensis
1603 4117 1720 4156 mo-

157 4201 401 4264 nasterii,
438 4199 665 4268 ejusque
710 4194 1118 4251 successoribus
1161 4192 1478 4263 regulariter
1510 4207 1719 4263 promo—

157 4293 350 4348 vendis
371 4292 424 4345 in
447 4298 791 4360 perpetuum.
951 4360 954 4363 ι

226 4379 492 4453 Stupet-nte
517 4378 885 4453 miserationis
917 4385 1188 4448 respectu,
1213 4377 1280 4430 ad
1313 4377 1416 4431 hoc
1441 4375 1720 4430 venerabi—

1821 1943 1903 1994 sul
1939 1944 2154 1996 decreto
2177 1958 2276 1994 suo
2323 1943 2575 2006 firmavit,
2623 1959 2722 1997 nos
2759 1943 2897 1998 beati
2923 1943 3063 1997 Petri
3094 1956 3145 1998 ct
3187 1954 3371 2004 nostra

1776 2070 1777 2073 η
1821 2031 2138 2084 auctoritate
2166 2031 2534 2084 intemeratum
2560 2039 2816 2099 perpetuo
2835 2048 3051 2086 manere
3078 2034 3371 2094 sancimus.

1819 2121 2138 2188 Quicunque
2182 2133 2312 2171 vero
2361 2119 2680 2171 clericorum
2712 2120 2792 2172 vel
2837 2119 3095 2173 laicorum
3146 2138 3263 2175 sese
3320 2126 3372 2176 in

1822 2209 2151 2264 monasterio
2175 2208 2633 2282 vestrovoluerint
2657 2209 2922 2274 conferre,
2935 2211 3086 2264 vobis
3109 2211 3266 2265 liccat.
3282 2229 3376 2267 eos

1822 2299 1940 2352 sine
1973 2297 2149 2364 aliqua
2177 2295 2601 2348 contradictione
2631 2297 2883 2363 recipere,
2924 2298 3215 2351 dummodo
3245 2316 3372 2367 pro-

1822 2387 1934 2454 prie
1967 2382 2418 2439 excommunicati
2442 2398 2549 2436 non
2579 2381 2774 2437 fuerint
2831 2385 2911 2439 vel
2941 2387 3258 2442 nominatim
3291 2388 3373 2440 in.

1822 2477 2047 2534 tertiicli.

1885 2586 2286 2640 Conﬁrmamus
2317 2588 2477 2642 etiam
2502 2588 2656 2642 vobis
2685 2587 2938 2642 ecclesias
2965 2596 3192 2652 vestras,
3217 2603 3375 2656 quas-

1821 2690 2036 2746 cunque
2067 2692 2208 2730 nunc
2231 2677 2542 2746 possidetis,
2580 2693 2672 2732 seu
2694 2693 2852 2746 quas,
2877 2678 3131 2746 largiente
3165 2677 3293 2740 Deo,
3323 2676 3376 2731 in

1821 2777 2100 2838 posterum
2138 2769 2398 2823 canonice
2428 2769 2792 2839 possidebitis,
2831 2777 3129 2822 statuentes
3169 2775 3228 2820 ut
3254 2767 3378 2819 nul-

1826 2857 1908 2910 lus
1951 2858 2274 2910 clericorum
2315 2858 2432 2910 sine
2475 2873 2699 2910 assensu
2743 2865 2923 2909 vestro
2969 2857 3021 2908 in
3063 2857 3141 2908 eis
3184 2855 3378 2907 audeat

1824 2946 2162 3011 ministrare;
2198 2946 2292 2999 sed
2321 2945 2749 3014 quotiescunque
2780 2945 2832 2996 in
2863 2944 3038 3012 aliqua
3063 2959 3249 2996 earnm
3272 2941 3376 2996 mi-

1825 3036 1994 3089 nister
2020 3034 2186 3088 fuerit
2209 3034 2606 3104 subrogandus,
2640 3047 2734 3086 vos
2772 3032 3023 3085 idoneum
3060 3032 3126 3083 ad
3158 3031 3259 3084 hoc
3283 3031 3381 3084 cii-

1826 3135 2040 3196 gentes,
2087 3125 2342 3194 episcopo
2375 3132 2656 3192 prasente,
2691 3122 2780 3192 qui
2807 3122 3091 3190 cpiscopus
3117 3136 3304 3175 curam
3329 3123 3378 3178 ei

1821 3215 2122 3268 animarum
2159 3214 2422 3283 injungat,
2470 3221 2524 3266 et
2558 3213 2634 3266 sic
2675 3213 2826 3265 vobis
2864 3212 2931 3263 de
2973 3211 3377 3278 temporalibus,

1819 3303 2071 3371 episcopo
2112 3316 2243 3356 vero
2271 3302 2337 3354 de
2382 3301 2753 3368 spiritualibus
2795 3299 2987 3352 debeat
3029 3298 3374 3367 respondere.

1822 3392 1876 3444 Si
1909 3393 2032 3461 quis
2060 3401 2240 3445 autem
2267 3399 2455 3444 contra
2484 3389 2621 3443 hanc
2647 3386 2874 3440 formam
2904 3387 2957 3439 in
2980 3386 3185 3439 eisdem
3208 3386 3380 3440 eccle-

1819 3483 1915 3539 siis
1951 3475 2258 3537 miniStrare
2279 3478 2700 3550 przesumpserit,
2728 3494 2826 3531 nos
2857 3493 2980 3530 eum
3013 3478 3081 3531 ab
3106 3476 3261 3531 ollicii
3295 3477 3382 3530 sui

1819 3574 2163 3646 exsecutione
2200 3570 2614 3639 suspendimus;
2667 3567 2904 3621 claustro
2952 3566 3138 3630 etiam,
3180 3566 3233 3622 in
3271 3578 3383 3634 quo

1822 3661 2209 3716 monasterium
2241 3667 2480 3713 vestrum
2515 3658 2676 3711 situm
2713 3664 2814 3717 est,
2845 3671 2962 3708 eam
3005 3655 3304 3706 libertatem
3327 3660 3383 3706 et

1821 3750 2217 3804 immunitatem
2253 3748 2603 3800 concedimus
2625 3760 2786 3812 quam
2815 3743 3036 3796 illustris
3059 3756 3150 3794 rex
3176 3739 3384 3795 ιιυιχντ.

1818 3849 1908 3894 tus
1934 3839 2178 3894 noscitur
2225 3837 2546 3899 contulisse,
2595 3843 2654 3886 ut
2705 3834 2772 3886 ab
2821 3832 2970 3885 omni
3018 3831 3298 3886 invasione
3327 3838 3386 3892 et

1819 3928 2074 3984 violentia
2099 3927 2255 3981 ducis
2276 3935 2328 3980 et
2353 3925 2632 3979 hominum
2657 3937 2881 3977 suorum
2897 3921 2970 3976 sit
2987 3921 3040 3975 in
3066 3929 3382 3990 perpetuum

1821 4019 2048 4073 liberum
2074 4032 2136 4071 ac
2162 4030 2438 4078 securum,
2468 4013 2539 4068 ita
2574 4021 2632 4065 ut
2661 4011 2795 4066 nihil
2822 4023 3092 4078 prorsusa
3119 4016 3378 4074 torrente,

1819 4109 1912 4176 qui
1943 4107 2108 4161 castri
2141 4105 2420 4172 sanctique
2450 4117 2667 4157 causam
2693 4099 2897 4162 dividit,
2930 4098 3125 4167 aliquis
3153 4097 3234 4150 vel
3281 4111 3381 4151 au-

1822 4199 1960 4252 ferre
2008 4201 2305 4264 przesnmat
2361 4193 2442 4247 vel
2497 4191 2756 4258 accipere.
2810 4187 3104 4241 Ecclesiam
3163 4201 3381 4262 quoque

1819 4287 1966 4342 Beati
1998 4283 2251 4340 Germani
2297 4283 2360 4335 de
2385 4280 2550 4345 Laré,
2594 4280 2683 4333 ubi
2715 4277 3153 4333 sanctimoniales
3193 4278 3380 4333 consi-

1821 4387 1996 4442 stunt,
2024 4376 2178 4430 vobis
2210 4382 2465 4443 perpetuo
2491 4370 2874 4426 confirmamus
2895 4367 3293 4438 possidendam,
3325 4377 3385 4432 ct

157 4475 222 4530 lis
252 4475 513 4530 Ecclesia:
547 4488 735 4528 curam
783 4469 1123 4538 suscepimus
1173 4477 1228 4520 et
1263 4468 1544 4536 apostolici
1597 4483 1717 4520 mo-
1753 4493 1796 4547 υ
1821 4479 1880 4524 ut
1910 4470 2039 4538 ipsze
2067 4464 2504 4522 sanctimoniales
2539 4475 2813 4528 nunquam
2845 4474 2875 4512 a
2917 4459 3250 4527 snbjectione
3273 4459 3381 4515 Bc-

156 4565 458 4621 daraminis
493 4563 913 4619 sollicitudinem
944 4559 1202 4628 gerimus,
1232 4566 1292 4609 ut
1311 4557 1476 4625 justis
1500 4573 1728 4624 prccan-

158 4657 290 4710 tium
334 4653 474 4708 votis
518 4653 721 4708 intenta
759 4649 1088 4719 benignitate
1129 4646 1424 4705 faveamus,
1471 4645 1722 4714 Proinde,

157 4745 352 4800 dilecte
391 4743 447 4796 in
490 4741 723 4798 Domino
747 4740 843 4806 fili,
879 4737 1117 4802 ,Gerento
1151 4738 1336 4801 abbas,
1373 4735 1724 4806 petitionibus

159 4838 264 4901 tuis
312 4842 467 4906 grato
513 4839 834 4888 oecurentes
875 4844 1125 4896 assensu,
1168 4829 1400 4882 libertati
1447 4842 1510 4882 ac
1554 4828 1719 4896 quieti

158 4922 476 4979 monasterii
509 4908 696 4982 vestri,
747 4913 970 4973 auctdre
1012 4914 1268 4977 Domino,
1305 4913 1558 4968 duximus
1601 4929 1726 4983 pro-

159 5013 470 5071 videndum.
511 5009 566 5064 Si
617 5008 834 5077 quidem
870 5006 1046 5074 ipsum
1087 5003 1398 5057 cmnobium
1452 5003 1553 5056 sub
1581 5004 1724 5057 sedis

159 5103 471 5173 apostolica:
515 5097 850 5171 protectione
899 5093 1248 5162 suscipimus,
1292 5100 1346 5145 et
1366 5093 1599 5146 obeunte
1650 5103 1720 5155 te,

161 5209 307 5249 nunc
338 5192 578 5261 ejusdem
611 5192 714 5245 IOCI
739 5189 950 5251 abbate,
987 5184 1072 5239 vel
1109 5192 1324 5238 tuorum
1359 5183 1723 5251 quorumlibet

163 5296 540 5340 successorum
595 5280 776 5334 nullus
806 5278 882 5333 ibi
903 5276 1143 5346 qualibet
1172 5271 1532 5340 subreptionis
1567 5281 1719 5324 astu-

165 5377 232 5430 tia
289 5389 384 5428 seu
427 5369 683 5425 Violentia
733 5375 1108 5437 pra-ponatur,
1165 5364 1267 5418 nisi
1321 5377 1480 5432 quem
1529 5359 1722 5415 fratres

162 5461 437 5522 communi
467 5474 760 5523 consensu,
799 5456 1096 5511 secundum
1126 5455 1372 5508 timorem
1409 5450 1501 5504 Dei
1543 5459 1598 5505 et
1641 5466 1724 5504 re-

163 5557 340 5625 gulam
382 5551 558 5606 sancti
592 5546 886 5611 Benedicti,
930 5545 1207 5616 elegerint,
1235 5542 1492 5623 maxime
1535 5541 1602 5594 de
1633 5555 1725 5594 ca—

174 5622 280 5701 ictu
311 5641 754 5714 congregatione,
783 5638 827 5693 si
856 5622 1349 5707 idoneusinventus
1372 5631 1549 5686 fuerit.
1568 5628 1720 5695 Quod

125 5742 136 5755 ‘
166 5739 208 5790 si
239 5740 384 5807 talis,
407 5735 500 5806 qui
528 5733 654 5789 huic.
689 5729 934 5803 regimini
967 5735 1251 5798 congruat,
1290 5725 1430 5779 inter
1455 5739 1548 5779 cos
1571 5725 1720 5778 inve-

1825 4560 2003 4613 clesia:
2051 4553 2389 4610 Divioncnsis
2419 4567 2476 4606 se
2509 4557 2845 4607 removeant.
2897 4549 3001 4603 sub
3043 4553 3384 4604 anathemate

1825 4648 2202 4716 pro-bibemus,
2235 4643 2324 4694 sed
2359 4656 2571 4708 semper
2602 4655 2696 4708 per
2727 4647 2960 4694 vestram
2989 4641 3378 4709 providentiam

1823 4739 2206 4807 gubernentur.
2234 4732 2582 4786 Decernimns
2606 4732 2784 4799 itaque
2804 4739 2863 4782 nt
2886 4729 3250 4784 nulliomnino
3282 4728 3381 4783 ho.

1823 4827 2030 4881 minum
2056 4825 2212 4880 liccat
2234 4823 2374 4877 idem
2412 4821 2797 4876 monasterium
2822 4827 3019 4873 temere
3045 4817 3379 4886 perturbare,

1823 4921 1918 4967 aut
1949 4913 2068 4981 ejus
2099 4910 2470 4981 possessiones
2517 4907 2746 4967 auferre,
2800 4913 2852 4957 et
2901 4905 3080 4962 ablata
3128 4907 3382 4973 retinere,

1825 5004 2088 5067 minuere,
2116 5001 2196 5054 vel
2245 4997 2542 5052 temerariis
2574 4994 2950 5050 vexationibus
2996 4993 3236 5066 fatigare,
3286 4999 3382 5057 sed

1825 5092 2048 5146 omnino
2080 5089 2291 5155 integra
2333 5093 2740 5149 conserventur,
2785 5098 2972 5137 eorum
3015 5100 3114 5153 pro
3147 5100 3379 5153 quorum

1826 5176 2214 5235 sustentatione
2240 5189 2303 5228 ac
2324 5175 2708 5244 gubernatione
2730 5189 2985 5228 concessa
3014 5183 3160 5236 sunt,
3191 5173 3382 5233 usibus

1826 5270 2079 5326 omnibus
2101 5265 2405 5337 profutura.
2443 5265 2625 5335 Siqua
2661 5275 2840 5318 autem
2875 5265 3237 5318 ecclesiastica
3271 5278 3348 5318 ea:

1826 5357 2093 5412 cularisve
2115 5369 2368 5426 persona,
2399 5356 2538 5408 hanc
2562 5361 2760 5408 nostrae
2801 5351 3204 5407 constitutionis
3224 5353 3379 5421 pagi.

1827 5465 1950 5508 nam
1984 5462 2308 5519 agnoscens,
2346 5454 2534 5499 contra
2556 5460 2675 5499 eam
2704 5433 2900 5499 temere
2935 5444 3117 5496 venire
3142 5451 3382 5504 tentare-

1825 5537 1913 5601 rit,
1950 5531 2006 5590 et
2055 5533 2327 5597 admonita
2372 5533 2537 5586 semel
2579 5541 2632 5585 et
2682 5531 2937 5594 secundo,
2985 5545 3091 5586 non
3141 5544 3379 5598 congrua

1824 5629 2190 5695 satisfactione
2241 5625 2607 5680 emendaverit
2632 5665 2647 5688 ,
2705 5623 2988 5692 potestatis
3047 5621 3378 5688 honorisqu
3437 5665 3439 5667 ,

1824 5725 1907 5778 sui
1930 5709 2187 5793 dignitate
2213 5725 2424 5783 careat,
2458 5729 2711 5788 reamque
2733 5730 2790 5769 se
2819 5715 3005 5786 divina
3024 5711 3228 5787 judicio
3265 5707 3380 5770 οιιο
