3952 6436
500 527 600 580 συί
662 596 669 602 ,

1407 532 1461 590 S.
1503 529 1828 593 CREGORH
1873 534 1958 593 ΠΙ
1997 536 2197 595 ΡΑΡΑΞ
2234 535 2514 594 OPERUM
2557 538 2733 595 PARS
2770 537 2832 594 ll.

3702 106 3908 341 ’Ἴ

3609 548 3727 603 69Ξ

493 654 604 707 jam
634 636 829 709 sepius
880 639 1173 711 legationes
1205 641 1441 713 Henr-iri,
1494 667 1617 704 cum
1672 667 1768 720 per
1800 654 2050 722 proprios
2080 658 2122 712 Α
2148 668 2272 706 cum
2303 663 2489 707 nostra
2539 653 2812 708 voluntate
2837 695 2850 718 ,
2881 666 2934 707 et
2963 655 3261 723 apostolica
3299 656 3676 713 benedictione
3704 700 3724 724 ,

498 731 736 797 nuntios,
761 740 872 785 tum
897 749 991 800 per
1008 744 1263 804 cognatos
1287 746 1340 791 et
1358 738 1582 792 aliarum
1607 748 1872 794 terrarum
1897 742 2047 810 priu-

495 816 646 885 cipes
696 827 751 871 et
801 819 1004 886 aﬁines,
1038 823 1216 885 modo
1252 840 1467 879 omnem
1525 828 1886 883 obedientiam
1917 845 2046 899 pro-

496 906 777 973 tnittendo,
815 909 975 963 modo
1005 924 1099 978 per
1124 913 1270 965 varia
1303 914 1515 983 ingenia
1542 916 1904 984 sollicitando,
1935 918 1986 972 id
2018 934 2049 973 a

495 1004 581 1048 lue
600 1010 814 1049 summo
839 998 1121 1070 conamine
1170 1000 1448 1069 cupientes
1472 1003 1679 1060 ellieere
1712 1020 1823 1075 quo
1866 1021 1953 1060 me
1982 1007 2050 1061 ad

493 1090 682 1136 votum
703 1098 861 1137 suum
893 1085 1005 1139 suis
1033 1088 1274 1155 partibus
1293 1090 1507 1145 valeant
1539 1092 1817 1148 inclinare.
1852 1092 2049 1147 Verum

495 1171 624 1241 quia
674 1171 799 1227 hinc
831 1173 1043 1229 iude'et
1073 1174 1313 1231 Romana
1371 1180 1609 1248 gravitas
1655 1193 1709 1235 et
1757 1183 2048 1251 apostolica

495 1261 854 1316 mansuetudo
897 1277 984 1315 me
1013 1278 1111 1332 per
1142 1266 1370 1319 mediam
1388 1267 1612 1335 justitiae
1638 1269 1783 1324 viam
1806 1270 2050 1325 incedere

491 1355 713 1416 cogunt,
739 1348 990 1405 omnibus
1025 1352 1220 1419 quibus
1251 1368 1473 1422 possum
1494 1356 1668 1431 modis
1719 1358 1824 1411 hoc
1845 1366 2051 1426 oportet

493 1434 769 1491 intendere
790 1439 1062 1506 quomodo
1106 1455 1284 1496 veram
1316 1459 1347 1497 a
1394 1433 1529 1499 falsa
1550 1446 1842 1515 justitiam,
1874 1447 2063 1517 peric--

491 1534 634 1580 ctam
668 1542 700 1581 a
742 1526 867 1581 ﬂeta
913 1530 1271 1586 obedientiam
1314 1532 1521 1603 judicio
1580 1537 1753 1591 sancti
1819 1538 2048 1607 Spiritus

491 1613 700 1668 valeam
733 1615 1060 1683 discernere,
1095 1627 1149 1673 et
1185 1629 1305 1675 rato
1344 1623 1533 1676 ordine
1570 1624 1635 1678 ad
1672 1627 1832 1678 tinem
1881 1642 2055 1696 usque

489 1704 799 1771 perducere.
841 1704 963 1762 Ηςεο
1016 1725 1146 1764 vero
1195 1719 1249 1765 et
1290 1711 1414 1777 alia,
1451 1713 1529 1778 tl,
1562 1715 1797 1785 propitio
1824 1715 1956 1782 Deo,
1987 1717 2054 1771 ad

493 1809 590 1848 vos
648 1796 769 1849 sani
829 1798 1149 1865 perveniunt
1202 1799 1361 1869 legati
1433 1802 1569 1869 mei,
1634 1805 1832 1861 melius
1890 1820 2054 1875 quam

492 1882 575 1937 Ine
604 1883 793 1940 litterte
813 1885 933 1941 viva
970 1902 1098 1943 voce
1122 1890 1553 1947 tcstilicabuntur
1581 1902 1636 1949 et
1658 1893 1946 1950 docebunt.

493 2038 732 2110 Gregorii
898 2046 1119 2122 epistola
1162 2047 1231 2100 ad
1260 2048 1589 2119 Rodulphum
1615 2068 1782 2122 regem
1806 2061 1855 2107 et
1880 2052 2052 2108 Saxo-

560 2124 670 2203 ite:
690 2140 763 2203 Σ·-
786 2111 1027 2203 Nuntiat
1061 2132 1114 2203 se
1141 2111 1441 2203 citrarselut'
1486 2136 1576 2188 per
1606 2111 1804 2203 legatos
1835 2139 1956 2176 suos
1992 2122 2056 2177 de

562 2179 712 2233 rebus
754 2197 788 2257 ᾳ
828 2184 1149 2257 se‘deqretis
1171 2186 1225 2239 in
1254 2187 1457 2241 duabus
1483 2179 1698 2257 trinodis
1726 2189 2054 2253 docerentur;

564 2256 677 2329 turn
698 2249 766 2328 od
782 2252 1102 2329 patientiam
1128 2254 1373 2329 hortatur
1404 2266 1461 2329 _e_t
1504 2249 1561 2309 ut
1595 2249 2054 2329 Blagdeburgeusis

564 2316 1038 2388 arcltiepisCOpatus
1061 2323 1249 2391 optime
1269 2325 1626 2393 providentur.

1084 2411 1263 2482 (Anno
1290 2413 1472 2483 1079.)
1706 2482 1715 2489 _

565 2494 869 2555 GIEGOIIUS
900 2500 1215 2572 episcOpus,
1264 2519 1453 2561 servus
1500 2520 1783 2561 servorum
1827 2504 1941 2573 Dei,
1988 2507 2050 2561 lt.

497 2585 612 2657 regi
643 2587 1003 2661 omnibusque
1036 2607 1221 2647 secum
1262 2593 1318 2647 in
1364 2610 1531 2666 regno
1578 2595 1854 2651 Saxonum
1900 2612 2053 2653 com-

497 2678 861 2746 manentibus,
904 2688 1014 2735 tam
1037 2682 1305 2752 episcopis
1333 2700 1497 2754 quam
1538 2684 1791 2751 ducibus,
1840 2687 2055 2741 comiti-

496 2764 635 2834 bus,
679 2782 779 2823 nec
820 2783 929 2823 non
963 2771 1263 2841 majoribus
1295 2780 1349 2827 et
1381 2773 1684 2829 minoribus
1711 2785 2054 2845 peccatorum

499 2853 897 2912 absolutionem
929 2862 984 2913 et
1016 2862 1369 2930 apostolicam
1403 2863 1854 2921 benedictionem.

575 2943 713 2998 Cum
750 2944 959 3002 Veritas
989 2948 1103 3018 ipsa
1138 2950 1283 3006 dicat
1305 2953 1549 3007 omnium
1590 2955 1684 3023 qui
1720 2963 1940 3025 propter
1972 2955 2058 3024 ju-

496 3033 701 3091 stitiam
736 3039 1164 3105 persecutionem
1202 3041 1480 3110 patiuntur
1515 3056 1742 3113 regnum
1780 3058 1901 3100 esse
1944 3059 2057 3098 cm-

496 3120 675 3180 lorum
726 3125 942 3197 (Matth.
978 3129 1053 3200 ν),
1102 3138 1156 3184 ct
1201 3118 1495 3201 Apostolus
1545 3132 1741 3186 clamet
1786 3132 2058 3188 neminem

499 3214 605 3268 nisi
636 3216 729 3284 qui
753 3217 987 3286 legitime
1010 3223 1311 3289 certaverit,
1346 3236 1506 3292 posse
1530 3223 1781 3278 coronari
1800 3217 1889 3292 (II
1918 3222 2054 3277 Tim.

503 3301 587 3371 tt),
613 3304 798 3370 nolite,
826 3305 920 3360 lilii
954 3307 1081 3372 mei,
1103 3308 1158 3367 in
1179 3309 1305 3376 hoc,
1332 3310 1425 3379 qui
1449 3312 1675 3381 vosjam
1707 3313 1880 3367 multo
1918 3320 2041 3367 tem-
2086 3306 2127 3363 (Ξ

498 3408 630 3461 pore
657 3394 912 3465 exagitat,
945 3396 1134 3452 bellico
1159 3397 1341 3453 furore
1363 3398 1618 3465 deiicere;
1643 3400 1811 3455 nolite
1845 3415 1942 3469 per
1974 3400 2059 3453 ul-

502 3482 610 3537 lius
636 3482 871 3541 l‘allentis
899 3501 1143 3556 personae
1168 3489 1445 3544 mendacia
1475 3489 1541 3543 de
1570 3496 1761 3543 nostro
1786 3489 1926 3544 tldsli
1967 3488 2061 3542 ιι.ιὶ-
2143 3520 2146 3524 λ

498 3571 705 3640 jutorio
748 3554 1032 3641 dubitare;
1070 3578 1160 3633 sed
1201 3578 1373 3647 magis
1404 3578 1685 3650 magisque
1718 3592 1817 3648 pro
1863 3577 2060 3633 tuenda

503 3659 730 3716 veritate
753 3664 1135 3729 ecclesiastica,
1157 3680 1256 3734 pro
1279 3665 1610 3723 defendenda
1643 3677 1835 3723 vestra:
1866 3668 2062 3723 nobili-

502 3750 634 3806 tatis
661 3750 926 3818 libertate,
960 3753 1132 3807 labori
1151 3754 1265 3822 jam
1294 3754 1456 3809 citius
1489 3756 1723 3811 ﬁniendo
1743 3757 2058 3824 incumbite;

504 3849 564 3896 et
603 3854 669 3895 ex
716 3841 943 3896 adverso
982 3842 1321 3897 ascendendo
1367 3858 1466 3898 vos
1510 3852 1565 3897 et
1608 3859 1838 3914 corpora
1883 3855 2058 3899 vestra

427 3993 430 3996 ,
504 3930 664 4001 quasi
713 3944 928 3984 murum
976 3946 1074 4000 pro
1123 3931 1301 3986 domo.
1336 3930 1431 3987 Dei
1493 3947 1762 4002 opponere
1814 3934 2057 4002 satagite.

504 4019 778 4091 Quidquid
816 4020 929 4090 jam
973 4022 1026 4074 in
1055 4022 1265 4077 duobus
1290 4021 1477 4092 synodi
1512 4030 1710 4076 nostra:
1751 4022 2064 4077 conventio-

444 4099 449 4105 ’
506 4110 669 4166 nibus
694 4111 761 4166 de
787 4126 911 4182 rege
941 4112 1003 4165 ll.
1037 4119 1091 4167 et
1114 4112 1179 4166 dc
1206 4110 1270 4165 ll.
1298 4121 1557 4167 statutum
1583 4114 1672 4178 sit,
1703 4113 1964 4183 quidquid
1989 4112 2061 4167 ibi

504 4199 590 4255 de-
616 4216 746 4270 pace
781 4210 836 4256 et
879 4202 1164 4257 concordia
1216 4202 1365 4272 regni
1394 4210 1449 4257 et
1476 4217 1601 4258 cum
1628 4203 1952 4273 juramentis
1993 4204 2063 4258 sit

505 4289 817 4356 dimnitum,
845 4306 940 4359 per
965 4300 1182 4347 nostras
1204 4292 1410 4347 litteras
1448 4302 1503 4347 et
1526 4308 1619 4361 per
1655 4300 1873 4346 nostros
1913 4292 2060 4362 lega—

505 4387 614 4442 tos,
660 4378 764 4431 nisi
804 4386 948 4431 sorte
990 4380 1130 4447 capti
1171 4366 1300 4446 sint,
1330 4382 1665 4450 apertissime
1704 4382 1931 4451 potestis
1963 4396 2059 4435 co-

507 4481 793 4537 gnoscere;
810 4475 882 4532 et,
898 4466 1082 4535 siquid
1104 4468 1279 4521 adhuc
1301 4469 1754 4537 remanserit,per
1776 4471 2061 4538 episcopos

509 4555 799 4611 Metensem
835 4564 888 4610 et
909 4555 1224 4626 Papiensem
1280 4566 1334 4612 et
1363 4558 1611 4613 abbatem
1644 4558 2059 4627 Augustensem,

506 4646 601 4715 qui
626 4646 906 4700 nobiscum
932 4647 1091 4700 linem
1116 4648 1192 4701 rei
1218 4647 1584 4717 przestolando.
1605 4654 1906 4713 morantur,
1933 4663 2058 4701 cum

505 4738 575 4792 a'l
611 4751 707 4791 vos
742 4736 843 4806 ipsi
871 4734 1132 4801 venerint,
1173 4738 1332 4805 quasi
1359 4738 1413 4792 in
1443 4746 1694 4807 promptu
1720 4737 1930 4792 habetis
1963 4753 2060 4791 au-

504 4827 641 4880 dire.
673 4825 954 4881 Postremo
977 4825 1081 4880 hoc
1106 4841 1202 4880 vos
1228 4823 1476 4896 ignorare
1502 4828 1756 4881 nolumus
1781 4827 1927 4895 quod
1950 4843 2056 4897 qua

515 4914 661 4966 omni
692 4923 902 4983 oportet
930 4916 1205 4981 instantia,
1239 4931 1363 4970 eum
1397 4915 1658 4970 orationis
1682 4925 1882 4971 nostra:
1918 4916 2059 4993 assi-

506 5000 731 5067 duitate,
757 5012 871 5057 tum
899 5004 1057 5069 ollicii
1085 5021 1175 5060 nos
1194 5006 1258 5059 tri
1288 5004 1569 5077 gravitate,
1599 5013 1652 5058 et
1680 5004 2058 5074 prospiciendo

507 5089 790 5143 consulere
811 5130 826 5155 ,
856 5098 910 5144 et
935 5094 1263 5151 consulenda
1291 5094 1598 5163 prospicere
1637 5106 1779 5148 vera:
1820 5092 2059 5147 necessi-

505 5179 605 5234 tati
635 5193 744 5233 non
771 5178 1099 5233 dubitamus.
1129 5180 1442 5237 Audivimus
1478 5184 1545 5239 de
1580 5192 1761 5239 vestro
1790 5182 2060 5251 archiepi-

507 5277 733 5338 scopatu
761 5267 1222 5338 Magdeburgensi,
1253 5270 1306 5323 in
1335 5266 1673 5340 disciplinain
1702 5272 2060 5347 quorumdam

506 5358 749 5428 ejusdem
788 5355 1042 5413 Ecclesiae
1068 5356 1300 5413 ﬁliorum
1317 5399 1332 5425 ,
1378 5373 1476 5428 pro
1521 5361 1850 5430 acquirendo
1892 5378 2062 5417 saecu-

508 5448 610 5503 lari
639 5449 824 5504 habitu
846 5457 901 5503 et
926 5450 1152 5513 honore,
1183 5449 1430 5503 obortam
1452 5448 1620 5504 fuisse
1640 5451 2059 5515 contentionem,

507 5550 647 5605 quos
673 5536 847 5591 modis
873 5535 1128 5591 omnibus
1156 5550 1222 5590 ex
1258 5543 1524 5604 praecepto
1547 5535 1642 5590 Dei
1679 5535 2064 5604 omnipotentis

508 5633 564 5679 et
588 5625 763 5681 sancti
796 5624 961 5692 Petri,
1001 5634 1055 5681 et
1082 5633 1289 5689 nostro,
1320 5639 1388 5679 ne
1416 5624 1518 5680 sibi
1548 5625 1605 5679 in
1633 5625 1813 5680 locum
1841 5623 2065 5679 damna-

511 5714 676 5770 tionis
702 5715 915 5772 culmcn
943 5716 1204 5787 arripiant
1230 5715 1506 5787 rcgiminis
1540 5717 1847 5787 prohibete,
1881 5724 1932 5769 et
1957 5713 2065 5769 Deo

509 5800 730 5872 dignum
761 5804 1206 5877 dispensatorem,
1235 5815 1394 5878 prout
1419 5806 1509 5877 jus
1538 5808 1773 5876 postulat
1808 5816 1859 5861 et
1889 5808 2021 5861 ordo
2049 5848 2062 5873 ,

2148 751 2202 796 et
2256 744 2533 797 communi
2589 745 2833 797 omnium
2891 744 3160 798 bonorum
3218 755 3327 801 tam
3390 748 3723 804 clericorum

2148 842 2312 900 quam
2359 831 2621 887 laicorum
2650 832 2911 887 electione
2938 833 3227 902 dispennite.
3261 834 3370 889 Vos
3401 844 3587 892 tamen
3611 838 3722 906 ipsi

2148 921 2323 975 nostis
2371 921 2544 991 quod,
2577 922 2633 975 in
2680 923 3071 978 constituendis
3116 924 3422 994 episc0pis,
3474 928 3723 995 negieeta

2151 1019 2462 1065 sanctorum
2499 1010 2717 1065 Patrum
2748 1013 2994 1066 instituta
3021 1013 3183 1077 ,hunc
3216 1014 3309 1084 qui
3339 1015 3499 1069 modo
3528 1015 3723 1069 fundi-

2153 1108 2239 1153 tur
2303 1101 2622 1171 sanguinem
2685 1111 3013 1172 genuerunt,
3064 1110 3119 1158 et
3171 1104 3386 1171 adhuc,
3425 1104 3529 1159 nisi
3588 1121 3722 1175 pro-

2150 1190 2458 1257 videantur,
2480 1192 2688 1261 pejores
2721 1191 2993 1261 prioribus
3021 1208 3233 1249 errores
3267 1194 3496 1250 fovendo
3525 1204 3724 1265 partu-

2151 1280 2316 1333 riunt.

2852 1375 3011 1432 XLV.

2157 1466 2395 1537 Gregorii
2417 1470 2640 1537 epistola
2674 1470 2743 1540 qd
2764 1485 2939 1540 omnes
2970 1470 3147 1539 ﬁdeles
3183 1488 3274 1540 per
3307 1470 3645 1526 Teutonicum
3672 1479 3726 1524 et

2679 1537 2933 1594 Italicum
2960 1537 3193 1609 regnum.

2743 1629 2923 1700 (Anno
2950 1628 3134 1701 1079.)

2159 1688 2406 1790 [Mariani
2461 1719 2632 1790 Scotti
2700 1688 3013 1790 Citronicon,
3212 1718 3413 1790 Pen-[2,
3481 1719 3726 1775 Monum.

2524 1787 2698 1842 Germ.
2725 1788 2873 1854 Irish,
2903 1787 3194 1858 ScriptIV,
3227 1788 3376 1859 56L]

2228 1877 2532 1932 Caesonius
2555 1892 2711 1947 papa,
2745 1893 2934 1932 servus
2967 1892 3246 1932 servorum
3285 1877 3399 1942 Dei,
3425 1894 3518 1948 per
3545 1888 3724 1932 totum

2085 1982 2127 2037 Β
2156 1966 2399 2021 Italicum
2435 1983 2659 2038 regnum
2681 1976 2736 2021 et
2770 1965 3215 2031 Teutonicorum,
3253 1968 3488 2021 debitam
3524 1979 3731 2022 sancto

2153 2058 2313 2111 Petro
2348 2057 2710 2111 obedientiam
2751 2055 3130 2112 exltibentibus
3174 2057 3523 2125 apostolicam
3554 2058 3728 2110 bene-

2154 2148 2468 2202 dictionem.

2224 2235 2280 2290 Si
2303 2237 2397 2306 qui
2423 2243 2550 2290 sunt
2571 2232 2889 2306 presbyteri,
2907 2235 2990 2288 vel
3010 2233 3245 2299 diaconi,
3268 2233 3350 2288 vel
3375 2230 3722 2297 subdiaconi,

2154 2324 2246 2392 qui
2272 2323 2488 2392 jaeeant
2536 2322 2591 2376 in
2644 2321 2871 2377 crimine
2912 2320 3305 2383 fornicationis,
3350 2320 3729 2375 interdicimus

2154 2415 2255 2479 eis,
2292 2428 2358 2466 ex
2402 2420 2553 2482 parte
2581 2411 2970 2481 omnipotentis
3002 2409 3101 2475 Dei
3131 2418 3184 2463 et
3209 2409 3526 2465 auctoritate
3546 2411 3728 2464 sancti

2156 2502 2323 2568 Petri,
2375 2502 2653 2557 introitum
2684 2501 2925 2557 ecclesia:
2954 2516 3126 2571 usque
3169 2501 3299 2555 dum
3346 2501 3642 2571 paeniteant
3669 2509 3730 2555 et

2154 2590 2459 2645 emendent.
2493 2589 2550 2643 Si
2587 2589 2683 2658 qui
2719 2605 2847 2645 vero
2874 2591 2927 2643 in
2977 2597 3197 2658 peccato
3231 2603 3332 2642 suo
3376 2602 3730 2657 perseverare

2156 2678 2465 2743 maluerint,
2493 2677 2673 2732 nullus
2695 2685 2935 2732 vestrum
2950 2677 3183 2732 oﬁicium
3203 2691 3389 2743 eorum
3409 2677 3730 2732 auscultare

2157 2776 2449 2839 pratsumat
2474 2784 2488 2833 ;
2522 2766 2649 2837 quia
2679 2767 2981 2821 benedictio
3003 2766 3147 2821 illius
3164 2766 3394 2820 vertitur
3415 2765 3469 2819 in
3494 2766 3729 2820 maledi-

2155 2856 2411 2923 ctianem,
2444 2864 2501 2911 et
2517 2856 2690 2910 oratio
2719 2855 2775 2909 in
2793 2863 3095 2925 peccatum,
3119 2864 3348 2909 testante
3377 2854 3606 2913 Domino
3625 2870 3730 2923 per

2157 2945 2530 3016 prophetam:
2605 2945 2943 3012 Maledicam,
3010 2945 3205 3014 inquit,
3274 2944 3728 2999 benedictionibus

2159 3035 2363 3087 restria.

2842 3142 3022 3198 XLVI.

2161 3232 2397 3304 Gregorii
2425 3248 2574 3302 papae
2620 3229 2730 3285 VII
2753 3230 2977 3300 epistola
2992 3231 3060 3284 ad
3088 3231 3363 3285 monachos
3389 3230 3727 3306 Cannenses.

2713 3319 2892 3388 (Anno
2921 3318 3101 3389 1079.)
3202 3359 3211 3389 ς

2319 3407 2622 3481 [ϐλττιιιῃ
2652 3408 2796 3462 Hist.
2830 3408 3056 3462 abbatia:
3076 3406 3280 3474 (latim,
3312 3405 3354 3460 ll
3408 3406 3556 3478 M9.]

2231 3494 2534 3553 Camenius
2561 3495 2868 3565 episcOpus,
2911 3510 3101 3550 servus
3120 3509 3400 3549 servorum
3439 3492 3555 3561 Dei,
3581 3495 3728 3550 dile-

2159 3584 2261 3639 ctis
2287 3583 2342 3637 in
2370 3582 2589 3639 Christo
2615 3582 2741 3637 ﬁliis
2788 3581 2971 3637 Sancti
3013 3580 3285 3637 Benedicti
3315 3582 3596 3639 monachis
3626 3599 3729 3638 sa—

2159 3674 2324 3729 lutem
2354 3682 2408 3728 et
2431 3673 2784 3745 apostolicam
2805 3672 3252 3727 benedictionem.

2229 3762 2566 3827 Audivimus,
2604 3762 2751 3832 quod
2799 3761 2917 3817 sine
2956 3761 3279 3831 gravissimo
3310 3759 3496 3814 dolore
3538 3759 3731 3813 dicere

2163 3864 2271 3903 non
2295 3865 2612 3917 possumus,
2636 3849 2900 3917 quosdam
2912 3848 3199 3902 bominesa
3214 3845 3451 3913 Jordano
3474 3845 3730 3916 principe

2161 3937 2503 4004 suggestione
2562 3936 2761 3990 diaboli
2818 3935 3036 4001 missos,
3083 3935 3436 3990 secretarium
3478 3933 3729 3991 vestrum

2162 4024 2410 4089 intrasse,
2433 4032 2487 4078 et
2508 4024 2752 4094 quaedam
2773 4024 3065 4079 commissa
3097 4024 3251 4080 vobis
3292 4025 3529 4080 inaudita
3549 4034 3730 4082 teme-

2162 4116 2320 4169 ritate
2362 4116 2637 4170 detulisse.
2663 4114 2722 4169 ln
2760 4131 2868 4185 quo
2896 4115 3038 4170 facto
3080 4115 3260 4169 nimiae
3288 4115 3639 4186 negligentia,
3668 4126 3729 4173 et

2161 4206 2358 4260 acriter
2398 4205 2720 4260 ulciscenda:
2763 4203 3067 4259 timiditatis
3123 4218 3217 4258 vos
3251 4212 3306 4257 et
3343 4203 3589 4257 abbatem
3625 4220 3729 4259 ve—

2161 4302 2334 4348 strum
2357 4311 2583 4365 arguere
2619 4309 2931 4363 possumus,
2979 4300 3034 4346 et
3053 4291 3268 4362 gravius
3313 4291 3598 4345 adversum
3619 4307 3726 4347 vos

2160 4382 2491 4437 commoveri
2538 4370 2887 4446 deberemus,
2938 4380 3042 4433 nisi
3089 4394 3152 4433 ea
3201 4393 3308 4447 qua
3360 4393 3459 4433 vos
3506 4394 3728 4447 semper

2163 4471 2425 4523 cbaritate
2449 4470 2756 4532 dileximus,
2779 4467 3171 4532 detineremur;
3206 4467 3252 4520 si
3281 4465 3497 4535 quidem
3522 4467 3727 4521 tolera—

2163 4556 2325 4611 bilius
2361 4555 2517 4609 nobis
2549 4554 2821 4608 videretur
2862 4554 3015 4608 villas
3066 4561 3120 4607 et
3144 4552 3362 4607 castella
3407 4551 3594 4608 Sancti
3621 4552 3727 4609 Be—

2094 4613 2136 4666 D
2162 4644 2359 4698 nedicti
2403 4643 2456 4696 in
2508 4642 2742 4712 praedam
2797 4648 2851 4694 et
2898 4641 3251 4711 direptionem
3294 4640 3432 4706 dari,
3462 4655 3625 4710 quam
3665 4650 3728 4696 ut

2161 4743 2382 4791 sanctus
2404 4733 2577 4799 locus,
2600 4740 2653 4787 et
2684 4748 2780 4802 per
2802 4740 2988 4797 totam,
3013 4739 3073 4785 ut
3098 4731 3387 4796 credimus,
3411 4731 3726 4797 christiani—

2159 4834 2319 4879 tatem
2378 4822 2619 4878 famosus
2694 4832 2749 4878 et
2784 4821 3165 4902 “venerabilis,
3206 4828 3368 4875 tanta:
3412 4820 3727 4891 ignominiae

2157 4914 2397 4983 periculo
2440 4913 2759 4982 subjaceret.
2809 4910 3149 4980 Quapropter
3195 4909 3357 4979 hujus
3403 4907 3727 4963 temeritatis

2161 5019 2359 5058 noxam
2402 5004 2631 5058 inultam
2677 5017 2799 5057 esse
2832 5016 2942 5056 non
2988 4998 3240 5065 ferentes,
3270 4997 3569 5067 praesertim
3593 5012 3724 5051 eum

2164 5094 2341 5147 locum
2377 5101 2615 5147 vestrum
2640 5092 2901 5146 violatum
2922 5103 3063 5153 esse,
3096 5095 3152 5142 et
3168 5085 3416 5156 exemplo
3453 5085 3617 5157 hujus
3642 5085 3728 5142 fa-

2163 5182 2366 5238 cinoris
2412 5181 2678 5237 deteriora
2733 5195 2894 5252 posse
2930 5178 3087 5234 vobis
3124 5177 3437 5246 contingere
3469 5175 3725 5247 perpen-

2163 5273 2355 5327 dentes
2373 5312 2388 5338 ,
2408 5268 2767 5326 admonemus
2798 5277 2859 5322 ut
2884 5266 3127 5322 divinum
3149 5262 3381 5319 cilicium
3410 5264 3465 5319 in
3492 5265 3725 5323 ecclesia

2164 5361 2313 5416 Beati
2335 5360 2606 5416 Benedicti
2626 5376 2737 5414 non
2767 5355 3009 5421 faciatis,
3033 5354 3129 5409 sed
3164 5354 3355 5409 altaria
3387 5355 3569 5411 omnia
3597 5370 3727 5426 qua:

2163 5453 2310 5507 intus
2333 5461 2462 5507 sunt
2480 5452 2807 5520 detegentes,
2829 5452 3095 5516 quantum
3118 5445 3188 5502 sit
3219 5445 3529 5517 bujusmodi
3549 5446 3728 5500 viola-

2166 5542 2328 5596 tionis
2374 5541 2673 5611 periculum
2720 5549 2966 5606 quosque
3019 5548 3343 5606 cognoscere
3384 5531 3616 5589 faciatis.
3662 5532 3725 5589 Si

2126 5631 2318 5689 enim
2358 5630 2412 5683 in
2464 5626 2691 5682 ecclesia
2740 5624 2922 5678 Sancti
2968 5622 3109 5679 Petri
3167 5624 3407 5678 humano
3457 5623 3729 5692 sanguine

2164 5731 2407 5785 respersa
2432 5714 2671 5769 divinum
2694 5711 2924 5767 cilicium
2947 5727 3053 5765 non
3078 5711 3193 5766 sine
3220 5708 3459 5780 diligenti
3478 5708 3723 5763 reconci-

2167 5804 2386 5860 liatione
2412 5803 2731 5869 celebratur,
2759 5803 2926 5856 multo
2956 5801 3125 5872 magis
3143 5798 3285 5856 istud
3307 5798 3450 5869 quod
3473 5797 3525 5851 in
3548 5794 3730 5849 cccle-
