3952 6358
130 472 228 524 6‘33

1010 461 1364 518 EPISTOLE
1407 461 1635 545 ΕΧΤΒᾹ
1678 445 2070 515 llEtiIS'l‘lil‘M
2115 449 2492 513 VAGANTES.

3257 443 3362 492 h9b

132 584 207 636 sia
232 581 383 636 Beati
405 579 676 633 Benedicti
698 575 938 647 pernicie
962 577 1076 645 (sic)
1099 576 1212 630 suis
1238 577 1703 638 eommissumcst,
1738 581 1783 635 Α
1814 575 2033 626 bancnsi
2071 583 2123 626 ct
2159 571 2425 625 Ουιίιιιιιῖυ
2455 561 2780 625 l’atavicnsi,
2816 561 3039 612 salutem
3069 566 3114 606 ct
3144 566 3330 620 aposto

134 671 464 740 competenti
496 669 696 738 indiget
740 667 1062 736 expiatione.
1098 665 1206 719 Vos
1240 667 1419 734 itaque
1458 667 1706 732 omnipo-

137 771 333 813 tentem
363 759 657 812 Dominum
695 759 959 811 instanter
989 755 1347 824 deprecemini
1382 764 1439 808 ttt
1478 754 1705 808 tristititc

139 855 335 908 utentis
359 862 565 907 nostra:
592 853 840 921 dignetur
864 865 1026 918 super
1048 850 1149 902 hac
1171 865 1228 901 re
1265 849 1420 902 nobis
1459 848 1706 900 consola-

141 946 340 998 tionem
392 943 723 1012 impendere,
770 949 823 994 et
856 941 922 993 ad
946 939 1298 1008 rcparandam
1349 940 1401 992 in
1458 939 1707 990 omnibus

141 1043 374 1088 vestram
456 1033 791 1102 dignitatem,
854 1030 1031 1084 modis
1111 1029 1308 1096 quibus
1380 1028 1549 1091 decet,
1608 1041 1708 1078 nos

144 1127 437 1178 instruere.

823 1235 1026 1321 XLVII.

147 1406 383 1474 Gregorii
461 1402 566 1458 ΠΙ
622 1418 771 1471 papa:
821 1399 1043 1469 epistola
1101 1401 1168 1451 ad
1230 1397 1502 1449 meum/tos
1563 1395 1713 1449 Cusi-

827 1485 1029 1522 διρηδεε.

737 1581 916 1650 (Anno
949 1579 1123 1645 I079.)

318 1695 606 1766 [Gut-nu
641 1690 784 1744 Hist.
813 1689 1036 1742 abbatiw
1063 1686 1266 1750 (Σαδώκ,
1302 1683 1366 1748 ll,
1399 1682 1541 1752 149.}

217 1821 530 1875 GBEGOBIUS
552 1816 857 1885 episcopus,
882 1827 1073 1867 servus
1099 1823 1380 1864 servorum
1405 1807 1519 1871 Dei,
1551 1821 1714 1857 vene-

154 1908 308 1962 rabili
376 1903 781 1975 congregationi
830 1900 1142 1955 Casincnsis
1202 1896 1435 1953 coenobii
1491 1895 1716 1947 salutem

150 2009 203 2052 et
240 1997 598 2066 apostolicam
618 1991 1067 2047 benedictionem.

221 2088 426 2157 Nuper,
460 2083 796 2140 dilectissimi
825 2080 1039 2142 fratres,
1070 2075 1432 2130 nosviolcntia
1455 2072 1721 2140 sacrilegii

154 2180 278 2233 huic
318 2174 760 2232 reverentissimo
809 2172 928 2224 loco
984 2169 1131 2222 illata
1187 2165 1480 2234 compulsi,
1529 2171 1724 2216 vestrae

156 2267 398 2322 ecclesia:
421 2264 656 2318 ofﬁcium
681 2263 752 2317 ob
798 2269 1008 2314 tantum
1055 2256 1282 2310 facimus
1311 2254 1603 2322 irrogatum
1639 2251 1722 2302 in-

159 2357 499 2410 terdiximus.
527 2352 724 2406 Verum
760 2349 887 2418 quia
910 2345 1244 2402 ascensionis
1275 2341 1489 2394 Domini
1525 2339 1724 2393 solem-

162 2447 302 2502 nitas
331 2454 450 2500 toto
473 2441 793 2500 venerabilis
827 2438 944 2492 orbi
978 2450 1123 2489 nunc
1167 2425 1442 2495 imminet,
1483 2430 1726 2481 nolentes

164 2535 266 2604 jam
292 2540 515 2601 propter
536 2529 765 2597 alicujus
802 2524 979 2580 scelus
1010 2524 1064 2576 in
1098 2529 1247 2576 tanto
1295 2518 1433 2572 festo
1458 2525 1566 2569 tam
1603 2514 1729 2568 reli-

163 2623 226 2690 gi;
251 2636 373 2674 sum
397 2619 579 2672 locum
614 2614 788 2669 oﬂicio
824 2610 1040 2682 pietatis
1065 2622 1271 2671 carere,
1309 2603 1647 2657 decrevimus
1678 2610 1730 2652 et

165 2730 260 2768 vos
280 2721 334 2766 et
363 2709 613 2765 eumdem
638 2707 817 2772 locum
839 2704 920 2756 -ab
945 2699 1228 2753 interdicto
1253 2695 1549 2748 absolvere.
1586 2691 1730 2754 Qua-

166 2812 405 2871 pmpter,
431 2796 728 2868 apostolica
750 2787 1164 2850 mansuetudine
1185 2783 1351 2848 ducti,
1384 2779 1657 2834 reddimus
1680 2787 1731 2831 ct

167 2891 409 2946 ecclesiae
457 2885 820 2942 ministerium
867 2888 922 2935 et
975 2878 1176 2932 cultum
1229 2871 1502 2942 religionis
1569 2871 1727 2923 devc-

172 2981 302 3035 tioni
321 2989 520 3034 vestrae
543 2976 812 3032 licentiam
849 2968 1172 3030 celebrandi.

240 3068 508 3122 Volumus
561 3066 723 3120 etiam
773 3071 934 3131 atque
987 3071 1241 3128 rOgamus
1296 3051 1615 3106 charitatem
1646 3064 1735 3101 ve—

170 3169 341 3213 stram
365 3168 452 3222 ut,
483 3157 652 3211 nostri
679 3168 967 3217 memores,
993 3164 1092 3218 pro
1113 3145 1268 3201 nobis
1293 3157 1478 3214 preces
1499 3140 1738 3194 fundatis

175 3251 240 3302 ad
290 3246 606 3311 Dominum,
659 3257 757 3312 pro
784 3249 928 3296 statu
965 3252 1179 3307 quoque
1227 3240 1427 3288 sancta:
1482 3230 1741 3283 Romanae

177 3339 428 3392 Ecclesia:
450 3335 662 3390 Rcctori
683 3346 865 3386 rerum
889 3328 1127 3399 quotidie
1151 3323 1483 3394 supplicetis,
1509 3336 1608 3374 nec
1633 3334 1741 3372 non

178 3445 286 3487 tam
328 3447 430 3502 pro
463 3428 697 3484 inimicis
714 3440 877 3498 quam
903 3423 1064 3478 etiam
1087 3437 1184 3491 pro
1208 3417 1418 3484 amicis,
1443 3413 1744 3471 dilectionis

177 3523 392 3588 affectu,
427 3527 850 3589 omnipotentem
901 3513 1188 3568 Dominum
1234 3509 1509 3578 deprecari
1559 3505 1744 3559 sedulo

183 3611 537 3667 memineritis
557 3618 610 3664 et
631 3607 916 3669 studentis;
936 3618 1034 3657 nec
1056 3617 1162 3654 non
1189 3608 1243 3654 et
1262 3614 1361 3667 pro
1396 3598 1486 3649 illo
1513 3595 1605 3663 qui
1636 3603 1741 3646 tam

181 3703 588 3758 sanctissimum
614 3701 814 3762 locum,
839 3687 952 3749 toto
982 3691 1182 3745 mundo
1213 3688 1501 3747 famosum,
1528 3681 1746 3736 violavit

181 3810 366 3865 preces
412 3789 688 3853 eﬂ‘undite,
720 3783 779 3840 ut
809 3785 954 3838 Deus
1006 3782 1096 3836 det
1128 3778 1200 3833 illi
1239 3791 1333 3832 cor
1369 3773 1659 3844 pmnitens,
1694 3780 1748 3824 et

184 3885 261 3939 sic
291 3898 415 3938 eum
456 3879 525 3934 ad
557 3895 616 3934 se
662 3881 966 3938 convertat,
998 3879 1058 3925 ut
1092 3870 1146 3923 in
1180 3869 1282 3922 hac
1312 3867 1418 3919 vita
1461 3873 1514 3917 et
1568 3865 1746 3916 futura

186 3980 460 4028 mereatur
501 3969 729 4040 gratiam
771 3963 868 4018 Dei
901 3959 1161 4016 obtinere.-
1201 3955 1269 4008 Et
1331 3954 1630 4007 immediate
1663 3967 1746 4003 se-

184 4068 416 4130 quuntur
443 4038 550 4110 licet:
573 4055 682 4107 alia
709 4051 858 4105 verba
880 4050 933 4100 in
955 4047 1130 4100 codice
1153 4059 1169 4096 :
1207 4041 1321 4096 Hoc
1350 4048 1531 4094 autem
1557 4038 1749 4092 accidit

411 4147 698 4201 Rusellano
720 4142 1001 4211 episcopo;
1028 4151 1151 4189 nam
1171 4133 1312 4188 idem
1334 4132 1620 4201 cpiscopus
1641 4144 1745 4180 non

188 4256 408 4311 parvam
439 4236 722 4307 pecuniam
749 4231 874 4286 huic
898 4226 1366 4284 commendaverat
1395 4222 1532 4275 loco.
1562 4218 1750 4273 Jorda-
1777 4243 1779 4245 ι

190 4348 291 4386 nus
345 4338 531 4397 autem
569 4326 818 4397 princeps
865 4319 1046 4375 missis
1089 4315 1350 4371 militibus
1399 4311 1651 4384 praecepit
1695 4321 1752 4364 ut

189 4428 435 4482 eamdem
462 4425 564 4480 sibi
587 4420 860 4477 deferrent
902 4414 1205 4486 pecuniam.
1237 4411 1455 4464 Fratres
1474 4417 1653 4462 autem
1686 4407 1750 4459 ad

191 4512 335 4572 hac:
363 4512 678 4576 Pecuniam,
702 4523 824 4578 qua:
851 4505 907 4559 S.
959 4501 1246 4556 Benedicto
1286 4497 1489 4552 credita
1521 4503 1623 4559 est,
1655 4510 1753 4548 nos
1786 4507 1829 4559 ι)

193 4603 351 4658 alicui
386 4599 686 4654 viventium
733 4593 952 4647 minime
995 4589 1210 4651 damus,
1273 4583 1368 4638 sed
1418 4597 1536 4635 eam
1591 4597 1756 4650 super

192 4706 388 4759 corpus
425 4687 542 4756 ejus
567 4684 854 4754 ponimus;
896 4680 1019 4734 inde
1045 4678 1138 4748 qui
1174 4674 1576 4747 praesumpserit
1603 4671 1754 4725 aufe-

194 4792 294 4837 rat.
331 4781 532 4836 Milites
549 4786 732 4831 autem
769 4774 1015 4828 tollentes
1045 4771 1358 4824 thesaurum
1387 4765 1452 4818 de
1477 4763 1668 4817 altario
1690 4761 1754 4813 ad

196 4873 495 4942 principem
530 4866 795 4922 deferunt.
831 4857 950 4942 ρῳ»
973 4868 1190 4927 acctpto
1224 4855 1405 4909 statim
1449 4853 1586 4904 idem
1611 4848 1756 4916 prin-

194 4981 338 5035 ceps,
373 4962 508 5018 tanti
529 4969 716 5014 auctor
761 4929 1001 5014 sceleris,
1049 4951 1227 5001 lumen
1279 4943 1479 5005 amisit,
1512 4950 1757 5008 ctusque

198 5055 263 5108 ad
293 5061 522 5108 mortem
555 5050 625 5101 ita
655 5042 969 5114 permansit.

857 5147 1085 5205 XLVIII.

205 5252 440 5322 Gregorii
513 5245 620 5303 VII

633 5307 932 5369 Odelricum
978 5307 1316 5363 Patauinum.

782 5401 960 5470 (Anno
1001 5397 1181 5466 1079.)
1533 5455 1536 5458 ,

208 5492 469 5564 [llugonis
497 5488 790 5545 Flaviniac.
825 5485 1140 5550 Chron‘icon,
1164 5499 1249 5552 ap.
1285 5481 1483 5542 Pen”,
1527 5475 1757 5529 Monum.

515 5581 690 5634 (Serm.
726 5575 868 5630 "ist.
902 5576 1098 5644 Script.
1137 5573 1277 5639 VIII,
1314 5569 1462 5638 450.]

273 5673 576 5729 Glecontus
597 5669 908 5737 episcopus,
955 5681 1146 5720 servus
1185 5676 1462 5718 servorum
1494 5657 1608 5721 Dei,
1633 5673 1765 5710 unc-

212 5766 307 5818 clis
349 5766 399 5818 in
425 5761 642 5817 Christo
685 5756 942 5810 fratribus
977 5761 1030 5807 et
1076 5754 1428 5822 coepiscopis,
1466 5750 1645 5802 I’t='.’tt‘.t,t
1680 5748 1762 5798 .\l-

669 5243 889 5315 cpistola
940 5245 1020 5315 σιξ
1063 5237 1278 5315 Petrum
1326 5233 1671 5285 Albancusem
1712 5240 1778 5281 ct'

1807 664 1966 715 licam
1998 659 2443 715 benedictionem.

1880 793 2016 848 Sunt
2046 795 2234 856 multi,
2262 791 2458 860 quibus
2497 797 2676 840 tamen
2721 799 2826 838 non
2854 780 3144 840 credimus,
3175 777 3263 844 qui
3300 778 3362 826 dc

1810 886 2072 953 legatione
2109 891 2285 936 vestra
2331 892 2671 933 murmurare
2704 873 2983 942 incipiunt,
3031 868 3368 934 suspicantes

1809 994 1905 1031 vos
1939 975 2092 1028 aliter
2123 974 2257 1025 velle
2299 970 2545 1023 incedere
2581 982 2741 1035 quam
2775 981 2805 1018 a
2852 961 3006 1015 nobis
3045 968 3366 1027 pneccptunt

1809 1075 1922 1128 est;
1954 1075 2007 1117 et
2033 1064 2259 1116 alterum
2290 1068 2531 1112 vestrum
2579 1055 2739 1109 nimis
2773 1050 3108 1119 simpliciter,
3143 1047 3366 1100 alterum

1810 1171 1938 1207 vero
1968 1169 2072 1206 non
2105 1151 2238 1204 adeo
2267 1147 2582 1217 simpliciter
2607 1153 2859 1198 acturum
2899 1155 3020 1193 esse
3058 1145 3364 1191 causentur.

1811 1243 2151 1312 Quapropter
2192 1237 2603 1307 diligentissima
2651 1229 3132 1297 circumspectione
3180 1240 3371 1278 caven-

1811 1334 1940 1386 dum
1975 1339 2058 1385 est
2088 1330 2263 1391 vobis,
2314 1334 2374 1380 ut
2409 1334 2698 1391 utramque
2745 1319 3109 1386 suspicionem
3157 1312 3376 1382 possitis

1810 1422 2173 1491 exstinguere.
2215 1417 2371 1483 Quod
2407 1416 2480 1468 ita
2510 1413 2666 1466 facile
2700 1425 2822 1464 cum
2846 1408 2939 1461 Dei
2960 1404 3229 1474 adjutorio
3253 1419 3372 1469 pro-

1814 1511 2011 1573 veniet,
2037 1510 2084 1562 si
2110 1515 2377 1577 prmeepta
2403 1510 2591 1557 nostra
2635 1508 2758 1553 ante
2785 1497 2982 1551 mentis
3011 1495 3196 1548 oculos
3237 1509 3372 1544 scm-

1816 1617 1909 1670 per
1941 1598 2186 1662 teneatis,
2217 1605 2270 1650 et
2307 1595 2441 1648 nihil
2483 1591 2624 1646 aliud
2651 1587 2990 1659 prtesumatis
3015 1585 3240 1646 efﬁcere,
3275 1582 3377 1632 nisi

1814 1690 1959 1758 quod
1997 1704 2094 1740 nos
2116 1687 2269 1739 vobis
2307 1684 2613 1746 noscimur,
2648 1693 2756 1733 non
2802 1676 2961 1730 modo
2995 1673 3154 1727 nudis
3178 1672 3375 1730 verbis.

1781 1778 2186 1833 ~verumctiam
2232 1774 2423 1827 litteris
2478 1769 2802 1824 inculcanda
2858 1765 3164 1819 mandasse.
3217 1761 3380 1814 Vola-

1755 1885 1793 1937 Β
1821 1885 1941 1922 mus
1971 1877 2149 1920 autem
2180 1876 2238 1918 ut
2268 1865 2332 1916 de
2363 1877 2526 1915 causa
2554 1873 2738 1926 regunt
2778 1856 2858 1907 vel
2886 1855 3036 1923 regni
3076 1854 3188 1906 sive
3223 1851 3381 1906 etiam

1820 1961 1885 2013 de
1924 1956 2233 2010 Trevirensi
2267 1954 2349 2006 vel
2393 1947 2703 2005 Coloniensi
2726 1955 2779 1998 et
2816 1943 3144 2012 Augustensi
3180 1942 3381 2000 electis,

1822 2049 1904 2101 vel
1931 2049 1995 2100 de
2029 2045 2283 2099 omnibus
2325 2042 2446 2095 istis
2485 2039 2576 2107 qui
2624 2035 2998 2090 investituram
3031 2047 3123 2100 per
3164 2045 3385 2082 manum

1823 2138 2016 2190 laicam
2074 2139 2428 2202 acceperunt,
2493 2128 2700 2179 nullum
2744 2121 3086 2192 praesumatis
3141 2134 3387 2173 exercere.

1821 2226 2104 2295 judicium,
2163 2234 2542 2287 summumque
2589 2215 2743 2269 vobis
2793 2212 3031 2266 studium
3073 2211 3160 2273 sit,
3202 2211 3245 2262 si
3296 2225 3388 2261 rex

1828 2314 2155 2384 acquieverit
2195 2311 2349 2365 vobis
2397 2309 2462 2363 de
2512 2303 2800 2360 statuendo
2847 2300 3117 2370 colloquio
3159 2309 3211 2352 ct
3262 2315 3390 2367 pace

1828 2403 2092 2458 firmanda
2139 2402 2192 2454 in
2239 2413 2425 2467 regno,
2457 2407 2509 2450 et
2550 2396 2616 2449 de
2656 2391 3004 2448 restituendis
3035 2389 3303 2458 episcopis
3337 2389 3386 2439 in

1830 2493 2046 2547 sedibus
2078 2490 2190 2545 suis
2210 2530 2224 2553 ,
2261 2497 2314 2542 et
2341 2476 2670 2540 haec'eadem
2697 2481 2806 2536 cito
2838 2480 2904 2533 ad
2932 2494 3030 2532 nos
3059 2488 3151 2531 aut
3172 2493 3266 2546 per
3296 2493 3390 2528 vos

1831 2585 1978 2650 ipsos
2001 2591 2092 2634 aut
2125 2594 2219 2649 per
2244 2587 2421 2632 certos
2446 2576 2650 2643 legatos
2678 2570 3024 2635 annuntiare,
3060 2577 3120 2621 ιιι
3146 2577 3222 2621 tot
3247 2577 3297 2620 et
3320 2577 3396 2620 ta-

1832 2673 1908 2724 Ics
1931 2685 2190 2740 personas
2219 2667 2492 2736 possimus
2535 2663 2662 2717 illuc
2707 2661 2772 2715 ad
2798 2659 3152 2714 constitutum
3183 2668 3395 2725 tempus

1833 2763 2082 2831 dirigere,
2131 2760 2222 2828 qui
2257 2758 2324 2812 ad
2363 2763 2572 2810 tantum
2613 2752 2887 2823 negotium
2928 2749 3392 2805 determinamlum

1836 2854 2050 2906 valeant
2093 2866 2202 2904 una
2248 2847 2551 2909 vobiscum,
2607 2843 2717 2897 Deo
2762 2840 3076 2904 auxiliante,
3133 2838 3392 2891 sullicerc.

1837 2942 2052 2996 Interim
2085 2953 2212 2992 vero
2239 2940 2317 2991 sic
2353 2951 2449 2989 vos
2473 2935 2688 3000 utrique
2713 2931 2849 2999 parti
2881 2944 3217 2990 communes,
3244 2936 3295 2978 ct
3330 2928 3398 2977 alo

1839 3031 1986 3086 omni
2008 3027 2336 3097 suspicionis
2367 3039 2540 3088 naevo,
2570 3029 2831 3091 quantum
2869 3019 2922 3071 in
2953 3017 3107 3072 vobis
3140 3027 3242 3080 est,
3274 3032 3397 3068 cum

1838 3123 2034 3177 divinae
2075 3118 2262 3189 gratia:
2296 3114 2566 3185 adjutorio
2618 3111 2866 3166 exhibete
2896 3109 3186 3172 immunes,
3221 3117 3278 3159 ut
3313 3107 3404 3175 ju-

1768 3193 1808 3248 C
1843 3213 2002 3267 stitite
2023 3224 2234 3278 semper
2254 3217 2308 3262 et
2331 3206 2480 3260 nullo
2514 3203 2676 3258 modo
2705 3201 2950 3271 partibus
2980 3199 3223 3262 faventis,
3267 3198 3405 3251 sicut

1846 3301 2056 3358 habetis
2089 3299 2321 3353 formam
2357 3304 2630 3358 nostram;
2682 3293 2773 3361 qui
2809 3290 3074 3352 videlicet,
3114 3296 3398 3355 postquam

1841 3392 2105 3462 judicium
2141 3388 2276 3442 tanti
2320 3386 2480 3452 hujus
2522 3381 2721 3450 negotii
2761 3380 2816 3431 in
2861 3392 3025 3430 manu
3070 3377 3209 3428 beati
3262 3374 3402 3426 Petti

1840 3481 2196 3546 commissum
2233 3485 2335 3540 est,
2368 3473 2504 3528 nihil
2542 3469 2685 3523 aliud
2718 3468 2872 3522 vobis
2905 3466 3134 3520 testibus
3169 3465 3402 3518 intendi-

1846 3588 1989 3636 mus,
2025 3568 2132 3624 nisi
2174 3575 2233 3620 ut
2280 3562 2624 3636 perjustitia‘.
2666 3559 2913 3615 semitam
2959 3556 3292 3610 incedamas.
3331 3556 3407 3606 ,ξεί

1847 3663 2050 3716 nullam
2081 3668 2287 3729 partem
2326 3654 2689 3712 sinceritatem
2729 3648 3040 3720 apostolica:
3069 3645 3408 3701 discretionis

1848 3752 2174 3814 inlleximus,
2206 3747 2366 3801 nullis
2387 3741 2839 3814 promissionibus
2865 3746 2957 3790 aut
2981 3734 3273 3789 terroribus
3293 3749 3382 3784 crs

1850 3844 2040 3906 simus,
2070 3855 2167 3894 nec
2191 3837 2336 3892 aliud
2385 3848 2644 3900 unquam,
2689 3829 2795 3882 Deo
2832 3833 3160 3894 protegente,
3195 3831 3412 3875 acturos

1851 3950 1949 3987 nos
1980 3947 2098 3985 esse
2138 3926 2478 3982 confidimus.
2514 3921 2778 3972 Praeterea
2821 3915 3124 3984 specialiter
3167 3915 3316 3966 vobis
3349 3915 3416 3966 du

1851 4021 2039 4072 abbate.
2067 4015 2335 4083 Augiense
2375 4009 2728 4079 injungitnus,
2757 4007 2849 4075 qui
2883 4021 3052 4074 nuper
3089 4006 3154 4058 a-J
3190 4012 3379 4070 aposto

1850 4110 2025 4162 lorum
2063 4106 2249 4158 limina
2294 4101 2538 4163 veniens,
2573 4113 2680 4151 non
2730 4098 2908 4151 solum
2955 4104 3142 4162 captus
3172 4101 3272 4154 est,
3318 4091 3408 4142 sed

1850 4199 2010 4252 etiam
2037 4197 2090 4248 in
2114 4195 2233 4248 loco
2253 4193 2370 4262 ejus
2396 4190 2617 4260 quidam
2645 4197 2726 4241 est
2757 4184 3036 4255 tyrannicc
3061 4181 3409 4247 subrogatus,

1854 4297 1910 4342 ut
1932 4303 1992 4342 ea
2017 4287 2156 4340 bona
2201 4299 2320 4345 sua,
2355 4281 2553 4351 quibus
2581 4274 2915 4351 exspoliatus
2944 4279 3045 4337 est,
3077 4269 3304 4339 expulso
3329 4270 3413 4322 in—

1856 4394 2043 4432 vasorc
2071 4377 2183 4439 illo,
2213 4367 2420 4428 restit'ui
2446 4349 2674 4420 faciatis.
2703 4362 2804 4428 Qui
2827 4372 3008 4416 tamen
3031 4370 3318 4430 postquam
3350 4363 3419 4412 de.

1856 4468 1939 4522 IIIS
1965 4482 2083 4536 qua:
2118 4463 2362 4532 perdidit,
2411 4457 2570 4509 fuerit
2605 4454 2828 4523 plcnitcr
2855 4453 3158 4515 investitus,
3205 4451 3249 4503 si
3288 4450 3416 4518 quid

1855 4566 2043 4612 contra
2074 4556 2224 4606 illum
2268 4549 2427 4603 habet
2466 4547 2684 4616 aliquis,
2729 4553 2951 4614 paratus
2985 4543 3089 4595 erit
3131 4543 3182 4593 in
3231 4550 3420 4591 nostro

1850 4645 2053 4716 judicio
2087 4641 2426 4711 respondere.
2471 4637 2591 4693 Non
2612 4637 2756 4691 enim
2790 4635 2946 4689 debet
2979 4633 3047 4686 ab
3089 4631 3193 4683 alio
3236 4629 3421 4694 aliquo

1851 4733 2105 4804 judicari,
2139 4732 2233 4801 qui
2265 4733 2317 4787 in
2342 4731 2635 4802 apostolica
2657 4727 2780 4781 sede
2806 4725 2974 4779 scitur
3004 4736 3035 4773 a
3066 4726 3261 4772 memet
3289 4734 3416 4770 con-

1857 4833 2119 4878 secratus.
2149 4823 2216 4877 Et
2252 4832 2396 4877 certe
2439 4820 2618 4891 gravis
2661 4817 2758 4869 fuit
2790 4809 3157 4882 priesumptio,
3199 4824 3424 4861 manum

1860 4917 1914 4969 in
1935 4931 2058 4969 eum
2100 4929 2319 4983 ponere,
2349 4912 2440 4980 qui
2489 4918 2637 4962 tanto
2671 4912 2785 4956 erat
2833 4900 3113 4970 privilegio
3161 4899 3418 4952 munitus.

1860 5006 2015 5072 Quod
2045 5005 2091 5058 si
2135 5005 2352 5056 invasor
2405 5001 2490 5052 ille
2539 5004 2727 5048 contra
2787 4992 3132 5046 interdictum
3174 4999 3424 5039 nostrum

1862 5096 2114 5164 prtedicto
2157 5092 2307 5144 fratri
2348 5105 2445 5142 sua
2489 5087 2770 5140 restituere
2800 5078 3201 5148 contempserit,
3235 5075 3424 5128 corde-

1862 5188 1986 5239 stittt
2011 5184 2062 5234 in
2090 5197 2213 5234 cum
2238 5179 2453 5232 velutin
2481 5178 2728 5231 rebellem
2754 5176 3120 5228 etinvasorent
3144 5185 3207 5221 ex
3237 5179 3424 5221 auctu-

1863 5276 2019 5327 ritate
2052 5271 2345 5339 apostolica
2379 5269 2696 5323 sententiam
2734 5259 3311 5315 cxcommunicatinnis
3347 5259 3427 5308 in-

1863 5363 2078 5417 tendite.
2117 5360 2389 5430 Quidquid
2431 5367 2607 5409 autctn
2641 5353 2821 5421 agitis,
2856 5349 2934 5401 vel
2981 5348 3240 5417 quidquid
3275 5345 3428 5395 vobis

1863 5453 2169 5523 contigerit,
2207 5448 2396 5503 litteris
2429 5460 2639 5510 semper
2671 5443 2926 5496 mandare
2951 5449 3002 5493 ct
3031 5439 3331 5502 frequenter
3361 5432 3425 5481 ad

1867 5567 1966 5605 nos
2002 5551 2211 5604 mittere
2262 5552 2568 5614 procurate.
2624 5539 2976 5608 Omnipotens
3020 5543 3071 5586 et
3117 5529 3427 5583 misericors

1869 5648 2030 5711 linus,
2066 5661 2094 5698 ει
2130 5660 2236 5711 quo
2270 5645 2406 5694 bona
2440 5651 2632 5694 cuncta
2682 5638 2992 5706 procedunt,
3026 5631 3228 5682 nti-ritis
3261 5627 3426 5678 licata:

1870 5748 1959 5800 Dei
1996 5743 2270 5814 genitricis
2307 5741 2504 5806 Maria;
2541 5741 2767 5792 demitur
2806 5743 3021 5788 nostram
3056 5739 3105 5781 ct
3146 5731 3439 5778 ltratutttm.
