3952 6388
177 456 299 511 697

1076 450 1433 508 EPIS'I‘OLAS
1474 449 1705 511 EXTRA
1748 451 2140 510 REGISTRUM
2185 453 2562 512 VAGANTES.

3318 461 3422 518 698

176 568 437 639 quodam
483 583 749 623 converso
787 577 878 621 tuo
907 585 920 619 :
955 565 1141 620 Justus
1191 566 1444 620 Dominus
1487 567 1758 634 justitiam
1788 569 1834 626 Α
1859 583 1952 635 per
1971 568 2250 624 Christum
2289 570 2578 625 intrantem
2617 568 2794 636 (Joun.
2825 585 2880 636 ι,
2905 569 2981 637 2).
3012 567 3116 636 Qui
3145 571 3289 625 enim
3316 573 3422 626 ali-

175 657 415 721 dileau't,
472 657 774 724 (equitatem
823 656 954 708 cidit
999 654 1170 708 rullus
1217 655 1333 723 ejus
1364 649 1542 724 (Ρεαι.
1583 649 1754 723 κίε).

175 745 416 800 Imitare
443 744 735 798 Dominum
772 753 947 808 tuum,
986 743 1198 797 inuitare
1224 743 1562 812 magistrum,
1587 758 1617 796 a
1650 759 1761 811 quo

176 832 370 888 habes
405 831 711 886 doctrinam
734 832 874 887 vine.
911 829 1262 900 Pnecipimus
1293 831 1458 886 etiam
1482 840 1534 886 ct
1563 846 1664 885 nos
1703 840 1761 885 ut

173 921 237 974 ei
254 919 527 989 justitiam
549 918 716 973 facias
737 934 921 972 coram
948 917 1186 972 lluberto
1201 919 1395 974 dilecto
1419 919 1528 993 ﬁlio
1547 927 1756 986 nostro,

173 1018 242 1064 et
273 1011 362 1080 (ut
393 1009 793 1081 intelleximus)
839 1009 1018 1064 amico
1047 1017 1161 1064 tuo.

927 1120 990 1174 LI

175 1208 344 1279 (415)
378 1207 616 1279 Gregorii
658 1209 769 1264 VII
789 1211 1010 1280 epistola
1043 1211 1111 1264 ad
1148 1211 1434 1265 Ilenricum
1463 1213 1758 1280 episcopum

654 1298 658 1303 '
787 1281 1170 1335 Leodicenscm.

781 1371 960 1442 (Auno
1001 1371 1179 1440 1080.)

586 1457 799 1531 [Msxsn
829 1460 1030 1515 Concil.
1059 1460 1172 1526 XX,
1202 1461 1352 1534 625.]

252 1565 610 1626 Pervenit'ad
637 1587 738 1627 nos
775 1580 825 1626 te
845 1613 859 1638 ,
886 1572 1108 1626 fratrem
1142 1581 1195 1626 et
1227 1573 1610 1641 coepiscopum
1658 1587 1756 1625 no-

171 1667 364 1714 strum
393 1650 705 1728 llenricum,
731 1661 1116 1718 Leodieensem
1161 1663 1499 1732 episcopum,
1532 1663 1599 1716 ad
1632 1678 1759 1731 apo-

172 1755 457 1809 stolorum
478 1755 664 1810 limina
688 1749 1013 1822 venientem,
1038 1757 1106 1811 ab
1133 1756 1412 1825 Arnulpho
1442 1756 1638 1811 comite
1679 1771 1758 1810 re-

175 1843 292 1898 bus
348 1845 458 1899 tuis
521 1846 901 1915 exspoliatum,
957 1856 1010 1902 et
1061 1847 1127 1901 ad
1178 1847 1431 1916 nequitia:
1493 1861 1754 1916 augmen-

1859 659 2045 724 ter,.id
2073 669 2156 712 est
2192 659 2309 713 sine
2338 659 2578 723 Christo,
2612 659 3002 728 ingrediuntur,
3038 651 3184 712 fures
3211 670 3335 715 sunt
3367 672 3422 718 et

1857 747 2116 814 latrones,
2155 749 2224 803 ad
2269 750 2372 804 hoc
2403 749 2683 804 constituti
2714 759 2774 802 ut
2817 763 3030 818 gregem
3079 747 3418 806 Dominicum

1859 826 2095 893 mactem
2121 848 2175 894 et
2206 840 2429 909 perdant
2465 838 2654 909 (me,
2690 839 2797 908 ιο).
2846 837 2942 893 llic
2989 839 3169 908 itaque
3197 849 3418 910 aposto-

1857 927 1972 983 lica:
2018 929 2164 984 sedis
2216 929 2591 984 benedictione
2631 939 2685 983 et
2708 929 3025 983 auctoritate
3068 929 3418 985 conﬁrmatus

1859 1012 1953 1087 per
1985 1020 2292 1088 exemplum
2324 1019 2603 1074 laudanda:
2636 1019 3064 1073 conversationis
3094 1034 3206 1072 sua:
3234 1027 3288 1072 et
3321 1019 3420 1072 do-

1857 1118 2167 1163 cumentum
2200 1109 2616 1178 pz'mdicationis,
2649 1109 2910 1177 quidquid
2950 1109 3108 1177 culpa
3136 1117 3189 1162 et
3221 1107 3418 1177 injuria

1858 1199 2122 1253 malorum
2145 1200 2459 1268 pontiﬁcum
2492 1200 2631 1252 inter
2663 1214 2759 1252 vos
2792 1197 3142 1252 commissum
3172 1207 3275 1262 est,
3307 1194 3417 1250 Do-

1857 1287 2007 1341 mino
2029 1288 2339 1362 auxiliante,
2371 1287 2567 1357 poterit
2591 1287 2877 1356 corrigere,
2899 1299 3103 1354 vosque
3124 1285 3299 1339 bonus
3318 1299 3416 1354 pa-

1805 1381 1818 1388 '
1857 1384 1972 1428 s:or
2001 1391 2215 1429 suinnm
2248 1374 2458 1428 Pastori
2487 1375 2836 1428 devotissime
2877 1373 3270 1428 commendare.
3307 1374 3416 1429 Ad-

1857 1481 2142 1519 monemus
2169 1466 2347 1534 itaque
2375 1465 2711 1534 prudentiam
2737 1472 2993 1528 vestram,
3027 1473 3084 1516 ut
3109 1480 3231 1517 eum
3257 1480 3418 1532 quem

1859 1554 2102 1608 Romana
2137 1556 2378 1610 Ecclesia
2411 1555 2566 1609 vobis
2595 1553 2832 1622 legaliter
2857 1553 3157 1618 constituit,
3194 1555 3420 1609 honeste

1855 1653 2049 1699 etcum
2077 1645 2447 1699 benevolentia
2493 1643 2789 1713 recipiatis,
2815 1651 2870 1696 et
2897 1642 2946 1695 ei
2977 1642 3118 1696 sicut
3153 1643 3420 1711 spirituali

1855 1733 2002 1789 Patri
2044 1743 2097 1788 et
2130 1735 2538 1802 archiepiscopo
2578 1732 2937 1787 obedientiam
2976 1742 3029 1786 et
3067 1733 3418 1786 reverentiam

1859 1825 2214 1894 impendatis,
2278 1839 2546 1877 memores
2601 1822 2864 1876 Dominiei
2916 1823 3184 1876 sermonis
3237 1822 3420 1877 ﬁdeles

172 1940 304 1988 ιηηι
333 1891 1138 2005 mia;iﬁargjggpﬁsg;
1178 1891 1756 2006 ἓξὲξ-ζωδῖξιδηιξη-
1791 1891 1832 1944 Β
1859 1931 1988 1969 suos
2007 1915 2435 2006 commendantis
2467 1912 2610 2006 :Qui
2630 1929 2715 1965 vos
2746 1911 2916 2006 aud-it,
2943 1927 3021 2006 nte
3051 1912 3237 2006 audits
3253 1920 3301 1964 et
3330 1912 3420 1980 qui

175 2037 353 2090 quam
389 2032 678 2092 repeteres,
706 2025 953 2095 etbujus
982 2025 1114 2078 tanti
1144 2025 1364 2078 sceleris
1409 2040 1437 2076 a
1467 2025 1625 2078 nobis
1653 2023 1754 2075 sibi

172 2111 401 2163 veniam
427 2111 764 2178 impetrares.
788 2110 1017 2182 Cognita
1065 2112 1247 2181 itaque
1285 2111 1608 2165 contumelia
1638 2111 1754 2174 tibi,

170 2198 297 2252 imo
329 2199 486 2253 beato
512 2200 692 2267 Petro,
725 2201 890 2266 illata,
940 2203 1094 2256 valde
1117 2203 1410 2268 doluimus,
1453 2209 1757 2258 asserentes

170 2284 578 2342 fraternitatem
611 2297 759 2343 tuam
796 2290 959 2346 nullis
986 2290 1278 2360 juramenti
1323 2289 1553 2343 vinculis
1601 2304 1758 2357 pc‘isse

170 2375 379 2440 teneri,
416 2392 538 2444 qua:
560 2385 672 2432 tam
711 2378 1097 2444 nefandjssime
1125 2389 1312 2433 coacta
1333 2379 1614 2448 juraverit.
1653 2373 1760 2432 Un-

169 2465 250 2520 de
269 2475 326 2519 et
353 2469 649 2536 apostolica
681 2477 733 2524 te
780 2469 1100 2524 auctoritate
1154 2469 1510 2531 absolvimus,
1559 2477 1617 2520 ut
1648 2482 1756 2520 non

172 2564 291 2610 suae
314 2557 396 2610 vel
439 2558 673 2626 alicujus
720 2559 1068 2614 conscientia:
1117 2561 1186 2613 ab
1217 2558 1332 2630 [ob]
1369 2561 1470 2612 hoc
1522 2557 1755 2611 videaris

170 2645 436 2700 innexus.
472 2646 699 2717 Insuper
739 2650 902 2704 etiam
954 2649 1141 2704 eadem
1186 2649 1310 2703 freti
1353 2656 1639 2718 potestate,
1689 2661 1757 2700 ne

171 2735 287 2792 hoc
310 2737 363 2791 in
415 2740 723 2807 exemplum
757 2740 969 2794 exteris
1011 2740 1273 2810 improbis
1306 2739 1537 2793 audendi
1571 2737 1754 2808 pejora

171 2826 536 2892 sitfuturum,
562 2828 715 2883 fratri
738 2829 1260 2885 nostroVirduuensi
1281 2831 1536 2898 episcopo
1556 2837 1613 2883 et
1634 2827 1757 2884 aliis

171 2919 333 2974 illius
373 2922 514 2988 patri
546 2921 768 2992 [partis]
802 2922 941 2976 beati
966 2921 1108 2976 Petri
1145 2921 1387 2975 ﬁdelibus
1414 2934 1756 2988 summopere

169 3009 528 3080 praecipimus
556 3020 614 3064 ut
640 3027 765 3066 eum
788 3020 847 3064 ut
874 3021 1162 3082 tyrannum
1181 3020 1234 3064 et
1254 3010 1578 3064 Christiana:
1625 3009 1752 3062 reli-

171 3103 362 3174 gionis
381 3105 816 3159 conculcatorem
839 3105 1171 3173 impugnent,
1206 3111 1261 3158 et
1299 3101 1467 3157 armis
1495 3110 1606 3156 tam
1628 3116 1752 3155 car-

1857 2020 1943 2057 ros
1972 2005 2189 2074 spernit,
2221 2019 2300 2055 me
2328 2004 2523 2071 spernit
2548 2003 2698 2072 (Luc.
2723 2019 2775 2067 ς,
2801 2003 2908 2069 16).
2943 1999 3122 2070 Neque
3155 2001 3298 2054 enim
3321 2017 3421 2055 vos

1859 2095 2106 2165 ignorare
2133 2095 2384 2148 volumus
2408 2094 2550 2162 quod
2597 2093 2643 2147 si
2688 2093 2812 2161 quis
2841 2100 3101 2156 vestrum,
3135 2091 3276 2160 quod
3310 2106 3421 2147 non

1858 2201 2162 2255 speramus,
2187 2184 2550 2238 obedientiam
2577 2183 2681 2236 sibi
2715 2181 3122 2245 contradixerit,
3155 2181 3288 2234 iram
3325 2180 3422 2236 Dei

1855 2286 1908 2330 et
1944 2277 2236 2330 vindictam
2283 2275 2342 2329 B.
2371 2274 2515 2328 Petri
2545 2275 2608 2327 ad
2641 2273 2938 2343 perieulum
2971 2287 3129 2325 suum
3156 2285 3418 2340 provoca-

1857 2365 1997 2420 bitet
2011 2366 2330 2420 sententiam
2357 2361 2936 2418 exeommuuicationis
2960 2360 3011 2413 in
3040 2359 3303 2414 Tolosana
3327 2376 3420 2430 sy-

1857 2457 2000 2510 nodo
2021 2472 2052 2509 a
2075 2456 2263 2525 legatis
2285 2455 2487 2508 nostris
2507 2453 2898 2522 promulgatam
2915 2451 3208 2520 apostolica
3235 2459 3421 2504 aucto-

1857 2549 2014 2601 ritate
2028 2545 2496 2601 conlirmabinxus.
2516 2543 2618 2610 Qui
2631 2559 2757 2597 vero
2777 2541 3031 2595 obediens
3052 2539 3231 2603 fuerit,
3249 2540 3422 2609 gratia

1856 2645 1910 2692 et
1956 2637 2330 2692 benedictione
2355 2634 2597 2705 ejusdem
2632 2632 2939 2703 apostolicae
2972 2631 3115 2685 sedis
3144 2629 3415 2700 gaudelit.

2571 2723 2704 2778 ιλιι.

1857 2804 2096 2870 (ἐνρηοι-ἰὶ
2136 2768 2245 2863 Vi]
2289 2807 2521 2877 epistola,
2548 2768 2937 2877 ad-il'odulfum
2976 2799 3417 2877 qrcﬁiepiscopum

1941 2869 2276 2930 Veronense»:
2295 2869 2342 2930 εἰ
2366 2875 2556 2928 Eusebi
2561 2890 2644 2926 mn
2664 2869 2958 2940 episcopum
2982 2870 3016 2920 Α
3028 2869 3410 2940 ndegqrcnsetr.

1936 2976 1998 2993 ..-
2029 2945 2249 2996 Mando!
2275 2954 2330 2996 ut
2362 2933 2734 3012 Bereugariuin
2757 2933 3076 3012 sacerdotem
3165 2933 3415 3012 ulronis

1933 3014 2130 3070 comitis
2142 3003 2870 3082 Αιδάεςαυεηδίεναιίονωηᾳιιε
2893 3005 3100 3065 iniuriis
3113 3003 3350 3082 (18!“th!
3373 3012 3412 3056 t.

2406 3093 2586 3158 (Anno
2626 3088 2811 3157 1080.)

217 3147 362 3159 ....-..,
383 3147 816 3159 ν-...,...ν...ν.ν...
955 3147 982 3157 -
1025 3147 1171 3169 ..ν...,
1208 3147 1261 3158 ν-
1299 3147 1467 3157 ...-----
1497 3147 1606 3156 η---
1632 3147 1711 3155 -_-
2410 3147 2419 3158 .
2795 3147 2804 3157 ,
2971 3147 2974 3150 .

173 3147 402 3247 :alibus
462 3210 627 3263 quam
691 3147 1066 3263 spirituaiib'its
1122 3193 1358 3263 undique
1407 3201 1460 3248 et
1509 3192 1710 3264 ubique
1735 3233 1750 3258 ,
1780 3215 1820 3274 ϐ
1857 3183 2210 3258 [Franciseus
2246 3181 2312 3237 de
2750 3176 2979 3274 iteratis
3016 3183 3065 3228 et
3105 3172 3415 3226 Ρωηῑιεηιιιι

172 3293 449 3354 quantum
471 3293 719 3353 possunt,
753 3286 857 3339 nisi
879 3285 1041 3354 digne
1071 3284 1413 3349 satisfecerit,
1459 3285 1751 3355 insequan-

169 3383 295 3431 tur.
335 3373 598 3429 Volumus
648 3376 832 3444 itaque
883 3383 942 3428 ut
967 3375 1222 3452 prmfatus
1262 3377 1551 3444 episcopus
1598 3377 1751 3445 prius

173 3478 542 3535 quoscunque
570 3473 750 3534 potest
779 3464 1064 3534 episcopos
1092 3473 1146 3517 et
1179 3465 1418 3533 reliquos
1443 3466 1750 3519 sacerdotes

174 3553 291 3609 sibi
324 3554 602 3625 adjungat,
629 3564 683 3610 et
714 3556 868 3610 illum
902 3554 994 3609 Dei
1028 3556 1304 3610 inimicum
1332 3556 1398 3610 ad
1431 3557 1645 3626 dignam
1664 3572 1749 3611 sa-

173 3643 549 3700 tlsfactionem
593 3656 870 3702 convocet.
903 3646 1059 3712 Quod
1107 3646 1154 3700 si
1188 3647 1348 3714 digne
1403 3649 1662 3714 pmaitere
1696 3656 1750 3700 et

174 3738 365 3794 ablata
403 3740 685 3792 restituere
714 3737 966 3801 noluerit,
1002 3735 1142 3789 datis
1180 3736 1283 3788 sibi
1312 3737 1377 3788 l5
1413 3736 1624 3789 dierum
1661 3737 1746 3790 in-

174 3827 379 3890 duciis,
417 3826 642 3879 introitu
687 3826 928 3882 ecclesim
953 3825 1212 3896 privetur,
1247 3835 1300 3880 et
1329 3825 1554 3895 praefato
1590 3829 1749 3880 modo

171 3915 382 3985 injuria
398 3915 540 3970 beati
552 3915 1009 3973 Petrivindicetur
1025 3933 1196 3987 usque
1212 3919 1281 3972 ad
1299 3916 1756 3973 satisfactionem-

913 4029 1024 4083 LII.

173 4117 424 4190 Gregorii
472 4117 582 4173 VII
613 4118 835 4190 epistofq
860 4117 930 4190 ad
956 4118 1286 4186 Aymcricum
1322 4119 1747 4189 ricecomitemict

775 4185 829 4240 Ν
831 4205 862 4239 a
869 4185 1160 4254 rbonéuscs.

769 4276 948 4344 (Anno
989 4263 1169 4347 1080.)

579 4367 778 4441 [Msast
811 4367 1012 4425 ϐοηθεῖ.
1044 4367 1160 4434 XX,
1184 4367 1306 4449 62L
1334 4369 1346 4438 Ι
1370 4421 1373 4424 .

251 4479 562 4535 Caesonius
587 4476 902 4551 episcopus,
919 4495 1109 4536 servus
1133 4495 1415 4538 servorum
1441 4481 1555 4545 Dei,
1578 4481 1744 4542 clero,

2389 3248 2721 3322 limugaiii,
2750 3244 2875 3322 75.]

1923 3346 2228 3400 Gnsconws
2260 3343 2564 3412 episcopus,
2609 3353 2799 3394 servus
2837 3341 3117 3393 servorum
3162 3328 3274 3398 ὒιτί,
3309 3325 3419 3388 τισι

1851 3449 2056 3486 υυιιιιιο
2078 3431 2420 3484 Turonorum
2447 3427 2858 3496 archiepiscopo
2885 3434 2939 3479 et
2980 3424 3209 3479 Ειιεειιιο
3239 3423 3418 3478 Ande-

1850 3537 2108 3591 gavorum
2146 3518 2413 3596 pontiﬁci,
2457 3517 2684 3572 salutem
2725 3525 2779 3571 et
2813 3515 3164 3586 apostolicam
3199 3513 3416 3568 benedi-

1849 3611 2106 3678 ctionem.

1917 3700 2254 3763 Audivimus,
2280 3698 2496 3763 fratres,
2521 3698 2773 3753 comitem
2799 3697 3255 3765 Andegavenscm,
3277 3709 3416 3762 quo-

1850 3793 2097 3846 rumdam
2139 3790 2418 3853 instinctu,
2468 3788 2560 3856 qui
2593 3788 2703 3840 ﬁlio
2749 3795 2936 3840 nostro
2964 3784 3283 3838 cbarissimo
3316 3783 3417 3838 Be-

1848 3879 2099 3948 rcngario
2128 3877 2495 3937 inimicantur,
2516 3873 2569 3925 in
2592 3872 2710 3940 ejus
2741 3871 2924 3926 odium
2949 3871 3239 3929 exarsisse.
3270 3870 3416 3937 Qua-

1847 3979 2065 4039 propter
2085 3964 2407 4020 fraternitati
2445 3971 2637 4017 vestra:
2669 3963 2994 4017 mandamus
3014 3961 3282 4032 quatenus
3311 3960 3412 4030 ipsi

1845 4057 2051 4120 comiti,
2083 4065 2267 4110 nostra
2293 4054 2429 4120 vice,
2463 4055 2788 4125 praecipiatis
2825 4062 2885 4126 ut
2913 4070 3019 4128 non
3057 4053 3281 4106 ulterius
3313 4069 3411 4105 su-

1846 4132 2145 4216 pradictum
2183 4144 2358 4198 virum
2391 4143 2691 4213 inquietare
2733 4148 3040 4211 praesumat.
3067 4134 3176 4193 Nec
3211 4140 3408 4206 solum,

1836 4233 1941 4291 reed
1962 4244 2015 4292 et
2035 4243 2222 4292 contra
2243 4251 2431 4289 omnes
2446 4234 2694 4288 inimicos
2718 4240 2772 4284 et
2800 4229 3204 4299 perturbatores
3227 4247 3408 4284 rerum

1847 4328 2038 4398 ipsius.
2071 4329 2242 4382 vicem
2273 4335 2516 4379 nostram
2544 4323 2608 4377 ad
2640 4321 2856 4375 ferenda
2896 4321 2972 4374 illi
2998 4321 3196 4375 auxilia
3240 4321 3413 4375 susei-

1848 4418 2024 4486 piatis,
2056 4413 2413 4483 prcecipiendo
2439 4412 2780 4481 praecipimus
2801 4428 2866 4466 ex
2890 4411 3208 4466 auctoritate
3228 4411 3410 4463 beato-

1847 4520 1966 4558 rum
2001 4503 2372 4572 apostolorum
2425 4502 2568 4557 Petri
2603 4512 2657 4558 et
2699 4502 2869 4556 Pauli.
2925 4501 3126 4566 Valete,
3167 4509 3220 4554 et
3264 4499 3406 4552 nulla

178 4570 487 4623 vicecomiti
518 4570 792 4625 Avusntco
828 4585 928 4625 nec
960 4584 1069 4622 non
1104 4569 1582 4637 universo-populo
1605 4567 1741 4623 Nar-
1779 4551 1822 4604 θ

172 4657 409 4714 hortensi
454 4658 804 4728 apostolicam
846 4658 1272 4714 benedictionem
1319 4659 1546 4714 libenter
1594 4663 1744 4717 vobis

176 4746 585 4813 mandet-emus,
617 4749 661 4804 si
698 4749 753 4802 in
774 4737 1106 4819 apostolica:
1137 4749 1280 4804 sedis
1318 4759 1527 4804 reatum
1559 4752 1741 4806 incur-

174 4835 320 4890 risse
348 4851 446 4890 vos
469 4852 578 4893 non
609 4827 1082 4910 cognosceremus.
1118 4838 1316 4910 Verum
1349 4841 1438 4894 ubi
1463 4840 1531 4894 ab
1556 4843 1741 4896 eadem

174 4941 280 4981 vos
310 4927 606 4998 resipuisse
635 4919 1198 4990 exeomminicatione
1225 4931 1659 5001 cognoverimus.
1682 4941 1744 4986 .et

176 5017 698 5086 archiepiscopalem
718 5020 859 5088 patri
877 5029 1054 5073 vestro
1088 5020 1352 5075 Dalmatio
1381 5012 1740 5078 obedientiam

175 5106 427 5160 exhiberi
459 5150 465 5160 .
501 5107 930 5169 benedictionem
973 5108 1112 5160 beati
1158 5107 1300 5162 Petri
1339 5113 1736 5167 mandabimus.

255 5193 407 5250 Sicut
455 5197 602 5250 novi;
647 5198 927 5267 prudentia
972 5208 1170 5262 vestra,
1220 5199 1473 5252 inimicus
1519 5203 1739 5257 humani

178 5284 394 5354 generis
424 5285 723 5344 Ecclesium
751 5298 989 5343 vestram
1027 5288 1182 5341 malis
1207 5297 1258 5342 et
1290 5289 1612 5344 Sinmniaeis
1648 5309 1741 5361 pa-

179 5373 421 5430 storibus
448 5375 689 5429 invasam
715 5379 873 5447 quasi
890 5379 980 5447 jus
1018 5379 1291 5450 proprium
1318 5380 1476 5448 longo
1501 5388 1740 5451 tempore

179 5466 441 5536 possedit.
503 5466 607 5518 Sed
659 5468 1006 5524 cmdolcutes
1054 5469 1356 5524 necessitati
1405 5479 1456 5524 et
1504 5473 1741 5539 periculo

181 5567 385 5622 vestro,
425 5557 625 5611 b-mum
656 5565 708 5610 et
729 5557 950 5628 legalem
975 5570 1242 5630 pastorem
1264 5559 1416 5613 vobis
1443 5561 1740 5628 praeﬁcien-

177 5646 306 5700 dum
338 5661 658 5701 censunnus
692 5654 800 5701 non
824 5650 1058 5714 aliunde,
1084 5650 1174 5704 sed
1207 5665 1298 5720 per
1319 5649 1535 5713 ostium,
1573 5650 1622 5702 id
1663 5662 1742 5705 est

242 5765 397 5852 (ius)
442 5779 572 5834 vise
599 5779 689 5832 lib.
725 5796 816 5844 vn,
851 5759 983 5847 omni
1022 5784 1099 5846 ις,
1136 5784 1213 5846 li,
1247 5782 1487 5851 llr-sistri.

2559 4682 2689 4737 LIV.

1850 4772 2087 4842 Gregorii
2124 4771 2231 4826 VII
2262 4772 2592 4895 privilegitgn
2621 4790 2714 4842 pro
2750 4769 3060 4823 monasterio
3089 4767 3145 4822 S.
3187 4769 3408 4825 Zenonis

1891 4892 1893 4894 .
2564 4859 2730 4894 isano.
2914 4887 2918 4891 .

2564 4859 2730 4894 tsano.

2433 4931 2611 4999 (Anno
2652 4928 2830 4998 meo.)
3130 4981 3132 4984 ,

2129 5019 2409 5091 [υοιιειιῃ
2447 5017 2613 5071 Italia
2643 5034 2816 5085 sacra,
2857 5015 2943 5085 Ill,
2980 5002 3134 5089 3615.].

1917 5113 2222 5165 Gnscomcs
2269 5109 2576 5177 cpiscopus,
2616 5125 2806 5164 servus
2849 5123 3127 5164 servorum
3167 5103 3282 5172 Dei,
3322 5108 3406 5162 t’i.

1847 5203 1983 5254 lecto
2013 5200 2064 5251 in
2093 5197 2312 5252 Christo
2340 5197 2454 5252 lilio
2484 5198 2646 5254 Leosl
2676 5200 2853 5253 abbati
2878 5198 3190 5250 monasterii
3215 5197 3270 5250 S.
3305 5197 3422 5274 Ze-'

1844 5291 2003 5344 nonis
2028 5289 2080 5342 in
2111 5289 2304 5343 Pisana
2327 5290 2477 5354 urbe,
2501 5299 2554 5343 et
2576 5291 2693 5357 ejus
2715 5287 3139 5343 successoribus.

1913 5379 2170 5449 Supernae
2189 5379 2551 5436 miserationis
2573 5386 2842 5446 respectu,
2872 5379 2938 5433 ad
2960 5380 3061 5431 hoc
3090 5375 3406 5454 universalis

1846 5470 2100 5525 Ecclesiae
2157 5485 2343 5524 curam
2381 5468 2720 5538 suscepimus
2750 5478 2810 5534 et
2848 5466 3126 5538 apostolici
3156 5465 3403 5516 modera-

1849 5561 2010 5614 minis
2033 5560 2178 5613 solli.
2195 5558 2449 5612 'tudinem
2479 5559 2736 5628 gerimus,
2761 5569 2819 5613 ut
2834 5557 2996 5627 justis
3017 5552 3401 5626 postulantium

1850 5651 1986 5704 votis
2019 5656 2219 5702 attenta
2259 5636 2589 5717 benignitate
2615 5649 2908 5712 faveamus,
2940 5645 3308 5713 pnecipucque
3335 5643 3400 5694 ad
