3952 6426
437 538 541 592 699

1355 528 1412 580 ὃ,
1455 521 1782 579 (Elii-limit“
1829 519 1912 574 γη
1954 513 2153 574 ΡᾹΡᾸῗ
2195 516 2474 573 ΟΙῚΞΙὶιΜ
2516 517 2694 572 ΡΜὶὸ
2733 515 2794 572 II.

3589 510 3712 566 700

439 645 796 702 wuerahilem
835 645 1080 698 luem-um
1118 641 1356 710 quietem
1387 637 1789 701 stabiliemlam,
1813 645 2014 688 nostra:
2043 633 2087 688 Α
2116 635 2352 686 matione
2381 627 3110 701 privilegiorumCluniensis
3136 627 3398 694 ecclesiae,
3429 641 3710 698 cpiscOpo

439 740 778 795 auctoritatis
824 737 1101 792 nmuimrn
1160 731 1404 787 conferre
1438 730 1748 784 debeamus.
1779 727 2010 781 Proinde

439 831 775 900 praelibatqu
806 826 1195 881 monasterium
1231 823 1321 876 cui
1367 830 1422 875 tu
1459 834 1690 890 praeesse
1719 819 2008 886 dignosce-

440 921 536 982 ris,
561 921 713 988 juvta
739 917 1048 988 petitionem
1089 925 1259 986 lnam,
1285 914 1388 967 sub
1409 909 1884 980 apostolicm‘sedis
1913 907 2008 960 dc-

441 1011 687 1086 fensione
731 1009 1038 1076 recipimus,
1083 1015 1132 1058 (ί
1169 1003 1452 1073 praesentis
1491 999 1752 1069 privilegii
1795 997 2013 1052 decreto

439 1111 634 1154 etuti-ta
665 1116 786 1168 qua'
821 1101 1082 1152 lmetenns
1128 1096 1251 1165 jure
1291 1093 1568 1166 possidere
1595 1091 1770 1144 visum
1799 1099 1901 1154 est,
1929 1088 2013 1142 vel

437 1189 694 1258 deinceps
725 1187 954 1240 Domino
990 1185 1249 1256 largiente
1283 1185 1430 1254 juste
1457 1181 1721 1252 acquiret,
1759 1179 2012 1234 concedi-

441 1295 566 1332 mus
605 1288 765 1346 atque
811 1279 1119 1340 firmamus;
1164 1277 1388 1344 insuper
1409 1275 1596 1337 etiam,
1643 1271 2015 1325 consentiente

441 1368 641 1423 I’isano
667 1369 942 1437 episcopo,
997 1366 1389 1420 decimationes
1439 1363 1683 1418 onmium
1745 1371 2012 1415 terrarum

441 1475 578 1528 quas
600 1460 664 1512 ad
693 1458 1083 1511 dominicatum
1113 1465 1352 1509 vestrum
1379 1455 1622 1509 laborare
1651 1451 1886 1506 feceritis
1913 1466 2013 1504 an-

442 1551 662 1605 nuimus
690 1548 1036 1618 :adjicieutes
1077 1555 1135 1600 ut
1164 1545 1398 1600 ﬁdelium
1431 1545 1732 1599 oblationes
1749 1542 2013 1610 accipere,

443 1650 497 1694 et
522 1657 617 1694 eos
650 1639 741 1708 qui
790 1653 847 1693 se
881 1637 1195 1691 devoverint
1221 1636 1274 1690 in
1309 1635 1623 1691 conneterio
1653 1641 1833 1687 vestro
1864 1647 2016 1700 sepe-

441 1729 550 1792 Iiri,
579 1744 676 1783 nec
707 1743 816 1783 non
849 1728 1012 1782 etiam
1048 1727 1363 1796 quicunque
1407 1724 1606 1780 saaculo
1648 1722 2016 1777 renuntiantes

442 1819 509 1873 ad
533 1827 767 1873 vestram
791 1819 1263 1873 conversationem
1289 1815 1470 1870 venire
1495 1814 1782 1879 voluerint,
1809 1813 2014 1868 licitum

443 1911 515 1965 sit
537 1910 688 1962 vobis
704 1909 822 1963 sine
847 1908 1076 1976 alicujus
1097 1906 1523 1962 contradictione
1545 1905 1841 1958 admittere.
1887 1902 2020 1968 Qua:

2110 722 2404 777 Albancnsi
2457 719 2781 790 legationem
2841 726 3085 772 nostram
3130 715 3322 770 ferenti
3369 716 3706 772 inobediens

2109 813 2395 878 exstiterit,
2417 809 2713 882 przcscrtim
2745 823 2889 874 cum,
2911 807 3121 862 etiamsi
3147 805 3373 876 aliquid,
3400 807 3544 876 quod
3573 823 3698 861 non

2111 908 2405 970 credimus,
2440 901 2803 956 inconsultius
2828 900 2923 954 tibi
2954 899 3196 968 irrogare
3216 897 3493 961 voluisset,
3525 897 3702 967 quizl-

2113 995 2240 1066 quid
2266 1003 2429 1057 esset,
2461 1006 2562 1060 pro
2597 989 2894 1046 reverentia
2925 986 3234 1056 apostolica:
3265 985 3408 1040 sedis
3433 983 3572 1038 ferre
3591 985 3702 1038 dc-

2113 1088 2334 1142 cnissct.
2368 1085 2572 1153 Itaque,
2604 1091 2824 1152 propter
2866 1079 3062 1133 bonam
3094 1077 3258 1133 vitam
3280 1085 3334 1132 et
3361 1075 3698 1148 pastoralem

2113 1176 2445 1247 vigilantiam
2483 1187 2590 1243 qua
2637 1171 2782 1225 circa
2833 1167 3126 1222 Ecclesium
3178 1167 3277 1221 tibi
3337 1164 3699 1221 commissam

2115 1265 2370 1330 desudas,
2393 1263 2532 1316 hanc
2557 1260 2771 1328 culpam
2793 1265 3195 1327 supportantcs,
3219 1253 3560 1324 praecipimus
3589 1251 3698 1308 tibi

2115 1365 2386 1426 quatenus
2414 1349 2621 1406 vocatis
2641 1349 2707 1430 dp
2739 1346 3054 1402 melioribus
3077 1345 3359 1400 monachis
3379 1343 3700 1398 Cluniensis

2115 1443 2388 1507 ecclesize,
2429 1439 2496 1494 ad
2532 1452 2877 1494 communem
2923 1437 3101 1491 locum
3152 1435 3292 1489 inter
3339 1433 3698 1488 Matisconem

2117 1543 2171 1588 et
2213 1531 2533 1586 (lluniacum
2559 1529 2765 1593 venias,
2805 1536 2865 1582 ut
2894 1527 2948 1581 in
2976 1524 3264 1596 praesentia
3291 1525 3506 1579 illorum
3545 1538 3700 1593 prm-

2119 1623 2321 1677 dictam
2368 1617 2708 1689 privilegium
2755 1615 3066 1679 conﬁrmes,
3098 1620 3153 1667 et
3187 1611 3266 1666 sic
3305 1611 3358 1665 in
3398 1609 3705 1680 episcopali

2120 1713 2294 1768 cilicio
2329 1710 2630 1776 restitutus,
2661 1707 2951 1777 adjuvante
2980 1703 3232 1770 Domino,
3254 1701 3513 1772 populum
3539 1710 3706 1754 tuum

2121 1804 2301 1857 valeas
2322 1798 2614 1855 consolari.
2645 1797 2719 1850 De
2756 1804 2952 1860 c.1etero
2999 1792 3390 1847 fraternitatem
3427 1798 3572 1844 tuam
3595 1805 3708 1860 pa-

2125 1904 2278 1948 terno
2300 1889 2516 1954 affectu,
2541 1901 2650 1958 quo
2671 1901 2790 1940 cam
2819 1883 3217 1954 amplectimur,
3245 1880 3601 1934 admonemus
3631 1893 3709 1932 ne

444 1999 648 2064 onmia,
675 2000 818 2054 sicut
845 2000 1044 2067 scripta
1069 2004 1292 2060 sunt,ut
1317 2005 1676 2049 memoratum
1705 1993 2016 2048 coenobium
2052 1988 2093 2042 Β
2121 1981 2454 2052 improbitati
2490 1978 2574 2032 vel
2618 1975 2823 2031 levitati
2859 1973 3182 2028 clericormn
3224 1979 3444 2025 tuorum
3467 1967 3712 2022 ulterius

446 2098 598 2144 timm
627 2106 721 2160 per
763 2088 1166 2144 succedentium
1191 2096 1497 2155 temporum
1527 2084 1798 2138 curricula
1831 2097 2022 2137 secure

445 2195 510 2232 ar
535 2178 651 2232 sine
679 2177 1048 2248 inquietudine
1071 2177 1298 2230 ﬁrmiter
1318 2184 1372 2230 et
1411 2174 1728 2228 iuconvulse
1758 2173 2021 2237 obtineat,

446 2269 742 2337 apostolica
769 2268 1090 2322 auctoritate
1120 2266 1551 2324 corroborantcs
1578 2264 1868 2318 statuimus
1898 2263 2023 2316 nul-

446 2358 560 2412 lum
609 2373 820 2428 regum,
870 2355 951 2410 vel
1001 2356 1414 2424 imperatorum,
1462 2354 1764 2409 antistitum
1812 2353 2023 2407 nullum

446 2463 772 2518 quacunque
833 2447 1154 2502 auctoritate
1209 2447 1529 2516 przeditum,
1581 2445 1663 2498 vel
1713 2443 2022 2512 quempiam

447 2539 614 2592 alium
653 2537 851 2591 audere
895 2537 962 2590 de
997 2537 1081 2591 his
1126 2552 1250 2606 quae
1287 2536 1463 2590 eidem
1505 2534 1798 2588 venerabili
1841 2534 1964 2587 loco
1994 2549 2024 2586 a

447 2627 778 2697 quibuslibet
805 2626 1116 2681 hominibus
1149 2625 1217 2680 de
1257 2625 1480 2694 proprio
1507 2624 1630 2693 jure
1663 2622 1778 2692 jam
1823 2622 2024 2676 donata

431 2728 604 2784 sunt,
627 2719 707 2773 vel
741 2718 794 2772 in
834 2717 1098 2782 futurum,
1143 2716 1253 2771 Deo
1300 2716 1612 2779 miserante,
1649 2711 2023 2777 conferentur,

449 2809 553 2861 sub
589 2807 876 2876 cujuslibet
897 2823 1030 2861 ausu
1063 2807 1438 2862 occasionisve
1463 2803 1640 2872 specie
1670 2803 1912 2856 minuere
1936 2802 2020 2856 vel

450 2898 682 2961 auferre,
711 2897 824 2952 sive
849 2898 964 2952 suis
990 2897 1181 2952 usibus
1203 2896 1496 2966 applicare,
1519 2893 1602 2948 vel
1630 2893 1752 2948 aliis
1777 2891 2026 2962 quamvis

451 2989 556 3060 piis
579 2987 646 3041 de
685 2985 866 3041 causis
893 3001 990 3056 pro
1015 3001 1130 3040 sua:
1175 2985 1418 3038 avaritia:
1447 2981 1798 3038 excusatione
1832 2994 2028 3034 conce-

451 3079 598 3132 dere.
633 3076 840 3146 Siquis
869 3091 998 3130 vero
1035 3091 1244 3146 regum,
1271 3073 1638 3137 sacerdotum,
1681 3071 2024 3132 clericorum,

449 3167 696 3236 judicum
725 3181 789 3220 ac
811 3165 1152 3220 saecularium
1180 3178 1540 3234 personarum
1582 3162 1724 3214 hanc
1759 3159 2025 3214 constitu-

454 3256 622 3313 tionis
650 3265 852 3311 nostrze
875 3255 1125 3324 paginam
1150 3269 1474 3324 agnoscens,
1501 3259 1692 3306 contra
1712 3264 1832 3304 eam
1859 3257 2029 3303 teme-

2123 2073 2374 2130 credulus
2403 2070 2636 2134 existas,
2674 2067 2766 2124 sed
2796 2066 2958 2132 meis,
2983 2065 3076 2134 qui
3106 2073 3176 2130 te,
3219 2077 3326 2116 nou
3357 2070 3470 2127 tua,
3506 2059 3709 2130 diligo,

2124 2164 2304 2236 potius
2333 2178 2496 2234 quam
2544 2163 2758 2215 illorum
2795 2157 3040 2213 consiliis
3081 2155 3416 2225 acquiescas.
3455 2151 3612 2219 Quod
3657 2169 3689 2206 s

2124 2255 2336 2320 feceris,
2362 2255 2504 2310 scias
2525 2251 2766 2323 profecto
2795 2251 2940 2321 quod
2973 2265 3074 2304 nos
3098 2247 3394 2302 Ecclesium
3434 2246 3528 2300 tibi
3548 2260 3715 2300 com-

2125 2346 2348 2400 missam
2369 2341 2743 2413 przejudicium
2781 2338 3053 2394 sustinere
3075 2336 3388 2390 nullatenus
3409 2333 3713 2404 patiemur.

2124 2437 2346 2492 Interim
2377 2443 2558 2490 autem
2589 2433 2706 2489 sine
2738 2429 2889 2486 omni
2930 2425 3306 2504 inquietudine
3339 2433 3397 2479 et
3431 2422 3716 2478 discordia

2124 2543 2221 2581 vos
2241 2534 2296 2582 et
2315 2525 2485 2580 abbas
2515 2521 2826 2578 Cluniensis
2851 2518 3072 2590 paciﬁee
3104 2515 3391 2580 maneatis,
3413 2513 3586 2568 donec
3606 2527 3720 2567 co-

2126 2631 2244 2669 ram
2267 2613 2474 2668 vicario
2503 2611 2688 2664 Diensi
2712 2609 2969 2678 episcopo
3000 2605 3313 2675 hujusmodi
3334 2605 3403 2660 lis
3424 2602 3722 2673 religiosa-

2129 2719 2246 2759 rum
2287 2714 2648 2772 personarum
2679 2696 2908 2752 consilio
2949 2693 3268 2749 terminetur
3291 2709 3308 2759 ;
3335 2699 3470 2757 .aut,
3495 2691 3542 2746 si
3572 2689 3722 2744 illud

2125 2807 2234 2846 non
2261 2788 2498 2860 potuerit
2525 2785 2796 2853 ﬁeri,nos,
2819 2793 3048 2853 utraque
3066 2789 3220 2852 parte
3237 2788 3432 2835 vocata
3453 2786 3508 2834 et
3537 2792 3722 2834 causa

2126 2883 2414 2951 diligenter
2437 2878 2710 2942 discussa,
2733 2874 3030 2928 auxiliante
3052 2873 3226 2944 gratia
3252 2870 3369 2938 Dei,
3393 2868 3556 2924 tinem
3575 2882 3724 2924 con-

2126 2985 2323 3043 gruum
2367 2969 2645 3038 imponere
2669 2965 2964 3035 valeamus.
3007 2961 3205 3017 Clerici
3229 2969 3412 3016 autem
3433 2959 3550 3030 qui,
3591 2974 3722 3030 spto

2127 3063 2235 3116 ritu
2263 3059 2530 3130 superbiae
2557 3055 2726 3122 ducti,
2758 3061 2948 3110 contra
2989 3053 3225 3124 legatum
3255 3057 3504 3106 nostrum
3543 3047 3723 3102 Alba-

2127 3163 2354 3205 nensem
2391 3147 2703 3217 episcopum
2741 3143 2955 3197 turbam
2988 3139 3252 3207 fecerunt,
3274 3147 3329 3194 et
3348 3135 3728 3206 archiepisco-

2128 3253 2258 3307 pum
2281 3235 2646 3290 Viennensem
2671 3230 2934 3286 Cluniaco
2955 3235 3309 3282 revertentem
3331 3223 3526 3280 ablatis
3546 3223 3728 3278 rebus

456 3346 605 3402 rario
639 3360 774 3400 ausu
819 3347 1002 3400 venire
1047 3345 1354 3410 tentaverit,
1399 3341 1711 3397 admonitus
1751 3339 1938 3404 semel,
1981 3347 2036 3393 ct
2060 3334 2101 3389 C
2133 3325 2249 3380 Silis
2269 3321 2662 3379 contumeliose
2687 3315 3186 3410 ίιιντιεθηιιιξνθρυά
3205 3314 3527 3410 (δίιξηίειοιιω
3549 3313 3726 3368 nudis

458 3437 656 3491 iterum
679 3451 852 3504 usque
883 3436 1043 3489 tertio
1076 3451 1172 3505 per
1211 3433 1596 3490 convenientes
1622 3439 1810 3496 testes,
1842 3431 1888 3485 si
1924 3445 2034 3484 non

458 3525 768 3596 resipucrit,
792 3531 956 3594 atque
984 3525 1252 3594 prtedictm
1279 3523 1534 3577 Ecclesiae
1556 3536 1664 3574 non
1692 3507 2034 3587 satisfecerit,

458 3615 744 3688 potestatis
773 3616 1107 3684 honorisque
1151 3615 1235 3669 sui
1257 3614 1518 3684 dignitate
1548 3619 1748 3688 careat,
1775 3627 2038 3681 reumque

460 3721 521 3760 se
562 3705 747 3760 divino
783 3704 992 3774 judicio
1023 3705 1257 3758 existere
1297 3705 1364 3757 de
1401 3711 1708 3772 perpetrata
1756 3703 2040 3772 iniquitate

459 3803 769 3867 cognoscat.
797 3795 866 3850 At
895 3795 999 3850 nisi
1028 3809 1092 3850 ea
1119 3810 1242 3864 qua:
1288 3793 1358 3848 ab
1393 3793 1486 3847 illo
1513 3801 1641 3848 sunt
1676 3791 1819 3846 male
1859 3793 2037 3846 ablata

463 3886 778 3951 restituerit,
802 3885 884 3940 vel
909 3886 1070 3956 digna
1101 3885 1416 3955 pmnitentia
1451 3883 1635 3938 illicite
1660 3891 1778 3955 acta
1805 3883 2038 3938 deﬂeve-

462 3975 553 4039 rit,
583 3991 615 4029 a
649 3976 1018 4030 sacratissimo
1041 3981 1271 4043 corpore
1307 3983 1360 4028 et
1388 3974 1653 4042 sanguine
1683 3972 1897 4028 Domini
1936 3973 2041 4028 Re-

463 4063 762 4135 demptoris
792 4065 967 4118 nostri
1009 4061 1136 4117 Jesu
1172 4062 1375 4117 Christi
1414 4063 1623 4117 alienus
1653 4061 1765 4126 ﬁat,
1793 4071 1956 4132 atque
1985 4063 2039 4115 in

465 4163 707 4209 extremo
728 4155 978 4210 examine
1002 4153 1262 4209 districta:
1286 4153 1476 4206 ultioni
1496 4153 1792 4222 subjaceat.
1816 4153 2042 4208 Cunctis

465 4253 645 4300 autem
671 4245 843 4299 eidem
870 4245 1157 4313 iocojusta
1193 4244 1537 4298 servantibus
1575 4241 1646 4296 sit
1686 4257 1787 4310 pax
1827 4240 2042 4296 Domini

468 4335 639 4388 nostri
681 4333 808 4390 Jesu
843 4334 1069 4400 Christi,
1107 4341 1375 4404 quatenus
1414 4343 1468 4388 et
1508 4333 1596 4386 hic
1625 4331 1861 4387 fructum
1890 4332 2044 4386 bona:

467 4423 700 4477 actionis
752 4423 1079 4492 percipiant,
1143 4430 1197 4476 et
1251 4421 1396 4492 apud
1449 4420 1754 4475 districtum
1805 4421 2041 4490 judicent

468 4512 688 4582 praemia
716 4521 930 4566 mterna:
959 4512 1110 4581 pacis
1136 4512 1429 4566 inveniant.
1673 4503 1676 4506 i

542 4601 735 4656 Datum
776 4599 1027 4655 Laterani
1070 4615 1119 4654 iv
1156 4599 1296 4654 Non.
1329 4601 1501 4654 Martii
1535 4617 1629 4671 per
1668 4614 1863 4655 manus
1901 4597 2042 4652 Petri

2135 3415 2362 3486 pedibus
2390 3420 2516 3467 ante
2567 3410 2740 3464 altare
2778 3407 2955 3464 sancti
2980 3405 3128 3462 Petri
3153 3402 3512 3470 satisfaciant,
3553 3409 3612 3458 et
3635 3403 3730 3458 sic

2136 3501 2437 3559 emendatis
2470 3499 2718 3555 moribus
2741 3498 3114 3554 absolvantur.
3139 3496 3359 3566 Absque
3382 3495 3529 3550 data.

2854 3615 2989 3670 LVI.

2139 3711 2378 3783 Gregorii
2412 3663 2522 3764 VII
2542 3706 2767 3781 epistola
2797 3663 3167 3789 art—concilim:
3196 3701 3254 3758 S.
3294 3701 3516 3756 Martini
3541 3697 3728 3753 Turo-

2825 3792 3023 3831 uenus.

2719 3867 2900 3937 (Anno
2943 3864 3071 3920 l08l
3091 3863 3130 3934 .)

2384 3959 2642 4032 [Μιιιιιι.
2667 3955 2864 4010 Annal.
2901 3952 2958 4008 S.
2987 3952 3185 4007 Bened.
3211 3949 3277 4017 V,
3306 3945 3464 4020 176.]

2209 4073 2516 4128 Caesonius
2539 4069 2849 4140 episcopus,
2875 4080 3065 4121 servus
3095 4077 3378 4119 servorum
3405 4059 3522 4129 Dei,
3549 4075 3731 4118 cauo-

2141 4165 2280 4219 nicis
2307 4161 2496 4217 Sancti
2521 4159 2739 4214 Martini
2771 4156 3130 4212 Turonensis.
3743 4207 3750 4214 ,

2211 4251 2349 4317 Quia
2394 4249 2586 4320 legatis
2613 4247 2818 4302 nostris
2847 4253 2902 4300 et
2936 4243 3349 4314 archiepiscopo
3395 4247 3580 4294 vestro
3609 4254 3728 4293 non

2141 4339 2380 4406 obedire,
2419 4337 2512 4393 sed
2558 4336 2783 4405 insuper
2815 4348 2940 4388 eum
2975 4331 3250 4402 expulisse
3291 4327 3622 4394 audivimus,
3667 4336 3731 4382 et

2141 4431 2210 4486 ab
2230 4430 2310 4484 eis
2336 4445 2431 4483 vos
2452 4443 2573 4484 esse
2603 4423 3106 4480 excommunicatos
3144 4421 3216 4476 ob
3245 4420 3458 4489 culpam
3481 4425 3727 4472 vestram

2143 4518 2452 4582 didicimus,
2499 4514 2702 4568 idcirco
2736 4512 2964 4566 salutem
3003 4519 3058 4563 et
3099 4506 3452 4578 apostolicam
3494 4503 3730 4558 benedi-

2144 4610 2378 4664 ctionem
2415 4605 2629 4660 mittere
2660 4601 2780 4657 ausi
2805 4616 2912 4656 non
2939 4598 3164 4664 fuimus,
3186 4597 3344 4666 cujus
3363 4593 3440 4649 rei
3471 4591 3729 4662 indignos

471 4693 528 4746 S.
557 4692 811 4747 Romanae
829 4692 1080 4746 Ecclesiae
1103 4691 1418 4764 presbyteri,
1447 4692 1738 4746 cardinalis
1763 4707 1824 4746 ac
1848 4691 2041 4745 biblioé
2078 4671 2119 4726 Ῐ)
2149 4717 2244 4756 ms
2280 4699 2514 4754 existere
2537 4694 2781 4766 profecto
2812 4692 2934 4762 plus
2953 4690 3109 4745 vobis
3141 4688 3244 4758 ipsi
3273 4686 3539 4742 dolemus.
3583 4679 3726 4737 Nam

469 4781 718 4848 thecarii,
762 4795 906 4834 anno
939 4796 992 4833 ix
1034 4783 1378 4850 pontificatus
1417 4780 1480 4836 D.
1533 4780 1690 4852 (ἔνθα.
1731 4777 1821 4832 VII
1868 4794 2038 4849 papze,

470 4873 656 4927 indict.
691 4890 762 4939 tv,
796 4872 946 4926 1081.

1213 4997 1322 5050 ΙΝ.

477 5085 714 5156 Epistula
737 5086 972 5158 Gregorii
1015 5087 1120 5141 VII
1141 5089 1210 5142 ad
1237 5088 1583 5150 Landricum,
1610 5083 2044 5158 .‘llutisconensem

544 5151 858 5228 episcopum,
871 5174 964 5228 pro
988 5160 1360 5226 confirmandis
1383 5173 1599 5228 pereunt
1619 5153 1905 5227 prir‘ileyiis
1928 5151 2048 5206 (Ilu-

548 5227 804 5282 niacensis
830 5227 1081 5282 ecclesia.
1150 5261 1153 5265 -

1067 5320 1248 5388 (Anno
1287 5319 1470 5384 l08l.)

829 5410 838 5480 |
868 5409 1164 5464 Baliarium
1190 5409 1550 5472 Cluniarense,
1575 5405 1703 5476 2|.j

553 5525 857 5578 linecomrs
899 5523 1207 5593 episcopus,
1253 5537 1443 5576 servus
1489 5532 1772 5574 servorum
1817 5515 1930 5580 Dei,
1965 5515 2048 5568 di-

481 5611 620 5666 lecto
651 5611 704 5664 in
732 5609 950 5665 Christo
993 5609 1147 5664 fratri
1187 5608 1457 5662 I..\xnntco
1477 5650 1491 5670 ,
1526 5603 1910 5662 Matisconensi
1935 5604 2051 5671 epi—

485 5715 669 5769 scopo,
701 5699 929 5754 salutem
963 5707 1016 5752 et
1050 5697 1402 5766 apestolicam
1425 5695 1872 5748 benedictionem.

558 5787 733 5844 Mirari
761 5788 914 5842 val-ie
934 5786 1306 5854 compellimur
1327 5783 1601 5854 quomodo
1629 5781 1936 5836 fraternitas
1966 5791 2053 5835 tua

492 5880 838 5948 pemmsione
875 5876 1216 5937 clericorum,
1248 5875 1385 5928 sicut
1409 5874 1732 5937 audivimus,
1771 5873 1820 5925 in
1858 5875 2048 5926 contir-

2147 4789 2195 4844 si
2227 4787 2534 4842 animarum
2579 4793 2882 4838 vestrarum
2926 4793 3115 4842 curam
3159 4775 3438 4848 get-cretis,
3496 4771 3730 4827 omuiuo

2150 4893 2248 4932 nec
2295 4876 2424 4930 illud
2466 4886 2814 4944 prazsumere,
2861 4885 2960 4924 nec
3003 4876 3128 4938 post
3160 4865 3420 4936 ﬂagitium
3445 4861 3636 4918 tandiu
3667 4860 3727 4915 in

2149 4966 2561 5037 imposnitudine
2619 4975 2839 5018 manere
2891 4957 3184 5012 consilium
3227 4951 3519 5008 haberetis.
3571 4949 3728 5016 Qua-

2153 5069 2372 5134 propter
2405 5066 2624 5128 paterna
2669 5049 3129 5125 vos,allocutione
3172 5041 3452 5101 monentes
3471 5058 3541 5098 cx
3573 5050 3732 5112 parte

2153 5133 2209 5208 Il.
2251 5149 2395 5207 Petri
2418 5145 2762 5220 praecipimus
2796 5151 2856 5196 ut
2885 5141 2950 5196 de
2975 5147 3126 5195 tanto
3165 5133 3404 5194 facinore
3431 5134 3594 5204 digne
3639 5145 3732 5186 sa-

2153 5243 2503 5306 tisfacientes,
2543 5236 2859 5308 praedictum
2901 5230 3123 5293 fratrem
3164 5237 3414 5285 nostrum
3459 5221 3734 5291 archiepi-

2152 5346 2375 5401 scopum
2417 5329 2482 5383 ad
2519 5323 2816 5380 Eeclesiam
2863 5335 3018 5376 suam
3061 5333 3186 5373 cum
3232 5317 3440 5369 honore
3471 5311 3738 5368 reducere

2156 5419 2488 5492 procurctis;
2519 5431 2584 5470 ac
2622 5413 2878 5482 deinceps
2919 5409 2967 5464 ei
2993 5405 3350 5479 paternalem,
3379 5402 3522 5459 sicut
3553 5401 3735 5466 decet,

2157 5509 2520 5567 obedientiam
2543 5515 2598 5562 et
2618 5503 2974 5560 reverentiam
2991 5497 3334 5560 exhibentes,
3364 5494 3588 5552 obedire
3613 5494 3743 5547 nul-

2160 5605 2373 5658 latenus
2397 5597 2728 5656 detrectetis.
2775 5590 3128 5660 Praeeipimus
3156 5588 3323 5646 etiam
3368 5584 3524 5639 vobis
3547 5591 3612 5637 ut
3652 5599 3744 5638 res

2163 5701 2270 5744 tam
2293 5688 2463 5759 ipsius
2485 5680 2896 5751 archiepiscopi,
2925 5695 3090 5749 quam
3121 5675 3514 5732 canonicorum
3548 5669 3744 5728 Sancti

2166 5779 2406 5834 Mauricii
2443 5777 2494 5830 in
2535 5777 2800 5842 integrum
2846 5767 3172 5831 restituatis;
3211 5772 3372 5833 atquc
3418 5761 3616 5832 legatis
3643 5777 3747 5817 no-

2166 5873 2292 5928 stris
2321 5871 2384 5926 dc
2420 5876 2613 5926 enitere
2657 5864 2893 5919 debitam
2935 5855 3293 5916 obedientiam
3327 5852 3674 5916 exhibentes,
3698 5861 3750 5906 et
