  <div class='ocr_page' id='page_1' title='image "/cluster/home/n/w/nwhite01/storage/ocr_20150623/148/uva.x000829792/358.png"; bbox 0 0 3952 6386; ppageno 0'>
   <div class='ocr_carea' id='block_1_1' title="bbox 187 469 295 525">
    <p class='ocr_par' dir='ltr' id='par_1_1' title="bbox 187 469 295 525">
     <span class='ocr_line' id='line_1_1' title="bbox 187 469 295 525; baseline 0.028 -3"><span class='ocrx_word' id='word_1_1' title='bbox 187 469 295 525; x_wconf 71' lang='grc' dir='ltr'><strong>τοι</strong></span> 
     </span>
    </p>
   </div>
   <div class='ocr_carea' id='block_1_2' title="bbox 1073 449 2555 514">
    <p class='ocr_par' dir='ltr' id='par_1_2' title="bbox 1073 449 2555 514">
     <span class='ocr_line' id='line_1_2' title="bbox 1073 449 2555 514; baseline -0.007 -3"><span class='ocrx_word' id='word_1_2' title='bbox 1073 458 1428 514; x_wconf 58' lang='grc' dir='ltr'><strong>ΕΡιδΤΟΙΑΞ</strong></span> <span class='ocrx_word' id='word_1_3' title='bbox 1470 455 1699 510; x_wconf 66' lang='grc' dir='ltr'>ΕΧῚἪΑ</span> <span class='ocrx_word' id='word_1_4' title='bbox 1738 450 2133 507; x_wconf 61' lang='lat' dir='ltr'><strong>RI‘IGIS&#39;I‘RL’M</strong></span> <span class='ocrx_word' id='word_1_5' title='bbox 2175 449 2555 503; x_wconf 54' lang='lat' dir='ltr'><strong>VP‘GANTES.</strong></span> 
     </span>
    </p>
   </div>
   <div class='ocr_carea' id='block_1_3' title="bbox 3318 442 3419 496">
    <p class='ocr_par' dir='ltr' id='par_1_3' title="bbox 3318 442 3419 496">
     <span class='ocr_line' id='line_1_3' title="bbox 3318 442 3419 496; baseline 0.02 -2"><span class='ocrx_word' id='word_1_6' title='bbox 3318 442 3419 496; x_wconf 77' lang='lat' dir='ltr'><strong>7o!</strong></span> 
     </span>
    </p>
   </div>
   <div class='ocr_carea' id='block_1_4' title="bbox 179 551 3419 650">
    <p class='ocr_par' dir='ltr' id='par_1_4' title="bbox 179 551 3419 650">
     <span class='ocr_line' id='line_1_4' title="bbox 179 551 3419 650; baseline -0.01 -14"><span class='ocrx_word' id='word_1_7' title='bbox 179 582 267 636; x_wconf 73' lang='lat' dir='ltr'><strong>ab</strong></span> <span class='ocrx_word' id='word_1_8' title='bbox 288 582 409 650; x_wconf 82' lang='lat' dir='ltr'><strong>ipso</strong></span> <span class='ocrx_word' id='word_1_9' title='bbox 438 574 637 632; x_wconf 89' lang='lat' dir='ltr'><strong>comite</strong></span> <span class='ocrx_word' id='word_1_10' title='bbox 659 571 1123 629; x_wconf 80' lang='lat' dir='ltr'><strong>excommunieato</strong></span> <span class='ocrx_word' id='word_1_11' title='bbox 1153 570 1387 624; x_wconf 79' lang='lat' dir='ltr'><strong>Fulconc</strong></span> <span class='ocrx_word' id='word_1_12' title='bbox 1409 578 1461 622; x_wconf 92' lang='lat' dir='ltr'><strong>et</strong></span> <span class='ocrx_word' id='word_1_13' title='bbox 1490 570 1555 621; x_wconf 88' lang='lat' dir='ltr'><strong>ab</strong></span> <span class='ocrx_word' id='word_1_14' title='bbox 1582 568 1759 620; x_wconf 79' lang='lat' dir='ltr'><strong>oniui-</strong></span> <span class='ocrx_word' id='word_1_15' title='bbox 1789 565 1832 618; x_wconf 75' lang='grc' dir='ltr'><strong>Α</strong></span> <span class='ocrx_word' id='word_1_16' title='bbox 1861 566 2160 619; x_wconf 62' lang='grc' dir='ltr'><strong>κει-νυυιιιίιὶ</strong></span> <span class='ocrx_word' id='word_1_17' title='bbox 2187 564 2476 623; x_wconf 67' lang='lat' dir='ltr'><strong>Avuenuzo,</strong></span> <span class='ocrx_word' id='word_1_18' title='bbox 2509 572 2715 612; x_wconf 90' lang='lat' dir='ltr'><strong>necnon</strong></span> <span class='ocrx_word' id='word_1_19' title='bbox 2756 556 3007 608; x_wconf 84' lang='lat' dir='ltr'><strong>universo</strong></span> <span class='ocrx_word' id='word_1_20' title='bbox 3045 553 3240 622; x_wconf 82' lang='lat' dir='ltr'><strong>populo</strong></span> <span class='ocrx_word' id='word_1_21' title='bbox 3285 551 3419 608; x_wconf 72' lang='lat' dir='ltr'><strong>Nar-</strong></span> 
     </span>
    </p>
   </div>
   <div class='ocr_carea' id='block_1_5' title="bbox 180 653 1753 728">
    <p class='ocr_par' dir='ltr' id='par_1_5' title="bbox 180 653 1753 728">
     <span class='ocr_line' id='line_1_5' title="bbox 180 653 1753 728; baseline -0.011 -3"><span class='ocrx_word' id='word_1_22' title='bbox 180 672 302 725; x_wconf 75' lang='lat' dir='ltr'><strong>hus</strong></span> <span class='ocrx_word' id='word_1_23' title='bbox 334 664 824 724; x_wconf 73' lang='lat' dir='ltr'><strong>exconununicatis</strong></span> <span class='ocrx_word' id='word_1_24' title='bbox 872 677 965 716; x_wconf 87' lang='lat' dir='ltr'><strong>vos</strong></span> <span class='ocrx_word' id='word_1_25' title='bbox 1016 662 1287 716; x_wconf 77' lang='lat' dir='ltr'><strong>custodire</strong></span> <span class='ocrx_word' id='word_1_26' title='bbox 1334 653 1611 728; x_wconf 77' lang='lat' dir='ltr'><strong>vigilanter</strong></span> <span class='ocrx_word' id='word_1_27' title='bbox 1637 667 1753 710; x_wconf 84' lang='lat' dir='ltr'><strong>stu-</strong></span> 
     </span>
    </p>
   </div>
   <div class='ocr_carea' id='block_1_6' title="bbox 180 750 1753 824">
    <p class='ocr_par' dir='ltr' id='par_1_6' title="bbox 180 750 1753 824">
     <span class='ocr_line' id='line_1_6' title="bbox 180 750 1753 824; baseline -0.01 -9"><span class='ocrx_word' id='word_1_28' title='bbox 180 758 560 824; x_wconf 81' lang='lat' dir='ltr'><strong>deatis.Quod</strong></span> <span class='ocrx_word' id='word_1_29' title='bbox 579 756 625 810; x_wconf 90' lang='lat' dir='ltr'><strong>si</strong></span> <span class='ocrx_word' id='word_1_30' title='bbox 648 772 747 809; x_wconf 89' lang='lat' dir='ltr'><strong>nec</strong></span> <span class='ocrx_word' id='word_1_31' title='bbox 766 756 847 808; x_wconf 89' lang='lat' dir='ltr'><strong>his</strong></span> <span class='ocrx_word' id='word_1_32' title='bbox 869 754 1027 807; x_wconf 85' lang='lat' dir='ltr'><strong>etiam</strong></span> <span class='ocrx_word' id='word_1_33' title='bbox 1045 753 1311 807; x_wconf 88' lang='lat' dir='ltr'><strong>mandatis</strong></span> <span class='ocrx_word' id='word_1_34' title='bbox 1333 750 1753 805; x_wconf 88' lang='lat' dir='ltr'><strong>salubritcrobe-</strong></span> 
     </span>
    </p>
   </div>
   <div class='ocr_carea' id='block_1_7' title="bbox 179 840 1756 910">
    <p class='ocr_par' dir='ltr' id='par_1_7' title="bbox 179 840 1756 910">
     <span class='ocr_line' id='line_1_7' title="bbox 179 840 1756 910; baseline -0.01 -4"><span class='ocrx_word' id='word_1_35' title='bbox 179 852 313 906; x_wconf 66' lang='lat' dir='ltr'><strong>dire</strong></span> <span class='ocrx_word' id='word_1_36' title='bbox 332 844 965 910; x_wconf 74' lang='lat' dir='ltr'><strong>volueritis,sententiam</strong></span> <span class='ocrx_word' id='word_1_37' title='bbox 990 844 1348 897; x_wconf 87' lang='lat' dir='ltr'><strong>anathematis</strong></span> <span class='ocrx_word' id='word_1_38' title='bbox 1379 842 1535 894; x_wconf 87' lang='lat' dir='ltr'><strong>iuvos</strong></span> <span class='ocrx_word' id='word_1_39' title='bbox 1555 840 1756 893; x_wconf 61' lang='lat' dir='ltr'><strong>conﬁro</strong></span> 
     </span>
    </p>
   </div>
   <div class='ocr_carea' id='block_1_8' title="bbox 182 931 1755 1006">
    <p class='ocr_par' dir='ltr' id='par_1_8' title="bbox 182 931 1755 1006">
     <span class='ocr_line' id='line_1_8' title="bbox 182 931 1755 1006; baseline -0.009 -9"><span class='ocrx_word' id='word_1_40' title='bbox 182 948 432 1005; x_wconf 82' lang='lat' dir='ltr'><strong>mantes,</strong></span> <span class='ocrx_word' id='word_1_41' title='bbox 452 936 760 1006; x_wconf 72' lang='lat' dir='ltr'><strong>apostolica:</strong></span> <span class='ocrx_word' id='word_1_42' title='bbox 771 934 957 987; x_wconf 89' lang='lat' dir='ltr'><strong>ultioni</strong></span> <span class='ocrx_word' id='word_1_43' title='bbox 980 947 1074 987; x_wconf 87' lang='lat' dir='ltr'><strong>vos</strong></span> <span class='ocrx_word' id='word_1_44' title='bbox 1097 933 1373 1000; x_wconf 74' lang='lat' dir='ltr'><strong>subiacere</strong></span> <span class='ocrx_word' id='word_1_45' title='bbox 1394 931 1755 985; x_wconf 86' lang='lat' dir='ltr'><strong>decernimus.</strong></span> 
     </span>
    </p>
   </div>
   <div class='ocr_carea' id='block_1_9' title="bbox 902 1039 1036 1093">
    <p class='ocr_par' dir='ltr' id='par_1_9' title="bbox 902 1039 1036 1093">
     <span class='ocr_line' id='line_1_9' title="bbox 902 1039 1036 1093; baseline -0.007 0"><span class='ocrx_word' id='word_1_46' title='bbox 902 1039 1036 1093; x_wconf 85' lang='lat' dir='ltr'>LVII</span> 
     </span>
    </p>
   </div>
   <div class='ocr_carea' id='block_1_10' title="bbox 185 1125 1757 1208">
    <p class='ocr_par' dir='ltr' id='par_1_10' title="bbox 185 1125 1757 1208">
     <span class='ocr_line' id='line_1_10' title="bbox 185 1125 1757 1208; baseline -0.008 -16"><span class='ocrx_word' id='word_1_47' title='bbox 185 1139 348 1208; x_wconf 69' lang='lat' dir='ltr'><strong>(M6)</strong></span> <span class='ocrx_word' id='word_1_48' title='bbox 372 1136 611 1205; x_wconf 73' lang='lat' dir='ltr'><strong>Gregorii</strong></span> <span class='ocrx_word' id='word_1_49' title='bbox 654 1131 762 1208; x_wconf 62' lang='grc' dir='ltr'><strong>ΥΠ</strong></span> <span class='ocrx_word' id='word_1_50' title='bbox 785 1135 1011 1208; x_wconf 67' lang='lat' dir='ltr'><strong>epistola</strong></span> <span class='ocrx_word' id='word_1_51' title='bbox 1041 1133 1111 1208; x_wconf 60' lang='lat' dir='ltr'><strong>ad</strong></span> <span class='ocrx_word' id='word_1_52' title='bbox 1141 1130 1477 1208; x_wconf 49' lang='lat' dir='ltr'><strong>Bickel-dunt,</strong></span> <span class='ocrx_word' id='word_1_53' title='bbox 1506 1125 1757 1179; x_wconf 69' lang='lat' dir='ltr'><strong>Ecclesiae</strong></span> 
     </span>
    </p>
   </div>
   <div class='ocr_carea' id='block_1_11' title="bbox 271 1196 1758 1261">
    <p class='ocr_par' dir='ltr' id='par_1_11' title="bbox 271 1196 1758 1261">
     <span class='ocr_line' id='line_1_11' title="bbox 271 1196 1758 1261; baseline -0.009 -1"><span class='ocrx_word' id='word_1_54' title='bbox 271 1196 523 1261; x_wconf 64' lang='lat' dir='ltr'><strong>[totumue</strong></span> <span class='ocrx_word' id='word_1_55' title='bbox 554 1196 876 1257; x_wconf 45' lang='lat' dir='ltr'><strong>cardinale&#39;m</strong></span> <span class='ocrx_word' id='word_1_56' title='bbox 914 1212 961 1254; x_wconf 83' lang='lat' dir='ltr'><strong>ct</strong></span> <span class='ocrx_word' id='word_1_57' title='bbox 998 1203 1235 1254; x_wconf 77' lang='lat' dir='ltr'><strong>abbatem</strong></span> <span class='ocrx_word' id='word_1_58' title='bbox 1270 1196 1666 1250; x_wconf 75' lang='lat' dir='ltr'><strong>.llussilicnscm.</strong></span> <span class='ocrx_word' id='word_1_59' title='bbox 1687 1224 1758 1233; x_wconf 90' lang='lat'><strong>-—</strong></span> 
     </span>
    </p>
   </div>
   <div class='ocr_carea' id='block_1_12' title="bbox 274 1266 1758 1346">
    <p class='ocr_par' dir='ltr' id='par_1_12' title="bbox 274 1266 1758 1346">
     <span class='ocr_line' id='line_1_12' title="bbox 274 1266 1758 1346; baseline -0.011 -15"><span class='ocrx_word' id='word_1_60' title='bbox 274 1276 525 1346; x_wconf 66' lang='lat' dir='ltr'><strong>Pun-cipit</strong></span> <span class='ocrx_word' id='word_1_61' title='bbox 550 1285 655 1346; x_wconf 14' lang='lat' dir='ltr'><strong>Aute</strong></span> <span class='ocrx_word' id='word_1_62' title='bbox 699 1274 1141 1326; x_wconf 77' lang='lat' dir='ltr'><strong>.tcommmticatos</strong></span> <span class='ocrx_word' id='word_1_63' title='bbox 1180 1270 1235 1324; x_wconf 91' lang='lat' dir='ltr'><strong>S.</strong></span> <span class='ocrx_word' id='word_1_64' title='bbox 1279 1266 1549 1321; x_wconf 78' lang='lat' dir='ltr'><strong>Saturnini</strong></span> <span class='ocrx_word' id='word_1_65' title='bbox 1577 1280 1758 1315; x_wconf 69' lang='lat' dir='ltr'><strong>morm-</strong></span> 
     </span>
    </p>
   </div>
   <div class='ocr_carea' id='block_1_13' title="bbox 268 1344 665 1400">
    <p class='ocr_par' dir='ltr' id='par_1_13' title="bbox 268 1344 665 1400">
     <span class='ocr_line' id='line_1_13' title="bbox 268 1344 665 1400; baseline 0 -2"><span class='ocrx_word' id='word_1_66' title='bbox 268 1347 391 1400; x_wconf 79' lang='lat' dir='ltr'><strong>thos</strong></span> <span class='ocrx_word' id='word_1_67' title='bbox 412 1344 665 1399; x_wconf 73' lang='lat' dir='ltr'><strong>absolvat.</strong></span> 
     </span>
    </p>
   </div>
   <div class='ocr_carea' id='block_1_14' title="bbox 546 1431 1170 1503">
    <p class='ocr_par' dir='ltr' id='par_1_14' title="bbox 546 1431 1170 1503">
     <span class='ocr_line' id='line_1_14' title="bbox 546 1431 1170 1503; baseline -0.016 -11"><span class='ocrx_word' id='word_1_68' title='bbox 546 1502 549 1503; x_wconf 19' lang='grc' dir='ltr'><em>ν</em></span> <span class='ocrx_word' id='word_1_69' title='bbox 788 1435 966 1503; x_wconf 76' lang='lat' dir='ltr'><strong>(Anno</strong></span> <span class='ocrx_word' id='word_1_70' title='bbox 995 1431 1170 1497; x_wconf 70' lang='lat'><strong>1089..)</strong></span> 
     </span>
    </p>
   </div>
   <div class='ocr_carea' id='block_1_15' title="bbox 585 1516 1367 1596">
    <p class='ocr_par' dir='ltr' id='par_1_15' title="bbox 585 1516 1367 1596">
     <span class='ocr_line' id='line_1_15' title="bbox 585 1516 1367 1596; baseline -0.01 -20"><span class='ocrx_word' id='word_1_71' title='bbox 585 1524 797 1596; x_wconf 50' lang='grc' dir='ltr'><strong>μιμεῖ,</strong></span> <span class='ocrx_word' id='word_1_72' title='bbox 827 1522 1025 1577; x_wconf 74' lang='lat' dir='ltr'><strong>Com&#39;il.</strong></span> <span class='ocrx_word' id='word_1_73' title='bbox 1064 1517 1181 1583; x_wconf 72' lang='lat' dir='ltr'><strong>XX,</strong></span> <span class='ocrx_word' id='word_1_74' title='bbox 1217 1516 1367 1587; x_wconf 69' lang='lat'><strong>036.]</strong></span> 
     </span>
    </p>
   </div>
   <div class='ocr_carea' id='block_1_16' title="bbox 270 1601 1755 1682">
    <p class='ocr_par' dir='ltr' id='par_1_16' title="bbox 270 1601 1755 1682">
     <span class='ocr_line' id='line_1_16' title="bbox 270 1601 1755 1682; baseline -0.011 -13"><span class='ocrx_word' id='word_1_75' title='bbox 270 1615 575 1669; x_wconf 73' lang='lat' dir='ltr'><strong>GREGORIL‘S</strong></span> <span class='ocrx_word' id='word_1_76' title='bbox 595 1615 897 1682; x_wconf 82' lang='lat' dir='ltr'><strong>episcopus,</strong></span> <span class='ocrx_word' id='word_1_77' title='bbox 926 1626 1115 1664; x_wconf 83' lang='lat' dir='ltr'><strong>servus</strong></span> <span class='ocrx_word' id='word_1_78' title='bbox 1135 1619 1414 1662; x_wconf 89' lang='lat' dir='ltr'><strong>servorum</strong></span> <span class='ocrx_word' id='word_1_79' title='bbox 1439 1601 1552 1663; x_wconf 86' lang='lat' dir='ltr'><strong>Dei,</strong></span> <span class='ocrx_word' id='word_1_80' title='bbox 1578 1601 1638 1653; x_wconf 78' lang='lat' dir='ltr'><strong>It.</strong></span> <span class='ocrx_word' id='word_1_81' title='bbox 1661 1616 1755 1653; x_wconf 84' lang='lat' dir='ltr'><strong>vc-</strong></span> 
     </span>
    </p>
   </div>
   <div class='ocr_carea' id='block_1_17' title="bbox 185 1687 1753 1758">
    <p class='ocr_par' dir='ltr' id='par_1_17' title="bbox 185 1687 1753 1758">
     <span class='ocr_line' id='line_1_17' title="bbox 185 1687 1753 1758; baseline -0.011 -1"><span class='ocrx_word' id='word_1_82' title='bbox 185 1704 426 1758; x_wconf 75' lang='lat' dir='ltr'><strong>ncrabili</strong></span> <span class='ocrx_word' id='word_1_83' title='bbox 450 1711 649 1756; x_wconf 70' lang='lat' dir='ltr'><strong>sanctae</strong></span> <span class='ocrx_word' id='word_1_84' title='bbox 672 1701 924 1754; x_wconf 79' lang='lat' dir='ltr'><strong>Romame</strong></span> <span class='ocrx_word' id='word_1_85' title='bbox 948 1697 1199 1751; x_wconf 68' lang='lat' dir='ltr'><strong>Ecclesiae</strong></span> <span class='ocrx_word' id='word_1_86' title='bbox 1222 1691 1479 1749; x_wconf 89' lang='lat' dir='ltr'><strong>cardinah</strong></span> <span class='ocrx_word' id='word_1_87' title='bbox 1496 1695 1548 1742; x_wconf 91' lang='lat' dir='ltr'><strong>et</strong></span> <span class='ocrx_word' id='word_1_88' title='bbox 1575 1687 1753 1741; x_wconf 89' lang='lat' dir='ltr'><strong>abbati</strong></span> 
     </span>
    </p>
   </div>
   <div class='ocr_carea' id='block_1_18' title="bbox 183 1778 1749 1857">
    <p class='ocr_par' dir='ltr' id='par_1_18' title="bbox 183 1778 1749 1857">
     <span class='ocr_line' id='line_1_18' title="bbox 183 1778 1749 1857; baseline -0.012 -12"><span class='ocrx_word' id='word_1_89' title='bbox 183 1784 525 1847; x_wconf 71' lang='lat' dir='ltr'><strong>Massiliensi</strong></span> <span class='ocrx_word' id='word_1_90' title='bbox 560 1792 786 1846; x_wconf 80' lang='lat' dir='ltr'><strong>salutem</strong></span> <span class='ocrx_word' id='word_1_91' title='bbox 823 1799 875 1843; x_wconf 87' lang='lat' dir='ltr'><strong>et</strong></span> <span class='ocrx_word' id='word_1_92' title='bbox 905 1787 1259 1857; x_wconf 76' lang='lat' dir='ltr'><strong>apostolicam</strong></span> <span class='ocrx_word' id='word_1_93' title='bbox 1295 1778 1749 1836; x_wconf 84' lang='lat' dir='ltr'><strong>benedictionem.</strong></span> 
     </span>
    </p>
   </div>
   <div class='ocr_carea' id='block_1_19' title="bbox 265 1868 1829 1950">
    <p class='ocr_par' dir='ltr' id='par_1_19' title="bbox 265 1868 1829 1950">
     <span class='ocr_line' id='line_1_19' title="bbox 265 1868 1829 1950; baseline -0.013 -13"><span class='ocrx_word' id='word_1_94' title='bbox 265 1872 517 1939; x_wconf 73' lang='lat' dir='ltr'><strong>Pervenit</strong></span> <span class='ocrx_word' id='word_1_95' title='bbox 547 1883 611 1937; x_wconf 88' lang='lat' dir='ltr'><strong>ad</strong></span> <span class='ocrx_word' id='word_1_96' title='bbox 635 1897 733 1937; x_wconf 89' lang='lat' dir='ltr'><strong>nos</strong></span> <span class='ocrx_word' id='word_1_97' title='bbox 778 1880 921 1950; x_wconf 67' lang='lat' dir='ltr'><strong>quod</strong></span> <span class='ocrx_word' id='word_1_98' title='bbox 966 1877 1259 1932; x_wconf 79' lang='lat' dir='ltr'><strong>monachos</strong></span> <span class='ocrx_word' id='word_1_99' title='bbox 1319 1872 1439 1926; x_wconf 90' lang='lat' dir='ltr'><strong>illos</strong></span> <span class='ocrx_word' id='word_1_100' title='bbox 1464 1869 1556 1940; x_wconf 85' lang='lat' dir='ltr'><strong>qui</strong></span> <span class='ocrx_word' id='word_1_101' title='bbox 1585 1868 1754 1921; x_wconf 87' lang='lat' dir='ltr'><strong>cccle—</strong></span> <span class='ocrx_word' id='word_1_102' title='bbox 1788 1879 1829 1932; x_wconf 67' lang='grc' dir='ltr'><strong><em>ιι</em></strong></span> 
     </span>
    </p>
   </div>
   <div class='ocr_carea' id='block_1_20' title="bbox 182 1957 1749 2031">
    <p class='ocr_par' dir='ltr' id='par_1_20' title="bbox 182 1957 1749 2031">
     <span class='ocr_line' id='line_1_20' title="bbox 182 1957 1749 2031; baseline -0.013 -1"><span class='ocrx_word' id='word_1_103' title='bbox 182 1975 335 2029; x_wconf 82' lang='lat' dir='ltr'><strong>siam</strong></span> <span class='ocrx_word' id='word_1_104' title='bbox 359 1974 544 2029; x_wconf 78' lang='lat' dir='ltr'><strong>Sancti</strong></span> <span class='ocrx_word' id='word_1_105' title='bbox 577 1972 849 2027; x_wconf 85' lang='lat' dir='ltr'><strong>Saturnini</strong></span> <span class='ocrx_word' id='word_1_106' title='bbox 887 1985 994 2023; x_wconf 90' lang='lat' dir='ltr'><strong>non</strong></span> <span class='ocrx_word' id='word_1_107' title='bbox 1025 1968 1139 2022; x_wconf 92' lang='lat' dir='ltr'><strong>sine</strong></span> <span class='ocrx_word' id='word_1_108' title='bbox 1159 1964 1375 2020; x_wconf 87' lang='lat' dir='ltr'><strong>licentia</strong></span> <span class='ocrx_word' id='word_1_109' title='bbox 1411 1960 1611 2031; x_wconf 85' lang='lat' dir='ltr'><strong>proprii</strong></span> <span class='ocrx_word' id='word_1_110' title='bbox 1653 1957 1749 2011; x_wconf 84' lang='lat' dir='ltr'><strong>ab—</strong></span> 
     </span>
    </p>
   </div>
   <div class='ocr_carea' id='block_1_21' title="bbox 181 2047 1752 2130">
    <p class='ocr_par' dir='ltr' id='par_1_21' title="bbox 181 2047 1752 2130">
     <span class='ocr_line' id='line_1_21' title="bbox 181 2047 1752 2130; baseline -0.014 -11"><span class='ocrx_word' id='word_1_111' title='bbox 181 2061 340 2118; x_wconf 79' lang='lat' dir='ltr'><strong>batis</strong></span> <span class='ocrx_word' id='word_1_112' title='bbox 384 2069 719 2130; x_wconf 81' lang='lat' dir='ltr'><strong>acceperant,</strong></span> <span class='ocrx_word' id='word_1_113' title='bbox 755 2074 816 2111; x_wconf 89' lang='lat' dir='ltr'><strong>ac</strong></span> <span class='ocrx_word' id='word_1_114' title='bbox 865 2056 1075 2119; x_wconf 83' lang='lat' dir='ltr'><strong>deinde,</strong></span> <span class='ocrx_word' id='word_1_115' title='bbox 1100 2051 1451 2121; x_wconf 82' lang='lat' dir='ltr'><strong>compcllente</strong></span> <span class='ocrx_word' id='word_1_116' title='bbox 1484 2062 1575 2125; x_wconf 82' lang='lat' dir='ltr'><strong>eos</strong></span> <span class='ocrx_word' id='word_1_117' title='bbox 1596 2047 1752 2115; x_wconf 88' lang='lat' dir='ltr'><strong>jussu</strong></span> 
     </span>
    </p>
   </div>
   <div class='ocr_carea' id='block_1_22' title="bbox 182 2136 1751 2220">
    <p class='ocr_par' dir='ltr' id='par_1_22' title="bbox 182 2136 1751 2220">
     <span class='ocr_line' id='line_1_22' title="bbox 182 2136 1751 2220; baseline -0.013 -14"><span class='ocrx_word' id='word_1_118' title='bbox 182 2151 421 2220; x_wconf 76' lang='lat' dir='ltr'><strong>majoris</strong></span> <span class='ocrx_word' id='word_1_119' title='bbox 460 2149 668 2203; x_wconf 83' lang='lat' dir='ltr'><strong>abbatis</strong></span> <span class='ocrx_word' id='word_1_120' title='bbox 711 2145 1102 2209; x_wconf 83' lang='lat' dir='ltr'><strong>Cluniacensis,</strong></span> <span class='ocrx_word' id='word_1_121' title='bbox 1144 2140 1385 2195; x_wconf 85' lang='lat' dir='ltr'><strong>eamdem</strong></span> <span class='ocrx_word' id='word_1_122' title='bbox 1418 2136 1751 2197; x_wconf 80' lang='lat' dir='ltr'><strong>dimiserant,</strong></span> 
     </span>
    </p>
   </div>
   <div class='ocr_carea' id='block_1_23' title="bbox 184 2223 1755 2305">
    <p class='ocr_par' dir='ltr' id='par_1_23' title="bbox 184 2223 1755 2305">
     <span class='ocr_line' id='line_1_23' title="bbox 184 2223 1755 2305; baseline -0.012 -11"><span class='ocrx_word' id='word_1_123' title='bbox 184 2250 286 2294; x_wconf 80' lang='lat' dir='ltr'><strong>&#39;ua</strong></span> <span class='ocrx_word' id='word_1_124' title='bbox 313 2238 624 2293; x_wconf 87' lang='lat' dir='ltr'><strong>fraternitas</strong></span> <span class='ocrx_word' id='word_1_125' title='bbox 668 2238 806 2301; x_wconf 88' lang='lat' dir='ltr'><strong>illos,</strong></span> <span class='ocrx_word' id='word_1_126' title='bbox 834 2244 1015 2305; x_wconf 88' lang='lat' dir='ltr'><strong>postea</strong></span> <span class='ocrx_word' id='word_1_127' title='bbox 1043 2248 1151 2302; x_wconf 88' lang='lat' dir='ltr'><strong>quo</strong></span> <span class='ocrx_word' id='word_1_128' title='bbox 1187 2228 1577 2284; x_wconf 81' lang='lat' dir='ltr'><strong>satisfacientes</strong></span> <span class='ocrx_word' id='word_1_129' title='bbox 1617 2223 1755 2277; x_wconf 76' lang='lat' dir='ltr'><strong>exie-</strong></span> 
     </span>
    </p>
   </div>
   <div class='ocr_carea' id='block_1_24' title="bbox 183 2313 1753 2395">
    <p class='ocr_par' dir='ltr' id='par_1_24' title="bbox 183 2313 1753 2395">
     <span class='ocr_line' id='line_1_24' title="bbox 183 2313 1753 2395; baseline -0.013 -12"><span class='ocrx_word' id='word_1_130' title='bbox 183 2347 205 2384; x_wconf 86' lang='grc' dir='ltr'>ι</span> <span class='ocrx_word' id='word_1_131' title='bbox 224 2332 325 2395; x_wconf 85' lang='grc' dir='ltr'><strong>ἰιιι,</strong></span> <span class='ocrx_word' id='word_1_132' title='bbox 348 2327 853 2384; x_wconf 74' lang='lat' dir='ltr'><strong>excommunicavit.</strong></span> <span class='ocrx_word' id='word_1_133' title='bbox 873 2323 1025 2390; x_wconf 84' lang='lat' dir='ltr'><strong>Quod</strong></span> <span class='ocrx_word' id='word_1_134' title='bbox 1052 2322 1096 2377; x_wconf 91' lang='lat' dir='ltr'><strong>si</strong></span> <span class='ocrx_word' id='word_1_135' title='bbox 1120 2323 1192 2375; x_wconf 91' lang='lat' dir='ltr'><strong>ita</strong></span> <span class='ocrx_word' id='word_1_136' title='bbox 1223 2328 1323 2384; x_wconf 86' lang='lat' dir='ltr'><strong>est,</strong></span> <span class='ocrx_word' id='word_1_137' title='bbox 1341 2332 1447 2371; x_wconf 91' lang='lat' dir='ltr'><strong>non</strong></span> <span class='ocrx_word' id='word_1_138' title='bbox 1472 2330 1661 2385; x_wconf 87' lang='lat' dir='ltr'><strong>parum</strong></span> <span class='ocrx_word' id='word_1_139' title='bbox 1686 2313 1753 2365; x_wconf 90' lang='lat' dir='ltr'><strong>dc</strong></span> 
     </span>
    </p>
   </div>
   <div class='ocr_carea' id='block_1_25' title="bbox 183 2413 1757 2492">
    <p class='ocr_par' dir='ltr' id='par_1_25' title="bbox 183 2413 1757 2492">
     <span class='ocr_line' id='line_1_25' title="bbox 183 2413 1757 2492; baseline -0.011 -18"><span class='ocrx_word' id='word_1_140' title='bbox 183 2421 483 2492; x_wconf 84' lang='lat' dir='ltr'><strong>prudentia</strong></span> <span class='ocrx_word' id='word_1_141' title='bbox 507 2428 598 2473; x_wconf 87' lang='lat' dir='ltr'><strong>tua</strong></span> <span class='ocrx_word' id='word_1_142' title='bbox 630 2418 911 2471; x_wconf 87' lang='lat' dir='ltr'><strong>miramur.</strong></span> <span class='ocrx_word' id='word_1_143' title='bbox 942 2414 1090 2469; x_wconf 83' lang='lat' dir='ltr'><strong>Unde</strong></span> <span class='ocrx_word' id='word_1_144' title='bbox 1109 2413 1359 2466; x_wconf 83' lang='lat' dir='ltr'><strong>volumus</strong></span> <span class='ocrx_word' id='word_1_145' title='bbox 1386 2417 1547 2474; x_wconf 88' lang='lat' dir='ltr'><strong>atque</strong></span> <span class='ocrx_word' id='word_1_146' title='bbox 1572 2420 1757 2474; x_wconf 72' lang='lat' dir='ltr'><strong>prmo:-</strong></span> 
     </span>
    </p>
   </div>
   <div class='ocr_carea' id='block_1_26' title="bbox 185 2493 1754 2594">
    <p class='ocr_par' dir='ltr' id='par_1_26' title="bbox 185 2493 1754 2594">
     <span class='ocr_line' id='line_1_26' title="bbox 185 2493 1754 2594; baseline -0.012 -30"><span class='ocrx_word' id='word_1_147' title='bbox 185 2511 379 2594; x_wconf 67' lang='lat' dir='ltr'><strong>pimus</strong></span> <span class='ocrx_word' id='word_1_148' title='bbox 421 2517 478 2562; x_wconf 88' lang='lat' dir='ltr'><strong>ut</strong></span> <span class='ocrx_word' id='word_1_149' title='bbox 504 2516 612 2561; x_wconf 87' lang='lat' dir='ltr'><strong>tam</strong></span> <span class='ocrx_word' id='word_1_150' title='bbox 652 2506 771 2559; x_wconf 91' lang='lat' dir='ltr'><strong>illos</strong></span> <span class='ocrx_word' id='word_1_151' title='bbox 805 2505 873 2559; x_wconf 88' lang='lat' dir='ltr'><strong>ab</strong></span> <span class='ocrx_word' id='word_1_152' title='bbox 923 2497 1498 2565; x_wconf 76' lang='lat' dir='ltr'><strong>excommunicationis</strong></span> <span class='ocrx_word' id='word_1_153' title='bbox 1536 2493 1754 2547; x_wconf 88' lang='lat' dir='ltr'><strong>vinculo</strong></span> 
     </span>
    </p>
   </div>
   <div class='ocr_carea' id='block_1_27' title="bbox 184 2584 1752 2668">
    <p class='ocr_par' dir='ltr' id='par_1_27' title="bbox 184 2584 1752 2668">
     <span class='ocr_line' id='line_1_27' title="bbox 184 2584 1752 2668; baseline -0.012 -14"><span class='ocrx_word' id='word_1_154' title='bbox 184 2584 379 2654; x_wconf 69' lang='lat' dir='ltr'><strong>solvas</strong></span> <span class='ocrx_word' id='word_1_155' title='bbox 398 2612 560 2668; x_wconf 90' lang='lat' dir='ltr'><strong>quam</strong></span> <span class='ocrx_word' id='word_1_156' title='bbox 591 2604 646 2650; x_wconf 92' lang='lat' dir='ltr'><strong>et</strong></span> <span class='ocrx_word' id='word_1_157' title='bbox 663 2595 728 2651; x_wconf 91' lang='lat' dir='ltr'><strong>de</strong></span> <span class='ocrx_word' id='word_1_158' title='bbox 753 2602 978 2659; x_wconf 66' lang='lat' dir='ltr'><strong>caetero;</strong></span> <span class='ocrx_word' id='word_1_159' title='bbox 1010 2609 1077 2648; x_wconf 90' lang='lat' dir='ltr'><strong>ne</strong></span> <span class='ocrx_word' id='word_1_160' title='bbox 1102 2602 1214 2647; x_wconf 87' lang='lat' dir='ltr'><strong>tam</strong></span> <span class='ocrx_word' id='word_1_161' title='bbox 1245 2590 1430 2645; x_wconf 83' lang='lat' dir='ltr'><strong>leviter</strong></span> <span class='ocrx_word' id='word_1_162' title='bbox 1458 2588 1513 2641; x_wconf 91' lang='lat' dir='ltr'><strong>in</strong></span> <span class='ocrx_word' id='word_1_163' title='bbox 1537 2584 1752 2653; x_wconf 86' lang='lat' dir='ltr'><strong>religio-</strong></span> 
     </span>
    </p>
   </div>
   <div class='ocr_carea' id='block_1_28' title="bbox 185 2679 1752 2753">
    <p class='ocr_par' dir='ltr' id='par_1_28' title="bbox 185 2679 1752 2753">
     <span class='ocr_line' id='line_1_28' title="bbox 185 2679 1752 2753; baseline -0.01 -12"><span class='ocrx_word' id='word_1_164' title='bbox 185 2702 285 2741; x_wconf 79' lang='lat' dir='ltr'><strong>sos</strong></span> <span class='ocrx_word' id='word_1_165' title='bbox 305 2687 453 2739; x_wconf 82' lang='lat' dir='ltr'><strong>viros</strong></span> <span class='ocrx_word' id='word_1_166' title='bbox 487 2683 792 2753; x_wconf 88' lang='lat' dir='ltr'><strong>bujusmodi</strong></span> <span class='ocrx_word' id='word_1_167' title='bbox 847 2682 1166 2745; x_wconf 89' lang='lat' dir='ltr'><strong>sententiam</strong></span> <span class='ocrx_word' id='word_1_168' title='bbox 1201 2679 1366 2743; x_wconf 81' lang='lat' dir='ltr'><strong>feras,</strong></span> <span class='ocrx_word' id='word_1_169' title='bbox 1411 2686 1752 2743; x_wconf 85' lang='lat' dir='ltr'><strong>summopere</strong></span> 
     </span>
    </p>
   </div>
   <div class='ocr_carea' id='block_1_29' title="bbox 184 2771 1753 2845">
    <p class='ocr_par' dir='ltr' id='par_1_29' title="bbox 184 2771 1753 2845">
     <span class='ocr_line' id='line_1_29' title="bbox 184 2771 1753 2845; baseline -0.008 -14"><span class='ocrx_word' id='word_1_170' title='bbox 184 2790 389 2831; x_wconf 80' lang='lat' dir='ltr'><strong>cavere</strong></span> <span class='ocrx_word' id='word_1_171' title='bbox 414 2790 691 2845; x_wconf 86' lang='lat' dir='ltr'><strong>procures.</strong></span> <span class='ocrx_word' id='word_1_172' title='bbox 723 2774 861 2841; x_wconf 85' lang='lat' dir='ltr'><strong>Quid</strong></span> <span class='ocrx_word' id='word_1_173' title='bbox 882 2783 963 2828; x_wconf 88' lang='lat' dir='ltr'><strong>est</strong></span> <span class='ocrx_word' id='word_1_174' title='bbox 989 2774 1132 2835; x_wconf 86' lang='lat' dir='ltr'><strong>enim</strong></span> <span class='ocrx_word' id='word_1_175' title='bbox 1160 2771 1306 2826; x_wconf 89' lang='lat' dir='ltr'><strong>aliud</strong></span> <span class='ocrx_word' id='word_1_176' title='bbox 1359 2784 1519 2839; x_wconf 90' lang='lat' dir='ltr'><strong>quam</strong></span> <span class='ocrx_word' id='word_1_177' title='bbox 1567 2773 1753 2822; x_wconf 88' lang='lat' dir='ltr'><strong>aucto-</strong></span> 
     </span>
    </p>
   </div>
   <div class='ocr_carea' id='block_1_30' title="bbox 185 2853 1756 2935">
    <p class='ocr_par' dir='ltr' id='par_1_30' title="bbox 185 2853 1756 2935">
     <span class='ocr_line' id='line_1_30' title="bbox 185 2853 1756 2935; baseline -0.009 -16"><span class='ocrx_word' id='word_1_178' title='bbox 185 2865 346 2919; x_wconf 75' lang='lat' dir='ltr'><strong>ritati</strong></span> <span class='ocrx_word' id='word_1_179' title='bbox 377 2865 638 2935; x_wconf 77' lang='lat' dir='ltr'><strong>derogare</strong></span> <span class='ocrx_word' id='word_1_180' title='bbox 660 2865 947 2919; x_wconf 86' lang='lat' dir='ltr'><strong>indiscrete</strong></span> <span class='ocrx_word' id='word_1_181' title='bbox 977 2864 1060 2916; x_wconf 86' lang='lat' dir='ltr'><strong>vel</strong></span> <span class='ocrx_word' id='word_1_182' title='bbox 1095 2871 1297 2916; x_wconf 87' lang='lat' dir='ltr'><strong>temere</strong></span> <span class='ocrx_word' id='word_1_183' title='bbox 1317 2861 1370 2914; x_wconf 90' lang='lat' dir='ltr'><strong>in</strong></span> <span class='ocrx_word' id='word_1_184' title='bbox 1393 2870 1636 2928; x_wconf 88' lang='lat' dir='ltr'><strong>quasque</strong></span> <span class='ocrx_word' id='word_1_185' title='bbox 1662 2853 1756 2906; x_wconf 82' lang='lat' dir='ltr'><strong>ho.</strong></span> 
     </span>
    </p>
   </div>
   <div class='ocr_carea' id='block_1_31' title="bbox 184 2941 1754 3026">
    <p class='ocr_par' dir='ltr' id='par_1_31' title="bbox 184 2941 1754 3026">
     <span class='ocr_line' id='line_1_31' title="bbox 184 2941 1754 3026; baseline -0.011 -15"><span class='ocrx_word' id='word_1_186' title='bbox 184 2963 385 3011; x_wconf 85' lang='lat' dir='ltr'><strong>nestas</strong></span> <span class='ocrx_word' id='word_1_187' title='bbox 405 2970 663 3026; x_wconf 85' lang='lat' dir='ltr'><strong>personas</strong></span> <span class='ocrx_word' id='word_1_188' title='bbox 678 2952 1013 3010; x_wconf 87' lang='lat' dir='ltr'><strong>auctoritatis</strong></span> <span class='ocrx_word' id='word_1_189' title='bbox 1033 2951 1252 3006; x_wconf 89' lang='lat' dir='ltr'><strong>licentia</strong></span> <span class='ocrx_word' id='word_1_190' title='bbox 1272 2949 1382 3004; x_wconf 78' lang='lat' dir='ltr'><strong>uti?</strong></span> <span class='ocrx_word' id='word_1_191' title='bbox 1418 2946 1573 3013; x_wconf 87' lang='lat' dir='ltr'><strong>Quod</strong></span> <span class='ocrx_word' id='word_1_192' title='bbox 1606 2951 1664 2996; x_wconf 90' lang='lat' dir='ltr'><strong>ut</strong></span> <span class='ocrx_word' id='word_1_193' title='bbox 1687 2941 1754 2995; x_wconf 90' lang='lat' dir='ltr'><strong>de</strong></span> 
     </span>
    </p>
   </div>
   <div class='ocr_carea' id='block_1_32' title="bbox 183 3031 1752 3118">
    <p class='ocr_par' dir='ltr' id='par_1_32' title="bbox 183 3031 1752 3118">
     <span class='ocr_line' id='line_1_32' title="bbox 183 3031 1752 3118; baseline -0.011 -18"><span class='ocrx_word' id='word_1_194' title='bbox 183 3045 384 3100; x_wconf 84' lang='lat' dir='ltr'><strong>futuro</strong></span> <span class='ocrx_word' id='word_1_195' title='bbox 405 3045 687 3115; x_wconf 74' lang='lat' dir='ltr'><strong>vigilanter</strong></span> <span class='ocrx_word' id='word_1_196' title='bbox 706 3042 950 3118; x_wconf 83' lang='lat' dir='ltr'><strong>attendas</strong></span> <span class='ocrx_word' id='word_1_197' title='bbox 972 3040 1307 3109; x_wconf 86' lang='lat' dir='ltr'><strong>solliciteque</strong></span> <span class='ocrx_word' id='word_1_198' title='bbox 1327 3034 1629 3107; x_wconf 85' lang='lat' dir='ltr'><strong>provideas,</strong></span> <span class='ocrx_word' id='word_1_199' title='bbox 1653 3031 1752 3084; x_wconf 86' lang='lat' dir='ltr'><strong>ite-</strong></span> 
     </span>
    </p>
   </div>
   <div class='ocr_carea' id='block_1_33' title="bbox 184 3134 1013 3205">
    <p class='ocr_par' dir='ltr' id='par_1_33' title="bbox 184 3134 1013 3205">
     <span class='ocr_line' id='line_1_33' title="bbox 184 3134 1013 3205; baseline -0.007 -15"><span class='ocrx_word' id='word_1_200' title='bbox 184 3151 323 3191; x_wconf 86' lang='lat' dir='ltr'><strong>rum</strong></span> <span class='ocrx_word' id='word_1_201' title='bbox 349 3134 651 3205; x_wconf 85' lang='lat' dir='ltr'><strong>iterumque</strong></span> <span class='ocrx_word' id='word_1_202' title='bbox 670 3146 973 3187; x_wconf 88' lang='lat' dir='ltr'><strong>monemus.</strong></span> <span class='ocrx_word' id='word_1_203' title='bbox 1006 3198 1013 3203; x_wconf 31' lang='lat'><em>.</em></span> 
     </span>
    </p>
   </div>
   <div class='ocr_carea' id='block_1_34' title="bbox 886 3239 1065 3297">
    <p class='ocr_par' dir='ltr' id='par_1_34' title="bbox 886 3239 1065 3297">
     <span class='ocr_line' id='line_1_34' title="bbox 886 3239 1065 3297; baseline -0.011 0"><span class='ocrx_word' id='word_1_204' title='bbox 886 3239 1065 3297; x_wconf 78' lang='lat' dir='ltr'>LVIII.</span> 
     </span>
    </p>
   </div>
   <div class='ocr_carea' id='block_1_35' title="bbox 187 3320 1760 3408">
    <p class='ocr_par' dir='ltr' id='par_1_35' title="bbox 187 3320 1760 3408">
     <span class='ocr_line' id='line_1_35' title="bbox 187 3320 1760 3408; baseline -0.014 -14"><span class='ocrx_word' id='word_1_205' title='bbox 187 3337 444 3408; x_wconf 75' lang='lat' dir='ltr'><strong>Gregorii</strong></span> <span class='ocrx_word' id='word_1_206' title='bbox 477 3334 589 3389; x_wconf 82' lang='lat' dir='ltr'><strong>VII</strong></span> <span class='ocrx_word' id='word_1_207' title='bbox 611 3335 854 3408; x_wconf 52' lang='grc' dir='ltr'><strong>Δεῂειοιςι</strong></span> <span class='ocrx_word' id='word_1_208' title='bbox 887 3332 1082 3408; x_wconf 39' lang='lat' dir='ltr'><strong>1190a}.</strong></span> <span class='ocrx_word' id='word_1_209' title='bbox 1114 3328 1323 3408; x_wconf 62' lang='lat' dir='ltr'><strong>Dianai:</strong></span> <span class='ocrx_word' id='word_1_210' title='bbox 1357 3322 1622 3408; x_wconf 47' lang='grc' dir='ltr'><strong>,βεςζςεὶςε</strong></span> <span class='ocrx_word' id='word_1_211' title='bbox 1648 3320 1760 3389; x_wconf 70' lang='grc' dir='ltr'><strong>ερε-</strong></span> 
     </span>
    </p>
   </div>
   <div class='ocr_carea' id='block_1_36' title="bbox 338 3392 1599 3474">
    <p class='ocr_par' dir='ltr' id='par_1_36' title="bbox 338 3392 1599 3474">
     <span class='ocr_line' id='line_1_36' title="bbox 338 3392 1599 3474; baseline -0.014 -14"><span class='ocrx_word' id='word_1_212' title='bbox 338 3420 511 3474; x_wconf 81' lang='lat' dir='ltr'><strong>scopo,</strong></span> <span class='ocrx_word' id='word_1_213' title='bbox 532 3412 580 3458; x_wconf 82' lang='lat' dir='ltr'><strong>et</strong></span> <span class='ocrx_word' id='word_1_214' title='bbox 603 3392 864 3457; x_wconf 72' lang='lat' dir='ltr'><strong>Richardo</strong></span> <span class='ocrx_word' id='word_1_215' title='bbox 877 3392 1216 3474; x_wconf 59' lang='lat' dir='ltr'><strong>minuma,</strong></span> <span class='ocrx_word' id='word_1_216' title='bbox 1243 3392 1599 3449; x_wconf 73' lang='lat' dir='ltr'><strong>cardinalibus</strong></span> 
     </span>
    </p>
   </div>
   <div class='ocr_carea' id='block_1_37' title="bbox 762 3472 1261 3559">
    <p class='ocr_par' dir='ltr' id='par_1_37' title="bbox 762 3472 1261 3559">
     <span class='ocr_line' id='line_1_37' title="bbox 762 3472 1261 3559; baseline -0.014 -15"><span class='ocrx_word' id='word_1_217' title='bbox 762 3489 955 3559; x_wconf 80' lang='lat' dir='ltr'><strong>(Anno</strong></span> <span class='ocrx_word' id='word_1_218' title='bbox 980 3472 1185 3557; x_wconf 63' lang='lat' dir='ltr'><strong>I089?)</strong></span> <span class='ocrx_word' id='word_1_219' title='bbox 1256 3556 1261 3559; x_wconf 83' lang='lat'><strong><em>_</em></strong></span> 
     </span>
    </p>
   </div>
   <div class='ocr_carea' id='block_1_38' title="bbox 340 3563 1623 3657">
    <p class='ocr_par' dir='ltr' id='par_1_38' title="bbox 340 3563 1623 3657">
     <span class='ocr_line' id='line_1_38' title="bbox 340 3563 1623 3657; baseline -0.017 -18"><span class='ocrx_word' id='word_1_220' title='bbox 340 3582 428 3657; x_wconf 80' lang='grc' dir='ltr'><strong>[Β.</strong></span> <span class='ocrx_word' id='word_1_221' title='bbox 453 3582 724 3646; x_wconf 72' lang='lat' dir='ltr'><strong>Bormum,</strong></span> <span class='ocrx_word' id='word_1_222' title='bbox 746 3577 975 3643; x_wconf 81' lang='lat' dir='ltr'><strong>Recueil,</strong></span> <span class='ocrx_word' id='word_1_223' title='bbox 998 3584 1131 3631; x_wconf 87' lang='lat' dir='ltr'><strong>tom.</strong></span> <span class='ocrx_word' id='word_1_224' title='bbox 1155 3570 1296 3637; x_wconf 78' lang='lat' dir='ltr'><strong>XIV,</strong></span> <span class='ocrx_word' id='word_1_225' title='bbox 1326 3584 1447 3639; x_wconf 79' lang='lat' dir='ltr'><strong>pag.</strong></span> <span class='ocrx_word' id='word_1_226' title='bbox 1474 3563 1623 3635; x_wconf 76' lang='lat'><strong>186.]</strong></span> 
     </span>
    </p>
   </div>
   <div class='ocr_carea' id='block_1_39' title="bbox 269 3650 1765 3740">
    <p class='ocr_par' dir='ltr' id='par_1_39' title="bbox 269 3650 1765 3740">
     <span class='ocr_line' id='line_1_39' title="bbox 269 3650 1765 3740; baseline -0.018 -9"><span class='ocrx_word' id='word_1_227' title='bbox 269 3675 577 3731; x_wconf 72' lang='lat' dir='ltr'><strong>Caesonius</strong></span> <span class='ocrx_word' id='word_1_228' title='bbox 630 3670 933 3740; x_wconf 89' lang='lat' dir='ltr'><strong>episcopus,</strong></span> <span class='ocrx_word' id='word_1_229' title='bbox 977 3678 1165 3721; x_wconf 83' lang='lat' dir='ltr'><strong>servus</strong></span> <span class='ocrx_word' id='word_1_230' title='bbox 1207 3672 1486 3717; x_wconf 83' lang='lat' dir='ltr'><strong>servorum</strong></span> <span class='ocrx_word' id='word_1_231' title='bbox 1531 3653 1646 3718; x_wconf 86' lang='lat' dir='ltr'><strong>Dei,</strong></span> <span class='ocrx_word' id='word_1_232' title='bbox 1696 3650 1765 3706; x_wconf 78' lang='lat' dir='ltr'><strong>U.‘</strong></span> 
     </span>
    </p>
   </div>
   <div class='ocr_carea' id='block_1_40' title="bbox 188 3747 1762 3833">
    <p class='ocr_par' dir='ltr' id='par_1_40' title="bbox 188 3747 1762 3833">
     <span class='ocr_line' id='line_1_40' title="bbox 188 3747 1762 3833; baseline -0.017 -10"><span class='ocrx_word' id='word_1_233' title='bbox 188 3766 385 3823; x_wconf 84' lang='lat' dir='ltr'><strong>Diensi</strong></span> <span class='ocrx_word' id='word_1_234' title='bbox 419 3763 691 3833; x_wconf 90' lang='lat' dir='ltr'><strong>episcopo,</strong></span> <span class='ocrx_word' id='word_1_235' title='bbox 716 3768 771 3816; x_wconf 91' lang='lat' dir='ltr'><strong>et</strong></span> <span class='ocrx_word' id='word_1_236' title='bbox 800 3758 864 3813; x_wconf 71' lang='lat' dir='ltr'><strong>It.</strong></span> <span class='ocrx_word' id='word_1_237' title='bbox 886 3755 1141 3814; x_wconf 88' lang='lat' dir='ltr'><strong>eardinali</strong></span> <span class='ocrx_word' id='word_1_238' title='bbox 1164 3760 1218 3808; x_wconf 91' lang='lat' dir='ltr'><strong>et</strong></span> <span class='ocrx_word' id='word_1_239' title='bbox 1241 3750 1440 3817; x_wconf 86' lang='lat' dir='ltr'><strong>abbati,</strong></span> <span class='ocrx_word' id='word_1_240' title='bbox 1468 3747 1694 3802; x_wconf 89' lang='lat' dir='ltr'><strong>salutem</strong></span> <span class='ocrx_word' id='word_1_241' title='bbox 1710 3750 1762 3797; x_wconf 89' lang='lat' dir='ltr'><strong>et</strong></span> 
     </span>
    </p>
   </div>
   <div class='ocr_carea' id='block_1_41' title="bbox 191 3849 1030 3928">
    <p class='ocr_par' dir='ltr' id='par_1_41' title="bbox 191 3849 1030 3928">
     <span class='ocr_line' id='line_1_41' title="bbox 191 3849 1030 3928; baseline -0.013 -16"><span class='ocrx_word' id='word_1_242' title='bbox 191 3854 552 3928; x_wconf 81' lang='lat' dir='ltr'><strong>apostolicam</strong></span> <span class='ocrx_word' id='word_1_243' title='bbox 584 3849 1030 3927; x_wconf 86' lang='lat' dir='ltr'><strong>benedictionem.</strong></span> 
     </span>
    </p>
   </div>
   <div class='ocr_carea' id='block_1_42' title="bbox 271 3924 1765 4012">
    <p class='ocr_par' dir='ltr' id='par_1_42' title="bbox 271 3924 1765 4012">
     <span class='ocr_line' id='line_1_42' title="bbox 271 3924 1765 4012; baseline -0.015 -15"><span class='ocrx_word' id='word_1_244' title='bbox 271 3941 540 4012; x_wconf 76' lang='lat' dir='ltr'><strong>Aquensis</strong></span> <span class='ocrx_word' id='word_1_245' title='bbox 599 3924 1010 3993; x_wconf 88' lang='lat' dir='ltr'><strong>archidiaconus</strong></span> <span class='ocrx_word' id='word_1_246' title='bbox 1055 3934 1119 3987; x_wconf 81' lang='grc' dir='ltr'><strong>Α.</strong></span> <span class='ocrx_word' id='word_1_247' title='bbox 1176 3928 1483 4002; x_wconf 78' lang='lat' dir='ltr'><strong>(Arnaldus)</strong></span> <span class='ocrx_word' id='word_1_248' title='bbox 1520 3924 1765 3996; x_wconf 88' lang='lat' dir='ltr'><strong>queritur</strong></span> 
     </span>
    </p>
   </div>
   <div class='ocr_carea' id='block_1_43' title="bbox 192 4010 1759 4101">
    <p class='ocr_par' dir='ltr' id='par_1_43' title="bbox 192 4010 1759 4101">
     <span class='ocr_line' id='line_1_43' title="bbox 192 4010 1759 4101; baseline -0.013 -18"><span class='ocrx_word' id='word_1_249' title='bbox 192 4010 355 4101; x_wconf 79' lang='lat' dir='ltr'><strong>quod</strong></span> <span class='ocrx_word' id='word_1_250' title='bbox 372 4024 807 4095; x_wconf 87' lang='lat' dir='ltr'><strong>archiepiscopus</strong></span> <span class='ocrx_word' id='word_1_251' title='bbox 830 4022 917 4075; x_wconf 85' lang='lat' dir='ltr'><strong>W.</strong></span> <span class='ocrx_word' id='word_1_252' title='bbox 952 4017 1298 4093; x_wconf 82' lang='lat' dir='ltr'><strong>(Willelmus)</strong></span> <span class='ocrx_word' id='word_1_253' title='bbox 1318 4025 1371 4070; x_wconf 91' lang='lat' dir='ltr'><strong>et</strong></span> <span class='ocrx_word' id='word_1_254' title='bbox 1392 4016 1457 4068; x_wconf 82' lang='lat' dir='ltr'><strong>A.</strong></span> <span class='ocrx_word' id='word_1_255' title='bbox 1489 4010 1759 4084; x_wconf 77' lang='lat' dir='ltr'><strong>(Amatus)</strong></span> 
     </span>
    </p>
   </div>
   <div class='ocr_carea' id='block_1_44' title="bbox 192 4098 1765 4188">
    <p class='ocr_par' dir='ltr' id='par_1_44' title="bbox 192 4098 1765 4188">
     <span class='ocr_line' id='line_1_44' title="bbox 192 4098 1765 4188; baseline -0.019 -12"><span class='ocrx_word' id='word_1_256' title='bbox 192 4120 413 4188; x_wconf 76' lang='lat' dir='ltr'><strong>legatus</strong></span> <span class='ocrx_word' id='word_1_257' title='bbox 433 4123 637 4178; x_wconf 86' lang='lat' dir='ltr'><strong>noster,</strong></span> <span class='ocrx_word' id='word_1_258' title='bbox 663 4126 762 4165; x_wconf 91' lang='lat' dir='ltr'><strong>nec</strong></span> <span class='ocrx_word' id='word_1_259' title='bbox 793 4124 901 4163; x_wconf 91' lang='lat' dir='ltr'><strong>non</strong></span> <span class='ocrx_word' id='word_1_260' title='bbox 936 4107 1222 4177; x_wconf 89' lang='lat' dir='ltr'><strong>episcopus</strong></span> <span class='ocrx_word' id='word_1_261' title='bbox 1243 4100 1575 4163; x_wconf 75' lang='lat' dir='ltr'><strong>Vasatensis,</strong></span> <span class='ocrx_word' id='word_1_262' title='bbox 1592 4098 1765 4151; x_wconf 83' lang='lat' dir='ltr'><strong>insur—</strong></span> 
     </span>
    </p>
   </div>
   <div class='ocr_carea' id='block_1_45' title="bbox 194 4185 1761 4281">
    <p class='ocr_par' dir='ltr' id='par_1_45' title="bbox 194 4185 1761 4281">
     <span class='ocr_line' id='line_1_45' title="bbox 194 4185 1761 4281; baseline -0.017 -19"><span class='ocrx_word' id='word_1_263' title='bbox 194 4214 339 4281; x_wconf 79' lang='lat' dir='ltr'><strong>gunt</strong></span> <span class='ocrx_word' id='word_1_264' title='bbox 372 4205 628 4259; x_wconf 85' lang='lat' dir='ltr'><strong>adversus</strong></span> <span class='ocrx_word' id='word_1_265' title='bbox 656 4200 937 4256; x_wconf 88' lang='lat' dir='ltr'><strong>ecclesiam</strong></span> <span class='ocrx_word' id='word_1_266' title='bbox 961 4211 1134 4262; x_wconf 87' lang='lat' dir='ltr'><strong>suam,</strong></span> <span class='ocrx_word' id='word_1_267' title='bbox 1160 4202 1213 4247; x_wconf 90' lang='lat' dir='ltr'><strong>et</strong></span> <span class='ocrx_word' id='word_1_268' title='bbox 1228 4190 1482 4247; x_wconf 88' lang='lat' dir='ltr'><strong>ecclesias</strong></span> <span class='ocrx_word' id='word_1_269' title='bbox 1502 4185 1761 4256; x_wconf 88' lang='lat' dir='ltr'><strong>quasdam</strong></span> 
     </span>
    </p>
   </div>
   <div class='ocr_carea' id='block_1_46' title="bbox 194 4273 1761 4366">
    <p class='ocr_par' dir='ltr' id='par_1_46' title="bbox 194 4273 1761 4366">
     <span class='ocr_line' id='line_1_46' title="bbox 194 4273 1761 4366; baseline -0.019 -13"><span class='ocrx_word' id='word_1_270' title='bbox 194 4296 447 4366; x_wconf 83' lang='lat' dir='ltr'><strong>ejusdem</strong></span> <span class='ocrx_word' id='word_1_271' title='bbox 476 4292 817 4363; x_wconf 87' lang='lat' dir='ltr'><strong>episcopatus</strong></span> <span class='ocrx_word' id='word_1_272' title='bbox 854 4288 937 4343; x_wconf 91' lang='lat' dir='ltr'><strong>sui</strong></span> <span class='ocrx_word' id='word_1_273' title='bbox 966 4285 1215 4340; x_wconf 85' lang='lat' dir='ltr'><strong>auferunt</strong></span> <span class='ocrx_word' id='word_1_274' title='bbox 1243 4288 1296 4335; x_wconf 90' lang='lat' dir='ltr'><strong>et</strong></span> <span class='ocrx_word' id='word_1_275' title='bbox 1330 4278 1591 4333; x_wconf 77' lang='lat' dir='ltr'><strong>violenter</strong></span> <span class='ocrx_word' id='word_1_276' title='bbox 1612 4273 1761 4326; x_wconf 83' lang='lat' dir='ltr'><strong>inva-</strong></span> 
     </span>
    </p>
   </div>
   <div class='ocr_carea' id='block_1_47' title="bbox 195 4363 1762 4450">
    <p class='ocr_par' dir='ltr' id='par_1_47' title="bbox 195 4363 1762 4450">
     <span class='ocr_line' id='line_1_47' title="bbox 195 4363 1762 4450; baseline -0.019 -9"><span class='ocrx_word' id='word_1_277' title='bbox 195 4363 358 4441; x_wconf 73' lang='lat' dir='ltr'><strong>dunt.</strong></span> <span class='ocrx_word' id='word_1_278' title='bbox 391 4382 706 4438; x_wconf 79' lang='lat' dir='ltr'><strong>Ausciensis</strong></span> <span class='ocrx_word' id='word_1_279' title='bbox 739 4392 954 4450; x_wconf 90' lang='lat' dir='ltr'><strong>quoque</strong></span> <span class='ocrx_word' id='word_1_280' title='bbox 997 4372 1432 4441; x_wconf 87' lang='lat' dir='ltr'><strong>archiepiscopus</strong></span> <span class='ocrx_word' id='word_1_281' title='bbox 1455 4374 1508 4419; x_wconf 90' lang='lat' dir='ltr'><strong>et</strong></span> <span class='ocrx_word' id='word_1_282' title='bbox 1537 4363 1762 4416; x_wconf 74' lang='lat' dir='ltr'><strong>Amatus</strong></span> 
     </span>
    </p>
   </div>
   <div class='ocr_carea' id='block_1_48' title="bbox 197 4453 1763 4545">
    <p class='ocr_par' dir='ltr' id='par_1_48' title="bbox 197 4453 1763 4545">
     <span class='ocr_line' id='line_1_48' title="bbox 197 4453 1763 4545; baseline -0.02 -15"><span class='ocrx_word' id='word_1_283' title='bbox 197 4475 491 4545; x_wconf 80' lang='lat' dir='ltr'><strong>episcopus</strong></span> <span class='ocrx_word' id='word_1_284' title='bbox 523 4470 715 4525; x_wconf 85' lang='lat' dir='ltr'><strong>litteris</strong></span> <span class='ocrx_word' id='word_1_285' title='bbox 744 4469 856 4523; x_wconf 88' lang='lat' dir='ltr'><strong>suis</strong></span> <span class='ocrx_word' id='word_1_286' title='bbox 882 4466 1035 4521; x_wconf 88' lang='lat' dir='ltr'><strong>nobis</strong></span> <span class='ocrx_word' id='word_1_287' title='bbox 1063 4460 1433 4533; x_wconf 83' lang='lat' dir='ltr'><strong>signiﬁcavere</strong></span> <span class='ocrx_word' id='word_1_288' title='bbox 1458 4455 1525 4508; x_wconf 88' lang='lat' dir='ltr'><strong>ab</strong></span> <span class='ocrx_word' id='word_1_289' title='bbox 1547 4453 1763 4520; x_wconf 76' lang='lat' dir='ltr'><strong>Aquon-</strong></span> 
     </span>
    </p>
   </div>
   <div class='ocr_carea' id='block_1_49' title="bbox 197 4539 1764 4623">
    <p class='ocr_par' dir='ltr' id='par_1_49' title="bbox 197 4539 1764 4623">
     <span class='ocr_line' id='line_1_49' title="bbox 197 4539 1764 4623; baseline -0.019 -4"><span class='ocrx_word' id='word_1_290' title='bbox 197 4564 356 4619; x_wconf 80' lang='lat' dir='ltr'><strong>sibus</strong></span> <span class='ocrx_word' id='word_1_291' title='bbox 379 4561 596 4615; x_wconf 88' lang='lat' dir='ltr'><strong>easdem</strong></span> <span class='ocrx_word' id='word_1_292' title='bbox 624 4557 879 4612; x_wconf 87' lang='lat' dir='ltr'><strong>ecclesias</strong></span> <span class='ocrx_word' id='word_1_293' title='bbox 915 4550 1227 4623; x_wconf 87' lang='lat' dir='ltr'><strong>proprietati</strong></span> <span class='ocrx_word' id='word_1_294' title='bbox 1280 4544 1555 4601; x_wconf 88' lang='lat' dir='ltr'><strong>Olorensis</strong></span> <span class='ocrx_word' id='word_1_295' title='bbox 1593 4539 1764 4593; x_wconf 86' lang='lat' dir='ltr'><strong>eccle-</strong></span> 
     </span>
    </p>
   </div>
   <div class='ocr_carea' id='block_1_50' title="bbox 196 4624 1801 4714">
    <p class='ocr_par' dir='ltr' id='par_1_50' title="bbox 196 4624 1801 4714">
     <span class='ocr_line' id='line_1_50' title="bbox 196 4624 1801 4714; baseline -0.017 -11"><span class='ocrx_word' id='word_1_296' title='bbox 196 4649 302 4704; x_wconf 72' lang='lat' dir='ltr'><strong>size</strong></span> <span class='ocrx_word' id='word_1_297' title='bbox 328 4648 398 4701; x_wconf 87' lang='lat' dir='ltr'><strong>ab</strong></span> <span class='ocrx_word' id='word_1_298' title='bbox 426 4646 648 4714; x_wconf 86' lang='lat' dir='ltr'><strong>antiquo</strong></span> <span class='ocrx_word' id='word_1_299' title='bbox 677 4653 914 4711; x_wconf 88' lang='lat' dir='ltr'><strong>tempore</strong></span> <span class='ocrx_word' id='word_1_300' title='bbox 932 4637 1276 4708; x_wconf 86' lang='lat' dir='ltr'><strong>pertinuisse.</strong></span> <span class='ocrx_word' id='word_1_301' title='bbox 1323 4631 1475 4686; x_wconf 87' lang='lat' dir='ltr'><strong>Unde</strong></span> <span class='ocrx_word' id='word_1_302' title='bbox 1516 4624 1766 4682; x_wconf 85' lang='lat' dir='ltr'><strong>fraterni-</strong></span> <span class='ocrx_word' id='word_1_303' title='bbox 1795 4653 1801 4659; x_wconf 87' lang='lat'><strong>-</strong></span> 
     </span>
    </p>
   </div>
   <div class='ocr_carea' id='block_1_51' title="bbox 198 4713 1763 4801">
    <p class='ocr_par' dir='ltr' id='par_1_51' title="bbox 198 4713 1763 4801">
     <span class='ocr_line' id='line_1_51' title="bbox 198 4713 1763 4801; baseline -0.02 -7"><span class='ocrx_word' id='word_1_304' title='bbox 198 4738 305 4793; x_wconf 79' lang='lat' dir='ltr'><strong>tati</strong></span> <span class='ocrx_word' id='word_1_305' title='bbox 351 4713 904 4801; x_wconf 74' lang='lat' dir='ltr'><strong>vestraainjungimus</strong></span> <span class='ocrx_word' id='word_1_306' title='bbox 946 4735 1032 4790; x_wconf 92' lang='lat' dir='ltr'><strong>ut,</strong></span> <span class='ocrx_word' id='word_1_307' title='bbox 1090 4726 1135 4778; x_wconf 88' lang='lat' dir='ltr'><strong>si</strong></span> <span class='ocrx_word' id='word_1_308' title='bbox 1187 4720 1435 4792; x_wconf 90' lang='lat' dir='ltr'><strong>potestis,</strong></span> <span class='ocrx_word' id='word_1_309' title='bbox 1459 4716 1639 4778; x_wconf 88' lang='lat' dir='ltr'><strong>ambo,</strong></span> <span class='ocrx_word' id='word_1_310' title='bbox 1678 4713 1763 4766; x_wconf 89' lang='lat' dir='ltr'><strong>sin</strong></span> 
     </span>
    </p>
   </div>
   <div class='ocr_carea' id='block_1_52' title="bbox 200 4803 1762 4887">
    <p class='ocr_par' dir='ltr' id='par_1_52' title="bbox 200 4803 1762 4887">
     <span class='ocr_line' id='line_1_52' title="bbox 200 4803 1762 4887; baseline -0.017 -5"><span class='ocrx_word' id='word_1_311' title='bbox 200 4834 387 4883; x_wconf 83' lang='lat' dir='ltr'><strong>autem</strong></span> <span class='ocrx_word' id='word_1_312' title='bbox 439 4838 579 4877; x_wconf 90' lang='lat' dir='ltr'><strong>unus</strong></span> <span class='ocrx_word' id='word_1_313' title='bbox 608 4820 663 4874; x_wconf 89' lang='lat' dir='ltr'><strong>in</strong></span> <span class='ocrx_word' id='word_1_314' title='bbox 698 4818 1018 4887; x_wconf 89' lang='lat' dir='ltr'><strong>competenti</strong></span> <span class='ocrx_word' id='word_1_315' title='bbox 1073 4816 1191 4869; x_wconf 91' lang='lat' dir='ltr'><strong>loco</strong></span> <span class='ocrx_word' id='word_1_316' title='bbox 1244 4824 1432 4865; x_wconf 90' lang='lat' dir='ltr'><strong>eorum</strong></span> <span class='ocrx_word' id='word_1_317' title='bbox 1488 4803 1762 4878; x_wconf 80' lang='lat' dir='ltr'><strong>negotium</strong></span> 
     </span>
    </p>
   </div>
   <div class='ocr_carea' id='block_1_53' title="bbox 198 4891 1765 4980">
    <p class='ocr_par' dir='ltr' id='par_1_53' title="bbox 198 4891 1765 4980">
     <span class='ocr_line' id='line_1_53' title="bbox 198 4891 1765 4980; baseline -0.017 -10"><span class='ocrx_word' id='word_1_318' title='bbox 198 4913 410 4978; x_wconf 79' lang='lat' dir='ltr'><strong>audiat,</strong></span> <span class='ocrx_word' id='word_1_319' title='bbox 441 4917 621 4980; x_wconf 82' lang='lat' dir='ltr'><strong>atque,</strong></span> <span class='ocrx_word' id='word_1_320' title='bbox 655 4905 930 4962; x_wconf 87' lang='lat' dir='ltr'><strong>canonicis</strong></span> <span class='ocrx_word' id='word_1_321' title='bbox 959 4901 1259 4958; x_wconf 88' lang='lat' dir='ltr'><strong>rationibus</strong></span> <span class='ocrx_word' id='word_1_322' title='bbox 1282 4898 1562 4968; x_wconf 79' lang='lat' dir='ltr'><strong>diligenter</strong></span> <span class='ocrx_word' id='word_1_323' title='bbox 1591 4891 1765 4947; x_wconf 89' lang='lat' dir='ltr'><strong>utrin-</strong></span> 
     </span>
    </p>
   </div>
   <div class='ocr_carea' id='block_1_54' title="bbox 199 4985 1762 5075">
    <p class='ocr_par' dir='ltr' id='par_1_54' title="bbox 199 4985 1762 5075">
     <span class='ocr_line' id='line_1_54' title="bbox 199 4985 1762 5075; baseline -0.017 -16"><span class='ocrx_word' id='word_1_324' title='bbox 199 5018 315 5075; x_wconf 85' lang='lat' dir='ltr'><strong>que</strong></span> <span class='ocrx_word' id='word_1_325' title='bbox 344 4995 716 5074; x_wconf 85' lang='lat' dir='ltr'><strong>perscrutatis,</strong></span> <span class='ocrx_word' id='word_1_326' title='bbox 748 4994 858 5048; x_wconf 91' lang='lat' dir='ltr'><strong>Deo</strong></span> <span class='ocrx_word' id='word_1_327' title='bbox 904 4994 1198 5063; x_wconf 83' lang='lat' dir='ltr'><strong>placentem</strong></span> <span class='ocrx_word' id='word_1_328' title='bbox 1250 4999 1305 5045; x_wconf 90' lang='lat' dir='ltr'><strong>et</strong></span> <span class='ocrx_word' id='word_1_329' title='bbox 1351 4985 1575 5058; x_wconf 69' lang='lat' dir='ltr'><strong>iustitia:</strong></span> <span class='ocrx_word' id='word_1_330' title='bbox 1630 4998 1762 5039; x_wconf 80' lang='lat' dir='ltr'><strong>con-</strong></span> 
     </span>
    </p>
   </div>
   <div class='ocr_carea' id='block_1_55' title="bbox 202 5086 1023 5213">
    <p class='ocr_par' dir='ltr' id='par_1_55' title="bbox 202 5086 1023 5213">
     <span class='ocr_line' id='line_1_55' title="bbox 202 5086 1023 5213; baseline -0.019 -65"><span class='ocrx_word' id='word_1_331' title='bbox 202 5108 404 5164; x_wconf 81' lang='lat' dir='ltr'><strong>gruum</strong></span> <span class='ocrx_word' id='word_1_332' title='bbox 433 5090 597 5145; x_wconf 84' lang='lat' dir='ltr'><strong>ﬁnem</strong></span> <span class='ocrx_word' id='word_1_333' title='bbox 619 5086 879 5155; x_wconf 86' lang='lat' dir='ltr'><strong>imponat.</strong></span> <span class='ocrx_word' id='word_1_334' title='bbox 913 5156 1023 5213; x_wconf 55' lang='lat' dir='ltr'><strong>LK</strong></span> 
     </span>
    </p>
   </div>
   <div class='ocr_carea' id='block_1_56' title="bbox 206 5239 1799 5365">
    <p class='ocr_par' dir='ltr' id='par_1_56' title="bbox 206 5239 1799 5365">
     <span class='ocr_line' id='line_1_56' title="bbox 206 5239 1799 5365; baseline -0.016 -53"><span class='ocrx_word' id='word_1_335' title='bbox 206 5256 449 5338; x_wconf 68' lang='lat' dir='ltr'><strong>Gregorii</strong></span> <span class='ocrx_word' id='word_1_336' title='bbox 485 5253 597 5309; x_wconf 83' lang='lat' dir='ltr'><strong>VII</strong></span> <span class='ocrx_word' id='word_1_337' title='bbox 624 5250 845 5334; x_wconf 65' lang='lat' dir='ltr'><strong>epistola</strong></span> <span class='ocrx_word' id='word_1_338' title='bbox 873 5248 942 5302; x_wconf 82' lang='lat' dir='ltr'><strong>ad</strong></span> <span class='ocrx_word' id='word_1_339' title='bbox 986 5246 1207 5310; x_wconf 81' lang='lat' dir='ltr'><strong>clerum,</strong></span> <span class='ocrx_word' id='word_1_340' title='bbox 1239 5242 1570 5365; x_wconf 39' lang='grc' dir='ltr'><strong>,νικήσαντι</strong></span> <span class='ocrx_word' id='word_1_341' title='bbox 1622 5239 1761 5291; x_wconf 78' lang='lat' dir='ltr'><strong>uice-</strong></span> <span class='ocrx_word' id='word_1_342' title='bbox 1796 5314 1799 5317; x_wconf 14' lang='grc' dir='ltr'>ν</span> 
     </span>
     <span class='ocr_line' id='line_1_57' title="bbox 311 5311 1657 5365; baseline -0.005 0"><span class='ocrx_word' id='word_1_343' title='bbox 311 5333 557 5365; x_wconf 66' lang='lat' dir='ltr'><strong>mnuum</strong></span> <span class='ocrx_word' id='word_1_344' title='bbox 574 5333 625 5365; x_wconf 67' lang='grc' dir='ltr'><em>ιι</em></span> <span class='ocrx_word' id='word_1_345' title='bbox 653 5334 944 5365; x_wconf 69' lang='grc' dir='ltr'><strong>ωιικρηηηι</strong></span> <span class='ocrx_word' id='word_1_346' title='bbox 972 5313 1215 5365; x_wconf 82' lang='lat' dir='ltr'><strong>nonulum</strong></span> <span class='ocrx_word' id='word_1_347' title='bbox 1302 5311 1657 5363; x_wconf 77' lang='lat' dir='ltr'><strong>arboncmem.</strong></span> 
     </span>
    </p>
   </div>
   <div class='ocr_carea' id='block_1_57' title="bbox 311 5311 1657 5386">
    <p class='ocr_par' dir='ltr' id='par_1_57' title="bbox 311 5311 1657 5386">
     <span class='ocr_line' id='line_1_58' title="bbox 311 5311 1657 5386; baseline -0.016 -6"><span class='ocrx_word' id='word_1_348' title='bbox 311 5311 557 5378; x_wconf 58' lang='lat' dir='ltr'><strong>Zomitem</strong></span> <span class='ocrx_word' id='word_1_349' title='bbox 574 5333 625 5377; x_wconf 81' lang='lat' dir='ltr'><strong>et</strong></span> <span class='ocrx_word' id='word_1_350' title='bbox 652 5311 944 5375; x_wconf 62' lang='lat' dir='ltr'><strong>universum</strong></span> <span class='ocrx_word' id='word_1_351' title='bbox 970 5313 1215 5386; x_wconf 79' lang='lat' dir='ltr'><strong>populum</strong></span> <span class='ocrx_word' id='word_1_352' title='bbox 1247 5311 1657 5365; x_wconf 69' lang='lat' dir='ltr'><strong>Narbonensem.</strong></span> 
     </span>
    </p>
   </div>
   <div class='ocr_carea' id='block_1_58' title="bbox 796 5402 1285 5480">
    <p class='ocr_par' dir='ltr' id='par_1_58' title="bbox 796 5402 1285 5480">
     <span class='ocr_line' id='line_1_59' title="bbox 796 5402 1285 5480; baseline -0.018 -17"><span class='ocrx_word' id='word_1_353' title='bbox 796 5410 972 5480; x_wconf 79' lang='lat' dir='ltr'><strong>(Attno</strong></span> <span class='ocrx_word' id='word_1_354' title='bbox 1004 5402 1181 5471; x_wconf 70' lang='lat'><strong>1082.)</strong></span> <span class='ocrx_word' id='word_1_355' title='bbox 1282 5474 1285 5475; x_wconf 14' lang='grc' dir='ltr'><em>ν</em></span> 
     </span>
    </p>
   </div>
   <div class='ocr_carea' id='block_1_59' title="bbox 204 5480 1767 5580">
    <p class='ocr_par' dir='ltr' id='par_1_59' title="bbox 204 5480 1767 5580">
     <span class='ocr_line' id='line_1_60' title="bbox 204 5480 1767 5580; baseline -0.018 -18"><span class='ocrx_word' id='word_1_356' title='bbox 204 5505 437 5580; x_wconf 68' lang='grc' dir='ltr'><strong>[ελ-πει,</strong></span> <span class='ocrx_word' id='word_1_357' title='bbox 466 5498 743 5554; x_wconf 64' lang='grc' dir='ltr'><strong>Μάθῃσιν-ει</strong></span> <span class='ocrx_word' id='word_1_358' title='bbox 767 5497 1022 5552; x_wconf 78' lang='lat' dir='ltr'><strong>del‘ﬂist.</strong></span> <span class='ocrx_word' id='word_1_359' title='bbox 1051 5495 1122 5547; x_wconf 82' lang='lat' dir='ltr'><strong>du</strong></span> <span class='ocrx_word' id='word_1_360' title='bbox 1136 5488 1463 5561; x_wconf 81' lang='lat' dir='ltr'><strong>Languedoc,</strong></span> <span class='ocrx_word' id='word_1_361' title='bbox 1479 5501 1598 5556; x_wconf 85' lang='lat' dir='ltr'><strong>pag.</strong></span> <span class='ocrx_word' id='word_1_362' title='bbox 1619 5480 1767 5550; x_wconf 73' lang='lat'><strong>782.]</strong></span> 
     </span>
    </p>
   </div>
   <div class='ocr_carea' id='block_1_60' title="bbox 278 5574 1766 5655">
    <p class='ocr_par' dir='ltr' id='par_1_60' title="bbox 278 5574 1766 5655">
     <span class='ocr_line' id='line_1_61' title="bbox 278 5574 1766 5655; baseline -0.016 -7"><span class='ocrx_word' id='word_1_363' title='bbox 278 5591 590 5648; x_wconf 70' lang='lat' dir='ltr'><strong>(insecutus</strong></span> <span class='ocrx_word' id='word_1_364' title='bbox 610 5584 912 5655; x_wconf 86' lang='lat' dir='ltr'><strong>episcoous,</strong></span> <span class='ocrx_word' id='word_1_365' title='bbox 943 5598 1131 5640; x_wconf 82' lang='lat' dir='ltr'><strong>servus</strong></span> <span class='ocrx_word' id='word_1_366' title='bbox 1157 5593 1434 5636; x_wconf 86' lang='lat' dir='ltr'><strong>servorum</strong></span> <span class='ocrx_word' id='word_1_367' title='bbox 1461 5574 1575 5639; x_wconf 86' lang='lat' dir='ltr'><strong>Dei,</strong></span> <span class='ocrx_word' id='word_1_368' title='bbox 1600 5574 1766 5635; x_wconf 84' lang='lat' dir='ltr'><strong>clero,</strong></span> 
     </span>
    </p>
   </div>
   <div class='ocr_carea' id='block_1_61' title="bbox 279 5657 2979 5765">
    <p class='ocr_par' dir='ltr' id='par_1_61' title="bbox 279 5657 2979 5765">
     <span class='ocr_line' id='line_1_62' title="bbox 279 5657 2979 5765; baseline -0.017 -6"><span class='ocrx_word' id='word_1_369' title='bbox 279 5700 431 5765; x_wconf 77' lang='lat' dir='ltr'><strong>(H6)</strong></span> <span class='ocrx_word' id='word_1_370' title='bbox 464 5696 602 5752; x_wconf 80' lang='lat' dir='ltr'><strong>Vide</strong></span> <span class='ocrx_word' id='word_1_371' title='bbox 652 5694 809 5765; x_wconf 82' lang='lat' dir='ltr'><strong>Greg.</strong></span> <span class='ocrx_word' id='word_1_372' title='bbox 841 5695 1073 5765; x_wconf 54' lang='lat' dir='ltr'><strong>VIILlib,</strong></span> <span class='ocrx_word' id='word_1_373' title='bbox 1112 5713 1186 5759; x_wconf 79' lang='lat' dir='ltr'><strong>rx,</strong></span> <span class='ocrx_word' id='word_1_374' title='bbox 1213 5710 1330 5763; x_wconf 87' lang='lat' dir='ltr'><strong>cap.</strong></span> <span class='ocrx_word' id='word_1_375' title='bbox 1354 5693 1441 5745; x_wconf 71' lang='lat'><strong>29.</strong></span> <span class='ocrx_word' id='word_1_376' title='bbox 1647 5689 1807 5743; x_wconf 85' lang='lat' dir='ltr'><strong>etiam</strong></span> <span class='ocrx_word' id='word_1_377' title='bbox 1843 5682 2135 5741; x_wconf 68' lang='lat' dir='ltr'><strong>Castellum</strong></span> <span class='ocrx_word' id='word_1_378' title='bbox 2172 5657 2226 5731; x_wconf 85' lang='lat' dir='ltr'><strong>in</strong></span> <span class='ocrx_word' id='word_1_379' title='bbox 2261 5675 2529 5731; x_wconf 76' lang='lat' dir='ltr'><strong>Mcmoriis</strong></span> <span class='ocrx_word' id='word_1_380' title='bbox 2560 5671 2696 5725; x_wconf 59' lang='lat' dir='ltr'><strong>Ilist.</strong></span> <span class='ocrx_word' id='word_1_381' title='bbox 2738 5662 2912 5720; x_wconf 86' lang='lat' dir='ltr'><strong>Occis.</strong></span> <span class='ocrx_word' id='word_1_382' title='bbox 2950 5676 2979 5726; x_wconf 75' lang='grc' dir='ltr'>ιι</span> 
     </span>
    </p>
   </div>
   <div class='ocr_carea' id='block_1_62' title="bbox 202 5760 1589 5835">
    <p class='ocr_par' dir='ltr' id='par_1_62' title="bbox 202 5760 1589 5835">
     <span class='ocr_line' id='line_1_63' title="bbox 202 5760 1589 5835; baseline -0.018 0"><span class='ocrx_word' id='word_1_383' title='bbox 202 5787 255 5835; x_wconf 80' lang='lat' dir='ltr'><strong>et</strong></span> <span class='ocrx_word' id='word_1_384' title='bbox 283 5760 343 5831; x_wconf 85' lang='lat' dir='ltr'><strong>in</strong></span> <span class='ocrx_word' id='word_1_385' title='bbox 369 5760 625 5826; x_wconf 76' lang='lat' dir='ltr'><strong>Historia:</strong></span> <span class='ocrx_word' id='word_1_386' title='bbox 654 5760 910 5819; x_wconf 75' lang='lat' dir='ltr'><strong>comitum</strong></span> <span class='ocrx_word' id='word_1_387' title='bbox 940 5760 1293 5829; x_wconf 57' lang='lat' dir='ltr'><strong>Tolosanum,</strong></span> <span class='ocrx_word' id='word_1_388' title='bbox 1322 5777 1441 5833; x_wconf 85' lang='lat' dir='ltr'><strong>pag.</strong></span> <span class='ocrx_word' id='word_1_389' title='bbox 1473 5760 1589 5814; x_wconf 73' lang='lat'><strong>19.6.</strong></span> 
     </span>
    </p>
   </div>
   <div class='ocr_carea' id='block_1_63' title="bbox 1858 656 2105 709">
    <p class='ocr_par' dir='ltr' id='par_1_63' title="bbox 1858 656 2105 709">
     <span class='ocr_line' id='line_1_64' title="bbox 1858 656 2105 709; baseline -0.004 -1"><span class='ocrx_word' id='word_1_390' title='bbox 1858 656 2105 709; x_wconf 74' lang='lat' dir='ltr'><strong>boni-nsi.</strong></span> 
     </span>
    </p>
   </div>
   <div class='ocr_carea' id='block_1_64' title="bbox 1928 731 3418 812">
    <p class='ocr_par' dir='ltr' id='par_1_64' title="bbox 1928 731 3418 812">
     <span class='ocr_line' id='line_1_65' title="bbox 1928 731 3418 812; baseline -0.007 -17"><span class='ocrx_word' id='word_1_391' title='bbox 1928 744 2288 812; x_wconf 75' lang='lat' dir='ltr'><strong>Apostolicam</strong></span> <span class='ocrx_word' id='word_1_392' title='bbox 2324 738 2750 794; x_wconf 74' lang='lat' dir='ltr'><strong>benedictionem</strong></span> <span class='ocrx_word' id='word_1_393' title='bbox 2782 735 3005 788; x_wconf 78' lang='lat' dir='ltr'><strong>libenter</strong></span> <span class='ocrx_word' id='word_1_394' title='bbox 3040 731 3418 785; x_wconf 89' lang='lat' dir='ltr'><strong>mandaremus</strong></span> 
     </span>
    </p>
   </div>
   <div class='ocr_carea' id='block_1_65' title="bbox 1858 820 3419 902">
    <p class='ocr_par' dir='ltr' id='par_1_65' title="bbox 1858 820 3419 902">
     <span class='ocr_line' id='line_1_66' title="bbox 1858 820 3419 902; baseline -0.01 -13"><span class='ocrx_word' id='word_1_395' title='bbox 1858 835 1902 889; x_wconf 85' lang='lat' dir='ltr'><strong>si</strong></span> <span class='ocrx_word' id='word_1_396' title='bbox 1933 830 1983 888; x_wconf 86' lang='lat' dir='ltr'><strong>in</strong></span> <span class='ocrx_word' id='word_1_397' title='bbox 2023 835 2329 902; x_wconf 70' lang='lat' dir='ltr'><strong>apostolica:</strong></span> <span class='ocrx_word' id='word_1_398' title='bbox 2375 830 2518 883; x_wconf 79' lang='lat' dir='ltr'><strong>sedis</strong></span> <span class='ocrx_word' id='word_1_399' title='bbox 2574 836 2782 881; x_wconf 82' lang='lat' dir='ltr'><strong>reatum</strong></span> <span class='ocrx_word' id='word_1_400' title='bbox 2828 820 3119 877; x_wconf 80' lang='lat' dir='ltr'><strong>incurrisse</strong></span> <span class='ocrx_word' id='word_1_401' title='bbox 3174 838 3268 875; x_wconf 88' lang='lat' dir='ltr'><strong>vos</strong></span> <span class='ocrx_word' id='word_1_402' title='bbox 3312 838 3419 874; x_wconf 61' lang='lat' dir='ltr'><strong>non</strong></span> 
     </span>
    </p>
   </div>
   <div class='ocr_carea' id='block_1_66' title="bbox 1858 912 3420 995">
    <p class='ocr_par' dir='ltr' id='par_1_66' title="bbox 1858 912 3420 995">
     <span class='ocr_line' id='line_1_67' title="bbox 1858 912 3420 995; baseline -0.01 -16"><span class='ocrx_word' id='word_1_403' title='bbox 1858 941 2337 995; x_wconf 73' lang='lat' dir='ltr'><strong>cognosceremus;</strong></span> <span class='ocrx_word' id='word_1_404' title='bbox 2366 936 2552 975; x_wconf 87' lang='lat' dir='ltr'><strong>verum</strong></span> <span class='ocrx_word' id='word_1_405' title='bbox 2592 920 2681 972; x_wconf 92' lang='lat' dir='ltr'><strong>ubi</strong></span> <span class='ocrx_word' id='word_1_406' title='bbox 2709 917 2983 995; x_wconf 35' lang='lat' dir='ltr'><strong>ali-eadem</strong></span> <span class='ocrx_word' id='word_1_407' title='bbox 3008 931 3103 967; x_wconf 85' lang='lat' dir='ltr'><strong>vos</strong></span> <span class='ocrx_word' id='word_1_408' title='bbox 3129 912 3420 981; x_wconf 73' lang='lat' dir='ltr'><strong>resipuisse</strong></span> 
     </span>
    </p>
   </div>
   <div class='ocr_carea' id='block_1_67' title="bbox 1857 1004 3419 1079">
    <p class='ocr_par' dir='ltr' id='par_1_67' title="bbox 1857 1004 3419 1079">
     <span class='ocr_line' id='line_1_68' title="bbox 1857 1004 3419 1079; baseline -0.01 -10"><span class='ocrx_word' id='word_1_409' title='bbox 1857 1014 2414 1069; x_wconf 75' lang='lat' dir='ltr'><strong>excommunicatione</strong></span> <span class='ocrx_word' id='word_1_410' title='bbox 2445 1009 2857 1079; x_wconf 87' lang='lat' dir='ltr'><strong>cognoverimus</strong></span> <span class='ocrx_word' id='word_1_411' title='bbox 2894 1017 2947 1060; x_wconf 85' lang='lat' dir='ltr'><strong>et</strong></span> <span class='ocrx_word' id='word_1_412' title='bbox 2992 1004 3419 1071; x_wconf 71' lang='lat' dir='ltr'><strong>archiepiscopu-</strong></span> 
     </span>
    </p>
   </div>
   <div class='ocr_carea' id='block_1_68' title="bbox 1856 1092 3417 1156">
    <p class='ocr_par' dir='ltr' id='par_1_68' title="bbox 1856 1092 3417 1156">
     <span class='ocr_line' id='line_1_69' title="bbox 1856 1092 3417 1156; baseline -0.01 0"><span class='ocrx_word' id='word_1_413' title='bbox 1856 1104 1959 1156; x_wconf 85' lang='lat' dir='ltr'><strong>lem</strong></span> <span class='ocrx_word' id='word_1_414' title='bbox 1996 1102 2140 1156; x_wconf 85' lang='lat' dir='ltr'><strong>Patri</strong></span> <span class='ocrx_word' id='word_1_415' title='bbox 2181 1111 2360 1155; x_wconf 80' lang='lat' dir='ltr'><strong>vestro</strong></span> <span class='ocrx_word' id='word_1_416' title='bbox 2406 1099 2671 1152; x_wconf 85' lang='lat' dir='ltr'><strong>Dalmatio</strong></span> <span class='ocrx_word' id='word_1_417' title='bbox 2729 1097 3086 1149; x_wconf 85' lang='lat' dir='ltr'><strong>obedientiam</strong></span> <span class='ocrx_word' id='word_1_418' title='bbox 3146 1092 3417 1152; x_wconf 71' lang='lat' dir='ltr'><strong>exhibere,</strong></span> 
     </span>
    </p>
   </div>
   <div class='ocr_carea' id='block_1_69' title="bbox 1857 1179 3423 1244">
    <p class='ocr_par' dir='ltr' id='par_1_69' title="bbox 1857 1179 3423 1244">
     <span class='ocr_line' id='line_1_70' title="bbox 1857 1179 3423 1244; baseline -0.01 0"><span class='ocrx_word' id='word_1_419' title='bbox 1857 1191 2281 1244; x_wconf 75' lang='lat' dir='ltr'><strong>benedictionem</strong></span> <span class='ocrx_word' id='word_1_420' title='bbox 2313 1189 2450 1241; x_wconf 88' lang='lat' dir='ltr'><strong>hcati</strong></span> <span class='ocrx_word' id='word_1_421' title='bbox 2482 1186 2621 1239; x_wconf 75' lang='lat' dir='ltr'><strong>Petri</strong></span> <span class='ocrx_word' id='word_1_422' title='bbox 2647 1185 3043 1239; x_wconf 86' lang='lat' dir='ltr'><strong>mandabimus.</strong></span> <span class='ocrx_word' id='word_1_423' title='bbox 3079 1183 3229 1235; x_wconf 73' lang='lat' dir='ltr'><strong>Sient</strong></span> <span class='ocrx_word' id='word_1_424' title='bbox 3272 1179 3423 1231; x_wconf 85' lang='lat' dir='ltr'><strong>novit</strong></span> 
     </span>
    </p>
   </div>
   <div class='ocr_carea' id='block_1_70' title="bbox 1857 1270 3418 1349">
    <p class='ocr_par' dir='ltr' id='par_1_70' title="bbox 1857 1270 3418 1349">
     <span class='ocr_line' id='line_1_71' title="bbox 1857 1270 3418 1349; baseline -0.006 -18"><span class='ocrx_word' id='word_1_425' title='bbox 1857 1280 2135 1349; x_wconf 82' lang='lat' dir='ltr'><strong>prudentia</strong></span> <span class='ocrx_word' id='word_1_426' title='bbox 2168 1288 2364 1341; x_wconf 82' lang='lat' dir='ltr'><strong>vestra,</strong></span> <span class='ocrx_word' id='word_1_427' title='bbox 2395 1278 2648 1330; x_wconf 86' lang='lat' dir='ltr'><strong>inimicus</strong></span> <span class='ocrx_word' id='word_1_428' title='bbox 2692 1275 2914 1328; x_wconf 83' lang='lat' dir='ltr'><strong>humani</strong></span> <span class='ocrx_word' id='word_1_429' title='bbox 2970 1273 3183 1343; x_wconf 78' lang='lat' dir='ltr'><strong>generis</strong></span> <span class='ocrx_word' id='word_1_430' title='bbox 3234 1270 3418 1323; x_wconf 82' lang='lat' dir='ltr'><strong>Eccle-</strong></span> 
     </span>
    </p>
   </div>
   <div class='ocr_carea' id='block_1_71' title="bbox 1857 1360 3419 1432">
    <p class='ocr_par' dir='ltr' id='par_1_71' title="bbox 1857 1360 3419 1432">
     <span class='ocr_line' id='line_1_72' title="bbox 1857 1360 3419 1432; baseline -0.008 -9"><span class='ocrx_word' id='word_1_431' title='bbox 1857 1371 1991 1423; x_wconf 83' lang='lat' dir='ltr'><strong>sium</strong></span> <span class='ocrx_word' id='word_1_432' title='bbox 2024 1379 2256 1423; x_wconf 78' lang='lat' dir='ltr'><strong>vestram</strong></span> <span class='ocrx_word' id='word_1_433' title='bbox 2285 1368 2440 1421; x_wconf 90' lang='lat' dir='ltr'><strong>malis</strong></span> <span class='ocrx_word' id='word_1_434' title='bbox 2466 1376 2519 1419; x_wconf 93' lang='lat' dir='ltr'><strong>et</strong></span> <span class='ocrx_word' id='word_1_435' title='bbox 2552 1365 2876 1418; x_wconf 80' lang='lat' dir='ltr'><strong>Simoniacis</strong></span> <span class='ocrx_word' id='word_1_436' title='bbox 2919 1360 3224 1432; x_wconf 84' lang='lat' dir='ltr'><strong>pastoribus</strong></span> <span class='ocrx_word' id='word_1_437' title='bbox 3265 1362 3419 1412; x_wconf 83' lang='lat' dir='ltr'><strong>inva-</strong></span> 
     </span>
    </p>
   </div>
   <div class='ocr_carea' id='block_1_72' title="bbox 1856 1448 3418 1528">
    <p class='ocr_par' dir='ltr' id='par_1_72' title="bbox 1856 1448 3418 1528">
     <span class='ocr_line' id='line_1_73' title="bbox 1856 1448 3418 1528; baseline -0.01 -14"><span class='ocrx_word' id='word_1_438' title='bbox 1856 1476 1994 1523; x_wconf 85' lang='lat' dir='ltr'><strong>sam,</strong></span> <span class='ocrx_word' id='word_1_439' title='bbox 2018 1459 2171 1528; x_wconf 87' lang='lat' dir='ltr'><strong>quasi</strong></span> <span class='ocrx_word' id='word_1_440' title='bbox 2200 1460 2289 1526; x_wconf 86' lang='lat' dir='ltr'><strong>jus</strong></span> <span class='ocrx_word' id='word_1_441' title='bbox 2326 1455 2599 1525; x_wconf 86' lang='lat' dir='ltr'><strong>proprium</strong></span> <span class='ocrx_word' id='word_1_442' title='bbox 2656 1454 2816 1523; x_wconf 89' lang='lat' dir='ltr'><strong>longo</strong></span> <span class='ocrx_word' id='word_1_443' title='bbox 2864 1462 3101 1520; x_wconf 83' lang='lat' dir='ltr'><strong>tempore</strong></span> <span class='ocrx_word' id='word_1_444' title='bbox 3148 1448 3418 1519; x_wconf 80' lang='lat' dir='ltr'><strong>possedit;</strong></span> 
     </span>
    </p>
   </div>
   <div class='ocr_carea' id='block_1_73' title="bbox 1858 1537 3420 1609">
    <p class='ocr_par' dir='ltr' id='par_1_73' title="bbox 1858 1537 3420 1609">
     <span class='ocr_line' id='line_1_74' title="bbox 1858 1537 3420 1609; baseline -0.006 -11"><span class='ocrx_word' id='word_1_445' title='bbox 1858 1548 1948 1601; x_wconf 72' lang='lat' dir='ltr'><strong>sed</strong></span> <span class='ocrx_word' id='word_1_446' title='bbox 1981 1549 2328 1602; x_wconf 74' lang='lat' dir='ltr'><strong>condolentcs</strong></span> <span class='ocrx_word' id='word_1_447' title='bbox 2359 1542 2666 1598; x_wconf 73' lang='lat' dir='ltr'><strong>necessitati</strong></span> <span class='ocrx_word' id='word_1_448' title='bbox 2693 1558 2755 1594; x_wconf 90' lang='lat' dir='ltr'><strong>ac</strong></span> <span class='ocrx_word' id='word_1_449' title='bbox 2787 1540 3026 1609; x_wconf 84' lang='lat' dir='ltr'><strong>periculo</strong></span> <span class='ocrx_word' id='word_1_450' title='bbox 3070 1546 3273 1601; x_wconf 85' lang='lat' dir='ltr'><strong>vestro,</strong></span> <span class='ocrx_word' id='word_1_451' title='bbox 3323 1537 3420 1589; x_wconf 83' lang='lat' dir='ltr'><strong>bo-</strong></span> 
     </span>
    </p>
   </div>
   <div class='ocr_carea' id='block_1_74' title="bbox 1857 1626 3417 1706">
    <p class='ocr_par' dir='ltr' id='par_1_74' title="bbox 1857 1626 3417 1706">
     <span class='ocr_line' id='line_1_75' title="bbox 1857 1626 3417 1706; baseline -0.012 -13"><span class='ocrx_word' id='word_1_452' title='bbox 1857 1656 1986 1693; x_wconf 90' lang='lat' dir='ltr'><strong>num</strong></span> <span class='ocrx_word' id='word_1_453' title='bbox 2013 1646 2065 1692; x_wconf 86' lang='lat' dir='ltr'><strong>et</strong></span> <span class='ocrx_word' id='word_1_454' title='bbox 2106 1638 2331 1706; x_wconf 85' lang='lat' dir='ltr'><strong>legalem</strong></span> <span class='ocrx_word' id='word_1_455' title='bbox 2368 1641 2643 1702; x_wconf 89' lang='lat' dir='ltr'><strong>pastorem</strong></span> <span class='ocrx_word' id='word_1_456' title='bbox 2672 1629 2829 1685; x_wconf 88' lang='lat' dir='ltr'><strong>vobis</strong></span> <span class='ocrx_word' id='word_1_457' title='bbox 2868 1626 3269 1697; x_wconf 66' lang='lat' dir='ltr'><strong>praeﬁciendum</strong></span> <span class='ocrx_word' id='word_1_458' title='bbox 3294 1639 3417 1678; x_wconf 82' lang='lat' dir='ltr'><strong>cen-</strong></span> 
     </span>
    </p>
   </div>
   <div class='ocr_carea' id='block_1_75' title="bbox 1858 1714 3423 1792">
    <p class='ocr_par' dir='ltr' id='par_1_75' title="bbox 1858 1714 3423 1792">
     <span class='ocr_line' id='line_1_76' title="bbox 1858 1714 3423 1792; baseline -0.012 -10"><span class='ocrx_word' id='word_1_459' title='bbox 1858 1729 2089 1792; x_wconf 83' lang='lat' dir='ltr'><strong>suimus,</strong></span> <span class='ocrx_word' id='word_1_460' title='bbox 2132 1742 2241 1786; x_wconf 85' lang='lat' dir='ltr'><strong>non</strong></span> <span class='ocrx_word' id='word_1_461' title='bbox 2279 1724 2494 1779; x_wconf 90' lang='lat' dir='ltr'><strong>ali&#39;unde</strong></span> <span class='ocrx_word' id='word_1_462' title='bbox 2540 1720 2633 1776; x_wconf 88' lang='lat' dir='ltr'><strong>sed</strong></span> <span class='ocrx_word' id='word_1_463' title='bbox 2683 1735 2778 1789; x_wconf 77' lang='lat' dir='ltr'><strong>per</strong></span> <span class='ocrx_word' id='word_1_464' title='bbox 2825 1717 3046 1779; x_wconf 88' lang='lat' dir='ltr'><strong>ostium,</strong></span> <span class='ocrx_word' id='word_1_465' title='bbox 3101 1714 3151 1768; x_wconf 89' lang='lat' dir='ltr'><strong>id</strong></span> <span class='ocrx_word' id='word_1_466' title='bbox 3203 1721 3285 1766; x_wconf 86' lang='lat' dir='ltr'><strong>est</strong></span> <span class='ocrx_word' id='word_1_467' title='bbox 3330 1726 3423 1780; x_wconf 80' lang='lat' dir='ltr'><strong>per</strong></span> 
     </span>
    </p>
   </div>
   <div class='ocr_carea' id='block_1_76' title="bbox 1859 1802 3423 1881">
    <p class='ocr_par' dir='ltr' id='par_1_76' title="bbox 1859 1802 3423 1881">
     <span class='ocr_line' id='line_1_77' title="bbox 1859 1802 3423 1881; baseline -0.013 -9"><span class='ocrx_word' id='word_1_468' title='bbox 1859 1817 2155 1880; x_wconf 72' lang='lat' dir='ltr'><strong>Christum,</strong></span> <span class='ocrx_word' id='word_1_469' title='bbox 2187 1816 2511 1876; x_wconf 89' lang='lat' dir='ltr'><strong>intrantem;</strong></span> <span class='ocrx_word' id='word_1_470' title='bbox 2564 1810 2656 1881; x_wconf 88' lang='lat' dir='ltr'><strong>qui</strong></span> <span class='ocrx_word' id='word_1_471' title='bbox 2682 1809 2826 1863; x_wconf 89' lang='lat' dir='ltr'><strong>enim</strong></span> <span class='ocrx_word' id='word_1_472' title='bbox 2857 1807 3032 1869; x_wconf 84' lang='lat' dir='ltr'><strong>aliter,</strong></span> <span class='ocrx_word' id='word_1_473' title='bbox 3059 1804 3111 1857; x_wconf 67' lang='grc' dir='ltr'>ιὰ</span> <span class='ocrx_word' id='word_1_474' title='bbox 3171 1813 3273 1866; x_wconf 89' lang='lat' dir='ltr'><strong>est,</strong></span> <span class='ocrx_word' id='word_1_475' title='bbox 3306 1802 3423 1854; x_wconf 86' lang='lat' dir='ltr'><strong>sine</strong></span> 
     </span>
    </p>
   </div>
   <div class='ocr_carea' id='block_1_77' title="bbox 1854 1892 3418 1974">
    <p class='ocr_par' dir='ltr' id='par_1_77' title="bbox 1854 1892 3418 1974">
     <span class='ocr_line' id='line_1_78' title="bbox 1854 1892 3418 1974; baseline -0.01 -13"><span class='ocrx_word' id='word_1_476' title='bbox 1854 1907 2073 1961; x_wconf 81' lang='lat' dir='ltr'><strong>Christo</strong></span> <span class='ocrx_word' id='word_1_477' title='bbox 2102 1903 2493 1974; x_wconf 86' lang='lat' dir='ltr'><strong>ingrediuntur,</strong></span> <span class='ocrx_word' id='word_1_478' title='bbox 2527 1900 2672 1953; x_wconf 85' lang='lat' dir='ltr'><strong>fures</strong></span> <span class='ocrx_word' id='word_1_479' title='bbox 2710 1905 2837 1952; x_wconf 90' lang='lat' dir='ltr'><strong>sunt</strong></span> <span class='ocrx_word' id='word_1_480' title='bbox 2877 1904 2930 1949; x_wconf 88' lang='lat' dir='ltr'><strong>et</strong></span> <span class='ocrx_word' id='word_1_481' title='bbox 2962 1896 3198 1947; x_wconf 86' lang='lat' dir='ltr'><strong>latrones</strong></span> <span class='ocrx_word' id='word_1_482' title='bbox 3228 1892 3293 1945; x_wconf 89' lang='lat' dir='ltr'><strong>ad</strong></span> <span class='ocrx_word' id='word_1_483' title='bbox 3321 1892 3418 1945; x_wconf 74' lang='lat' dir='ltr'><strong>hut</strong></span> 
     </span>
    </p>
   </div>
   <div class='ocr_carea' id='block_1_78' title="bbox 1856 1985 3422 2060">
    <p class='ocr_par' dir='ltr' id='par_1_78' title="bbox 1856 1985 3422 2060">
     <span class='ocr_line' id='line_1_79' title="bbox 1856 1985 3422 2060; baseline -0.015 -7"><span class='ocrx_word' id='word_1_484' title='bbox 1856 1992 2133 2053; x_wconf 80' lang='lat' dir='ltr'><strong>Constituti</strong></span> <span class='ocrx_word' id='word_1_485' title='bbox 2164 2001 2223 2045; x_wconf 90' lang='lat' dir='ltr'><strong>ut</strong></span> <span class='ocrx_word' id='word_1_486' title='bbox 2277 2004 2489 2060; x_wconf 81' lang='lat' dir='ltr'><strong>gregem</strong></span> <span class='ocrx_word' id='word_1_487' title='bbox 2526 1985 2864 2040; x_wconf 89' lang='lat' dir='ltr'><strong>Dominicum</strong></span> <span class='ocrx_word' id='word_1_488' title='bbox 2906 1988 3141 2036; x_wconf 88' lang='lat' dir='ltr'><strong>maetcnt</strong></span> <span class='ocrx_word' id='word_1_489' title='bbox 3200 1986 3253 2032; x_wconf 89' lang='lat' dir='ltr'><strong>et</strong></span> <span class='ocrx_word' id='word_1_490' title='bbox 3301 1993 3422 2046; x_wconf 81' lang='lat' dir='ltr'><strong>pcr-</strong></span> 
     </span>
    </p>
   </div>
   <div class='ocr_carea' id='block_1_79' title="bbox 1852 2065 3425 2147">
    <p class='ocr_par' dir='ltr' id='par_1_79' title="bbox 1852 2065 3425 2147">
     <span class='ocr_line' id='line_1_80' title="bbox 1852 2065 3425 2147; baseline -0.015 -11"><span class='ocrx_word' id='word_1_491' title='bbox 1852 2082 2002 2136; x_wconf 89' lang='lat' dir='ltr'><strong>dant.</strong></span> <span class='ocrx_word' id='word_1_492' title='bbox 2040 2080 2140 2135; x_wconf 87' lang='lat' dir='ltr'><strong>llic</strong></span> <span class='ocrx_word' id='word_1_493' title='bbox 2181 2080 2361 2147; x_wconf 84' lang='lat' dir='ltr'><strong>itaque</strong></span> <span class='ocrx_word' id='word_1_494' title='bbox 2408 2075 2715 2145; x_wconf 73' lang='lat' dir='ltr'><strong>apostolica:</strong></span> <span class='ocrx_word' id='word_1_495' title='bbox 2764 2070 2906 2126; x_wconf 89' lang='lat' dir='ltr'><strong>sedis</strong></span> <span class='ocrx_word' id='word_1_496' title='bbox 2952 2065 3322 2122; x_wconf 87' lang='lat' dir='ltr'><strong>benedictione</strong></span> <span class='ocrx_word' id='word_1_497' title='bbox 3368 2071 3425 2115; x_wconf 78' lang='lat' dir='ltr'><strong>et</strong></span> 
     </span>
    </p>
   </div>
   <div class='ocr_carea' id='block_1_80' title="bbox 1854 2154 3423 2232">
    <p class='ocr_par' dir='ltr' id='par_1_80' title="bbox 1854 2154 3423 2232">
     <span class='ocr_line' id='line_1_81' title="bbox 1854 2154 3423 2232; baseline -0.013 -7"><span class='ocrx_word' id='word_1_498' title='bbox 1854 2172 2178 2225; x_wconf 73' lang='lat' dir='ltr'><strong>auctoritate</strong></span> <span class='ocrx_word' id='word_1_499' title='bbox 2208 2168 2584 2230; x_wconf 89' lang='lat' dir='ltr'><strong>conﬁrmatus,</strong></span> <span class='ocrx_word' id='word_1_500' title='bbox 2635 2179 2728 2232; x_wconf 90' lang='lat' dir='ltr'><strong>per</strong></span> <span class='ocrx_word' id='word_1_501' title='bbox 2779 2158 3081 2229; x_wconf 76' lang='lat' dir='ltr'><strong>exelnplum</strong></span> <span class='ocrx_word' id='word_1_502' title='bbox 3142 2154 3423 2209; x_wconf 58' lang='lat' dir='ltr'><strong>laudanda</strong></span> 
     </span>
    </p>
   </div>
   <div class='ocr_carea' id='block_1_81' title="bbox 1855 2244 3422 2331">
    <p class='ocr_par' dir='ltr' id='par_1_81' title="bbox 1855 2244 3422 2331">
     <span class='ocr_line' id='line_1_82' title="bbox 1855 2244 3422 2331; baseline -0.011 -19"><span class='ocrx_word' id='word_1_503' title='bbox 1855 2257 2279 2331; x_wconf 78' lang='lat' dir='ltr'><strong>conversationis</strong></span> <span class='ocrx_word' id='word_1_504' title='bbox 2316 2271 2428 2311; x_wconf 74' lang='lat' dir='ltr'><strong>suae</strong></span> <span class='ocrx_word' id='word_1_505' title='bbox 2476 2263 2529 2308; x_wconf 90' lang='lat' dir='ltr'><strong>et</strong></span> <span class='ocrx_word' id='word_1_506' title='bbox 2571 2254 2953 2308; x_wconf 89' lang='lat' dir='ltr'><strong>documentum</strong></span> <span class='ocrx_word' id='word_1_507' title='bbox 3004 2244 3422 2316; x_wconf 67' lang='lat' dir='ltr'><strong>praedicationis.</strong></span> 
     </span>
    </p>
   </div>
   <div class='ocr_carea' id='block_1_82' title="bbox 1854 2332 3424 2420">
    <p class='ocr_par' dir='ltr' id='par_1_82' title="bbox 1854 2332 3424 2420">
     <span class='ocr_line' id='line_1_83' title="bbox 1854 2332 3424 2420; baseline -0.013 -18"><span class='ocrx_word' id='word_1_508' title='bbox 1854 2349 2114 2420; x_wconf 85' lang='lat' dir='ltr'><strong>quidquid</strong></span> <span class='ocrx_word' id='word_1_509' title='bbox 2136 2346 2293 2415; x_wconf 86' lang='lat' dir='ltr'><strong>culpa</strong></span> <span class='ocrx_word' id='word_1_510' title='bbox 2324 2352 2378 2398; x_wconf 93' lang='lat' dir='ltr'><strong>et</strong></span> <span class='ocrx_word' id='word_1_511' title='bbox 2402 2341 2599 2411; x_wconf 85' lang='lat' dir='ltr'><strong>injuria</strong></span> <span class='ocrx_word' id='word_1_512' title='bbox 2629 2338 2895 2393; x_wconf 90' lang='lat' dir='ltr'><strong>malorum</strong></span> <span class='ocrx_word' id='word_1_513' title='bbox 2926 2334 3242 2406; x_wconf 88' lang='lat' dir='ltr'><strong>pontiﬁcum</strong></span> <span class='ocrx_word' id='word_1_514' title='bbox 3283 2332 3424 2384; x_wconf 86' lang='lat' dir='ltr'><strong>inter</strong></span> 
     </span>
    </p>
   </div>
   <div class='ocr_carea' id='block_1_83' title="bbox 1855 2421 3419 2503">
    <p class='ocr_par' dir='ltr' id='par_1_83' title="bbox 1855 2421 3419 2503">
     <span class='ocr_line' id='line_1_84' title="bbox 1855 2421 3419 2503; baseline -0.014 -10"><span class='ocrx_word' id='word_1_515' title='bbox 1855 2454 1949 2494; x_wconf 86' lang='lat' dir='ltr'><strong>vos</strong></span> <span class='ocrx_word' id='word_1_516' title='bbox 1968 2439 2315 2503; x_wconf 79' lang='lat' dir='ltr'><strong>commissum</strong></span> <span class='ocrx_word' id='word_1_517' title='bbox 2337 2442 2439 2498; x_wconf 88' lang='lat' dir='ltr'><strong>est,</strong></span> <span class='ocrx_word' id='word_1_518' title='bbox 2458 2431 2565 2485; x_wconf 90' lang='lat' dir='ltr'><strong>Deo</strong></span> <span class='ocrx_word' id='word_1_519' title='bbox 2587 2428 2897 2491; x_wconf 75' lang='lat' dir='ltr'><strong>auxiliante,</strong></span> <span class='ocrx_word' id='word_1_520' title='bbox 2921 2424 3115 2494; x_wconf 89' lang='lat' dir='ltr'><strong>poterit</strong></span> <span class='ocrx_word' id='word_1_521' title='bbox 3133 2421 3419 2489; x_wconf 82' lang='lat' dir='ltr'><strong>corrigere,</strong></span> 
     </span>
    </p>
   </div>
   <div class='ocr_carea' id='block_1_84' title="bbox 1854 2509 3424 2598">
    <p class='ocr_par' dir='ltr' id='par_1_84' title="bbox 1854 2509 3424 2598">
     <span class='ocr_line' id='line_1_85' title="bbox 1854 2509 3424 2598; baseline -0.014 -16"><span class='ocrx_word' id='word_1_522' title='bbox 1854 2544 2059 2598; x_wconf 76' lang='lat' dir='ltr'><strong>vosque</strong></span> <span class='ocrx_word' id='word_1_523' title='bbox 2089 2528 2267 2582; x_wconf 90' lang='lat' dir='ltr'><strong>bonus</strong></span> <span class='ocrx_word' id='word_1_524' title='bbox 2296 2530 2481 2593; x_wconf 88' lang='lat' dir='ltr'><strong>pastor</strong></span> <span class='ocrx_word' id='word_1_525' title='bbox 2539 2531 2753 2574; x_wconf 89' lang='lat' dir='ltr'><strong>summo</strong></span> <span class='ocrx_word' id='word_1_526' title='bbox 2806 2513 3016 2567; x_wconf 82' lang='lat' dir='ltr'><strong>Pastori</strong></span> <span class='ocrx_word' id='word_1_527' title='bbox 3077 2509 3424 2565; x_wconf 81' lang='lat' dir='ltr'><strong>devotissime</strong></span> 
     </span>
    </p>
   </div>
   <div class='ocr_carea' id='block_1_85' title="bbox 1852 2602 3425 2675">
    <p class='ocr_par' dir='ltr' id='par_1_85' title="bbox 1852 2602 3425 2675">
     <span class='ocr_line' id='line_1_86' title="bbox 1852 2602 3425 2675; baseline -0.015 -2"><span class='ocrx_word' id='word_1_528' title='bbox 1852 2617 2250 2673; x_wconf 88' lang='lat' dir='ltr'><strong>commendare.</strong></span> <span class='ocrx_word' id='word_1_529' title='bbox 2280 2614 2648 2667; x_wconf 81' lang='lat' dir='ltr'><strong>Admonemus</strong></span> <span class='ocrx_word' id='word_1_530' title='bbox 2700 2608 2883 2675; x_wconf 87' lang='lat' dir='ltr'><strong>itaque</strong></span> <span class='ocrx_word' id='word_1_531' title='bbox 2938 2602 3279 2672; x_wconf 90' lang='lat' dir='ltr'><strong>prudentiam</strong></span> <span class='ocrx_word' id='word_1_532' title='bbox 3331 2614 3425 2651; x_wconf 85' lang='lat' dir='ltr'><strong>vc-</strong></span> 
     </span>
    </p>
   </div>
   <div class='ocr_carea' id='block_1_86' title="bbox 1851 2684 3424 2773">
    <p class='ocr_par' dir='ltr' id='par_1_86' title="bbox 1851 2684 3424 2773">
     <span class='ocr_line' id='line_1_87' title="bbox 1851 2684 3424 2773; baseline -0.016 -10"><span class='ocrx_word' id='word_1_533' title='bbox 1851 2718 2019 2763; x_wconf 84' lang='lat' dir='ltr'><strong>stram</strong></span> <span class='ocrx_word' id='word_1_534' title='bbox 2064 2714 2123 2761; x_wconf 90' lang='lat' dir='ltr'><strong>ut</strong></span> <span class='ocrx_word' id='word_1_535' title='bbox 2149 2720 2274 2760; x_wconf 89' lang='lat' dir='ltr'><strong>eum</strong></span> <span class='ocrx_word' id='word_1_536' title='bbox 2299 2717 2459 2773; x_wconf 89' lang='lat' dir='ltr'><strong>quem</strong></span> <span class='ocrx_word' id='word_1_537' title='bbox 2491 2697 2734 2770; x_wconf 86' lang='lat' dir='ltr'><strong>legalitcr</strong></span> <span class='ocrx_word' id='word_1_538' title='bbox 2754 2692 2994 2747; x_wconf 84' lang='lat' dir='ltr'><strong>Ecclesia</strong></span> <span class='ocrx_word' id='word_1_539' title='bbox 3012 2691 3256 2743; x_wconf 70' lang='lat' dir='ltr'><strong>Romana</strong></span> <span class='ocrx_word' id='word_1_540' title='bbox 3271 2684 3424 2740; x_wconf 83' lang='lat' dir='ltr'><strong>vobis</strong></span> 
     </span>
    </p>
   </div>
   <div class='ocr_carea' id='block_1_87' title="bbox 1851 2778 3427 2854">
    <p class='ocr_par' dir='ltr' id='par_1_87' title="bbox 1851 2778 3427 2854">
     <span class='ocr_line' id='line_1_88' title="bbox 1851 2778 3427 2854; baseline -0.016 0"><span class='ocrx_word' id='word_1_541' title='bbox 1851 2796 2135 2854; x_wconf 88' lang='lat' dir='ltr'><strong>constituit</strong></span> <span class='ocrx_word' id='word_1_542' title='bbox 2160 2796 2389 2850; x_wconf 88' lang='lat' dir='ltr'><strong>honesta</strong></span> <span class='ocrx_word' id='word_1_543' title='bbox 2422 2792 2587 2844; x_wconf 88' lang='lat' dir='ltr'><strong>etiam</strong></span> <span class='ocrx_word' id='word_1_544' title='bbox 2620 2782 2994 2841; x_wconf 88' lang='lat' dir='ltr'><strong>benevolentia</strong></span> <span class='ocrx_word' id='word_1_545' title='bbox 3031 2778 3327 2852; x_wconf 80' lang='lat' dir='ltr'><strong>recipiatis,</strong></span> <span class='ocrx_word' id='word_1_546' title='bbox 3367 2782 3427 2829; x_wconf 89' lang='lat' dir='ltr'><strong>ut</strong></span> 
     </span>
    </p>
   </div>
   <div class='ocr_carea' id='block_1_88' title="bbox 1850 2868 3426 2954">
    <p class='ocr_par' dir='ltr' id='par_1_88' title="bbox 1850 2868 3426 2954">
     <span class='ocr_line' id='line_1_89' title="bbox 1850 2868 3426 2954; baseline -0.016 -12"><span class='ocrx_word' id='word_1_547' title='bbox 1850 2890 1899 2942; x_wconf 90' lang='lat' dir='ltr'><strong>ei</strong></span> <span class='ocrx_word' id='word_1_548' title='bbox 1941 2888 2085 2942; x_wconf 87' lang='lat' dir='ltr'><strong>sicut</strong></span> <span class='ocrx_word' id='word_1_549' title='bbox 2122 2883 2391 2954; x_wconf 89' lang='lat' dir='ltr'><strong>spirituali</strong></span> <span class='ocrx_word' id='word_1_550' title='bbox 2438 2880 2585 2934; x_wconf 83' lang='lat' dir='ltr'><strong>Patri</strong></span> <span class='ocrx_word' id='word_1_551' title='bbox 2632 2886 2687 2932; x_wconf 91' lang='lat' dir='ltr'><strong>et</strong></span> <span class='ocrx_word' id='word_1_552' title='bbox 2716 2873 3124 2943; x_wconf 84' lang='lat' dir='ltr'><strong>archiepiscOpo</strong></span> <span class='ocrx_word' id='word_1_553' title='bbox 3170 2868 3426 2922; x_wconf 77' lang='lat' dir='ltr'><strong>obedien-</strong></span> 
     </span>
    </p>
   </div>
   <div class='ocr_carea' id='block_1_89' title="bbox 1851 2955 3423 3036">
    <p class='ocr_par' dir='ltr' id='par_1_89' title="bbox 1851 2955 3423 3036">
     <span class='ocr_line' id='line_1_90' title="bbox 1851 2955 3423 3036; baseline -0.015 -4"><span class='ocrx_word' id='word_1_554' title='bbox 1851 2978 1982 3032; x_wconf 84' lang='lat' dir='ltr'><strong>tiam</strong></span> <span class='ocrx_word' id='word_1_555' title='bbox 2014 2983 2068 3030; x_wconf 91' lang='lat' dir='ltr'><strong>et</strong></span> <span class='ocrx_word' id='word_1_556' title='bbox 2101 2973 2459 3032; x_wconf 79' lang='lat' dir='ltr'><strong>reverentiam</strong></span> <span class='ocrx_word' id='word_1_557' title='bbox 2484 2965 2826 3036; x_wconf 88' lang='lat' dir='ltr'><strong>impendatis,</strong></span> <span class='ocrx_word' id='word_1_558' title='bbox 2859 2974 3128 3015; x_wconf 88' lang='lat' dir='ltr'><strong>memores</strong></span> <span class='ocrx_word' id='word_1_559' title='bbox 3158 2955 3423 3009; x_wconf 83' lang='lat' dir='ltr'><strong>Dominici</strong></span> 
     </span>
    </p>
   </div>
   <div class='ocr_carea' id='block_1_90' title="bbox 1851 3043 3420 3120">
    <p class='ocr_par' dir='ltr' id='par_1_90' title="bbox 1851 3043 3420 3120">
     <span class='ocr_line' id='line_1_91' title="bbox 1851 3043 3420 3120; baseline -0.018 -1"><span class='ocrx_word' id='word_1_560' title='bbox 1851 3063 2117 3120; x_wconf 86' lang='lat' dir='ltr'><strong>sermonis</strong></span> <span class='ocrx_word' id='word_1_561' title='bbox 2138 3060 2319 3116; x_wconf 87' lang='lat' dir='ltr'><strong>ﬁdeles</strong></span> <span class='ocrx_word' id='word_1_562' title='bbox 2343 3072 2472 3114; x_wconf 89' lang='lat' dir='ltr'><strong>suos</strong></span> <span class='ocrx_word' id='word_1_563' title='bbox 2501 3043 2965 3111; x_wconf 86' lang='lat' dir='ltr'><strong>commendantis:</strong></span> <span class='ocrx_word' id='word_1_564' title='bbox 3000 3046 3103 3110; x_wconf 84' lang='lat' dir='ltr'><strong>Qui</strong></span> <span class='ocrx_word' id='word_1_565' title='bbox 3139 3060 3224 3098; x_wconf 76' lang='lat' dir='ltr'><strong>vos</strong></span> <span class='ocrx_word' id='word_1_566' title='bbox 3250 3043 3420 3104; x_wconf 81' lang='lat' dir='ltr'><strong>audit,</strong></span> 
     </span>
    </p>
   </div>
   <div class='ocr_carea' id='block_1_91' title="bbox 1855 3132 3422 3220">
    <p class='ocr_par' dir='ltr' id='par_1_91' title="bbox 1855 3132 3422 3220">
     <span class='ocr_line' id='line_1_92' title="bbox 1855 3132 3422 3220; baseline -0.015 -15"><span class='ocrx_word' id='word_1_567' title='bbox 1855 3169 1934 3207; x_wconf 86' lang='lat' dir='ltr'><strong>me</strong></span> <span class='ocrx_word' id='word_1_568' title='bbox 1960 3152 2140 3218; x_wconf 83' lang='lat' dir='ltr'><strong>audit;</strong></span> <span class='ocrx_word' id='word_1_569' title='bbox 2166 3159 2213 3204; x_wconf 82' lang='lat' dir='ltr'><strong>et</strong></span> <span class='ocrx_word' id='word_1_570' title='bbox 2246 3149 2335 3220; x_wconf 87' lang='lat' dir='ltr'><strong>qui</strong></span> <span class='ocrx_word' id='word_1_571' title='bbox 2364 3164 2449 3201; x_wconf 75' lang='lat' dir='ltr'><strong>vos</strong></span> <span class='ocrx_word' id='word_1_572' title='bbox 2480 3144 2699 3214; x_wconf 78' lang='lat' dir='ltr'><strong>spernit,</strong></span> <span class='ocrx_word' id='word_1_573' title='bbox 2724 3157 2803 3195; x_wconf 85' lang='lat' dir='ltr'><strong>me</strong></span> <span class='ocrx_word' id='word_1_574' title='bbox 2828 3138 3044 3208; x_wconf 80' lang='lat' dir='ltr'><strong>spernit.</strong></span> <span class='ocrx_word' id='word_1_575' title='bbox 3081 3133 3263 3202; x_wconf 73' lang='lat' dir='ltr'><strong>Neque</strong></span> <span class='ocrx_word' id='word_1_576' title='bbox 3277 3132 3422 3185; x_wconf 88' lang='lat' dir='ltr'><strong>enim</strong></span> 
     </span>
    </p>
   </div>
   <div class='ocr_carea' id='block_1_92' title="bbox 1855 3224 3423 3315">
    <p class='ocr_par' dir='ltr' id='par_1_92' title="bbox 1855 3224 3423 3315">
     <span class='ocr_line' id='line_1_93' title="bbox 1855 3224 3423 3315; baseline -0.016 -16"><span class='ocrx_word' id='word_1_577' title='bbox 1855 3260 1953 3300; x_wconf 82' lang='lat' dir='ltr'><strong>vos</strong></span> <span class='ocrx_word' id='word_1_578' title='bbox 1973 3244 2223 3315; x_wconf 82' lang='lat' dir='ltr'><strong>ignorare</strong></span> <span class='ocrx_word' id='word_1_579' title='bbox 2243 3240 2512 3315; x_wconf 83' lang='lat' dir='ltr'><strong>voluimus</strong></span> <span class='ocrx_word' id='word_1_580' title='bbox 2532 3233 2677 3304; x_wconf 87' lang='lat' dir='ltr'><strong>quod</strong></span> <span class='ocrx_word' id='word_1_581' title='bbox 2689 3231 2867 3301; x_wconf 90' lang='lat' dir='ltr'><strong>siquis</strong></span> <span class='ocrx_word' id='word_1_582' title='bbox 2880 3235 3119 3282; x_wconf 82' lang='lat' dir='ltr'><strong>vestrum</strong></span> <span class='ocrx_word' id='word_1_583' title='bbox 3136 3224 3300 3294; x_wconf 86' lang='lat' dir='ltr'><strong>(quod</strong></span> <span class='ocrx_word' id='word_1_584' title='bbox 3317 3237 3423 3276; x_wconf 92' lang='lat' dir='ltr'><strong>non</strong></span> 
     </span>
    </p>
   </div>
   <div class='ocr_carea' id='block_1_93' title="bbox 1858 3310 3424 3404">
    <p class='ocr_par' dir='ltr' id='par_1_93' title="bbox 1858 3310 3424 3404">
     <span class='ocr_line' id='line_1_94' title="bbox 1858 3310 3424 3404; baseline -0.017 -14"><span class='ocrx_word' id='word_1_585' title='bbox 1858 3310 2162 3404; x_wconf 73' lang='lat' dir='ltr'><strong>speramus)</strong></span> <span class='ocrx_word' id='word_1_586' title='bbox 2194 3312 2555 3386; x_wconf 87' lang='lat' dir='ltr'><strong>obedientiam</strong></span> <span class='ocrx_word' id='word_1_587' title='bbox 2586 3323 2688 3404; x_wconf 84' lang='lat' dir='ltr'><strong>sibi</strong></span> <span class='ocrx_word' id='word_1_588' title='bbox 2723 3315 3136 3379; x_wconf 77' lang='lat' dir='ltr'><strong>contradixcr&#39;it,</strong></span> <span class='ocrx_word' id='word_1_589' title='bbox 3169 3314 3303 3366; x_wconf 89' lang='lat' dir='ltr'><strong>iram</strong></span> <span class='ocrx_word' id='word_1_590' title='bbox 3330 3310 3424 3365; x_wconf 88' lang='lat' dir='ltr'><strong>Dei</strong></span> 
     </span>
    </p>
   </div>
   <div class='ocr_carea' id='block_1_94' title="bbox 1856 3400 3423 3482">
    <p class='ocr_par' dir='ltr' id='par_1_94' title="bbox 1856 3400 3423 3482">
     <span class='ocr_line' id='line_1_95' title="bbox 1856 3400 3423 3482; baseline -0.015 -3"><span class='ocrx_word' id='word_1_591' title='bbox 1856 3400 1911 3479; x_wconf 77' lang='lat' dir='ltr'><strong>et</strong></span> <span class='ocrx_word' id='word_1_592' title='bbox 1933 3400 2220 3479; x_wconf 84' lang='lat' dir='ltr'><strong>vindictam</strong></span> <span class='ocrx_word' id='word_1_593' title='bbox 2242 3418 2384 3476; x_wconf 86' lang='lat' dir='ltr'><strong>beati</strong></span> <span class='ocrx_word' id='word_1_594' title='bbox 2402 3415 2546 3471; x_wconf 88' lang='lat' dir='ltr'><strong>Petri</strong></span> <span class='ocrx_word' id='word_1_595' title='bbox 2570 3413 2635 3468; x_wconf 88' lang='lat' dir='ltr'><strong>ad</strong></span> <span class='ocrx_word' id='word_1_596' title='bbox 2658 3400 2954 3482; x_wconf 88' lang='lat' dir='ltr'><strong>periculum</strong></span> <span class='ocrx_word' id='word_1_597' title='bbox 2978 3421 3136 3461; x_wconf 90' lang='lat' dir='ltr'><strong>suum</strong></span> <span class='ocrx_word' id='word_1_598' title='bbox 3158 3417 3423 3482; x_wconf 84' lang='lat' dir='ltr'><strong>provoca-</strong></span> 
     </span>
    </p>
   </div>
   <div class='ocr_carea' id='block_1_95' title="bbox 1859 3481 3423 3581">
    <p class='ocr_par' dir='ltr' id='par_1_95' title="bbox 1859 3481 3423 3581">
     <span class='ocr_line' id='line_1_96' title="bbox 1859 3481 3423 3581; baseline -0.015 -11"><span class='ocrx_word' id='word_1_599' title='bbox 1859 3515 1957 3581; x_wconf 87' lang='lat' dir='ltr'><strong>bit,</strong></span> <span class='ocrx_word' id='word_1_600' title='bbox 1972 3523 2025 3570; x_wconf 92' lang='lat' dir='ltr'><strong>et</strong></span> <span class='ocrx_word' id='word_1_601' title='bbox 2036 3513 2354 3569; x_wconf 85' lang='lat' dir='ltr'><strong>sententiam</strong></span> <span class='ocrx_word' id='word_1_602' title='bbox 2368 3500 2943 3564; x_wconf 80' lang='lat' dir='ltr'><strong>excommunicationis</strong></span> <span class='ocrx_word' id='word_1_603' title='bbox 2967 3498 3022 3551; x_wconf 92' lang='lat' dir='ltr'><strong>in</strong></span> <span class='ocrx_word' id='word_1_604' title='bbox 3044 3496 3311 3551; x_wconf 83' lang='lat' dir='ltr'><strong>Tolosana</strong></span> <span class='ocrx_word' id='word_1_605' title='bbox 3331 3481 3423 3564; x_wconf 59' lang='lat' dir='ltr'><strong>sv-</strong></span> 
     </span>
    </p>
   </div>
   <div class='ocr_carea' id='block_1_96' title="bbox 1859 3585 3426 3676">
    <p class='ocr_par' dir='ltr' id='par_1_96' title="bbox 1859 3585 3426 3676">
     <span class='ocr_line' id='line_1_97' title="bbox 1859 3585 3426 3676; baseline -0.017 -16"><span class='ocrx_word' id='word_1_606' title='bbox 1859 3605 2002 3660; x_wconf 84' lang='lat' dir='ltr'><strong>nodo</strong></span> <span class='ocrx_word' id='word_1_607' title='bbox 2020 3621 2048 3658; x_wconf 92' lang='lat' dir='ltr'><strong>a</strong></span> <span class='ocrx_word' id='word_1_608' title='bbox 2064 3602 2256 3676; x_wconf 76' lang='lat' dir='ltr'><strong>legatis</strong></span> <span class='ocrx_word' id='word_1_609' title='bbox 2277 3598 2476 3655; x_wconf 88' lang='lat' dir='ltr'><strong>nostris</strong></span> <span class='ocrx_word' id='word_1_610' title='bbox 2496 3592 2910 3667; x_wconf 81' lang='lat' dir='ltr'><strong>promulgatam,</strong></span> <span class='ocrx_word' id='word_1_611' title='bbox 2928 3585 3215 3657; x_wconf 88' lang='lat' dir='ltr'><strong>apostolica</strong></span> <span class='ocrx_word' id='word_1_612' title='bbox 3238 3592 3426 3661; x_wconf 82' lang='lat' dir='ltr'><strong>aucto-</strong></span> 
     </span>
    </p>
   </div>
   <div class='ocr_carea' id='block_1_97' title="bbox 1860 3664 3422 3755">
    <p class='ocr_par' dir='ltr' id='par_1_97' title="bbox 1860 3664 3422 3755">
     <span class='ocr_line' id='line_1_98' title="bbox 1860 3664 3422 3755; baseline -0.017 -5"><span class='ocrx_word' id='word_1_613' title='bbox 1860 3696 2018 3750; x_wconf 91' lang='lat' dir='ltr'><strong>ritate</strong></span> <span class='ocrx_word' id='word_1_614' title='bbox 2038 3692 2510 3753; x_wconf 86' lang='lat' dir='ltr'><strong>conﬁrmabimus;</strong></span> <span class='ocrx_word' id='word_1_615' title='bbox 2535 3686 2629 3755; x_wconf 89' lang='lat' dir='ltr'><strong>qui</strong></span> <span class='ocrx_word' id='word_1_616' title='bbox 2642 3698 2769 3738; x_wconf 84' lang='lat' dir='ltr'><strong>vero</strong></span> <span class='ocrx_word' id='word_1_617' title='bbox 2788 3680 3044 3736; x_wconf 88' lang='lat' dir='ltr'><strong>obcdieus</strong></span> <span class='ocrx_word' id='word_1_618' title='bbox 3058 3675 3237 3738; x_wconf 82' lang='lat' dir='ltr'><strong>fuerit,</strong></span> <span class='ocrx_word' id='word_1_619' title='bbox 3253 3664 3422 3743; x_wconf 75' lang='lat' dir='ltr'><strong>gratia</strong></span> 
     </span>
    </p>
   </div>
   <div class='ocr_carea' id='block_1_98' title="bbox 1860 3760 3420 3847">
    <p class='ocr_par' dir='ltr' id='par_1_98' title="bbox 1860 3760 3420 3847">
     <span class='ocr_line' id='line_1_99' title="bbox 1860 3760 3420 3847; baseline -0.017 -9"><span class='ocrx_word' id='word_1_620' title='bbox 1860 3793 1914 3838; x_wconf 91' lang='lat' dir='ltr'><strong>ct</strong></span> <span class='ocrx_word' id='word_1_621' title='bbox 1948 3782 2053 3837; x_wconf 89' lang='lat' dir='ltr'><strong>ben</strong></span> <span class='ocrx_word' id='word_1_622' title='bbox 2074 3805 2105 3835; x_wconf 27' lang='lat'><strong>.2.</strong></span> <span class='ocrx_word' id='word_1_623' title='bbox 2126 3781 2325 3836; x_wconf 90' lang='lat' dir='ltr'><strong>ictione</strong></span> <span class='ocrx_word' id='word_1_624' title='bbox 2355 3776 2598 3847; x_wconf 86' lang='lat' dir='ltr'><strong>ejusdem</strong></span> <span class='ocrx_word' id='word_1_625' title='bbox 2636 3768 2946 3841; x_wconf 68' lang='lat' dir='ltr'><strong>apastoliea:</strong></span> <span class='ocrx_word' id='word_1_626' title='bbox 2971 3766 3114 3832; x_wconf 83' lang='lat' dir='ltr'><strong>sedis</strong></span> <span class='ocrx_word' id='word_1_627' title='bbox 3149 3760 3420 3832; x_wconf 81' lang='lat' dir='ltr'><strong>gaudebit.</strong></span> 
     </span>
    </p>
   </div>
   <div class='ocr_carea' id='block_1_99' title="bbox 2586 3861 3481 3917">
    <p class='ocr_par' dir='ltr' id='par_1_99' title="bbox 2586 3861 3481 3917">
     <span class='ocr_line' id='line_1_100' title="bbox 2586 3861 3481 3917; baseline -0.016 0"><span class='ocrx_word' id='word_1_628' title='bbox 2586 3862 2697 3917; x_wconf 73' lang='lat' dir='ltr'><strong>LX.</strong></span> <span class='ocrx_word' id='word_1_629' title='bbox 3476 3861 3481 3867; x_wconf 79' lang='lat'><strong>‘</strong></span> 
     </span>
    </p>
   </div>
   <div class='ocr_carea' id='block_1_100' title="bbox 1863 3924 3423 4030">
    <p class='ocr_par' dir='ltr' id='par_1_100' title="bbox 1863 3924 3423 4030">
     <span class='ocr_line' id='line_1_101' title="bbox 1863 3924 3423 4030; baseline -0.019 -17"><span class='ocrx_word' id='word_1_630' title='bbox 1863 3957 2141 4030; x_wconf 73' lang='lat' dir='ltr'><strong>Gregorius</strong></span> <span class='ocrx_word' id='word_1_631' title='bbox 2188 3953 2293 4011; x_wconf 71' lang='lat' dir='ltr'><strong>VII</strong></span> <span class='ocrx_word' id='word_1_632' title='bbox 2323 3947 2803 4030; x_wconf 55' lang='lat' dir='ltr'><strong>conﬁrmatnootniu</strong></span> <span class='ocrx_word' id='word_1_633' title='bbox 2829 3940 3101 4012; x_wconf 82' lang='lat' dir='ltr'><strong>pririlcgia</strong></span> <span class='ocrx_word' id='word_1_634' title='bbox 3142 3924 3423 3990; x_wconf 57' lang='lat' dir='ltr'><strong>Panermi.</strong></span> 
     </span>
    </p>
   </div>
   <div class='ocr_carea' id='block_1_101' title="bbox 2420 4014 2851 4073">
    <p class='ocr_par' dir='ltr' id='par_1_101' title="bbox 2420 4014 2851 4073">
     <span class='ocr_line' id='line_1_102' title="bbox 2420 4014 2851 4073; baseline -0.023 0"><span class='ocrx_word' id='word_1_635' title='bbox 2420 4014 2559 4073; x_wconf 72' lang='lat' dir='ltr'><strong>tamn</strong></span> <span class='ocrx_word' id='word_1_636' title='bbox 2587 4014 2851 4068; x_wconf 52' lang='lat' dir='ltr'><strong>Ecclesium</strong></span> 
     </span>
    </p>
   </div>
   <div class='ocr_carea' id='block_1_102' title="bbox 2440 4088 2834 4165">
    <p class='ocr_par' dir='ltr' id='par_1_102' title="bbox 2440 4088 2834 4165">
     <span class='ocr_line' id='line_1_103' title="bbox 2440 4088 2834 4165; baseline -0.013 -20"><span class='ocrx_word' id='word_1_637' title='bbox 2440 4095 2621 4165; x_wconf 81' lang='lat' dir='ltr'><strong>(Anno</strong></span> <span class='ocrx_word' id='word_1_638' title='bbox 2656 4088 2834 4155; x_wconf 78' lang='grc'><strong>1083.)</strong></span> 
     </span>
    </p>
   </div>
   <div class='ocr_carea' id='block_1_103' title="bbox 1860 4158 3418 4250">
    <p class='ocr_par' dir='ltr' id='par_1_103' title="bbox 1860 4158 3418 4250">
     <span class='ocr_line' id='line_1_104' title="bbox 1860 4158 3418 4250; baseline -0.013 -19"><span class='ocrx_word' id='word_1_639' title='bbox 1860 4177 2262 4250; x_wconf 45' lang='lat' dir='ltr'><strong>[coeunt-tgna</strong></span> <span class='ocrx_word' id='word_1_640' title='bbox 2276 4158 2482 4250; x_wconf 58' lang='lat' dir='ltr'><strong>Bullur.</strong></span> <span class='ocrx_word' id='word_1_641' title='bbox 2501 4170 2805 4250; x_wconf 49' lang='lat' dir='ltr'><strong>Rumpunt.</strong></span> <span class='ocrx_word' id='word_1_642' title='bbox 2823 4162 3062 4250; x_wconf 48' lang='lat' dir='ltr'><strong>Cattae!&quot;</strong></span> <span class='ocrx_word' id='word_1_643' title='bbox 3078 4168 3205 4250; x_wconf 55' lang='lat' dir='ltr'><strong>tolm.</strong></span> <span class='ocrx_word' id='word_1_644' title='bbox 3223 4158 3285 4250; x_wconf 67' lang='lat' dir='ltr'><strong>ll,</strong></span> <span class='ocrx_word' id='word_1_645' title='bbox 3299 4173 3418 4250; x_wconf 51' lang='lat' dir='ltr'><strong>pag:</strong></span> 
     </span>
    </p>
   </div>
   <div class='ocr_carea' id='block_1_104' title="bbox 1929 4226 3422 4311">
    <p class='ocr_par' dir='ltr' id='par_1_104' title="bbox 1929 4226 3422 4311">
     <span class='ocr_line' id='line_1_105' title="bbox 1929 4226 3422 4311; baseline -0.014 -12"><span class='ocrx_word' id='word_1_646' title='bbox 1929 4226 2295 4311; x_wconf 69' lang='lat' dir='ltr'><strong>Itocco</strong></span> <span class='ocrx_word' id='word_1_647' title='bbox 2316 4241 2541 4311; x_wconf 83' lang='lat' dir='ltr'><strong>Pyrrho,</strong></span> <span class='ocrx_word' id='word_1_648' title='bbox 2556 4226 2746 4291; x_wconf 74' lang='lat' dir='ltr'><strong>Sicilia</strong></span> <span class='ocrx_word' id='word_1_649' title='bbox 2769 4249 2943 4297; x_wconf 72' lang='lat' dir='ltr'><strong>sacra,</strong></span> <span class='ocrx_word' id='word_1_650' title='bbox 2969 4240 3099 4283; x_wconf 90' lang='lat' dir='ltr'><strong>tom.</strong></span> <span class='ocrx_word' id='word_1_651' title='bbox 3123 4229 3281 4295; x_wconf 91' lang='lat' dir='ltr'><strong>|,col.</strong></span> <span class='ocrx_word' id='word_1_652' title='bbox 3304 4226 3422 4294; x_wconf 64' lang='grc' dir='ltr'><strong>ται</strong></span> 
     </span>
    </p>
   </div>
   <div class='ocr_carea' id='block_1_105' title="bbox 1931 4315 3422 4399">
    <p class='ocr_par' dir='ltr' id='par_1_105' title="bbox 1931 4315 3422 4399">
     <span class='ocr_line' id='line_1_106' title="bbox 1931 4315 3422 4399; baseline -0.016 -9"><span class='ocrx_word' id='word_1_653' title='bbox 1931 4335 2235 4389; x_wconf 69' lang='lat' dir='ltr'><strong>Gnscomcs</strong></span> <span class='ocrx_word' id='word_1_654' title='bbox 2276 4331 2585 4399; x_wconf 85' lang='lat' dir='ltr'><strong>episcopus,</strong></span> <span class='ocrx_word' id='word_1_655' title='bbox 2622 4339 2811 4381; x_wconf 89' lang='lat' dir='ltr'><strong>servus</strong></span> <span class='ocrx_word' id='word_1_656' title='bbox 2853 4334 3130 4375; x_wconf 90' lang='lat' dir='ltr'><strong>servorum</strong></span> <span class='ocrx_word' id='word_1_657' title='bbox 3184 4315 3297 4380; x_wconf 90' lang='lat' dir='ltr'><strong>Dei,</strong></span> <span class='ocrx_word' id='word_1_658' title='bbox 3337 4315 3422 4367; x_wconf 82' lang='lat' dir='ltr'><strong>di-</strong></span> 
     </span>
    </p>
   </div>
   <div class='ocr_carea' id='block_1_106' title="bbox 1863 4401 3421 4483">
    <p class='ocr_par' dir='ltr' id='par_1_106' title="bbox 1863 4401 3421 4483">
     <span class='ocr_line' id='line_1_107' title="bbox 1863 4401 3421 4483; baseline -0.019 -2"><span class='ocrx_word' id='word_1_659' title='bbox 1863 4430 2001 4483; x_wconf 79' lang='lat' dir='ltr'><strong>lecto</strong></span> <span class='ocrx_word' id='word_1_660' title='bbox 2033 4426 2085 4477; x_wconf 90' lang='lat' dir='ltr'><strong>in</strong></span> <span class='ocrx_word' id='word_1_661' title='bbox 2110 4424 2326 4477; x_wconf 85' lang='lat' dir='ltr'><strong>Christo</strong></span> <span class='ocrx_word' id='word_1_662' title='bbox 2350 4419 2501 4473; x_wconf 77' lang='lat' dir='ltr'><strong>fratri</strong></span> <span class='ocrx_word' id='word_1_663' title='bbox 2527 4418 2816 4478; x_wconf 69' lang='lat' dir='ltr'><strong>Accusare,</strong></span> <span class='ocrx_word' id='word_1_664' title='bbox 2838 4409 3223 4465; x_wconf 85' lang='lat' dir='ltr'><strong>Panormitano</strong></span> <span class='ocrx_word' id='word_1_665' title='bbox 3242 4401 3421 4457; x_wconf 89' lang='lat' dir='ltr'><strong>archi-</strong></span> 
     </span>
    </p>
   </div>
   <div class='ocr_carea' id='block_1_107' title="bbox 1796 4508 2407 4586">
    <p class='ocr_par' dir='ltr' id='par_1_107' title="bbox 1796 4508 2407 4586">
     <span class='ocr_line' id='line_1_108' title="bbox 1796 4508 2407 4586; baseline -0.021 -13"><span class='ocrx_word' id='word_1_666' title='bbox 1796 4508 1838 4561; x_wconf 79' lang='grc' dir='ltr'><strong>Ι)</strong></span> <span class='ocrx_word' id='word_1_667' title='bbox 1864 4517 2135 4586; x_wconf 89' lang='lat' dir='ltr'><strong>episc0po,</strong></span> <span class='ocrx_word' id='word_1_668' title='bbox 2162 4512 2407 4565; x_wconf 91' lang='lat' dir='ltr'><strong>salutem.</strong></span> 
     </span>
    </p>
   </div>
   <div class='ocr_carea' id='block_1_108' title="bbox 1940 4562 3425 4649">
    <p class='ocr_par' dir='ltr' id='par_1_108' title="bbox 1940 4562 3425 4649">
     <span class='ocr_line' id='line_1_109' title="bbox 1940 4562 3425 4649; baseline -0.018 -5"><span class='ocrx_word' id='word_1_669' title='bbox 2198 4562 2353 4641; x_wconf 79' lang='lat' dir='ltr'><strong>sedis</strong></span> <span class='ocrx_word' id='word_1_670' title='bbox 2374 4579 2702 4649; x_wconf 62' lang='lat' dir='ltr'><strong>apostolicae,</strong></span> <span class='ocrx_word' id='word_1_671' title='bbox 2721 4574 2899 4643; x_wconf 87' lang='lat' dir='ltr'><strong>cujus,</strong></span> <span class='ocrx_word' id='word_1_672' title='bbox 2925 4572 3051 4624; x_wconf 80' lang='lat' dir='ltr'><strong>licet</strong></span> <span class='ocrx_word' id='word_1_673' title='bbox 3074 4567 3300 4637; x_wconf 89' lang='lat' dir='ltr'><strong>indigni,</strong></span> <span class='ocrx_word' id='word_1_674' title='bbox 3330 4562 3425 4621; x_wconf 59' lang='lat' dir='ltr'><strong>cui</strong></span> 
     </span>
    </p>
   </div>
   <div class='ocr_carea' id='block_1_109' title="bbox 1864 4658 3425 4749">
    <p class='ocr_par' dir='ltr' id='par_1_109' title="bbox 1864 4658 3425 4749">
     <span class='ocr_line' id='line_1_110' title="bbox 1864 4658 3425 4749; baseline -0.019 -13"><span class='ocrx_word' id='word_1_675' title='bbox 1864 4698 1980 4736; x_wconf 89' lang='lat' dir='ltr'><strong>ram</strong></span> <span class='ocrx_word' id='word_1_676' title='bbox 2004 4680 2262 4749; x_wconf 79' lang='lat' dir='ltr'><strong>gerimus,</strong></span> <span class='ocrx_word' id='word_1_677' title='bbox 2288 4668 2738 4739; x_wconf 87' lang='lat' dir='ltr'><strong>contemplatione</strong></span> <span class='ocrx_word' id='word_1_678' title='bbox 2778 4679 3061 4719; x_wconf 88' lang='lat' dir='ltr'><strong>monemur</strong></span> <span class='ocrx_word' id='word_1_679' title='bbox 3085 4669 3144 4714; x_wconf 92' lang='lat' dir='ltr'><strong>ut</strong></span> <span class='ocrx_word' id='word_1_680' title='bbox 3174 4658 3425 4713; x_wconf 87' lang='lat' dir='ltr'><strong>omnibus</strong></span> 
     </span>
    </p>
   </div>
   <div class='ocr_carea' id='block_1_110' title="bbox 1866 4743 3425 4831">
    <p class='ocr_par' dir='ltr' id='par_1_110' title="bbox 1866 4743 3425 4831">
     <span class='ocr_line' id='line_1_111' title="bbox 1866 4743 3425 4831; baseline -0.019 -8"><span class='ocrx_word' id='word_1_681' title='bbox 1866 4769 2036 4824; x_wconf 89' lang='lat' dir='ltr'><strong>sacris</strong></span> <span class='ocrx_word' id='word_1_682' title='bbox 2061 4764 2344 4827; x_wconf 84' lang='lat' dir='ltr'><strong>Ecclesiis,</strong></span> <span class='ocrx_word' id='word_1_683' title='bbox 2374 4776 2495 4831; x_wconf 74' lang='lat' dir='ltr'><strong>quae</strong></span> <span class='ocrx_word' id='word_1_684' title='bbox 2525 4756 2737 4812; x_wconf 90' lang='lat' dir='ltr'><strong>defendi</strong></span> <span class='ocrx_word' id='word_1_685' title='bbox 2783 4770 2879 4811; x_wconf 89' lang='lat' dir='ltr'><strong>seu</strong></span> <span class='ocrx_word' id='word_1_686' title='bbox 2928 4747 3171 4806; x_wconf 87' lang='lat' dir='ltr'><strong>roborari</strong></span> <span class='ocrx_word' id='word_1_687' title='bbox 3224 4743 3425 4797; x_wconf 78' lang='lat' dir='ltr'><strong>nostra:</strong></span> 
     </span>
    </p>
   </div>
   <div class='ocr_carea' id='block_1_111' title="bbox 1866 4839 3421 4924">
    <p class='ocr_par' dir='ltr' id='par_1_111' title="bbox 1866 4839 3421 4924">
     <span class='ocr_line' id='line_1_112' title="bbox 1866 4839 3421 4924; baseline -0.018 -11"><span class='ocrx_word' id='word_1_688' title='bbox 1866 4857 2203 4914; x_wconf 85' lang='lat' dir='ltr'><strong>auctoritatis</strong></span> <span class='ocrx_word' id='word_1_689' title='bbox 2229 4853 2518 4924; x_wconf 85' lang='lat' dir='ltr'><strong>privilegiis</strong></span> <span class='ocrx_word' id='word_1_690' title='bbox 2562 4853 2847 4917; x_wconf 78' lang='lat' dir='ltr'><strong>expetunt,</strong></span> <span class='ocrx_word' id='word_1_691' title='bbox 2886 4856 3006 4902; x_wconf 89' lang='lat' dir='ltr'><strong>nos,</strong></span> <span class='ocrx_word' id='word_1_692' title='bbox 3049 4839 3101 4890; x_wconf 91' lang='lat' dir='ltr'><strong>in</strong></span> <span class='ocrx_word' id='word_1_693' title='bbox 3158 4842 3421 4903; x_wconf 87' lang='lat' dir='ltr'><strong>quantum</strong></span> 
     </span>
    </p>
   </div>
   <div class='ocr_carea' id='block_1_112' title="bbox 1867 4933 3423 5016">
    <p class='ocr_par' dir='ltr' id='par_1_112' title="bbox 1867 4933 3423 5016">
     <span class='ocr_line' id='line_1_113' title="bbox 1867 4933 3423 5016; baseline -0.019 -15"><span class='ocrx_word' id='word_1_694' title='bbox 1867 4946 2262 5016; x_wconf 82' lang='lat' dir='ltr'><strong>favetjustilia,</strong></span> <span class='ocrx_word' id='word_1_695' title='bbox 2299 4942 2524 4995; x_wconf 85' lang='lat' dir='ltr'><strong>libenter</strong></span> <span class='ocrx_word' id='word_1_696' title='bbox 2573 4946 2909 4995; x_wconf 87' lang='lat' dir='ltr'><strong>annuamus;</strong></span> <span class='ocrx_word' id='word_1_697' title='bbox 2958 4936 3013 4982; x_wconf 91' lang='lat' dir='ltr'><strong>ct</strong></span> <span class='ocrx_word' id='word_1_698' title='bbox 3038 4940 3225 4980; x_wconf 89' lang='lat' dir='ltr'><strong>earum</strong></span> <span class='ocrx_word' id='word_1_699' title='bbox 3254 4933 3423 4978; x_wconf 81' lang='lat' dir='ltr'><strong>recto-</strong></span> 
     </span>
    </p>
   </div>
   <div class='ocr_carea' id='block_1_113' title="bbox 1867 5015 3428 5095">
    <p class='ocr_par' dir='ltr' id='par_1_113' title="bbox 1867 5015 3428 5095">
     <span class='ocr_line' id='line_1_114' title="bbox 1867 5015 3428 5095; baseline -0.016 -3"><span class='ocrx_word' id='word_1_700' title='bbox 1867 5015 2035 5095; x_wconf 10' lang='lat' dir='ltr'><strong>ribusi</strong></span> <span class='ocrx_word' id='word_1_701' title='bbox 2065 5036 2332 5088; x_wconf 84' lang='lat' dir='ltr'><strong>bonorum</strong></span> <span class='ocrx_word' id='word_1_702' title='bbox 2395 5040 2617 5080; x_wconf 91' lang='lat' dir='ltr'><strong>suorum</strong></span> <span class='ocrx_word' id='word_1_703' title='bbox 2672 5020 2923 5092; x_wconf 87' lang='lat' dir='ltr'><strong>insignia,</strong></span> <span class='ocrx_word' id='word_1_704' title='bbox 2971 5033 3090 5088; x_wconf 69' lang='lat' dir='ltr'><strong>qua:</strong></span> <span class='ocrx_word' id='word_1_705' title='bbox 3130 5015 3428 5084; x_wconf 86' lang='lat' dir='ltr'><strong>antiquitus</strong></span> 
     </span>
    </p>
   </div>
   <div class='ocr_carea' id='block_1_114' title="bbox 1870 5106 3423 5183">
    <p class='ocr_par' dir='ltr' id='par_1_114' title="bbox 1870 5106 3423 5183">
     <span class='ocr_line' id='line_1_115' title="bbox 1870 5106 3423 5183; baseline -0.016 -3"><span class='ocrx_word' id='word_1_706' title='bbox 1870 5122 2168 5180; x_wconf 86' lang='lat' dir='ltr'><strong>obtinuisse</strong></span> <span class='ocrx_word' id='word_1_707' title='bbox 2201 5124 2523 5178; x_wconf 90' lang='lat' dir='ltr'><strong>noscuntur,</strong></span> <span class='ocrx_word' id='word_1_708' title='bbox 2555 5112 2978 5183; x_wconf 85' lang='lat' dir='ltr'><strong>requirentibus,</strong></span> <span class='ocrx_word' id='word_1_709' title='bbox 3017 5124 3111 5177; x_wconf 87' lang='lat' dir='ltr'><strong>per</strong></span> <span class='ocrx_word' id='word_1_710' title='bbox 3156 5123 3276 5166; x_wconf 86' lang='lat' dir='ltr'><strong>nos,</strong></span> <span class='ocrx_word' id='word_1_711' title='bbox 3312 5106 3423 5157; x_wconf 81' lang='lat' dir='ltr'><strong>lar—</strong></span> 
     </span>
    </p>
   </div>
   <div class='ocr_carea' id='block_1_115' title="bbox 1867 5191 3425 5284">
    <p class='ocr_par' dir='ltr' id='par_1_115' title="bbox 1867 5191 3425 5284">
     <span class='ocr_line' id='line_1_116' title="bbox 1867 5191 3425 5284; baseline -0.017 -17"><span class='ocrx_word' id='word_1_712' title='bbox 1867 5215 2043 5284; x_wconf 88' lang='lat' dir='ltr'><strong>giente</strong></span> <span class='ocrx_word' id='word_1_713' title='bbox 2080 5208 2329 5271; x_wconf 88' lang='lat' dir='ltr'><strong>Domino,</strong></span> <span class='ocrx_word' id='word_1_714' title='bbox 2355 5204 2569 5259; x_wconf 86' lang='lat' dir='ltr'><strong>facilius</strong></span> <span class='ocrx_word' id='word_1_715' title='bbox 2593 5201 2897 5279; x_wconf 59' lang='lat' dir='ltr'><strong>praebeatur</strong></span> <span class='ocrx_word' id='word_1_716' title='bbox 2926 5211 3202 5252; x_wconf 82' lang='lat' dir='ltr'><strong>assensus.</strong></span> <span class='ocrx_word' id='word_1_717' title='bbox 3230 5191 3425 5245; x_wconf 37' lang='lat' dir='ltr'><strong>I&#39;rzccis</strong></span> 
     </span>
    </p>
   </div>
   <div class='ocr_carea' id='block_1_116' title="bbox 1869 5274 3464 5374">
    <p class='ocr_par' dir='ltr' id='par_1_116' title="bbox 1869 5274 3464 5374">
     <span class='ocr_line' id='line_1_117' title="bbox 1869 5274 3464 5374; baseline -0.019 -17"><span class='ocrx_word' id='word_1_718' title='bbox 1869 5274 1971 5374; x_wconf 70' lang='lat' dir='ltr'><strong>pue</strong></span> <span class='ocrx_word' id='word_1_719' title='bbox 1996 5309 2173 5355; x_wconf 90' lang='lat' dir='ltr'><strong>tamen</strong></span> <span class='ocrx_word' id='word_1_720' title='bbox 2207 5304 2457 5367; x_wconf 89' lang='lat' dir='ltr'><strong>oportere</strong></span> <span class='ocrx_word' id='word_1_721' title='bbox 2491 5274 2820 5347; x_wconf 87' lang='lat' dir='ltr'><strong>arbitramur</strong></span> <span class='ocrx_word' id='word_1_722' title='bbox 2859 5297 2917 5341; x_wconf 92' lang='lat' dir='ltr'><strong>ut</strong></span> <span class='ocrx_word' id='word_1_723' title='bbox 2962 5286 3186 5345; x_wconf 86' lang='lat' dir='ltr'><strong>rudibus</strong></span> <span class='ocrx_word' id='word_1_724' title='bbox 3239 5280 3464 5333; x_wconf 55' lang='lat' dir='ltr'><strong>Eecle-w</strong></span> 
     </span>
    </p>
   </div>
   <div class='ocr_carea' id='block_1_117' title="bbox 1871 5366 3425 5457">
    <p class='ocr_par' dir='ltr' id='par_1_117' title="bbox 1871 5366 3425 5457">
     <span class='ocr_line' id='line_1_118' title="bbox 1871 5366 3425 5457; baseline -0.021 -9"><span class='ocrx_word' id='word_1_725' title='bbox 1871 5393 1995 5457; x_wconf 85' lang='lat' dir='ltr'><strong>siis,</strong></span> <span class='ocrx_word' id='word_1_726' title='bbox 2026 5391 2231 5445; x_wconf 89' lang='lat' dir='ltr'><strong>scilicet</strong></span> <span class='ocrx_word' id='word_1_727' title='bbox 2270 5385 2480 5441; x_wconf 82' lang='lat' dir='ltr'><strong>noviter</strong></span> <span class='ocrx_word' id='word_1_728' title='bbox 2531 5382 2597 5436; x_wconf 90' lang='lat' dir='ltr'><strong>ad</strong></span> <span class='ocrx_word' id='word_1_729' title='bbox 2643 5379 2799 5434; x_wconf 88' lang='lat' dir='ltr'><strong>ﬁdem</strong></span> <span class='ocrx_word' id='word_1_730' title='bbox 2836 5375 2919 5456; x_wconf 75' lang='lat' dir='ltr'><strong>vel</strong></span> <span class='ocrx_word' id='word_1_731' title='bbox 2954 5369 3292 5425; x_wconf 88' lang='lat' dir='ltr'><strong>venientibus</strong></span> <span class='ocrx_word' id='word_1_732' title='bbox 3343 5366 3425 5417; x_wconf 69' lang='lat' dir='ltr'><strong>vel</strong></span> 
     </span>
    </p>
   </div>
   <div class='ocr_carea' id='block_1_118' title="bbox 1870 5449 3424 5541">
    <p class='ocr_par' dir='ltr' id='par_1_118' title="bbox 1870 5449 3424 5541">
     <span class='ocr_line' id='line_1_119' title="bbox 1870 5449 3424 5541; baseline -0.02 -5"><span class='ocrx_word' id='word_1_733' title='bbox 1870 5479 2237 5541; x_wconf 84' lang='lat' dir='ltr'><strong>redeuntibus,</strong></span> <span class='ocrx_word' id='word_1_734' title='bbox 2272 5473 2445 5529; x_wconf 88' lang='lat' dir='ltr'><strong>nostri</strong></span> <span class='ocrx_word' id='word_1_735' title='bbox 2491 5469 2693 5525; x_wconf 84' lang='lat' dir='ltr'><strong>favoris</strong></span> <span class='ocrx_word' id='word_1_736' title='bbox 2726 5449 2996 5541; x_wconf 75' lang='lat' dir='ltr'><strong>ﬁduciam,</strong></span> <span class='ocrx_word' id='word_1_737' title='bbox 3045 5467 3100 5512; x_wconf 88' lang='lat' dir='ltr'><strong>et</strong></span> <span class='ocrx_word' id='word_1_738' title='bbox 3143 5455 3424 5541; x_wconf 77' lang='lat' dir='ltr'><strong>apostolici</strong></span> 
     </span>
    </p>
   </div>
   <div class='ocr_carea' id='block_1_119' title="bbox 1870 5532 3428 5629">
    <p class='ocr_par' dir='ltr' id='par_1_119' title="bbox 1870 5532 3428 5629">
     <span class='ocr_line' id='line_1_120' title="bbox 1870 5532 3428 5629; baseline -0.018 -5"><span class='ocrx_word' id='word_1_739' title='bbox 1870 5564 2206 5629; x_wconf 85' lang='lat' dir='ltr'><strong>muniminis,</strong></span> <span class='ocrx_word' id='word_1_740' title='bbox 2265 5565 2554 5617; x_wconf 81' lang='lat' dir='ltr'><strong>miserante</strong></span> <span class='ocrx_word' id='word_1_741' title='bbox 2598 5538 2844 5619; x_wconf 77' lang='lat' dir='ltr'><strong>Domino,</strong></span> <span class='ocrx_word' id='word_1_742' title='bbox 2893 5546 3128 5618; x_wconf 71' lang='lat' dir='ltr'><strong>perﬁdia:</strong></span> <span class='ocrx_word' id='word_1_743' title='bbox 3176 5532 3428 5607; x_wconf 70' lang='lat' dir='ltr'><strong>tenebras</strong></span> 
     </span>
    </p>
   </div>
   <div class='ocr_carea' id='block_1_120' title="bbox 2986 5654 3393 5722">
    <p class='ocr_par' dir='ltr' id='par_1_120' title="bbox 2986 5654 3393 5722">
     <span class='ocr_line' id='line_1_121' title="bbox 2986 5654 3393 5722; baseline -0.007 -12"><span class='ocrx_word' id='word_1_744' title='bbox 2986 5676 3068 5722; x_wconf 74' lang='lat' dir='ltr'><strong>ag.</strong></span> <span class='ocrx_word' id='word_1_745' title='bbox 3131 5656 3254 5718; x_wconf 77' lang='grc'><strong>871,</strong></span> <span class='ocrx_word' id='word_1_746' title='bbox 3291 5654 3393 5707; x_wconf 63' lang='grc'><strong>874</strong></span> 
     </span>
    </p>
   </div>
  </div>
