  <div class='ocr_page' id='page_1' title='image "/cluster/home/n/w/nwhite01/storage/ocr_20150623/148/uva.x000829792/359.png"; bbox 0 0 3952 6428; ppageno 0'>
   <div class='ocr_carea' id='block_1_1' title="bbox 472 535 609 589">
    <p class='ocr_par' dir='ltr' id='par_1_1' title="bbox 472 535 609 589">
     <span class='ocr_line' id='line_1_1' title="bbox 472 535 609 589; baseline 0 0"><span class='ocrx_word' id='word_1_1' title='bbox 472 535 578 589; x_wconf 77' lang='lat'><strong>703</strong></span> <span class='ocrx_word' id='word_1_2' title='bbox 606 566 609 567; x_wconf 53' lang='grc' dir='ltr'><em>ν</em></span> 
     </span>
    </p>
   </div>
   <div class='ocr_carea' id='block_1_2' title="bbox 1377 511 2798 580">
    <p class='ocr_par' dir='ltr' id='par_1_2' title="bbox 1377 511 2798 580">
     <span class='ocr_line' id='line_1_2' title="bbox 1377 511 2798 580; baseline -0.008 -1"><span class='ocrx_word' id='word_1_3' title='bbox 1377 516 1437 579; x_wconf 54' lang='grc'><strong>’8.</strong></span> <span class='ocrx_word' id='word_1_4' title='bbox 1478 521 1799 580; x_wconf 77' lang='lat' dir='ltr'><strong>GREGORII</strong></span> <span class='ocrx_word' id='word_1_5' title='bbox 1838 521 1929 575; x_wconf 67' lang='grc' dir='ltr'>γη</span> <span class='ocrx_word' id='word_1_6' title='bbox 1961 519 2166 575; x_wconf 72' lang='grc' dir='ltr'><strong>ΡΑΡῶ</strong></span> <span class='ocrx_word' id='word_1_7' title='bbox 2206 516 2484 574; x_wconf 73' lang='lat' dir='ltr'><strong>OPERUM</strong></span> <span class='ocrx_word' id='word_1_8' title='bbox 2525 513 2703 571; x_wconf 76' lang='lat' dir='ltr'><strong>PARS</strong></span> <span class='ocrx_word' id='word_1_9' title='bbox 2737 511 2798 568; x_wconf 86' lang='lat' dir='ltr'><strong>ll.</strong></span> 
     </span>
    </p>
   </div>
   <div class='ocr_carea' id='block_1_3' title="bbox 3576 512 3692 561">
    <p class='ocr_par' dir='ltr' id='par_1_3' title="bbox 3576 512 3692 561">
     <span class='ocr_line' id='line_1_3' title="bbox 3576 512 3692 561; baseline 0.069 -9"><span class='ocrx_word' id='word_1_10' title='bbox 3576 512 3692 561; x_wconf 72' lang='grc' dir='ltr'><strong>τω</strong></span> 
     </span>
    </p>
   </div>
   <div class='ocr_carea' id='block_1_4' title="bbox 469 621 3690 729">
    <p class='ocr_par' dir='ltr' id='par_1_4' title="bbox 469 621 3690 729">
     <span class='ocr_line' id='line_1_4' title="bbox 469 621 3690 729; baseline -0.009 -9"><span class='ocrx_word' id='word_1_11' title='bbox 469 680 534 720; x_wconf 78' lang='lat' dir='ltr'><strong>ac</strong></span> <span class='ocrx_word' id='word_1_12' title='bbox 581 663 780 719; x_wconf 77' lang='lat' dir='ltr'><strong>erroris</strong></span> <span class='ocrx_word' id='word_1_13' title='bbox 830 662 1050 729; x_wconf 81' lang='lat' dir='ltr'><strong>laqueos</strong></span> <span class='ocrx_word' id='word_1_14' title='bbox 1091 648 1401 721; x_wconf 78' lang='lat' dir='ltr'><strong>evaserunt,</strong></span> <span class='ocrx_word' id='word_1_15' title='bbox 1455 657 1643 710; x_wconf 87' lang='lat' dir='ltr'><strong>eodem</strong></span> <span class='ocrx_word' id='word_1_16' title='bbox 1696 657 1917 724; x_wconf 89' lang='lat' dir='ltr'><strong>juvante</strong></span> <span class='ocrx_word' id='word_1_17' title='bbox 1966 655 2019 707; x_wconf 89' lang='lat' dir='ltr'><strong>in</strong></span> <span class='ocrx_word' id='word_1_18' title='bbox 2053 636 2093 691; x_wconf 68' lang='grc' dir='ltr'><strong>Α</strong></span> <span class='ocrx_word' id='word_1_19' title='bbox 2120 634 2227 688; x_wconf 64' lang='lat' dir='ltr'><strong>mis</strong></span> <span class='ocrx_word' id='word_1_20' title='bbox 2261 635 2372 729; x_wconf 53' lang='lat' dir='ltr'><strong>5m}</strong></span> <span class='ocrx_word' id='word_1_21' title='bbox 2402 631 2574 729; x_wconf 52' lang='grc' dir='ltr'><strong>ῖίξξξηθ</strong></span> <span class='ocrx_word' id='word_1_22' title='bbox 2605 638 2660 685; x_wconf 72' lang='grc' dir='ltr'>εί</span> <span class='ocrx_word' id='word_1_23' title='bbox 2694 627 2897 729; x_wconf 51' lang='lat' dir='ltr'><strong>Tegula.</strong></span> <span class='ocrx_word' id='word_1_24' title='bbox 2931 634 2991 729; x_wconf 31' lang='lat' dir='ltr'><strong>“Ol.</strong></span> <span class='ocrx_word' id='word_1_25' title='bbox 3096 623 3225 729; x_wconf 63' lang='grc' dir='ltr'><strong>ίιξιίά</strong></span> <span class='ocrx_word' id='word_1_26' title='bbox 3268 622 3322 729; x_wconf 51' lang='lat' dir='ltr'><strong>ill</strong></span> <span class='ocrx_word' id='word_1_27' title='bbox 3352 621 3525 729; x_wconf 59' lang='grc' dir='ltr'><strong>⁸ίῇδί</strong></span> 
     </span>
    </p>
   </div>
   <div class='ocr_carea' id='block_1_5' title="bbox 471 743 2025 817">
    <p class='ocr_par' dir='ltr' id='par_1_5' title="bbox 471 743 2025 817">
     <span class='ocr_line' id='line_1_5' title="bbox 471 743 2025 817; baseline -0.008 -11"><span class='ocrx_word' id='word_1_28' title='bbox 471 753 790 807; x_wconf 72' lang='lat' dir='ltr'><strong>Christiana:</strong></span> <span class='ocrx_word' id='word_1_29' title='bbox 808 749 929 803; x_wconf 85' lang='lat' dir='ltr'><strong>fidei</strong></span> <span class='ocrx_word' id='word_1_30' title='bbox 955 748 1138 817; x_wconf 84' lang='lat' dir='ltr'><strong>vigore</strong></span> <span class='ocrx_word' id='word_1_31' title='bbox 1160 761 1221 799; x_wconf 88' lang='lat' dir='ltr'><strong>ac</strong></span> <span class='ocrx_word' id='word_1_32' title='bbox 1246 744 1521 814; x_wconf 78' lang='lat' dir='ltr'><strong>religionis</strong></span> <span class='ocrx_word' id='word_1_33' title='bbox 1549 743 1899 812; x_wconf 87' lang='lat' dir='ltr'><strong>amplitudine</strong></span> <span class='ocrx_word' id='word_1_34' title='bbox 1931 757 2025 810; x_wconf 89' lang='lat' dir='ltr'><strong>per</strong></span> 
     </span>
    </p>
   </div>
   <div class='ocr_carea' id='block_1_6' title="bbox 473 832 2025 906">
    <p class='ocr_par' dir='ltr' id='par_1_6' title="bbox 473 832 2025 906">
     <span class='ocr_line' id='line_1_6' title="bbox 473 832 2025 906; baseline -0.007 -12"><span class='ocrx_word' id='word_1_35' title='bbox 473 850 669 894; x_wconf 73' lang='lat' dir='ltr'><strong>nostra:</strong></span> <span class='ocrx_word' id='word_1_36' title='bbox 695 835 1042 906; x_wconf 74' lang='lat' dir='ltr'><strong>benignitatis</strong></span> <span class='ocrx_word' id='word_1_37' title='bbox 1060 834 1295 889; x_wconf 88' lang='lat' dir='ltr'><strong>studium</strong></span> <span class='ocrx_word' id='word_1_38' title='bbox 1316 875 1329 899; x_wconf 91' lang='lat'><strong>,</strong></span> <span class='ocrx_word' id='word_1_39' title='bbox 1352 848 1413 886; x_wconf 89' lang='lat' dir='ltr'><strong>ac</strong></span> <span class='ocrx_word' id='word_1_40' title='bbox 1430 833 1674 886; x_wconf 91' lang='lat' dir='ltr'><strong>tuitionis</strong></span> <span class='ocrx_word' id='word_1_41' title='bbox 1696 832 2025 899; x_wconf 52' lang='lat' dir='ltr'><strong>adjutorium</strong></span> 
     </span>
    </p>
   </div>
   <div class='ocr_carea' id='block_1_7' title="bbox 474 918 2027 997">
    <p class='ocr_par' dir='ltr' id='par_1_7' title="bbox 474 918 2027 997">
     <span class='ocr_line' id='line_1_7' title="bbox 474 918 2027 997; baseline -0.008 -14"><span class='ocrx_word' id='word_1_42' title='bbox 474 928 645 997; x_wconf 86' lang='lat' dir='ltr'><strong>magis</strong></span> <span class='ocrx_word' id='word_1_43' title='bbox 696 940 759 979; x_wconf 93' lang='lat' dir='ltr'><strong>ac</strong></span> <span class='ocrx_word' id='word_1_44' title='bbox 797 923 967 992; x_wconf 88' lang='lat' dir='ltr'><strong>magis</strong></span> <span class='ocrx_word' id='word_1_45' title='bbox 1020 935 1328 975; x_wconf 78' lang='lat' dir='ltr'><strong>cxcrcscere</strong></span> <span class='ocrx_word' id='word_1_46' title='bbox 1373 920 1584 974; x_wconf 80' lang='lat' dir='ltr'><strong>valeant</strong></span> <span class='ocrx_word' id='word_1_47' title='bbox 1622 919 1789 989; x_wconf 73' lang='lat' dir='ltr'><strong>(M7).</strong></span> <span class='ocrx_word' id='word_1_48' title='bbox 1826 918 2027 983; x_wconf 82' lang='lat' dir='ltr'><strong>Quam—</strong></span> 
     </span>
    </p>
   </div>
   <div class='ocr_carea' id='block_1_8' title="bbox 475 1008 2025 1080">
    <p class='ocr_par' dir='ltr' id='par_1_8' title="bbox 475 1008 2025 1080">
     <span class='ocr_line' id='line_1_8' title="bbox 475 1008 2025 1080; baseline -0.007 -8"><span class='ocrx_word' id='word_1_49' title='bbox 475 1020 683 1080; x_wconf 83' lang='lat' dir='ltr'><strong>obrem,</strong></span> <span class='ocrx_word' id='word_1_50' title='bbox 716 1013 1035 1070; x_wconf 85' lang='lat' dir='ltr'><strong>ebarissime</strong></span> <span class='ocrx_word' id='word_1_51' title='bbox 1072 1010 1237 1065; x_wconf 92' lang='lat' dir='ltr'><strong>frater</strong></span> <span class='ocrx_word' id='word_1_52' title='bbox 1285 1010 1537 1076; x_wconf 81' lang='lat' dir='ltr'><strong>Alcberi,</strong></span> <span class='ocrx_word' id='word_1_53' title='bbox 1587 1008 2025 1064; x_wconf 82' lang='lat' dir='ltr'><strong>Panormitanam</strong></span> 
     </span>
    </p>
   </div>
   <div class='ocr_carea' id='block_1_9' title="bbox 417 1090 2030 1169">
    <p class='ocr_par' dir='ltr' id='par_1_9' title="bbox 417 1090 2030 1169">
     <span class='ocr_line' id='line_1_9' title="bbox 417 1090 2030 1169; baseline -0.006 -10"><span class='ocrx_word' id='word_1_54' title='bbox 417 1090 432 1103; x_wconf 72' lang='grc'><em>’</em></span> <span class='ocrx_word' id='word_1_55' title='bbox 478 1106 772 1162; x_wconf 83' lang='lat' dir='ltr'><strong>Ecclesiam</strong></span> <span class='ocrx_word' id='word_1_56' title='bbox 801 1103 886 1158; x_wconf 91' lang='lat' dir='ltr'><strong>cui</strong></span> <span class='ocrx_word' id='word_1_57' title='bbox 917 1110 993 1167; x_wconf 88' lang='lat' dir='ltr'><strong>tu,</strong></span> <span class='ocrx_word' id='word_1_58' title='bbox 1018 1101 1248 1154; x_wconf 82' lang='lat' dir='ltr'><strong>Domino</strong></span> <span class='ocrx_word' id='word_1_59' title='bbox 1294 1110 1531 1166; x_wconf 89' lang='lat' dir='ltr'><strong>auctore,</strong></span> <span class='ocrx_word' id='word_1_60' title='bbox 1569 1115 1800 1169; x_wconf 72' lang='lat' dir='ltr'><strong>prmesse</strong></span> <span class='ocrx_word' id='word_1_61' title='bbox 1840 1100 2030 1168; x_wconf 88' lang='lat' dir='ltr'><strong>digno-</strong></span> 
     </span>
    </p>
   </div>
   <div class='ocr_carea' id='block_1_10' title="bbox 478 1187 2031 1261">
    <p class='ocr_par' dir='ltr' id='par_1_10' title="bbox 478 1187 2031 1261">
     <span class='ocr_line' id='line_1_10' title="bbox 478 1187 2031 1261; baseline -0.007 -12"><span class='ocrx_word' id='word_1_62' title='bbox 478 1195 672 1258; x_wconf 82' lang='lat' dir='ltr'><strong>seeris,</strong></span> <span class='ocrx_word' id='word_1_63' title='bbox 701 1209 820 1261; x_wconf 70' lang='lat' dir='ltr'><strong>qua:</strong></span> <span class='ocrx_word' id='word_1_64' title='bbox 844 1188 1110 1261; x_wconf 88' lang='lat' dir='ltr'><strong>quondam</strong></span> <span class='ocrx_word' id='word_1_65' title='bbox 1136 1190 1331 1243; x_wconf 79' lang='lat' dir='ltr'><strong>nobilis</strong></span> <span class='ocrx_word' id='word_1_66' title='bbox 1357 1197 1409 1242; x_wconf 88' lang='lat' dir='ltr'><strong>et</strong></span> <span class='ocrx_word' id='word_1_67' title='bbox 1430 1188 1636 1242; x_wconf 85' lang='lat' dir='ltr'><strong>famosa</strong></span> <span class='ocrx_word' id='word_1_68' title='bbox 1652 1230 1666 1255; x_wconf 93' lang='lat'><strong>,</strong></span> <span class='ocrx_word' id='word_1_69' title='bbox 1690 1187 2031 1257; x_wconf 81' lang='lat' dir='ltr'><strong>postmodum</strong></span> 
     </span>
    </p>
   </div>
   <div class='ocr_carea' id='block_1_11' title="bbox 478 1278 2032 1355">
    <p class='ocr_par' dir='ltr' id='par_1_11' title="bbox 478 1278 2032 1355">
     <span class='ocr_line' id='line_1_11' title="bbox 478 1278 2032 1355; baseline -0.008 -14"><span class='ocrx_word' id='word_1_70' title='bbox 478 1284 709 1355; x_wconf 80' lang='lat' dir='ltr'><strong>peccatis</strong></span> <span class='ocrx_word' id='word_1_71' title='bbox 754 1282 1088 1351; x_wconf 79' lang='lat' dir='ltr'><strong>exigentibus</strong></span> <span class='ocrx_word' id='word_1_72' title='bbox 1138 1281 1191 1332; x_wconf 91' lang='lat' dir='ltr'><strong>in</strong></span> <span class='ocrx_word' id='word_1_73' title='bbox 1242 1278 1663 1332; x_wconf 82' lang='lat' dir='ltr'><strong>Sarracenorum</strong></span> <span class='ocrx_word' id='word_1_74' title='bbox 1694 1285 2032 1346; x_wconf 83' lang='lat' dir='ltr'><strong>potestatem</strong></span> 
     </span>
    </p>
   </div>
   <div class='ocr_carea' id='block_1_12' title="bbox 479 1364 2033 1442">
    <p class='ocr_par' dir='ltr' id='par_1_12' title="bbox 479 1364 2033 1442">
     <span class='ocr_line' id='line_1_12' title="bbox 479 1364 2033 1442; baseline -0.006 -17"><span class='ocrx_word' id='word_1_75' title='bbox 479 1371 862 1442; x_wconf 84' lang='lat' dir='ltr'><strong>perfidiamque</strong></span> <span class='ocrx_word' id='word_1_76' title='bbox 895 1370 1128 1433; x_wconf 85' lang='lat' dir='ltr'><strong>redacta,</strong></span> <span class='ocrx_word' id='word_1_77' title='bbox 1154 1383 1297 1420; x_wconf 91' lang='lat' dir='ltr'><strong>nunc</strong></span> <span class='ocrx_word' id='word_1_78' title='bbox 1326 1381 1512 1419; x_wconf 78' lang='lat' dir='ltr'><strong>revera</strong></span> <span class='ocrx_word' id='word_1_79' title='bbox 1553 1366 1619 1418; x_wconf 89' lang='lat' dir='ltr'><strong>ad</strong></span> <span class='ocrx_word' id='word_1_80' title='bbox 1658 1364 2033 1437; x_wconf 77' lang='lat' dir='ltr'><strong>_Clxristianam</strong></span> 
     </span>
    </p>
   </div>
   <div class='ocr_carea' id='block_1_13' title="bbox 482 1454 2035 1526">
    <p class='ocr_par' dir='ltr' id='par_1_13' title="bbox 482 1454 2035 1526">
     <span class='ocr_line' id='line_1_13' title="bbox 482 1454 2035 1526; baseline -0.006 -10"><span class='ocrx_word' id='word_1_81' title='bbox 482 1464 638 1516; x_wconf 80' lang='lat' dir='ltr'><strong>fidem</strong></span> <span class='ocrx_word' id='word_1_82' title='bbox 675 1462 857 1514; x_wconf 88' lang='lat' dir='ltr'><strong>labore</strong></span> <span class='ocrx_word' id='word_1_83' title='bbox 875 1461 959 1513; x_wconf 89' lang='lat' dir='ltr'><strong>vel</strong></span> <span class='ocrx_word' id='word_1_84' title='bbox 991 1460 1249 1512; x_wconf 83' lang='lat' dir='ltr'><strong>instantia</strong></span> <span class='ocrx_word' id='word_1_85' title='bbox 1280 1457 1374 1511; x_wconf 80' lang='lat' dir='ltr'><strong>lilii</strong></span> <span class='ocrx_word' id='word_1_86' title='bbox 1410 1456 1582 1511; x_wconf 89' lang='lat' dir='ltr'><strong>nostri</strong></span> <span class='ocrx_word' id='word_1_87' title='bbox 1628 1455 1848 1526; x_wconf 85' lang='lat' dir='ltr'><strong>gloriosi</strong></span> <span class='ocrx_word' id='word_1_88' title='bbox 1880 1454 2035 1509; x_wconf 89' lang='lat' dir='ltr'><strong>ducis</strong></span> 
     </span>
    </p>
   </div>
   <div class='ocr_carea' id='block_1_14' title="bbox 484 1548 2035 1614">
    <p class='ocr_par' dir='ltr' id='par_1_14' title="bbox 484 1548 2035 1614">
     <span class='ocr_line' id='line_1_14' title="bbox 484 1548 2035 1614; baseline -0.005 -11"><span class='ocrx_word' id='word_1_89' title='bbox 484 1549 724 1610; x_wconf 80' lang='lat' dir='ltr'><strong>Roberti,</strong></span> <span class='ocrx_word' id='word_1_90' title='bbox 750 1548 979 1601; x_wconf 77' lang='lat' dir='ltr'><strong>Domino</strong></span> <span class='ocrx_word' id='word_1_91' title='bbox 1009 1548 1281 1610; x_wconf 85' lang='lat' dir='ltr'><strong>innuente,</strong></span> <span class='ocrx_word' id='word_1_92' title='bbox 1307 1560 1565 1599; x_wconf 86' lang='lat' dir='ltr'><strong>conversa</strong></span> <span class='ocrx_word' id='word_1_93' title='bbox 1592 1553 1701 1609; x_wconf 90' lang='lat' dir='ltr'><strong>est,</strong></span> <span class='ocrx_word' id='word_1_94' title='bbox 1749 1552 1800 1597; x_wconf 89' lang='lat' dir='ltr'><strong>te</strong></span> <span class='ocrx_word' id='word_1_95' title='bbox 1851 1552 2035 1614; x_wconf 85' lang='lat' dir='ltr'><strong>postu-</strong></span> 
     </span>
    </p>
   </div>
   <div class='ocr_carea' id='block_1_15' title="bbox 480 1624 2037 1704">
    <p class='ocr_par' dir='ltr' id='par_1_15' title="bbox 480 1624 2037 1704">
     <span class='ocr_line' id='line_1_15' title="bbox 480 1624 2037 1704; baseline -0.004 -13"><span class='ocrx_word' id='word_1_96' title='bbox 480 1637 623 1692; x_wconf 80' lang='lat' dir='ltr'><strong>laute</strong></span> <span class='ocrx_word' id='word_1_97' title='bbox 675 1636 951 1704; x_wconf 86' lang='lat' dir='ltr'><strong>privilegio</strong></span> <span class='ocrx_word' id='word_1_98' title='bbox 985 1634 1290 1702; x_wconf 74' lang='lat' dir='ltr'><strong>apostolica:</strong></span> <span class='ocrx_word' id='word_1_99' title='bbox 1313 1633 1651 1687; x_wconf 88' lang='lat' dir='ltr'><strong>liberalitatis</strong></span> <span class='ocrx_word' id='word_1_100' title='bbox 1696 1624 1894 1695; x_wconf 70' lang='lat' dir='ltr'><strong>fulciri,</strong></span> <span class='ocrx_word' id='word_1_101' title='bbox 1938 1646 2037 1685; x_wconf 89' lang='lat' dir='ltr'><strong>nos</strong></span> 
     </span>
    </p>
   </div>
   <div class='ocr_carea' id='block_1_16' title="bbox 485 1718 2039 1795">
    <p class='ocr_par' dir='ltr' id='par_1_16' title="bbox 485 1718 2039 1795">
     <span class='ocr_line' id='line_1_16' title="bbox 485 1718 2039 1795; baseline -0.005 -15"><span class='ocrx_word' id='word_1_102' title='bbox 485 1734 594 1780; x_wconf 81' lang='lat' dir='ltr'><strong>tam</strong></span> <span class='ocrx_word' id='word_1_103' title='bbox 626 1727 787 1795; x_wconf 64' lang='lat' dir='ltr'><strong>justaa</strong></span> <span class='ocrx_word' id='word_1_104' title='bbox 844 1725 1117 1793; x_wconf 86' lang='lat' dir='ltr'><strong>petitionis</strong></span> <span class='ocrx_word' id='word_1_105' title='bbox 1160 1724 1355 1777; x_wconf 86' lang='lat' dir='ltr'><strong>intuitu</strong></span> <span class='ocrx_word' id='word_1_106' title='bbox 1402 1738 1563 1791; x_wconf 91' lang='lat' dir='ltr'><strong>quam</strong></span> <span class='ocrx_word' id='word_1_107' title='bbox 1612 1722 1779 1776; x_wconf 90' lang='lat' dir='ltr'><strong>etiam</strong></span> <span class='ocrx_word' id='word_1_108' title='bbox 1832 1718 2039 1789; x_wconf 67' lang='lat' dir='ltr'><strong>praefati</strong></span> 
     </span>
    </p>
   </div>
   <div class='ocr_carea' id='block_1_17' title="bbox 482 1816 2065 1884">
    <p class='ocr_par' dir='ltr' id='par_1_17' title="bbox 482 1816 2065 1884">
     <span class='ocr_line' id='line_1_17' title="bbox 482 1816 2065 1884; baseline -0.008 -11"><span class='ocrx_word' id='word_1_109' title='bbox 482 1818 638 1873; x_wconf 71' lang='lat' dir='ltr'><strong>ducis</strong></span> <span class='ocrx_word' id='word_1_110' title='bbox 668 1831 871 1879; x_wconf 90' lang='lat' dir='ltr'><strong>amore,</strong></span> <span class='ocrx_word' id='word_1_111' title='bbox 907 1831 1066 1883; x_wconf 85' lang='lat' dir='ltr'><strong>quem</strong></span> <span class='ocrx_word' id='word_1_112' title='bbox 1099 1816 1149 1869; x_wconf 89' lang='lat' dir='ltr'><strong>id</strong></span> <span class='ocrx_word' id='word_1_113' title='bbox 1186 1816 1388 1870; x_wconf 89' lang='lat' dir='ltr'><strong>scimus</strong></span> <span class='ocrx_word' id='word_1_114' title='bbox 1419 1824 1626 1884; x_wconf 87' lang='lat' dir='ltr'><strong>optare,</strong></span> <span class='ocrx_word' id='word_1_115' title='bbox 1669 1829 1885 1882; x_wconf 82' lang='lat' dir='ltr'><strong>cupere,</strong></span> <span class='ocrx_word' id='word_1_116' title='bbox 1919 1824 2065 1883; x_wconf 44' lang='grc' dir='ltr'><strong>ςγδι-η</strong></span> 
     </span>
    </p>
   </div>
   <div class='ocr_carea' id='block_1_18' title="bbox 486 1896 2041 1974">
    <p class='ocr_par' dir='ltr' id='par_1_18' title="bbox 486 1896 2041 1974">
     <span class='ocr_line' id='line_1_18' title="bbox 486 1896 2041 1974; baseline -0.003 -14"><span class='ocrx_word' id='word_1_117' title='bbox 486 1916 660 1961; x_wconf 88' lang='lat' dir='ltr'><strong>tanter</strong></span> <span class='ocrx_word' id='word_1_118' title='bbox 696 1906 1060 1970; x_wconf 84' lang='lat' dir='ltr'><strong>concedimus,</strong></span> <span class='ocrx_word' id='word_1_119' title='bbox 1086 1906 1371 1960; x_wconf 85' lang='lat' dir='ltr'><strong>tribuimus</strong></span> <span class='ocrx_word' id='word_1_120' title='bbox 1400 1896 1558 1974; x_wconf 88' lang='lat' dir='ltr'><strong>atque</strong></span> <span class='ocrx_word' id='word_1_121' title='bbox 1588 1898 1862 1974; x_wconf 81' lang='lat' dir='ltr'><strong>largimur.</strong></span> <span class='ocrx_word' id='word_1_122' title='bbox 1897 1906 2041 1972; x_wconf 83' lang='lat' dir='ltr'><strong>Apo—</strong></span> 
     </span>
    </p>
   </div>
   <div class='ocr_carea' id='block_1_19' title="bbox 486 1993 2041 2065">
    <p class='ocr_par' dir='ltr' id='par_1_19' title="bbox 486 1993 2041 2065">
     <span class='ocr_line' id='line_1_19' title="bbox 486 1993 2041 2065; baseline 0.001 -17"><span class='ocrx_word' id='word_1_123' title='bbox 486 1995 674 2050; x_wconf 85' lang='lat' dir='ltr'><strong>stoliea</strong></span> <span class='ocrx_word' id='word_1_124' title='bbox 705 1996 867 2065; x_wconf 80' lang='lat' dir='ltr'><strong>igitur</strong></span> <span class='ocrx_word' id='word_1_125' title='bbox 894 1996 1209 2049; x_wconf 83' lang='lat' dir='ltr'><strong>auctoritate</strong></span> <span class='ocrx_word' id='word_1_126' title='bbox 1237 1996 1621 2051; x_wconf 74' lang='lat' dir='ltr'><strong>confirmamus</strong></span> <span class='ocrx_word' id='word_1_127' title='bbox 1655 1997 1826 2050; x_wconf 88' lang='lat' dir='ltr'><strong>eidem</strong></span> <span class='ocrx_word' id='word_1_128' title='bbox 1859 1993 2041 2049; x_wconf 87' lang='lat' dir='ltr'><strong>Eccle-</strong></span> 
     </span>
    </p>
   </div>
   <div class='ocr_carea' id='block_1_20' title="bbox 487 2086 2041 2160">
    <p class='ocr_par' dir='ltr' id='par_1_20' title="bbox 487 2086 2041 2160">
     <span class='ocr_line' id='line_1_20' title="bbox 487 2086 2041 2160; baseline 0.002 -20"><span class='ocrx_word' id='word_1_129' title='bbox 487 2086 581 2140; x_wconf 69' lang='lat' dir='ltr'><strong>sia:</strong></span> <span class='ocrx_word' id='word_1_130' title='bbox 608 2096 661 2141; x_wconf 89' lang='lat' dir='ltr'><strong>et</strong></span> <span class='ocrx_word' id='word_1_131' title='bbox 694 2102 788 2155; x_wconf 88' lang='lat' dir='ltr'><strong>per</strong></span> <span class='ocrx_word' id='word_1_132' title='bbox 818 2103 937 2141; x_wconf 90' lang='lat' dir='ltr'><strong>eam</strong></span> <span class='ocrx_word' id='word_1_133' title='bbox 972 2088 1091 2152; x_wconf 87' lang='lat' dir='ltr'><strong>tibi,</strong></span> <span class='ocrx_word' id='word_1_134' title='bbox 1125 2088 1387 2157; x_wconf 82' lang='lat' dir='ltr'><strong>quidquid</strong></span> <span class='ocrx_word' id='word_1_135' title='bbox 1422 2088 1697 2160; x_wconf 89' lang='lat' dir='ltr'><strong>dignitatis</strong></span> <span class='ocrx_word' id='word_1_136' title='bbox 1744 2088 2041 2158; x_wconf 86' lang='lat' dir='ltr'><strong>antiquitus</strong></span> 
     </span>
    </p>
   </div>
   <div class='ocr_carea' id='block_1_21' title="bbox 442 2176 2041 2247">
    <p class='ocr_par' dir='ltr' id='par_1_21' title="bbox 442 2176 2041 2247">
     <span class='ocr_line' id='line_1_21' title="bbox 442 2176 2041 2247; baseline 0.001 -19"><span class='ocrx_word' id='word_1_137' title='bbox 442 2189 447 2193; x_wconf 77' lang='lat'><em>&#39;</em></span> <span class='ocrx_word' id='word_1_138' title='bbox 485 2176 724 2229; x_wconf 82' lang='lat' dir='ltr'><strong>tenuisse</strong></span> <span class='ocrx_word' id='word_1_139' title='bbox 756 2177 1030 2243; x_wconf 87' lang='lat' dir='ltr'><strong>probatur,</strong></span> <span class='ocrx_word' id='word_1_140' title='bbox 1068 2176 1119 2229; x_wconf 87' lang='lat' dir='ltr'><strong>id</strong></span> <span class='ocrx_word' id='word_1_141' title='bbox 1150 2185 1231 2230; x_wconf 88' lang='lat' dir='ltr'><strong>est</strong></span> <span class='ocrx_word' id='word_1_142' title='bbox 1271 2192 1459 2232; x_wconf 92' lang='lat' dir='ltr'><strong>omnes</strong></span> <span class='ocrx_word' id='word_1_143' title='bbox 1500 2178 1617 2246; x_wconf 82' lang='lat' dir='ltr'><strong>ejus</strong></span> <span class='ocrx_word' id='word_1_144' title='bbox 1676 2178 2041 2247; x_wconf 84' lang='lat' dir='ltr'><strong>sull&#39;ragancos</strong></span> 
     </span>
    </p>
   </div>
   <div class='ocr_carea' id='block_1_22' title="bbox 486 2263 2043 2333">
    <p class='ocr_par' dir='ltr' id='par_1_22' title="bbox 486 2263 2043 2333">
     <span class='ocr_line' id='line_1_22' title="bbox 486 2263 2043 2333; baseline 0.007 -17"><span class='ocrx_word' id='word_1_145' title='bbox 486 2263 846 2332; x_wconf 81' lang='lat' dir='ltr'><strong>episcopatus,</strong></span> <span class='ocrx_word' id='word_1_146' title='bbox 866 2266 948 2317; x_wconf 90' lang='lat' dir='ltr'><strong>vel</strong></span> <span class='ocrx_word' id='word_1_147' title='bbox 969 2265 1013 2319; x_wconf 90' lang='lat' dir='ltr'><strong>si</strong></span> <span class='ocrx_word' id='word_1_148' title='bbox 1036 2266 1149 2333; x_wconf 89' lang='lat' dir='ltr'><strong>qui,</strong></span> <span class='ocrx_word' id='word_1_149' title='bbox 1177 2267 1464 2321; x_wconf 81' lang='lat' dir='ltr'><strong>destructis</strong></span> <span class='ocrx_word' id='word_1_150' title='bbox 1487 2268 1613 2333; x_wconf 87' lang='lat' dir='ltr'><strong>illis,</strong></span> <span class='ocrx_word' id='word_1_151' title='bbox 1640 2268 1691 2321; x_wconf 91' lang='lat' dir='ltr'><strong>in</strong></span> <span class='ocrx_word' id='word_1_152' title='bbox 1712 2283 1898 2322; x_wconf 90' lang='lat' dir='ltr'><strong>eorum</strong></span> <span class='ocrx_word' id='word_1_153' title='bbox 1924 2270 2043 2326; x_wconf 92' lang='lat' dir='ltr'><strong>loco</strong></span> 
     </span>
    </p>
   </div>
   <div class='ocr_carea' id='block_1_23' title="bbox 489 2349 2045 2427">
    <p class='ocr_par' dir='ltr' id='par_1_23' title="bbox 489 2349 2045 2427">
     <span class='ocr_line' id='line_1_23' title="bbox 489 2349 2045 2427; baseline 0.004 -16"><span class='ocrx_word' id='word_1_154' title='bbox 489 2356 673 2417; x_wconf 82' lang='lat' dir='ltr'><strong>statuti</strong></span> <span class='ocrx_word' id='word_1_155' title='bbox 707 2367 849 2421; x_wconf 89' lang='lat' dir='ltr'><strong>sunt,</strong></span> <span class='ocrx_word' id='word_1_156' title='bbox 882 2358 983 2423; x_wconf 88' lang='lat' dir='ltr'><strong>vel,</strong></span> <span class='ocrx_word' id='word_1_157' title='bbox 1014 2358 1307 2426; x_wconf 82' lang='lat' dir='ltr'><strong>opitulante</strong></span> <span class='ocrx_word' id='word_1_158' title='bbox 1346 2358 1594 2425; x_wconf 90' lang='lat' dir='ltr'><strong>Domino,</strong></span> <span class='ocrx_word' id='word_1_159' title='bbox 1628 2349 1948 2427; x_wconf 73' lang='lat' dir='ltr'><strong>statuantur,</strong></span> <span class='ocrx_word' id='word_1_160' title='bbox 1985 2370 2045 2417; x_wconf 91' lang='lat' dir='ltr'><strong>ut</strong></span> 
     </span>
    </p>
   </div>
   <div class='ocr_carea' id='block_1_24' title="bbox 488 2446 2045 2521">
    <p class='ocr_par' dir='ltr' id='par_1_24' title="bbox 488 2446 2045 2521">
     <span class='ocr_line' id='line_1_24' title="bbox 488 2446 2045 2521; baseline 0.004 -20"><span class='ocrx_word' id='word_1_161' title='bbox 488 2446 545 2501; x_wconf 87' lang='lat' dir='ltr'><strong>in</strong></span> <span class='ocrx_word' id='word_1_162' title='bbox 576 2447 945 2517; x_wconf 73' lang='lat' dir='ltr'><strong>pnefatmtua:</strong></span> <span class='ocrx_word' id='word_1_163' title='bbox 971 2449 1211 2503; x_wconf 78' lang='lat' dir='ltr'><strong>ecclesiae</strong></span> <span class='ocrx_word' id='word_1_164' title='bbox 1249 2450 1530 2518; x_wconf 87' lang='lat' dir='ltr'><strong>pristinam</strong></span> <span class='ocrx_word' id='word_1_165' title='bbox 1569 2450 1789 2505; x_wconf 82' lang='lat' dir='ltr'><strong>redeant</strong></span> <span class='ocrx_word' id='word_1_166' title='bbox 1811 2462 2045 2521; x_wconf 90' lang='lat' dir='ltr'><strong>potesta-</strong></span> 
     </span>
    </p>
   </div>
   <div class='ocr_carea' id='block_1_25' title="bbox 489 2536 2045 2612">
    <p class='ocr_par' dir='ltr' id='par_1_25' title="bbox 489 2536 2045 2612">
     <span class='ocr_line' id='line_1_25' title="bbox 489 2536 2045 2612; baseline 0.006 -22"><span class='ocrx_word' id='word_1_167' title='bbox 489 2544 628 2600; x_wconf 70' lang='lat' dir='ltr'><strong>tem;</strong></span> <span class='ocrx_word' id='word_1_168' title='bbox 655 2536 874 2604; x_wconf 86' lang='lat' dir='ltr'><strong>insuper</strong></span> <span class='ocrx_word' id='word_1_169' title='bbox 900 2537 1159 2605; x_wconf 90' lang='lat' dir='ltr'><strong>quidquid</strong></span> <span class='ocrx_word' id='word_1_170' title='bbox 1181 2540 1539 2606; x_wconf 90' lang='lat' dir='ltr'><strong>possessionis</strong></span> <span class='ocrx_word' id='word_1_171' title='bbox 1569 2558 1664 2610; x_wconf 89' lang='lat' dir='ltr'><strong>per</strong></span> <span class='ocrx_word' id='word_1_172' title='bbox 1685 2545 1913 2612; x_wconf 77' lang='lat' dir='ltr'><strong>regalem</strong></span> <span class='ocrx_word' id='word_1_173' title='bbox 1938 2546 2045 2600; x_wconf 85' lang='lat' dir='ltr'><strong>lar-</strong></span> 
     </span>
    </p>
   </div>
   <div class='ocr_carea' id='block_1_26' title="bbox 488 2629 2043 2709">
    <p class='ocr_par' dir='ltr' id='par_1_26' title="bbox 488 2629 2043 2709">
     <span class='ocr_line' id='line_1_26' title="bbox 488 2629 2043 2709; baseline 0.003 -27"><span class='ocrx_word' id='word_1_174' title='bbox 488 2629 748 2709; x_wconf 66' lang='lat' dir='ltr'><strong>sitionem</strong></span> <span class='ocrx_word' id='word_1_175' title='bbox 784 2638 849 2683; x_wconf 79' lang='lat' dir='ltr'><strong>et</strong></span> <span class='ocrx_word' id='word_1_176' title='bbox 895 2630 1098 2697; x_wconf 85' lang='lat' dir='ltr'><strong>justam</strong></span> <span class='ocrx_word' id='word_1_177' title='bbox 1138 2630 1538 2685; x_wconf 88' lang='lat' dir='ltr'><strong>concessionem</strong></span> <span class='ocrx_word' id='word_1_178' title='bbox 1590 2632 1887 2700; x_wconf 89' lang='lat' dir='ltr'><strong>antiquitus</strong></span> <span class='ocrx_word' id='word_1_179' title='bbox 1946 2634 2043 2687; x_wconf 86' lang='lat' dir='ltr'><strong>ha-</strong></span> 
     </span>
    </p>
   </div>
   <div class='ocr_carea' id='block_1_27' title="bbox 488 2718 2043 2794">
    <p class='ocr_par' dir='ltr' id='par_1_27' title="bbox 488 2718 2043 2794">
     <span class='ocr_line' id='line_1_27' title="bbox 488 2718 2043 2794; baseline 0.002 -20"><span class='ocrx_word' id='word_1_180' title='bbox 488 2718 692 2785; x_wconf 70' lang='lat' dir='ltr'><strong>buisse,</strong></span> <span class='ocrx_word' id='word_1_181' title='bbox 724 2736 787 2773; x_wconf 90' lang='lat' dir='ltr'><strong>ac</strong></span> <span class='ocrx_word' id='word_1_182' title='bbox 811 2720 1071 2789; x_wconf 80' lang='lat' dir='ltr'><strong>quidquid</strong></span> <span class='ocrx_word' id='word_1_183' title='bbox 1097 2720 1269 2789; x_wconf 92' lang='lat' dir='ltr'><strong>(quod</strong></span> <span class='ocrx_word' id='word_1_184' title='bbox 1297 2720 1521 2789; x_wconf 59' lang='lat' dir='ltr'><strong>iustitia;</strong></span> <span class='ocrx_word' id='word_1_185' title='bbox 1553 2737 1659 2775; x_wconf 90' lang='lat' dir='ltr'><strong>non</strong></span> <span class='ocrx_word' id='word_1_186' title='bbox 1693 2723 2043 2794; x_wconf 86' lang='lat' dir='ltr'><strong>contradicit)</strong></span> 
     </span>
    </p>
   </div>
   <div class='ocr_carea' id='block_1_28' title="bbox 487 2807 1562 2877">
    <p class='ocr_par' dir='ltr' id='par_1_28' title="bbox 487 2807 1562 2877">
     <span class='ocr_line' id='line_1_28' title="bbox 487 2807 1562 2877; baseline 0.001 -16"><span class='ocrx_word' id='word_1_187' title='bbox 487 2807 731 2874; x_wconf 69' lang='lat' dir='ltr'><strong>antiquis</strong></span> <span class='ocrx_word' id='word_1_188' title='bbox 753 2808 1183 2875; x_wconf 83' lang='lat' dir='ltr'><strong>superaddidisse</strong></span> <span class='ocrx_word' id='word_1_189' title='bbox 1212 2808 1562 2877; x_wconf 82' lang='lat' dir='ltr'><strong>dignoscitur.</strong></span> 
     </span>
    </p>
   </div>
   <div class='ocr_carea' id='block_1_29' title="bbox 562 2880 2045 2951">
    <p class='ocr_par' dir='ltr' id='par_1_29' title="bbox 562 2880 2045 2951">
     <span class='ocr_line' id='line_1_29' title="bbox 562 2880 2045 2951; baseline 0.004 -16"><span class='ocrx_word' id='word_1_190' title='bbox 562 2880 792 2937; x_wconf 79' lang='lat' dir='ltr'><strong>Proinde</strong></span> <span class='ocrx_word' id='word_1_191' title='bbox 808 2884 1085 2951; x_wconf 70' lang='lat' dir='ltr'><strong>prazsentis</strong></span> <span class='ocrx_word' id='word_1_192' title='bbox 1109 2885 1445 2939; x_wconf 80' lang='lat' dir='ltr'><strong>auctoritatis</strong></span> <span class='ocrx_word' id='word_1_193' title='bbox 1465 2895 1661 2940; x_wconf 65' lang='lat' dir='ltr'><strong>nostrre</strong></span> <span class='ocrx_word' id='word_1_194' title='bbox 1684 2886 1916 2951; x_wconf 90' lang='lat' dir='ltr'><strong>decreto,</strong></span> <span class='ocrx_word' id='word_1_195' title='bbox 1936 2896 2045 2941; x_wconf 90' lang='lat' dir='ltr'><strong>tam</strong></span> 
     </span>
    </p>
   </div>
   <div class='ocr_carea' id='block_1_30' title="bbox 494 2971 2046 3051">
    <p class='ocr_par' dir='ltr' id='par_1_30' title="bbox 494 2971 2046 3051">
     <span class='ocr_line' id='line_1_30' title="bbox 494 2971 2046 3051; baseline 0.002 -25"><span class='ocrx_word' id='word_1_196' title='bbox 494 2972 839 3051; x_wconf 75' lang='lat' dir='ltr'><strong>prazsentium</strong></span> <span class='ocrx_word' id='word_1_197' title='bbox 867 2988 1029 3040; x_wconf 90' lang='lat' dir='ltr'><strong>quam</strong></span> <span class='ocrx_word' id='word_1_198' title='bbox 1058 2983 1111 3026; x_wconf 91' lang='lat' dir='ltr'><strong>et</strong></span> <span class='ocrx_word' id='word_1_199' title='bbox 1133 2971 1434 3027; x_wconf 85' lang='lat' dir='ltr'><strong>futurorum</strong></span> <span class='ocrx_word' id='word_1_200' title='bbox 1475 2975 1717 3029; x_wconf 89' lang='lat' dir='ltr'><strong>omnium</strong></span> <span class='ocrx_word' id='word_1_201' title='bbox 1768 2976 2046 3029; x_wconf 85' lang='lat' dir='ltr'><strong>hominum</strong></span> 
     </span>
    </p>
   </div>
   <div class='ocr_carea' id='block_1_31' title="bbox 493 3060 2047 3130">
    <p class='ocr_par' dir='ltr' id='par_1_31' title="bbox 493 3060 2047 3130">
     <span class='ocr_line' id='line_1_31' title="bbox 493 3060 2047 3130; baseline 0.005 -17"><span class='ocrx_word' id='word_1_202' title='bbox 493 3060 848 3115; x_wconf 78' lang='lat' dir='ltr'><strong>temeritatem</strong></span> <span class='ocrx_word' id='word_1_203' title='bbox 924 3072 1271 3130; x_wconf 83' lang='lat' dir='ltr'><strong>eoercentes,</strong></span> <span class='ocrx_word' id='word_1_204' title='bbox 1335 3063 1701 3119; x_wconf 85' lang='lat' dir='ltr'><strong>interdicendo</strong></span> <span class='ocrx_word' id='word_1_205' title='bbox 1761 3065 2047 3120; x_wconf 83' lang='lat' dir='ltr'><strong>statuimus</strong></span> 
     </span>
    </p>
   </div>
   <div class='ocr_carea' id='block_1_32' title="bbox 498 3149 2042 3223">
    <p class='ocr_par' dir='ltr' id='par_1_32' title="bbox 498 3149 2042 3223">
     <span class='ocr_line' id='line_1_32' title="bbox 498 3149 2042 3223; baseline 0.005 -23"><span class='ocrx_word' id='word_1_206' title='bbox 498 3149 703 3204; x_wconf 87' lang='lat' dir='ltr'><strong>nullum</strong></span> <span class='ocrx_word' id='word_1_207' title='bbox 738 3154 1035 3220; x_wconf 73' lang='lat' dir='ltr'><strong>regum,vel</strong></span> <span class='ocrx_word' id='word_1_208' title='bbox 1058 3153 1460 3223; x_wconf 86' lang='lat' dir='ltr'><strong>imperatorum,</strong></span> <span class='ocrx_word' id='word_1_209' title='bbox 1489 3154 1810 3220; x_wconf 80' lang='lat' dir='ltr'><strong>antistitum,</strong></span> <span class='ocrx_word' id='word_1_210' title='bbox 1837 3155 2042 3208; x_wconf 91' lang='lat' dir='ltr'><strong>nullum</strong></span> 
     </span>
    </p>
   </div>
   <div class='ocr_carea' id='block_1_33' title="bbox 2124 712 3693 790">
    <p class='ocr_par' dir='ltr' id='par_1_33' title="bbox 2124 712 3693 790">
     <span class='ocr_line' id='line_1_33' title="bbox 2124 712 3693 790; baseline -0.008 -13"><span class='ocrx_word' id='word_1_211' title='bbox 2124 740 2283 778; x_wconf 85' lang='lat' dir='ltr'><strong>mana</strong></span> <span class='ocrx_word' id='word_1_212' title='bbox 2330 721 2614 790; x_wconf 79' lang='lat' dir='ltr'><strong>fragilitate</strong></span> <span class='ocrx_word' id='word_1_213' title='bbox 2664 716 3083 787; x_wconf 81' lang='lat' dir='ltr'><strong>reprehensibile</strong></span> <span class='ocrx_word' id='word_1_214' title='bbox 3125 712 3561 783; x_wconf 78' lang='lat' dir='ltr'><strong>deprehenditur,</strong></span> <span class='ocrx_word' id='word_1_215' title='bbox 3600 713 3693 767; x_wconf 53' lang='lat' dir='ltr'><strong>in.</strong></span> 
     </span>
    </p>
   </div>
   <div class='ocr_carea' id='block_1_34' title="bbox 2126 801 3690 865">
    <p class='ocr_par' dir='ltr' id='par_1_34' title="bbox 2126 801 3690 865">
     <span class='ocr_line' id='line_1_34' title="bbox 2126 801 3690 865; baseline -0.005 -2"><span class='ocrx_word' id='word_1_216' title='bbox 2126 812 2261 863; x_wconf 82' lang='lat' dir='ltr'><strong>tuitn</strong></span> <span class='ocrx_word' id='word_1_217' title='bbox 2313 818 2512 864; x_wconf 77' lang='lat' dir='ltr'><strong>sancta:</strong></span> <span class='ocrx_word' id='word_1_218' title='bbox 2564 804 2994 865; x_wconf 89' lang='lat' dir='ltr'><strong>conversationis</strong></span> <span class='ocrx_word' id='word_1_219' title='bbox 3040 811 3147 856; x_wconf 78' lang='lat' dir='ltr'><strong>tua:</strong></span> <span class='ocrx_word' id='word_1_220' title='bbox 3200 802 3266 856; x_wconf 89' lang='lat' dir='ltr'><strong>ad</strong></span> <span class='ocrx_word' id='word_1_221' title='bbox 3310 801 3690 856; x_wconf 78' lang='lat' dir='ltr'><strong>rectitudinenl</strong></span> 
     </span>
    </p>
   </div>
   <div class='ocr_carea' id='block_1_35' title="bbox 2128 889 3691 965">
    <p class='ocr_par' dir='ltr' id='par_1_35' title="bbox 2128 889 3691 965">
     <span class='ocr_line' id='line_1_35' title="bbox 2128 889 3691 965; baseline -0.008 -11"><span class='ocrx_word' id='word_1_222' title='bbox 2128 898 2455 954; x_wconf 85' lang='lat' dir='ltr'><strong>sinceritatis</strong></span> <span class='ocrx_word' id='word_1_223' title='bbox 2481 896 2819 965; x_wconf 85' lang='lat' dir='ltr'><strong>corrigatur;</strong></span> <span class='ocrx_word' id='word_1_224' title='bbox 2857 892 3052 962; x_wconf 90' lang='lat' dir='ltr'><strong>quibus</strong></span> <span class='ocrx_word' id='word_1_225' title='bbox 3084 890 3164 945; x_wconf 88' lang='lat' dir='ltr'><strong>sic</strong></span> <span class='ocrx_word' id='word_1_226' title='bbox 3194 889 3413 944; x_wconf 88' lang='lat' dir='ltr'><strong>studeas</strong></span> <span class='ocrx_word' id='word_1_227' title='bbox 3458 890 3691 958; x_wconf 77' lang='lat' dir='ltr'><strong>dispen-</strong></span> 
     </span>
    </p>
   </div>
   <div class='ocr_carea' id='block_1_36' title="bbox 2129 971 3693 1056">
    <p class='ocr_par' dir='ltr' id='par_1_36' title="bbox 2129 971 3693 1056">
     <span class='ocr_line' id='line_1_36' title="bbox 2129 971 3693 1056; baseline -0.006 -12"><span class='ocrx_word' id='word_1_228' title='bbox 2129 988 2354 1044; x_wconf 88' lang='lat' dir='ltr'><strong>sationis</strong></span> <span class='ocrx_word' id='word_1_229' title='bbox 2379 987 2504 1056; x_wconf 90' lang='lat' dir='ltr'><strong>jura</strong></span> <span class='ocrx_word' id='word_1_230' title='bbox 2538 971 2807 1041; x_wconf 87' lang='lat' dir='ltr'><strong>moderari</strong></span> <span class='ocrx_word' id='word_1_231' title='bbox 2830 982 2886 1036; x_wconf 90' lang='lat' dir='ltr'><strong>in</strong></span> <span class='ocrx_word' id='word_1_232' title='bbox 2913 980 3245 1051; x_wconf 87' lang='lat' dir='ltr'><strong>corrigendis</strong></span> <span class='ocrx_word' id='word_1_233' title='bbox 3274 979 3439 1044; x_wconf 87' lang='lat' dir='ltr'><strong>vitiis,</strong></span> <span class='ocrx_word' id='word_1_234' title='bbox 3464 986 3525 1033; x_wconf 91' lang='lat' dir='ltr'><strong>ut</strong></span> <span class='ocrx_word' id='word_1_235' title='bbox 3568 977 3693 1034; x_wconf 69' lang='lat' dir='ltr'><strong>zelo</strong></span> 
     </span>
    </p>
   </div>
   <div class='ocr_carea' id='block_1_37' title="bbox 2131 1069 3693 1143">
    <p class='ocr_par' dir='ltr' id='par_1_37' title="bbox 2131 1069 3693 1143">
     <span class='ocr_line' id='line_1_37' title="bbox 2131 1069 3693 1143; baseline -0.007 -10"><span class='ocrx_word' id='word_1_236' title='bbox 2131 1077 2467 1143; x_wconf 85' lang='lat' dir='ltr'><strong>rectitudinis</strong></span> <span class='ocrx_word' id='word_1_237' title='bbox 2508 1074 2836 1140; x_wconf 10' lang='lat' dir='ltr'><strong>fervens,vet</strong></span> <span class='ocrx_word' id='word_1_238' title='bbox 2887 1071 3106 1126; x_wconf 87' lang='lat' dir='ltr'><strong>modum</strong></span> <span class='ocrx_word' id='word_1_239' title='bbox 3170 1069 3531 1139; x_wconf 78' lang='lat' dir='ltr'><strong>temperantia:</strong></span> <span class='ocrx_word' id='word_1_240' title='bbox 3574 1082 3693 1123; x_wconf 64' lang='lat' dir='ltr'><strong>non</strong></span> 
     </span>
    </p>
   </div>
   <div class='ocr_carea' id='block_1_38' title="bbox 2130 1151 3695 1234">
    <p class='ocr_par' dir='ltr' id='par_1_38' title="bbox 2130 1151 3695 1234">
     <span class='ocr_line' id='line_1_38' title="bbox 2130 1151 3695 1234; baseline -0.008 -11"><span class='ocrx_word' id='word_1_241' title='bbox 2130 1170 2390 1234; x_wconf 79' lang='lat' dir='ltr'><strong>excedas;</strong></span> <span class='ocrx_word' id='word_1_242' title='bbox 2420 1151 2492 1233; x_wconf 84' lang='lat' dir='ltr'><strong>et,</strong></span> <span class='ocrx_word' id='word_1_243' title='bbox 2528 1174 2590 1221; x_wconf 93' lang='lat' dir='ltr'><strong>ut</strong></span> <span class='ocrx_word' id='word_1_244' title='bbox 2616 1165 2803 1234; x_wconf 87' lang='lat' dir='ltr'><strong>paucis</strong></span> <span class='ocrx_word' id='word_1_245' title='bbox 2844 1163 3013 1218; x_wconf 87' lang='lat' dir='ltr'><strong>multa</strong></span> <span class='ocrx_word' id='word_1_246' title='bbox 3056 1161 3403 1230; x_wconf 79' lang='lat' dir='ltr'><strong>explicemus,</strong></span> <span class='ocrx_word' id='word_1_247' title='bbox 3426 1155 3695 1228; x_wconf 79' lang='lat' dir='ltr'><strong>quidquid</strong></span> 
     </span>
    </p>
   </div>
   <div class='ocr_carea' id='block_1_39' title="bbox 2132 1249 3695 1319">
    <p class='ocr_par' dir='ltr' id='par_1_39' title="bbox 2132 1249 3695 1319">
     <span class='ocr_line' id='line_1_39' title="bbox 2132 1249 3695 1319; baseline -0.01 -5"><span class='ocrx_word' id='word_1_248' title='bbox 2132 1260 2186 1314; x_wconf 91' lang='lat' dir='ltr'><strong>in</strong></span> <span class='ocrx_word' id='word_1_249' title='bbox 2235 1258 2547 1314; x_wconf 88' lang='lat' dir='ltr'><strong>sanctorum</strong></span> <span class='ocrx_word' id='word_1_250' title='bbox 2598 1254 2819 1309; x_wconf 84' lang='lat' dir='ltr'><strong>Patrum</strong></span> <span class='ocrx_word' id='word_1_251' title='bbox 2868 1252 3027 1307; x_wconf 90' lang='lat' dir='ltr'><strong>dictis</strong></span> <span class='ocrx_word' id='word_1_252' title='bbox 3058 1250 3279 1319; x_wconf 88' lang='lat' dir='ltr'><strong>reperis,</strong></span> <span class='ocrx_word' id='word_1_253' title='bbox 3304 1249 3372 1303; x_wconf 90' lang='lat' dir='ltr'><strong>ad</strong></span> <span class='ocrx_word' id='word_1_254' title='bbox 3418 1257 3585 1312; x_wconf 88' lang='lat' dir='ltr'><strong>tuam,</strong></span> <span class='ocrx_word' id='word_1_255' title='bbox 3634 1253 3695 1300; x_wconf 83' lang='lat' dir='ltr'><strong>et</strong></span> 
     </span>
    </p>
   </div>
   <div class='ocr_carea' id='block_1_40' title="bbox 2132 1335 3696 1414">
    <p class='ocr_par' dir='ltr' id='par_1_40' title="bbox 2132 1335 3696 1414">
     <span class='ocr_line' id='line_1_40' title="bbox 2132 1335 3696 1414; baseline -0.006 -14"><span class='ocrx_word' id='word_1_256' title='bbox 2132 1361 2343 1410; x_wconf 91' lang='lat' dir='ltr'><strong>eorum,</strong></span> <span class='ocrx_word' id='word_1_257' title='bbox 2373 1344 2465 1414; x_wconf 91' lang='lat' dir='ltr'><strong>qui</strong></span> <span class='ocrx_word' id='word_1_258' title='bbox 2497 1343 2594 1397; x_wconf 85' lang='lat' dir='ltr'><strong>tibi</strong></span> <span class='ocrx_word' id='word_1_259' title='bbox 2618 1343 2943 1406; x_wconf 76' lang='lat' dir='ltr'><strong>subdantur,</strong></span> <span class='ocrx_word' id='word_1_260' title='bbox 2971 1336 3227 1392; x_wconf 87' lang='lat' dir='ltr'><strong>utendum</strong></span> <span class='ocrx_word' id='word_1_261' title='bbox 3272 1351 3492 1391; x_wconf 87' lang='lat' dir='ltr'><strong>censeas</strong></span> <span class='ocrx_word' id='word_1_262' title='bbox 3522 1335 3696 1391; x_wconf 61' lang='lat' dir='ltr'><strong>aediﬁ-</strong></span> 
     </span>
    </p>
   </div>
   <div class='ocr_carea' id='block_1_41' title="bbox 2102 1424 3695 1501">
    <p class='ocr_par' dir='ltr' id='par_1_41' title="bbox 2102 1424 3695 1501">
     <span class='ocr_line' id='line_1_41' title="bbox 2102 1424 3695 1501; baseline -0.005 -16"><span class='ocrx_word' id='word_1_263' title='bbox 2102 1481 2109 1485; x_wconf 87' lang='lat'><strong>.</strong></span> <span class='ocrx_word' id='word_1_264' title='bbox 2133 1436 2397 1490; x_wconf 88' lang='lat' dir='ltr'><strong>cationem</strong></span> <span class='ocrx_word' id='word_1_265' title='bbox 2415 1452 2428 1498; x_wconf 87' lang='lat'><strong>;</strong></span> <span class='ocrx_word' id='word_1_266' title='bbox 2450 1443 2734 1501; x_wconf 84' lang='lat' dir='ltr'><strong>quatenus,</strong></span> <span class='ocrx_word' id='word_1_267' title='bbox 2748 1428 3085 1485; x_wconf 77' lang='lat' dir='ltr'><strong>documentis</strong></span> <span class='ocrx_word' id='word_1_268' title='bbox 3097 1426 3206 1482; x_wconf 91' lang='lat' dir='ltr'><strong>tuis</strong></span> <span class='ocrx_word' id='word_1_269' title='bbox 3224 1424 3489 1489; x_wconf 89' lang='lat' dir='ltr'><strong>instructi,</strong></span> <span class='ocrx_word' id='word_1_270' title='bbox 3505 1424 3695 1478; x_wconf 60' lang='lat' dir='ltr'><strong>sedem</strong></span> 
     </span>
    </p>
   </div>
   <div class='ocr_carea' id='block_1_42' title="bbox 2134 1515 3701 1586">
    <p class='ocr_par' dir='ltr' id='par_1_42' title="bbox 2134 1515 3701 1586">
     <span class='ocr_line' id='line_1_42' title="bbox 2134 1515 3701 1586; baseline -0.008 -7"><span class='ocrx_word' id='word_1_271' title='bbox 2134 1524 2262 1579; x_wconf 91' lang='lat' dir='ltr'><strong>boni</strong></span> <span class='ocrx_word' id='word_1_272' title='bbox 2286 1522 2526 1576; x_wconf 84' lang='lat' dir='ltr'><strong>Pastoris</strong></span> <span class='ocrx_word' id='word_1_273' title='bbox 2557 1528 2729 1574; x_wconf 86' lang='lat' dir='ltr'><strong>tecum</strong></span> <span class='ocrx_word' id='word_1_274' title='bbox 2756 1519 2967 1572; x_wconf 84' lang='lat' dir='ltr'><strong>valeant</strong></span> <span class='ocrx_word' id='word_1_275' title='bbox 2999 1515 3317 1586; x_wconf 85' lang='lat' dir='ltr'><strong>pertingere,</strong></span> <span class='ocrx_word' id='word_1_276' title='bbox 3343 1523 3397 1567; x_wconf 91' lang='lat' dir='ltr'><strong>et</strong></span> <span class='ocrx_word' id='word_1_277' title='bbox 3423 1518 3701 1583; x_wconf 66' lang='lat' dir='ltr'><strong>perpetua</strong></span> 
     </span>
    </p>
   </div>
   <div class='ocr_carea' id='block_1_43' title="bbox 2135 1608 2917 1679">
    <p class='ocr_par' dir='ltr' id='par_1_43' title="bbox 2135 1608 2917 1679">
     <span class='ocr_line' id='line_1_43' title="bbox 2135 1608 2917 1679; baseline -0.008 -12"><span class='ocrx_word' id='word_1_278' title='bbox 2135 1614 2258 1671; x_wconf 79' lang='lat' dir='ltr'><strong>vitae</strong></span> <span class='ocrx_word' id='word_1_279' title='bbox 2292 1611 2597 1667; x_wconf 82' lang='lat' dir='ltr'><strong>felicitatem</strong></span> <span class='ocrx_word' id='word_1_280' title='bbox 2625 1608 2917 1679; x_wconf 83' lang='lat' dir='ltr'><strong>percipere.</strong></span> 
     </span>
    </p>
   </div>
   <div class='ocr_carea' id='block_1_44' title="bbox 2154 1689 3703 1775">
    <p class='ocr_par' dir='ltr' id='par_1_44' title="bbox 2154 1689 3703 1775">
     <span class='ocr_line' id='line_1_44' title="bbox 2154 1689 3703 1775; baseline -0.01 -19"><span class='ocrx_word' id='word_1_281' title='bbox 2154 1772 2155 1775; x_wconf 17' lang='grc' dir='ltr'><strong>η</strong></span> <span class='ocrx_word' id='word_1_282' title='bbox 2207 1701 2402 1755; x_wconf 91' lang='lat' dir='ltr'><strong>Datum</strong></span> <span class='ocrx_word' id='word_1_283' title='bbox 2454 1700 2777 1765; x_wconf 42' lang='lat' dir='ltr'><strong>Romanum</strong></span> <span class='ocrx_word' id='word_1_284' title='bbox 2821 1697 2937 1751; x_wconf 86' lang='lat' dir='ltr'><strong>Kal.</strong></span> <span class='ocrx_word' id='word_1_285' title='bbox 2973 1694 3113 1759; x_wconf 79' lang='lat' dir='ltr'><strong>Maii,</strong></span> <span class='ocrx_word' id='word_1_286' title='bbox 3142 1709 3235 1762; x_wconf 83' lang='lat' dir='ltr'><strong>per</strong></span> <span class='ocrx_word' id='word_1_287' title='bbox 3261 1706 3477 1747; x_wconf 84' lang='lat' dir='ltr'><strong>manum</strong></span> <span class='ocrx_word' id='word_1_288' title='bbox 3499 1689 3703 1758; x_wconf 76' lang='lat' dir='ltr'><strong>Benja-</strong></span> 
     </span>
    </p>
   </div>
   <div class='ocr_carea' id='block_1_45' title="bbox 2140 1778 3703 1861">
    <p class='ocr_par' dir='ltr' id='par_1_45' title="bbox 2140 1778 3703 1861">
     <span class='ocr_line' id='line_1_45' title="bbox 2140 1778 3703 1861; baseline -0.01 -14"><span class='ocrx_word' id='word_1_289' title='bbox 2140 1793 2249 1847; x_wconf 90' lang='lat' dir='ltr'><strong>min</strong></span> <span class='ocrx_word' id='word_1_290' title='bbox 2266 1834 2281 1858; x_wconf 90' lang='lat'><strong>,</strong></span> <span class='ocrx_word' id='word_1_291' title='bbox 2306 1790 2577 1861; x_wconf 88' lang='lat' dir='ltr'><strong>fungentis</strong></span> <span class='ocrx_word' id='word_1_292' title='bbox 2610 1789 2726 1844; x_wconf 86' lang='lat' dir='ltr'><strong>vice</strong></span> <span class='ocrx_word' id='word_1_293' title='bbox 2763 1786 2907 1841; x_wconf 73' lang='lat' dir='ltr'><strong>Petri</strong></span> <span class='ocrx_word' id='word_1_294' title='bbox 2935 1793 3133 1839; x_wconf 72' lang='lat' dir='ltr'><strong>sanctae</strong></span> <span class='ocrx_word' id='word_1_295' title='bbox 3160 1783 3415 1836; x_wconf 69' lang='lat' dir='ltr'><strong>Romana:</strong></span> <span class='ocrx_word' id='word_1_296' title='bbox 3441 1778 3703 1833; x_wconf 75' lang='lat' dir='ltr'><strong>Ecclesia:</strong></span> 
     </span>
    </p>
   </div>
   <div class='ocr_carea' id='block_1_46' title="bbox 2141 1868 3705 1954">
    <p class='ocr_par' dir='ltr' id='par_1_46' title="bbox 2141 1868 3705 1954">
     <span class='ocr_line' id='line_1_46' title="bbox 2141 1868 3705 1954; baseline -0.01 -16"><span class='ocrx_word' id='word_1_297' title='bbox 2141 1884 2377 1954; x_wconf 77' lang='lat' dir='ltr'><strong>preSbyt.</strong></span> <span class='ocrx_word' id='word_1_298' title='bbox 2410 1880 2669 1936; x_wconf 87' lang='lat' dir='ltr'><strong>cardinal.</strong></span> <span class='ocrx_word' id='word_1_299' title='bbox 2701 1886 2755 1932; x_wconf 91' lang='lat' dir='ltr'><strong>et</strong></span> <span class='ocrx_word' id='word_1_300' title='bbox 2786 1874 3200 1937; x_wconf 75' lang='lat' dir='ltr'><strong>liibliotbecarii,</strong></span> <span class='ocrx_word' id='word_1_301' title='bbox 3226 1886 3368 1925; x_wconf 89' lang='lat' dir='ltr'><strong>anno</strong></span> <span class='ocrx_word' id='word_1_302' title='bbox 3395 1868 3705 1923; x_wconf 72' lang='lat' dir='ltr'><strong>Dominicze</strong></span> 
     </span>
    </p>
   </div>
   <div class='ocr_carea' id='block_1_47' title="bbox 2066 1943 3761 2037">
    <p class='ocr_par' dir='ltr' id='par_1_47' title="bbox 2066 1943 3761 2037">
     <span class='ocr_line' id='line_1_47' title="bbox 2066 1943 3761 2037; baseline -0.011 -9"><span class='ocrx_word' id='word_1_303' title='bbox 2066 1943 2115 1996; x_wconf 47' lang='grc' dir='ltr'><strong>’Β</strong></span> <span class='ocrx_word' id='word_1_304' title='bbox 2140 1943 2531 2028; x_wconf 76' lang='lat' dir='ltr'><strong>incarnationis</strong></span> <span class='ocrx_word' id='word_1_305' title='bbox 2558 1968 2888 2037; x_wconf 24' lang='lat' dir='ltr'><strong>’1085,pont.</strong></span> <span class='ocrx_word' id='word_1_306' title='bbox 2912 1980 3038 2020; x_wconf 84' lang='lat' dir='ltr'><strong>vero</strong></span> <span class='ocrx_word' id='word_1_307' title='bbox 3066 1962 3271 2019; x_wconf 88' lang='lat' dir='ltr'><strong>domini</strong></span> <span class='ocrx_word' id='word_1_308' title='bbox 3320 1960 3560 2030; x_wconf 85' lang='lat' dir='ltr'><strong>Gregorii</strong></span> <span class='ocrx_word' id='word_1_309' title='bbox 3601 1954 3707 2011; x_wconf 68' lang='grc' dir='ltr'><strong>γιι</strong></span> <span class='ocrx_word' id='word_1_310' title='bbox 3749 1997 3761 2003; x_wconf 87' lang='grc'><strong>-</strong></span> 
     </span>
    </p>
   </div>
   <div class='ocr_carea' id='block_1_48' title="bbox 2140 2059 2838 2136">
    <p class='ocr_par' dir='ltr' id='par_1_48' title="bbox 2140 2059 2838 2136">
     <span class='ocr_line' id='line_1_48' title="bbox 2140 2059 2838 2136; baseline -0.011 -17"><span class='ocrx_word' id='word_1_311' title='bbox 2140 2079 2291 2136; x_wconf 71' lang='lat' dir='ltr'><strong>papa:</strong></span> <span class='ocrx_word' id='word_1_312' title='bbox 2324 2075 2467 2116; x_wconf 90' lang='lat' dir='ltr'><strong>anno</strong></span> <span class='ocrx_word' id='word_1_313' title='bbox 2498 2077 2550 2126; x_wconf 83' lang='lat' dir='ltr'><strong>x,</strong></span> <span class='ocrx_word' id='word_1_314' title='bbox 2580 2059 2761 2113; x_wconf 80' lang='lat' dir='ltr'><strong>indict.</strong></span> <span class='ocrx_word' id='word_1_315' title='bbox 2786 2074 2838 2111; x_wconf 88' lang='lat' dir='ltr'><strong>v.</strong></span> 
     </span>
    </p>
   </div>
   <div class='ocr_carea' id='block_1_49' title="bbox 2849 2145 2981 2200">
    <p class='ocr_par' dir='ltr' id='par_1_49' title="bbox 2849 2145 2981 2200">
     <span class='ocr_line' id='line_1_49' title="bbox 2849 2145 2981 2200; baseline -0.015 0"><span class='ocrx_word' id='word_1_316' title='bbox 2849 2145 2981 2200; x_wconf 81' lang='lat' dir='ltr'><strong>LXI.</strong></span> 
     </span>
    </p>
   </div>
   <div class='ocr_carea' id='block_1_50' title="bbox 2179 2228 3662 2313">
    <p class='ocr_par' dir='ltr' id='par_1_50' title="bbox 2179 2228 3662 2313">
     <span class='ocr_line' id='line_1_50' title="bbox 2179 2228 3662 2313; baseline -0.012 -15"><span class='ocrx_word' id='word_1_317' title='bbox 2179 2241 2417 2313; x_wconf 79' lang='lat' dir='ltr'><strong>Gregorii</strong></span> <span class='ocrx_word' id='word_1_318' title='bbox 2449 2238 2556 2295; x_wconf 81' lang='lat' dir='ltr'><strong>VII</strong></span> <span class='ocrx_word' id='word_1_319' title='bbox 2585 2237 2913 2310; x_wconf 79' lang='lat' dir='ltr'><strong>pririlegium</strong></span> <span class='ocrx_word' id='word_1_320' title='bbox 2942 2250 3035 2305; x_wconf 81' lang='lat' dir='ltr'><strong>pro</strong></span> <span class='ocrx_word' id='word_1_321' title='bbox 3063 2231 3281 2288; x_wconf 79' lang='lat' dir='ltr'><strong>ecclesia</strong></span> <span class='ocrx_word' id='word_1_322' title='bbox 3310 2229 3366 2285; x_wconf 89' lang='lat' dir='ltr'><strong>S.</strong></span> <span class='ocrx_word' id='word_1_323' title='bbox 3396 2228 3662 2295; x_wconf 63' lang='lat' dir='ltr'><strong>Quintilii.</strong></span> 
     </span>
    </p>
   </div>
   <div class='ocr_carea' id='block_1_51' title="bbox 2734 2323 3117 2396">
    <p class='ocr_par' dir='ltr' id='par_1_51' title="bbox 2734 2323 3117 2396">
     <span class='ocr_line' id='line_1_51' title="bbox 2734 2323 3117 2396; baseline -0.008 -17"><span class='ocrx_word' id='word_1_324' title='bbox 2734 2326 2912 2396; x_wconf 87' lang='lat' dir='ltr'><strong>(Anno</strong></span> <span class='ocrx_word' id='word_1_325' title='bbox 2938 2323 3117 2393; x_wconf 74' lang='lat' dir='ltr'><strong>l085.)</strong></span> 
     </span>
    </p>
   </div>
   <div class='ocr_carea' id='block_1_52' title="bbox 2339 2406 3494 2499">
    <p class='ocr_par' dir='ltr' id='par_1_52' title="bbox 2339 2406 3494 2499">
     <span class='ocr_line' id='line_1_52' title="bbox 2339 2406 3494 2499; baseline -0.013 -24"><span class='ocrx_word' id='word_1_326' title='bbox 2339 2419 2603 2499; x_wconf 66' lang='lat' dir='ltr'><strong>[Gdiberti</strong></span> <span class='ocrx_word' id='word_1_327' title='bbox 2631 2416 2803 2487; x_wconf 86' lang='lat' dir='ltr'><strong>Opera</strong></span> <span class='ocrx_word' id='word_1_328' title='bbox 2833 2416 2917 2470; x_wconf 90' lang='lat' dir='ltr'><strong>ed.</strong></span> <span class='ocrx_word' id='word_1_329' title='bbox 2944 2412 3228 2476; x_wconf 69' lang='lat' dir='ltr'><strong>D’Acnsnv,</strong></span> <span class='ocrx_word' id='word_1_330' title='bbox 3264 2424 3315 2479; x_wconf 93' lang='lat' dir='ltr'><strong>p.</strong></span> <span class='ocrx_word' id='word_1_331' title='bbox 3348 2406 3494 2478; x_wconf 85' lang='lat'><strong>600.]</strong></span> 
     </span>
    </p>
   </div>
   <div class='ocr_carea' id='block_1_53' title="bbox 2215 2497 3711 2569">
    <p class='ocr_par' dir='ltr' id='par_1_53' title="bbox 2215 2497 3711 2569">
     <span class='ocr_line' id='line_1_53' title="bbox 2215 2497 3711 2569; baseline -0.013 0"><span class='ocrx_word' id='word_1_332' title='bbox 2215 2497 2518 2569; x_wconf 74' lang='lat' dir='ltr'><strong>Caesonius</strong></span> <span class='ocrx_word' id='word_1_333' title='bbox 2544 2509 2738 2564; x_wconf 86' lang='lat' dir='ltr'><strong>dilecto</strong></span> <span class='ocrx_word' id='word_1_334' title='bbox 2760 2506 2813 2560; x_wconf 89' lang='lat' dir='ltr'><strong>in</strong></span> <span class='ocrx_word' id='word_1_335' title='bbox 2843 2504 3061 2559; x_wconf 90' lang='lat' dir='ltr'><strong>Christo</strong></span> <span class='ocrx_word' id='word_1_336' title='bbox 3084 2501 3192 2556; x_wconf 87' lang='lat' dir='ltr'><strong>filio</strong></span> <span class='ocrx_word' id='word_1_337' title='bbox 3222 2499 3385 2564; x_wconf 70' lang='lat' dir='ltr'><strong>lvosr,</strong></span> <span class='ocrx_word' id='word_1_338' title='bbox 3411 2497 3711 2567; x_wconf 65' lang='lat' dir='ltr'><strong>praeposito</strong></span> 
     </span>
    </p>
   </div>
   <div class='ocr_carea' id='block_1_54' title="bbox 2144 2586 3707 2666">
    <p class='ocr_par' dir='ltr' id='par_1_54' title="bbox 2144 2586 3707 2666">
     <span class='ocr_line' id='line_1_54' title="bbox 2144 2586 3707 2666; baseline -0.013 -8"><span class='ocrx_word' id='word_1_339' title='bbox 2144 2603 2382 2657; x_wconf 72' lang='lat' dir='ltr'><strong>ecclesia:</strong></span> <span class='ocrx_word' id='word_1_340' title='bbox 2417 2600 2473 2655; x_wconf 90' lang='lat' dir='ltr'><strong>S.</strong></span> <span class='ocrx_word' id='word_1_341' title='bbox 2504 2597 2767 2666; x_wconf 85' lang='lat' dir='ltr'><strong>Quintini,</strong></span> <span class='ocrx_word' id='word_1_342' title='bbox 2792 2596 2910 2649; x_wconf 66' lang='lat' dir='ltr'><strong>sine</strong></span> <span class='ocrx_word' id='word_1_343' title='bbox 2943 2594 2995 2646; x_wconf 91' lang='lat' dir='ltr'><strong>in</strong></span> <span class='ocrx_word' id='word_1_344' title='bbox 3029 2591 3341 2660; x_wconf 84' lang='lat' dir='ltr'><strong>episcopatu</strong></span> <span class='ocrx_word' id='word_1_345' title='bbox 3367 2586 3707 2649; x_wconf 76' lang='lat' dir='ltr'><strong>Belvaccnsi,</strong></span> 
     </span>
    </p>
   </div>
   <div class='ocr_carea' id='block_1_55' title="bbox 2145 2679 3554 2765">
    <p class='ocr_par' dir='ltr' id='par_1_55' title="bbox 2145 2679 3554 2765">
     <span class='ocr_line' id='line_1_55' title="bbox 2145 2679 3554 2765; baseline -0.013 -14"><span class='ocrx_word' id='word_1_346' title='bbox 2145 2697 2366 2765; x_wconf 83' lang='lat' dir='ltr'><strong>suisque</strong></span> <span class='ocrx_word' id='word_1_347' title='bbox 2397 2691 2805 2749; x_wconf 87' lang='lat' dir='ltr'><strong>successoribus</strong></span> <span class='ocrx_word' id='word_1_348' title='bbox 2831 2686 3146 2757; x_wconf 83' lang='lat' dir='ltr'><strong>regulariter</strong></span> <span class='ocrx_word' id='word_1_349' title='bbox 3159 2679 3554 2754; x_wconf 76' lang='lat' dir='ltr'><strong>promovendis.</strong></span> 
     </span>
    </p>
   </div>
   <div class='ocr_carea' id='block_1_56' title="bbox 2164 2770 3712 2860">
    <p class='ocr_par' dir='ltr' id='par_1_56' title="bbox 2164 2770 3712 2860">
     <span class='ocr_line' id='line_1_56' title="bbox 2164 2770 3712 2860; baseline -0.01 -20"><span class='ocrx_word' id='word_1_350' title='bbox 2164 2856 2168 2860; x_wconf 24' lang='lat'>&#39;</span> <span class='ocrx_word' id='word_1_351' title='bbox 2216 2785 2471 2855; x_wconf 74' lang='lat' dir='ltr'><strong>Supernze</strong></span> <span class='ocrx_word' id='word_1_352' title='bbox 2490 2778 2851 2837; x_wconf 85' lang='lat' dir='ltr'><strong>miserationis</strong></span> <span class='ocrx_word' id='word_1_353' title='bbox 2877 2784 3141 2846; x_wconf 89' lang='lat' dir='ltr'><strong>respectu,</strong></span> <span class='ocrx_word' id='word_1_354' title='bbox 3167 2774 3233 2827; x_wconf 91' lang='lat' dir='ltr'><strong>ad</strong></span> <span class='ocrx_word' id='word_1_355' title='bbox 3254 2774 3357 2827; x_wconf 89' lang='lat' dir='ltr'><strong>boe</strong></span> <span class='ocrx_word' id='word_1_356' title='bbox 3377 2770 3712 2826; x_wconf 80' lang='lat' dir='ltr'><strong>universalis</strong></span> 
     </span>
    </p>
   </div>
   <div class='ocr_carea' id='block_1_57' title="bbox 2145 2860 3711 2937">
    <p class='ocr_par' dir='ltr' id='par_1_57' title="bbox 2145 2860 3711 2937">
     <span class='ocr_line' id='line_1_57' title="bbox 2145 2860 3711 2937; baseline -0.007 -13"><span class='ocrx_word' id='word_1_357' title='bbox 2145 2871 2397 2926; x_wconf 81' lang='lat' dir='ltr'><strong>Ecclesiae</strong></span> <span class='ocrx_word' id='word_1_358' title='bbox 2428 2876 2615 2925; x_wconf 90' lang='lat' dir='ltr'><strong>curam</strong></span> <span class='ocrx_word' id='word_1_359' title='bbox 2653 2866 2988 2937; x_wconf 88' lang='lat' dir='ltr'><strong>suscepimus</strong></span> <span class='ocrx_word' id='word_1_360' title='bbox 3031 2872 3085 2918; x_wconf 91' lang='lat' dir='ltr'><strong>et</strong></span> <span class='ocrx_word' id='word_1_361' title='bbox 3120 2861 3399 2932; x_wconf 89' lang='lat' dir='ltr'><strong>apostolici</strong></span> <span class='ocrx_word' id='word_1_362' title='bbox 3449 2860 3711 2915; x_wconf 77' lang='lat' dir='ltr'><strong>modera-</strong></span> 
     </span>
    </p>
   </div>
   <div class='ocr_carea' id='block_1_58' title="bbox 2147 2949 3711 3025">
    <p class='ocr_par' dir='ltr' id='par_1_58' title="bbox 2147 2949 3711 3025">
     <span class='ocr_line' id='line_1_58' title="bbox 2147 2949 3711 3025; baseline -0.007 -13"><span class='ocrx_word' id='word_1_363' title='bbox 2147 2959 2308 3013; x_wconf 88' lang='lat' dir='ltr'><strong>minis</strong></span> <span class='ocrx_word' id='word_1_364' title='bbox 2333 2958 2741 3013; x_wconf 90' lang='lat' dir='ltr'><strong>sollicitudinem</strong></span> <span class='ocrx_word' id='word_1_365' title='bbox 2784 2956 3039 3025; x_wconf 87' lang='lat' dir='ltr'><strong>gerimus,</strong></span> <span class='ocrx_word' id='word_1_366' title='bbox 3084 2959 3144 3005; x_wconf 85' lang='lat' dir='ltr'><strong>ut</strong></span> <span class='ocrx_word' id='word_1_367' title='bbox 3178 2950 3341 3020; x_wconf 87' lang='lat' dir='ltr'><strong>justis</strong></span> <span class='ocrx_word' id='word_1_368' title='bbox 3366 2949 3711 3019; x_wconf 85' lang='lat' dir='ltr'><strong>precantium</strong></span> 
     </span>
    </p>
   </div>
   <div class='ocr_carea' id='block_1_59' title="bbox 2146 3037 3714 3117">
    <p class='ocr_par' dir='ltr' id='par_1_59' title="bbox 2146 3037 3714 3117">
     <span class='ocr_line' id='line_1_59' title="bbox 2146 3037 3714 3117; baseline -0.01 -14"><span class='ocrx_word' id='word_1_369' title='bbox 2146 3049 2531 3103; x_wconf 69' lang='lat' dir='ltr'><strong>votisattenta</strong></span> <span class='ocrx_word' id='word_1_370' title='bbox 2579 3046 2906 3117; x_wconf 84' lang='lat' dir='ltr'><strong>benignitate</strong></span> <span class='ocrx_word' id='word_1_371' title='bbox 2953 3042 3269 3106; x_wconf 81' lang='lat' dir='ltr'><strong>faveamus,</strong></span> <span class='ocrx_word' id='word_1_372' title='bbox 3316 3048 3370 3094; x_wconf 91' lang='lat' dir='ltr'><strong>et</strong></span> <span class='ocrx_word' id='word_1_373' title='bbox 3417 3037 3714 3092; x_wconf 80' lang='lat' dir='ltr'><strong>libramine</strong></span> 
     </span>
    </p>
   </div>
   <div class='ocr_carea' id='block_1_60' title="bbox 2146 3130 3710 3209">
    <p class='ocr_par' dir='ltr' id='par_1_60' title="bbox 2146 3130 3710 3209">
     <span class='ocr_line' id='line_1_60' title="bbox 2146 3130 3710 3209; baseline -0.008 -17"><span class='ocrx_word' id='word_1_374' title='bbox 2146 3136 2414 3207; x_wconf 65' lang='lat' dir='ltr'><strong>aequitatis</strong></span> <span class='ocrx_word' id='word_1_375' title='bbox 2444 3136 2696 3191; x_wconf 89' lang='lat' dir='ltr'><strong>omnibus</strong></span> <span class='ocrx_word' id='word_1_376' title='bbox 2732 3135 2785 3188; x_wconf 91' lang='lat' dir='ltr'><strong>in</strong></span> <span class='ocrx_word' id='word_1_377' title='bbox 2820 3133 3147 3209; x_wconf 87' lang='lat' dir='ltr'><strong>necessitate</strong></span> <span class='ocrx_word' id='word_1_378' title='bbox 3171 3130 3382 3200; x_wconf 86' lang='lat' dir='ltr'><strong>positis,</strong></span> <span class='ocrx_word' id='word_1_379' title='bbox 3412 3136 3710 3196; x_wconf 88' lang='lat' dir='ltr'><strong>quantum,</strong></span> 
     </span>
    </p>
   </div>
   <div class='ocr_carea' id='block_1_61' title="bbox 496 3217 3709 3313">
    <p class='ocr_par' dir='ltr' id='par_1_61' title="bbox 496 3217 3709 3313">
     <span class='ocr_line' id='line_1_61' title="bbox 496 3217 3709 3313; baseline -0.008 -20"><span class='ocrx_word' id='word_1_380' title='bbox 496 3217 820 3308; x_wconf 75' lang='lat' dir='ltr'><strong>quacunque</strong></span> <span class='ocrx_word' id='word_1_381' title='bbox 873 3217 1147 3308; x_wconf 46' lang='lat' dir='ltr'><strong>dignam;</strong></span> <span class='ocrx_word' id='word_1_382' title='bbox 1182 3217 1482 3309; x_wconf 58' lang='lat' dir='ltr'><strong>praeditum,</strong></span> <span class='ocrx_word' id='word_1_383' title='bbox 1537 3246 1619 3297; x_wconf 68' lang='lat' dir='ltr'><strong>vel</strong></span> <span class='ocrx_word' id='word_1_384' title='bbox 1664 3217 2045 3313; x_wconf 52' lang='lat' dir='ltr'><strong>quemcunque</strong></span> <span class='ocrx_word' id='word_1_385' title='bbox 2072 3249 2113 3304; x_wconf 70' lang='grc' dir='ltr'>ο</span> <span class='ocrx_word' id='word_1_386' title='bbox 2146 3227 2375 3281; x_wconf 88' lang='lat' dir='ltr'><strong>Domino</strong></span> <span class='ocrx_word' id='word_1_387' title='bbox 2414 3227 2668 3291; x_wconf 83' lang='lat' dir='ltr'><strong>donante,</strong></span> <span class='ocrx_word' id='word_1_388' title='bbox 2704 3228 3015 3295; x_wconf 78' lang='lat' dir='ltr'><strong>possumus,</strong></span> <span class='ocrx_word' id='word_1_389' title='bbox 3061 3220 3347 3282; x_wconf 83' lang='lat' dir='ltr'><strong>subvenire</strong></span> <span class='ocrx_word' id='word_1_390' title='bbox 3387 3217 3709 3313; x_wconf 68' lang='lat' dir='ltr'><strong>debeamus.</strong></span> 
     </span>
    </p>
   </div>
   <div class='ocr_carea' id='block_1_62' title="bbox 498 3327 2046 3403">
    <p class='ocr_par' dir='ltr' id='par_1_62' title="bbox 498 3327 2046 3403">
     <span class='ocr_line' id='line_1_62' title="bbox 498 3327 2046 3403; baseline 0.006 -24"><span class='ocrx_word' id='word_1_391' title='bbox 498 3327 686 3392; x_wconf 87' lang='lat' dir='ltr'><strong>alium,</strong></span> <span class='ocrx_word' id='word_1_392' title='bbox 727 3328 921 3381; x_wconf 90' lang='lat' dir='ltr'><strong>audere</strong></span> <span class='ocrx_word' id='word_1_393' title='bbox 961 3328 1026 3381; x_wconf 80' lang='lat' dir='ltr'><strong>de</strong></span> <span class='ocrx_word' id='word_1_394' title='bbox 1057 3328 1123 3383; x_wconf 89' lang='lat' dir='ltr'><strong>iis</strong></span> <span class='ocrx_word' id='word_1_395' title='bbox 1153 3346 1271 3398; x_wconf 74' lang='lat' dir='ltr'><strong>qua:</strong></span> <span class='ocrx_word' id='word_1_396' title='bbox 1294 3332 1465 3385; x_wconf 90' lang='lat' dir='ltr'><strong>eidem</strong></span> <span class='ocrx_word' id='word_1_397' title='bbox 1496 3332 1746 3387; x_wconf 68' lang='lat' dir='ltr'><strong>Ecclesiae</strong></span> <span class='ocrx_word' id='word_1_398' title='bbox 1768 3349 1796 3387; x_wconf 89' lang='lat' dir='ltr'><strong>a</strong></span> <span class='ocrx_word' id='word_1_399' title='bbox 1825 3334 2046 3403; x_wconf 81' lang='lat' dir='ltr'><strong>quibus-</strong></span> 
     </span>
    </p>
   </div>
   <div class='ocr_carea' id='block_1_63' title="bbox 499 3417 2047 3491">
    <p class='ocr_par' dir='ltr' id='par_1_63' title="bbox 499 3417 2047 3491">
     <span class='ocr_line' id='line_1_63' title="bbox 499 3417 2047 3491; baseline 0.005 -22"><span class='ocrx_word' id='word_1_400' title='bbox 499 3417 625 3472; x_wconf 88' lang='lat' dir='ltr'><strong>libet</strong></span> <span class='ocrx_word' id='word_1_401' title='bbox 648 3417 957 3473; x_wconf 87' lang='lat' dir='ltr'><strong>hominibus</strong></span> <span class='ocrx_word' id='word_1_402' title='bbox 983 3418 1049 3472; x_wconf 90' lang='lat' dir='ltr'><strong>de</strong></span> <span class='ocrx_word' id='word_1_403' title='bbox 1080 3421 1297 3489; x_wconf 81' lang='lat' dir='ltr'><strong>preprio</strong></span> <span class='ocrx_word' id='word_1_404' title='bbox 1313 3420 1436 3489; x_wconf 87' lang='lat' dir='ltr'><strong>jure</strong></span> <span class='ocrx_word' id='word_1_405' title='bbox 1451 3423 1563 3491; x_wconf 90' lang='lat' dir='ltr'><strong>jam</strong></span> <span class='ocrx_word' id='word_1_406' title='bbox 1585 3422 1781 3476; x_wconf 88' lang='lat' dir='ltr'><strong>donata</strong></span> <span class='ocrx_word' id='word_1_407' title='bbox 1808 3433 1953 3488; x_wconf 90' lang='lat' dir='ltr'><strong>sunt,</strong></span> <span class='ocrx_word' id='word_1_408' title='bbox 1968 3424 2047 3477; x_wconf 87' lang='lat' dir='ltr'><strong>vel</strong></span> 
     </span>
    </p>
   </div>
   <div class='ocr_carea' id='block_1_64' title="bbox 501 3506 2043 3577">
    <p class='ocr_par' dir='ltr' id='par_1_64' title="bbox 501 3506 2043 3577">
     <span class='ocr_line' id='line_1_64' title="bbox 501 3506 2043 3577; baseline 0.007 -20"><span class='ocrx_word' id='word_1_409' title='bbox 501 3506 556 3577; x_wconf 89' lang='lat' dir='ltr'><strong>in</strong></span> <span class='ocrx_word' id='word_1_410' title='bbox 618 3506 858 3561; x_wconf 90' lang='lat' dir='ltr'><strong>futurum</strong></span> <span class='ocrx_word' id='word_1_411' title='bbox 920 3507 1287 3575; x_wconf 87' lang='lat' dir='ltr'><strong>conferentur,</strong></span> <span class='ocrx_word' id='word_1_412' title='bbox 1336 3510 1547 3565; x_wconf 89' lang='lat' dir='ltr'><strong>auferre</strong></span> <span class='ocrx_word' id='word_1_413' title='bbox 1597 3513 1679 3567; x_wconf 92' lang='lat' dir='ltr'><strong>vel</strong></span> <span class='ocrx_word' id='word_1_414' title='bbox 1728 3510 2043 3568; x_wconf 89' lang='lat' dir='ltr'><strong>diminuere.</strong></span> 
     </span>
    </p>
   </div>
   <div class='ocr_carea' id='block_1_65' title="bbox 503 3592 2048 3666">
    <p class='ocr_par' dir='ltr' id='par_1_65' title="bbox 503 3592 2048 3666">
     <span class='ocr_line' id='line_1_65' title="bbox 503 3592 2048 3666; baseline 0.008 -20"><span class='ocrx_word' id='word_1_415' title='bbox 503 3592 764 3648; x_wconf 66' lang='lat' dir='ltr'><strong>Prmterea</strong></span> <span class='ocrx_word' id='word_1_416' title='bbox 786 3595 1106 3650; x_wconf 88' lang='lat' dir='ltr'><strong>fraternitati</strong></span> <span class='ocrx_word' id='word_1_417' title='bbox 1128 3606 1235 3651; x_wconf 67' lang='lat' dir='ltr'><strong>tua:</strong></span> <span class='ocrx_word' id='word_1_418' title='bbox 1258 3600 1405 3666; x_wconf 89' lang='lat' dir='ltr'><strong>pallii</strong></span> <span class='ocrx_word' id='word_1_419' title='bbox 1440 3617 1597 3654; x_wconf 90' lang='lat' dir='ltr'><strong>usum</strong></span> <span class='ocrx_word' id='word_1_420' title='bbox 1629 3602 1921 3656; x_wconf 84' lang='lat' dir='ltr'><strong>secundum</strong></span> <span class='ocrx_word' id='word_1_421' title='bbox 1953 3618 2048 3657; x_wconf 84' lang='lat' dir='ltr'><strong>an-</strong></span> 
     </span>
    </p>
   </div>
   <div class='ocr_carea' id='block_1_66' title="bbox 504 3668 2048 3756">
    <p class='ocr_par' dir='ltr' id='par_1_66' title="bbox 504 3668 2048 3756">
     <span class='ocr_line' id='line_1_66' title="bbox 504 3668 2048 3756; baseline 0.008 -22"><span class='ocrx_word' id='word_1_422' title='bbox 504 3682 716 3750; x_wconf 82' lang='lat' dir='ltr'><strong>tiquum</strong></span> <span class='ocrx_word' id='word_1_423' title='bbox 752 3683 1005 3738; x_wconf 65' lang='lat' dir='ltr'><strong>Ecclesiae</strong></span> <span class='ocrx_word' id='word_1_424' title='bbox 1057 3694 1161 3739; x_wconf 71' lang='lat' dir='ltr'><strong>tua:</strong></span> <span class='ocrx_word' id='word_1_425' title='bbox 1213 3702 1415 3740; x_wconf 90' lang='lat' dir='ltr'><strong>morem</strong></span> <span class='ocrx_word' id='word_1_426' title='bbox 1462 3690 1831 3756; x_wconf 88' lang='lat' dir='ltr'><strong>concedimus,</strong></span> <span class='ocrx_word' id='word_1_427' title='bbox 1881 3668 1940 3746; x_wconf 78' lang='lat' dir='ltr'><strong>ut</strong></span> <span class='ocrx_word' id='word_1_428' title='bbox 1984 3708 2048 3746; x_wconf 88' lang='lat' dir='ltr'><strong>eo</strong></span> 
     </span>
    </p>
   </div>
   <div class='ocr_carea' id='block_1_67' title="bbox 504 3769 2050 3841">
    <p class='ocr_par' dir='ltr' id='par_1_67' title="bbox 504 3769 2050 3841">
     <span class='ocr_line' id='line_1_67' title="bbox 504 3769 2050 3841; baseline 0.005 -13"><span class='ocrx_word' id='word_1_429' title='bbox 504 3775 643 3830; x_wconf 89' lang='lat' dir='ltr'><strong>inter</strong></span> <span class='ocrx_word' id='word_1_430' title='bbox 676 3769 961 3831; x_wconf 76' lang='lat' dir='ltr'><strong>missarum</strong></span> <span class='ocrx_word' id='word_1_431' title='bbox 987 3775 1245 3828; x_wconf 85' lang='lat' dir='ltr'><strong>solemnia</strong></span> <span class='ocrx_word' id='word_1_432' title='bbox 1274 3775 1357 3828; x_wconf 86' lang='lat' dir='ltr'><strong>his</strong></span> <span class='ocrx_word' id='word_1_433' title='bbox 1380 3777 1640 3841; x_wconf 73' lang='lat' dir='ltr'><strong>duntaxat</strong></span> <span class='ocrx_word' id='word_1_434' title='bbox 1674 3778 2050 3835; x_wconf 88' lang='lat' dir='ltr'><strong>festivitatibus</strong></span> 
     </span>
    </p>
   </div>
   <div class='ocr_carea' id='block_1_68' title="bbox 503 3862 2052 3931">
    <p class='ocr_par' dir='ltr' id='par_1_68' title="bbox 503 3862 2052 3931">
     <span class='ocr_line' id='line_1_68' title="bbox 503 3862 2052 3931; baseline 0.002 -13"><span class='ocrx_word' id='word_1_435' title='bbox 503 3866 694 3931; x_wconf 89' lang='lat' dir='ltr'><strong>utaris,</strong></span> <span class='ocrx_word' id='word_1_436' title='bbox 712 3866 976 3931; x_wconf 87' lang='lat' dir='ltr'><strong>videlicet,</strong></span> <span class='ocrx_word' id='word_1_437' title='bbox 992 3863 1280 3920; x_wconf 65' lang='lat' dir='ltr'><strong>Nativitete</strong></span> <span class='ocrx_word' id='word_1_438' title='bbox 1302 3862 1533 3931; x_wconf 88' lang='lat' dir='ltr'><strong>Domini,</strong></span> <span class='ocrx_word' id='word_1_439' title='bbox 1551 3865 1836 3921; x_wconf 86' lang='lat' dir='ltr'><strong>festivitate</strong></span> <span class='ocrx_word' id='word_1_440' title='bbox 1861 3866 1917 3922; x_wconf 90' lang='lat' dir='ltr'><strong>S.</strong></span> <span class='ocrx_word' id='word_1_441' title='bbox 1936 3868 2052 3921; x_wconf 83' lang='lat' dir='ltr'><strong>Ste-</strong></span> 
     </span>
    </p>
   </div>
   <div class='ocr_carea' id='block_1_69' title="bbox 438 3952 2049 4027">
    <p class='ocr_par' dir='ltr' id='par_1_69' title="bbox 438 3952 2049 4027">
     <span class='ocr_line' id='line_1_69' title="bbox 438 3952 2049 4027; baseline 0.001 -20"><span class='ocrx_word' id='word_1_442' title='bbox 438 3963 441 3965; x_wconf 81' lang='grc'><strong>’</strong></span> <span class='ocrx_word' id='word_1_443' title='bbox 502 3954 685 4027; x_wconf 79' lang='lat' dir='ltr'><strong>pharii,</strong></span> <span class='ocrx_word' id='word_1_444' title='bbox 738 3953 1056 4023; x_wconf 87' lang='lat' dir='ltr'><strong>Epiphania,</strong></span> <span class='ocrx_word' id='word_1_445' title='bbox 1089 3968 1241 4007; x_wconf 74' lang='lat' dir='ltr'><strong>ctena</strong></span> <span class='ocrx_word' id='word_1_446' title='bbox 1296 3952 1504 4006; x_wconf 87' lang='lat' dir='ltr'><strong>Domini</strong></span> <span class='ocrx_word' id='word_1_447' title='bbox 1550 3952 1624 4022; x_wconf 92' lang='lat' dir='ltr'><strong>(in</strong></span> <span class='ocrx_word' id='word_1_448' title='bbox 1662 3954 1747 4007; x_wconf 86' lang='lat' dir='ltr'><strong>die</strong></span> <span class='ocrx_word' id='word_1_449' title='bbox 1788 3953 2049 4022; x_wconf 78' lang='lat' dir='ltr'><strong>Pasclue),</strong></span> 
     </span>
    </p>
   </div>
   <div class='ocr_carea' id='block_1_70' title="bbox 408 4034 2054 4112">
    <p class='ocr_par' dir='ltr' id='par_1_70' title="bbox 408 4034 2054 4112">
     <span class='ocr_line' id='line_1_70' title="bbox 408 4034 2054 4112; baseline 0 -13"><span class='ocrx_word' id='word_1_450' title='bbox 408 4092 415 4099; x_wconf 86' lang='lat'><strong>.</strong></span> <span class='ocrx_word' id='word_1_451' title='bbox 487 4042 849 4108; x_wconf 53' lang='lat' dir='ltr'><strong>&#39;Ascensione,</strong></span> <span class='ocrx_word' id='word_1_452' title='bbox 900 4042 1231 4105; x_wconf 87' lang='lat' dir='ltr'><strong>Pentecoste,</strong></span> <span class='ocrx_word' id='word_1_453' title='bbox 1283 4051 1337 4095; x_wconf 88' lang='lat' dir='ltr'><strong>et</strong></span> <span class='ocrx_word' id='word_1_454' title='bbox 1384 4052 1615 4112; x_wconf 85' lang='lat' dir='ltr'><strong>quatuor</strong></span> <span class='ocrx_word' id='word_1_455' title='bbox 1679 4034 2054 4099; x_wconf 74' lang='lat' dir='ltr'><strong>festivitatibus</strong></span> 
     </span>
    </p>
   </div>
   <div class='ocr_carea' id='block_1_71' title="bbox 510 4127 2054 4199">
    <p class='ocr_par' dir='ltr' id='par_1_71' title="bbox 510 4127 2054 4199">
     <span class='ocr_line' id='line_1_71' title="bbox 510 4127 2054 4199; baseline 0.005 -19"><span class='ocrx_word' id='word_1_456' title='bbox 510 4127 566 4181; x_wconf 92' lang='lat' dir='ltr'><strong>S.</strong></span> <span class='ocrx_word' id='word_1_457' title='bbox 596 4129 793 4194; x_wconf 66' lang='lat' dir='ltr'><strong>Mariae,</strong></span> <span class='ocrx_word' id='word_1_458' title='bbox 819 4130 1092 4184; x_wconf 89' lang='lat' dir='ltr'><strong>nativitate</strong></span> <span class='ocrx_word' id='word_1_459' title='bbox 1124 4130 1179 4183; x_wconf 88' lang='lat' dir='ltr'><strong>S.</strong></span> <span class='ocrx_word' id='word_1_460' title='bbox 1216 4128 1439 4185; x_wconf 81' lang='lat' dir='ltr'><strong>Joannis</strong></span> <span class='ocrx_word' id='word_1_461' title='bbox 1471 4130 1747 4199; x_wconf 66' lang='lat' dir='ltr'><strong>Baptistae,</strong></span> <span class='ocrx_word' id='word_1_462' title='bbox 1801 4133 2054 4188; x_wconf 83' lang='lat' dir='ltr'><strong>natalitiis</strong></span> 
     </span>
    </p>
   </div>
   <div class='ocr_carea' id='block_1_72' title="bbox 509 4215 2052 4283">
    <p class='ocr_par' dir='ltr' id='par_1_72' title="bbox 509 4215 2052 4283">
     <span class='ocr_line' id='line_1_72' title="bbox 509 4215 2052 4283; baseline 0.006 -18"><span class='ocrx_word' id='word_1_463' title='bbox 509 4216 901 4281; x_wconf 89' lang='lat' dir='ltr'><strong>apostolorum,</strong></span> <span class='ocrx_word' id='word_1_464' title='bbox 936 4215 992 4268; x_wconf 92' lang='grc'>8.</span> <span class='ocrx_word' id='word_1_465' title='bbox 1026 4215 1327 4283; x_wconf 86' lang='lat' dir='ltr'><strong>Laurentii;</strong></span> <span class='ocrx_word' id='word_1_466' title='bbox 1379 4218 1433 4270; x_wconf 91' lang='lat' dir='ltr'><strong>in</strong></span> <span class='ocrx_word' id='word_1_467' title='bbox 1478 4218 1764 4273; x_wconf 88' lang='lat' dir='ltr'><strong>festivitate</strong></span> <span class='ocrx_word' id='word_1_468' title='bbox 1799 4218 2052 4275; x_wconf 88' lang='lat' dir='ltr'><strong>Omnium</strong></span> 
     </span>
    </p>
   </div>
   <div class='ocr_carea' id='block_1_73' title="bbox 512 4300 2055 4376">
    <p class='ocr_par' dir='ltr' id='par_1_73' title="bbox 512 4300 2055 4376">
     <span class='ocr_line' id='line_1_73' title="bbox 512 4300 2055 4376; baseline 0.007 -22"><span class='ocrx_word' id='word_1_469' title='bbox 512 4300 855 4369; x_wconf 89' lang='lat' dir='ltr'><strong>Sanctorum,</strong></span> <span class='ocrx_word' id='word_1_470' title='bbox 888 4318 1008 4369; x_wconf 73' lang='lat' dir='ltr'><strong>quae</strong></span> <span class='ocrx_word' id='word_1_471' title='bbox 1032 4306 1332 4359; x_wconf 87' lang='lat' dir='ltr'><strong>celebratur</strong></span> <span class='ocrx_word' id='word_1_472' title='bbox 1356 4305 1473 4361; x_wconf 83' lang='lat' dir='ltr'><strong>Kal.</strong></span> <span class='ocrx_word' id='word_1_473' title='bbox 1499 4306 1845 4376; x_wconf 87' lang='lat' dir='ltr'><strong>Novembris;</strong></span> <span class='ocrx_word' id='word_1_474' title='bbox 1892 4306 2055 4365; x_wconf 90' lang='lat' dir='ltr'><strong>etdie</strong></span> 
     </span>
    </p>
   </div>
   <div class='ocr_carea' id='block_1_74' title="bbox 514 4380 2055 4466">
    <p class='ocr_par' dir='ltr' id='par_1_74' title="bbox 514 4380 2055 4466">
     <span class='ocr_line' id='line_1_74' title="bbox 514 4380 2055 4466; baseline 0.003 -20"><span class='ocrx_word' id='word_1_475' title='bbox 514 4400 616 4446; x_wconf 74' lang='lat' dir='ltr'><strong>tuae</strong></span> <span class='ocrx_word' id='word_1_476' title='bbox 645 4390 1017 4455; x_wconf 86' lang='lat' dir='ltr'><strong>ordinationis,</strong></span> <span class='ocrx_word' id='word_1_477' title='bbox 1054 4402 1105 4446; x_wconf 89' lang='lat' dir='ltr'><strong>et</strong></span> <span class='ocrx_word' id='word_1_478' title='bbox 1146 4392 1201 4445; x_wconf 89' lang='lat' dir='ltr'><strong>in</strong></span> <span class='ocrx_word' id='word_1_479' title='bbox 1249 4392 1623 4450; x_wconf 86' lang='lat' dir='ltr'><strong>festivitatibus</strong></span> <span class='ocrx_word' id='word_1_480' title='bbox 1670 4396 1768 4450; x_wconf 87' lang='lat' dir='ltr'><strong>SS.</strong></span> <span class='ocrx_word' id='word_1_481' title='bbox 1824 4380 2055 4466; x_wconf 85' lang='lat' dir='ltr'><strong>quorum</strong></span> 
     </span>
    </p>
   </div>
   <div class='ocr_carea' id='block_1_75' title="bbox 509 4478 2054 4565">
    <p class='ocr_par' dir='ltr' id='par_1_75' title="bbox 509 4478 2054 4565">
     <span class='ocr_line' id='line_1_75' title="bbox 509 4478 2054 4565; baseline 0.003 -30"><span class='ocrx_word' id='word_1_482' title='bbox 509 4480 754 4548; x_wconf 81' lang='lat' dir='ltr'><strong>reliquiis</strong></span> <span class='ocrx_word' id='word_1_483' title='bbox 784 4489 874 4534; x_wconf 87' lang='lat' dir='ltr'><strong>tua</strong></span> <span class='ocrx_word' id='word_1_484' title='bbox 900 4480 1183 4534; x_wconf 88' lang='lat' dir='ltr'><strong>decoratur</strong></span> <span class='ocrx_word' id='word_1_485' title='bbox 1226 4478 1686 4565; x_wconf 41' lang='lat' dir='ltr'><strong>Ecclesiauatque</strong></span> <span class='ocrx_word' id='word_1_486' title='bbox 1733 4484 1789 4536; x_wconf 92' lang='lat' dir='ltr'><strong>in</strong></span> <span class='ocrx_word' id='word_1_487' title='bbox 1834 4485 2054 4539; x_wconf 87' lang='lat' dir='ltr'><strong>ordina-</strong></span> 
     </span>
    </p>
   </div>
   <div class='ocr_carea' id='block_1_76' title="bbox 513 4569 2053 4639">
    <p class='ocr_par' dir='ltr' id='par_1_76' title="bbox 513 4569 2053 4639">
     <span class='ocr_line' id='line_1_76' title="bbox 513 4569 2053 4639; baseline 0.006 -19"><span class='ocrx_word' id='word_1_488' title='bbox 513 4569 659 4621; x_wconf 87' lang='lat' dir='ltr'><strong>tione</strong></span> <span class='ocrx_word' id='word_1_489' title='bbox 685 4571 1076 4637; x_wconf 85' lang='lat' dir='ltr'><strong>episcoporum,</strong></span> <span class='ocrx_word' id='word_1_490' title='bbox 1101 4587 1194 4629; x_wconf 86' lang='lat' dir='ltr'><strong>seu</strong></span> <span class='ocrx_word' id='word_1_491' title='bbox 1218 4580 1532 4626; x_wconf 68' lang='lat' dir='ltr'><strong>czeterorum</strong></span> <span class='ocrx_word' id='word_1_492' title='bbox 1553 4572 1892 4639; x_wconf 88' lang='lat' dir='ltr'><strong>clericorum,</strong></span> <span class='ocrx_word' id='word_1_493' title='bbox 1916 4582 1970 4628; x_wconf 88' lang='lat' dir='ltr'><strong>et</strong></span> <span class='ocrx_word' id='word_1_494' title='bbox 1997 4575 2053 4629; x_wconf 92' lang='lat' dir='ltr'><strong>in</strong></span> 
     </span>
    </p>
   </div>
   <div class='ocr_carea' id='block_1_77' title="bbox 450 4656 2055 4733">
    <p class='ocr_par' dir='ltr' id='par_1_77' title="bbox 450 4656 2055 4733">
     <span class='ocr_line' id='line_1_77' title="bbox 450 4656 2055 4733; baseline 0.007 -27"><span class='ocrx_word' id='word_1_495' title='bbox 450 4670 453 4675; x_wconf 60' lang='grc' dir='ltr'><strong><em>λ</em></strong></span> <span class='ocrx_word' id='word_1_496' title='bbox 510 4656 916 4709; x_wconf 81' lang='lat' dir='ltr'><strong>consecratione</strong></span> <span class='ocrx_word' id='word_1_497' title='bbox 949 4659 1204 4731; x_wconf 64' lang='lat' dir='ltr'><strong>ecclesiae.</strong></span> <span class='ocrx_word' id='word_1_498' title='bbox 1239 4660 1528 4716; x_wconf 82' lang='lat' dir='ltr'><strong>Hortamur</strong></span> <span class='ocrx_word' id='word_1_499' title='bbox 1572 4663 1753 4733; x_wconf 87' lang='lat' dir='ltr'><strong>itaque</strong></span> <span class='ocrx_word' id='word_1_500' title='bbox 1804 4662 2055 4718; x_wconf 88' lang='lat' dir='ltr'><strong>fraterni-</strong></span> 
     </span>
    </p>
   </div>
   <div class='ocr_carea' id='block_1_78' title="bbox 512 4745 2053 4822">
    <p class='ocr_par' dir='ltr' id='par_1_78' title="bbox 512 4745 2053 4822">
     <span class='ocr_line' id='line_1_78' title="bbox 512 4745 2053 4822; baseline 0.008 -26"><span class='ocrx_word' id='word_1_501' title='bbox 512 4750 676 4797; x_wconf 83' lang='lat' dir='ltr'><strong>tatem</strong></span> <span class='ocrx_word' id='word_1_502' title='bbox 710 4751 854 4796; x_wconf 87' lang='lat' dir='ltr'><strong>tuam</strong></span> <span class='ocrx_word' id='word_1_503' title='bbox 880 4752 939 4796; x_wconf 93' lang='lat' dir='ltr'><strong>ut</strong></span> <span class='ocrx_word' id='word_1_504' title='bbox 980 4745 1150 4798; x_wconf 83' lang='lat' dir='ltr'><strong>honor</strong></span> <span class='ocrx_word' id='word_1_505' title='bbox 1181 4756 1341 4802; x_wconf 79' lang='lat' dir='ltr'><strong>tantae</strong></span> <span class='ocrx_word' id='word_1_506' title='bbox 1386 4750 1676 4819; x_wconf 86' lang='lat' dir='ltr'><strong>dignitatis,</strong></span> <span class='ocrx_word' id='word_1_507' title='bbox 1712 4754 2053 4822; x_wconf 84' lang='lat' dir='ltr'><strong>supplemen-</strong></span> 
     </span>
    </p>
   </div>
   <div class='ocr_carea' id='block_1_79' title="bbox 517 4831 2058 4905">
    <p class='ocr_par' dir='ltr' id='par_1_79' title="bbox 517 4831 2058 4905">
     <span class='ocr_line' id='line_1_79' title="bbox 517 4831 2058 4905; baseline 0.01 -23"><span class='ocrx_word' id='word_1_508' title='bbox 517 4839 629 4883; x_wconf 88' lang='lat' dir='ltr'><strong>tum</strong></span> <span class='ocrx_word' id='word_1_509' title='bbox 667 4831 849 4899; x_wconf 90' lang='lat' dir='ltr'><strong>utique</strong></span> <span class='ocrx_word' id='word_1_510' title='bbox 880 4832 1043 4886; x_wconf 88' lang='lat' dir='ltr'><strong>totius</strong></span> <span class='ocrx_word' id='word_1_511' title='bbox 1068 4834 1413 4890; x_wconf 87' lang='lat' dir='ltr'><strong>sacerdotalis</strong></span> <span class='ocrx_word' id='word_1_512' title='bbox 1440 4838 1661 4905; x_wconf 81' lang='lat' dir='ltr'><strong>ordinis,</strong></span> <span class='ocrx_word' id='word_1_513' title='bbox 1685 4843 1925 4899; x_wconf 87' lang='lat' dir='ltr'><strong>moribus</strong></span> <span class='ocrx_word' id='word_1_514' title='bbox 1950 4844 2058 4898; x_wconf 90' lang='lat' dir='ltr'><strong>tuis</strong></span> 
     </span>
    </p>
   </div>
   <div class='ocr_carea' id='block_1_80' title="bbox 515 4920 2055 4993">
    <p class='ocr_par' dir='ltr' id='par_1_80' title="bbox 515 4920 2055 4993">
     <span class='ocr_line' id='line_1_80' title="bbox 515 4920 2055 4993; baseline 0.011 -24"><span class='ocrx_word' id='word_1_515' title='bbox 515 4920 832 4988; x_wconf 82' lang='lat' dir='ltr'><strong>conveniat;</strong></span> <span class='ocrx_word' id='word_1_516' title='bbox 889 4929 942 4975; x_wconf 89' lang='lat' dir='ltr'><strong>et</strong></span> <span class='ocrx_word' id='word_1_517' title='bbox 979 4938 1087 4976; x_wconf 90' lang='lat' dir='ltr'><strong>non</strong></span> <span class='ocrx_word' id='word_1_518' title='bbox 1137 4924 1309 4978; x_wconf 90' lang='lat' dir='ltr'><strong>solum</strong></span> <span class='ocrx_word' id='word_1_519' title='bbox 1360 4927 1633 4993; x_wconf 82' lang='lat' dir='ltr'><strong>exteriori,</strong></span> <span class='ocrx_word' id='word_1_520' title='bbox 1670 4930 1762 4982; x_wconf 88' lang='lat' dir='ltr'><strong>sed</strong></span> <span class='ocrx_word' id='word_1_521' title='bbox 1814 4930 2055 4986; x_wconf 85' lang='lat' dir='ltr'><strong>interiori</strong></span> 
     </span>
    </p>
   </div>
   <div class='ocr_carea' id='block_1_81' title="bbox 518 5008 2055 5091">
    <p class='ocr_par' dir='ltr' id='par_1_81' title="bbox 518 5008 2055 5091">
     <span class='ocr_line' id='line_1_81' title="bbox 518 5008 2055 5091; baseline 0.01 -32"><span class='ocrx_word' id='word_1_522' title='bbox 518 5009 726 5091; x_wconf 70' lang='lat' dir='ltr'><strong>liomini</strong></span> <span class='ocrx_word' id='word_1_523' title='bbox 751 5018 846 5063; x_wconf 90' lang='lat' dir='ltr'><strong>tuo</strong></span> <span class='ocrx_word' id='word_1_524' title='bbox 872 5012 1117 5067; x_wconf 88' lang='lat' dir='ltr'><strong>decorem</strong></span> <span class='ocrx_word' id='word_1_525' title='bbox 1153 5023 1383 5083; x_wconf 73' lang='lat' dir='ltr'><strong>przestet,</strong></span> <span class='ocrx_word' id='word_1_526' title='bbox 1405 5024 1459 5071; x_wconf 89' lang='lat' dir='ltr'><strong>et</strong></span> <span class='ocrx_word' id='word_1_527' title='bbox 1480 5019 1741 5087; x_wconf 84' lang='lat' dir='ltr'><strong>gratiam;</strong></span> <span class='ocrx_word' id='word_1_528' title='bbox 1793 5008 2055 5087; x_wconf 86' lang='lat' dir='ltr'><strong>siquidem</strong></span> 
     </span>
    </p>
   </div>
   <div class='ocr_carea' id='block_1_82' title="bbox 520 5097 2053 5176">
    <p class='ocr_par' dir='ltr' id='par_1_82' title="bbox 520 5097 2053 5176">
     <span class='ocr_line' id='line_1_82' title="bbox 520 5097 2053 5176; baseline 0.007 -27"><span class='ocrx_word' id='word_1_529' title='bbox 520 5097 620 5151; x_wconf 88' lang='lat' dir='ltr'><strong>ista</strong></span> <span class='ocrx_word' id='word_1_530' title='bbox 643 5103 770 5151; x_wconf 87' lang='lat' dir='ltr'><strong>sunt</strong></span> <span class='ocrx_word' id='word_1_531' title='bbox 790 5098 1066 5164; x_wconf 87' lang='lat' dir='ltr'><strong>pallii,ista</strong></span> <span class='ocrx_word' id='word_1_532' title='bbox 1087 5111 1213 5159; x_wconf 90' lang='lat' dir='ltr'><strong>sunt</strong></span> <span class='ocrx_word' id='word_1_533' title='bbox 1232 5104 1535 5173; x_wconf 85' lang='lat' dir='ltr'><strong>hujusmodi</strong></span> <span class='ocrx_word' id='word_1_534' title='bbox 1562 5106 1858 5160; x_wconf 88' lang='lat' dir='ltr'><strong>indumenti</strong></span> <span class='ocrx_word' id='word_1_535' title='bbox 1882 5107 2053 5176; x_wconf 88' lang='lat' dir='ltr'><strong>signa,</strong></span> 
     </span>
    </p>
   </div>
   <div class='ocr_carea' id='block_1_83' title="bbox 520 5185 2054 5263">
    <p class='ocr_par' dir='ltr' id='par_1_83' title="bbox 520 5185 2054 5263">
     <span class='ocr_line' id='line_1_83' title="bbox 520 5185 2054 5263; baseline 0.008 -24"><span class='ocrx_word' id='word_1_536' title='bbox 520 5194 579 5257; x_wconf 86' lang='lat' dir='ltr'><strong>ut</strong></span> <span class='ocrx_word' id='word_1_537' title='bbox 608 5185 895 5241; x_wconf 89' lang='lat' dir='ltr'><strong>Dominum</strong></span> <span class='ocrx_word' id='word_1_538' title='bbox 927 5204 991 5240; x_wconf 84' lang='lat' dir='ltr'><strong>ex</strong></span> <span class='ocrx_word' id='word_1_539' title='bbox 1016 5196 1127 5242; x_wconf 89' lang='lat' dir='ltr'><strong>toto</strong></span> <span class='ocrx_word' id='word_1_540' title='bbox 1164 5194 1339 5255; x_wconf 88' lang='lat' dir='ltr'><strong>corde,</strong></span> <span class='ocrx_word' id='word_1_541' title='bbox 1371 5202 1427 5248; x_wconf 88' lang='lat' dir='ltr'><strong>et</strong></span> <span class='ocrx_word' id='word_1_542' title='bbox 1458 5204 1569 5251; x_wconf 90' lang='lat' dir='ltr'><strong>tota</strong></span> <span class='ocrx_word' id='word_1_543' title='bbox 1606 5196 1805 5263; x_wconf 83' lang='lat' dir='ltr'><strong>anima,</strong></span> <span class='ocrx_word' id='word_1_544' title='bbox 1828 5198 2054 5251; x_wconf 81' lang='lat' dir='ltr'><strong>etomni</strong></span> 
     </span>
    </p>
   </div>
   <div class='ocr_carea' id='block_1_84' title="bbox 519 5275 2052 5355">
    <p class='ocr_par' dir='ltr' id='par_1_84' title="bbox 519 5275 2052 5355">
     <span class='ocr_line' id='line_1_84' title="bbox 519 5275 2052 5355; baseline 0.008 -27"><span class='ocrx_word' id='word_1_545' title='bbox 519 5277 717 5330; x_wconf 86' lang='lat' dir='ltr'><strong>virtute</strong></span> <span class='ocrx_word' id='word_1_546' title='bbox 744 5275 960 5344; x_wconf 84' lang='lat' dir='ltr'><strong>diligas,</strong></span> <span class='ocrx_word' id='word_1_547' title='bbox 987 5284 1041 5328; x_wconf 90' lang='lat' dir='ltr'><strong>et</strong></span> <span class='ocrx_word' id='word_1_548' title='bbox 1069 5278 1370 5345; x_wconf 77' lang='lat' dir='ltr'><strong>proximum</strong></span> <span class='ocrx_word' id='word_1_549' title='bbox 1422 5289 1575 5337; x_wconf 89' lang='lat' dir='ltr'><strong>tuum</strong></span> <span class='ocrx_word' id='word_1_550' title='bbox 1624 5294 1765 5338; x_wconf 67' lang='grc' dir='ltr'><strong>δεευι</strong></span> <span class='ocrx_word' id='word_1_551' title='bbox 1803 5286 2052 5355; x_wconf 82' lang='lat' dir='ltr'><strong>teipsum.</strong></span> 
     </span>
    </p>
   </div>
   <div class='ocr_carea' id='block_1_85' title="bbox 519 5364 2058 5434">
    <p class='ocr_par' dir='ltr' id='par_1_85' title="bbox 519 5364 2058 5434">
     <span class='ocr_line' id='line_1_85' title="bbox 519 5364 2058 5434; baseline 0.007 -16"><span class='ocrx_word' id='word_1_552' title='bbox 519 5364 651 5419; x_wconf 84' lang='lat' dir='ltr'><strong>Nam</strong></span> <span class='ocrx_word' id='word_1_553' title='bbox 684 5365 809 5419; x_wconf 88' lang='lat' dir='ltr'><strong>licet</strong></span> <span class='ocrx_word' id='word_1_554' title='bbox 837 5365 904 5419; x_wconf 89' lang='lat' dir='ltr'><strong>ad</strong></span> <span class='ocrx_word' id='word_1_555' title='bbox 938 5380 1093 5419; x_wconf 91' lang='lat' dir='ltr'><strong>usum</strong></span> <span class='ocrx_word' id='word_1_556' title='bbox 1126 5368 1265 5434; x_wconf 90' lang='lat' dir='ltr'><strong>pallii</strong></span> <span class='ocrx_word' id='word_1_557' title='bbox 1304 5369 1546 5422; x_wconf 89' lang='lat' dir='ltr'><strong>omnium</strong></span> <span class='ocrx_word' id='word_1_558' title='bbox 1589 5372 1851 5425; x_wconf 68' lang='lat' dir='ltr'><strong>virtutum</strong></span> <span class='ocrx_word' id='word_1_559' title='bbox 1894 5381 2058 5430; x_wconf 87' lang='lat' dir='ltr'><strong>orna-</strong></span> 
     </span>
    </p>
   </div>
   <div class='ocr_carea' id='block_1_86' title="bbox 520 5452 2060 5522">
    <p class='ocr_par' dir='ltr' id='par_1_86' title="bbox 520 5452 2060 5522">
     <span class='ocr_line' id='line_1_86' title="bbox 520 5452 2060 5522; baseline 0.006 -17"><span class='ocrx_word' id='word_1_560' title='bbox 520 5461 698 5506; x_wconf 88' lang='lat' dir='ltr'><strong>menta</strong></span> <span class='ocrx_word' id='word_1_561' title='bbox 727 5452 835 5506; x_wconf 89' lang='lat' dir='ltr'><strong>sint</strong></span> <span class='ocrx_word' id='word_1_562' title='bbox 856 5454 1188 5517; x_wconf 84' lang='lat' dir='ltr'><strong>necessaria,</strong></span> <span class='ocrx_word' id='word_1_563' title='bbox 1210 5455 1637 5522; x_wconf 87' lang='lat' dir='ltr'><strong>inseparabiliter</strong></span> <span class='ocrx_word' id='word_1_564' title='bbox 1664 5454 1845 5513; x_wconf 74' lang='lat' dir='ltr'><strong>iamen</strong></span> <span class='ocrx_word' id='word_1_565' title='bbox 1880 5461 2060 5515; x_wconf 81' lang='lat' dir='ltr'><strong>chari-</strong></span> 
     </span>
    </p>
   </div>
   <div class='ocr_carea' id='block_1_87' title="bbox 523 5546 2060 5619">
    <p class='ocr_par' dir='ltr' id='par_1_87' title="bbox 523 5546 2060 5619">
     <span class='ocr_line' id='line_1_87' title="bbox 523 5546 2060 5619; baseline 0.005 -24"><span class='ocrx_word' id='word_1_566' title='bbox 523 5550 626 5607; x_wconf 87' lang='lat' dir='ltr'><strong>tas,</strong></span> <span class='ocrx_word' id='word_1_567' title='bbox 656 5558 774 5611; x_wconf 68' lang='lat' dir='ltr'><strong>quae</strong></span> <span class='ocrx_word' id='word_1_568' title='bbox 802 5558 989 5598; x_wconf 90' lang='lat' dir='ltr'><strong>omnes</strong></span> <span class='ocrx_word' id='word_1_569' title='bbox 1011 5546 1398 5612; x_wconf 81' lang='lat' dir='ltr'><strong>superexcedit,</strong></span> <span class='ocrx_word' id='word_1_570' title='bbox 1442 5562 1504 5601; x_wconf 90' lang='lat' dir='ltr'><strong>ac</strong></span> <span class='ocrx_word' id='word_1_571' title='bbox 1546 5549 1832 5616; x_wconf 70' lang='lat' dir='ltr'><strong>pollentem</strong></span> <span class='ocrx_word' id='word_1_572' title='bbox 1883 5549 2060 5619; x_wconf 81' lang='lat' dir='ltr'><strong>digni-</strong></span> 
     </span>
    </p>
   </div>
   <div class='ocr_carea' id='block_1_88' title="bbox 526 5631 2059 5706">
    <p class='ocr_par' dir='ltr' id='par_1_88' title="bbox 526 5631 2059 5706">
     <span class='ocr_line' id='line_1_88' title="bbox 526 5631 2059 5706; baseline 0.008 -26"><span class='ocrx_word' id='word_1_573' title='bbox 526 5637 631 5702; x_wconf 70' lang='lat' dir='ltr'><strong>tate</strong></span> <span class='ocrx_word' id='word_1_574' title='bbox 659 5631 900 5686; x_wconf 80' lang='lat' dir='ltr'><strong>comitari</strong></span> <span class='ocrx_word' id='word_1_575' title='bbox 935 5634 1196 5706; x_wconf 66' lang='lat' dir='ltr'><strong>convenit.</strong></span> <span class='ocrx_word' id='word_1_576' title='bbox 1229 5634 1308 5688; x_wconf 85' lang='lat' dir='ltr'><strong>Ad</strong></span> <span class='ocrx_word' id='word_1_577' title='bbox 1344 5634 1598 5691; x_wconf 85' lang='lat' dir='ltr'><strong>imitanda</strong></span> <span class='ocrx_word' id='word_1_578' title='bbox 1634 5638 1794 5706; x_wconf 77' lang='lat' dir='ltr'><strong>iguur</strong></span> <span class='ocrx_word' id='word_1_579' title='bbox 1822 5639 2059 5694; x_wconf 88' lang='lat' dir='ltr'><strong>omnium</strong></span> 
     </span>
    </p>
   </div>
   <div class='ocr_carea' id='block_1_89' title="bbox 524 5712 2062 5787">
    <p class='ocr_par' dir='ltr' id='par_1_89' title="bbox 524 5712 2062 5787">
     <span class='ocr_line' id='line_1_89' title="bbox 524 5712 2062 5787; baseline 0.008 -17"><span class='ocrx_word' id='word_1_580' title='bbox 524 5717 788 5773; x_wconf 87' lang='lat' dir='ltr'><strong>bonorum</strong></span> <span class='ocrx_word' id='word_1_581' title='bbox 808 5720 1181 5787; x_wconf 79' lang='lat' dir='ltr'><strong>instrumenta,</strong></span> <span class='ocrx_word' id='word_1_582' title='bbox 1212 5725 1318 5777; x_wconf 84' lang='lat' dir='ltr'><strong>vita</strong></span> <span class='ocrx_word' id='word_1_583' title='bbox 1352 5733 1404 5777; x_wconf 86' lang='lat' dir='ltr'><strong>et</strong></span> <span class='ocrx_word' id='word_1_584' title='bbox 1437 5726 1655 5780; x_wconf 84' lang='lat' dir='ltr'><strong>scientia</strong></span> <span class='ocrx_word' id='word_1_585' title='bbox 1706 5743 1793 5780; x_wconf 57' lang='lat' dir='ltr'><strong>tua</strong></span> <span class='ocrx_word' id='word_1_586' title='bbox 1837 5712 2062 5782; x_wconf 82' lang='lat' dir='ltr'><strong>subditis</strong></span> 
     </span>
    </p>
   </div>
   <div class='ocr_carea' id='block_1_90' title="bbox 597 5833 1461 5909">
    <p class='ocr_par' dir='ltr' id='par_1_90' title="bbox 597 5833 1461 5909">
     <span class='ocr_line' id='line_1_90' title="bbox 597 5833 1461 5909; baseline 0.014 -25"><span class='ocrx_word' id='word_1_587' title='bbox 597 5834 742 5903; x_wconf 73' lang='lat' dir='ltr'><strong>(H7)</strong></span> <span class='ocrx_word' id='word_1_588' title='bbox 777 5833 1000 5901; x_wconf 73' lang='lat' dir='ltr'><strong>Videtur</strong></span> <span class='ocrx_word' id='word_1_589' title='bbox 1030 5840 1232 5909; x_wconf 80' lang='lat' dir='ltr'><strong>aliquid</strong></span> <span class='ocrx_word' id='word_1_590' title='bbox 1256 5842 1461 5897; x_wconf 71' lang='lat' dir='ltr'><strong>tlccssc.</strong></span> 
     </span>
    </p>
   </div>
   <div class='ocr_carea' id='block_1_91' title="bbox 2146 3306 3713 3383">
    <p class='ocr_par' dir='ltr' id='par_1_91' title="bbox 2146 3306 3713 3383">
     <span class='ocr_line' id='line_1_91' title="bbox 2146 3306 3713 3383; baseline -0.007 -12"><span class='ocrx_word' id='word_1_591' title='bbox 2146 3317 2395 3383; x_wconf 86' lang='lat' dir='ltr'><strong>Proinde,</strong></span> <span class='ocrx_word' id='word_1_592' title='bbox 2424 3318 2725 3369; x_wconf 90' lang='lat' dir='ltr'><strong>interventu</strong></span> <span class='ocrx_word' id='word_1_593' title='bbox 2755 3321 2810 3369; x_wconf 86' lang='lat' dir='ltr'><strong>et</strong></span> <span class='ocrx_word' id='word_1_594' title='bbox 2842 3321 3030 3383; x_wconf 87' lang='lat' dir='ltr'><strong>rogatu</strong></span> <span class='ocrx_word' id='word_1_595' title='bbox 3055 3309 3344 3366; x_wconf 86' lang='lat' dir='ltr'><strong>confratris</strong></span> <span class='ocrx_word' id='word_1_596' title='bbox 3368 3308 3538 3364; x_wconf 85' lang='lat' dir='ltr'><strong>nostri</strong></span> <span class='ocrx_word' id='word_1_597' title='bbox 3567 3306 3713 3362; x_wconf 84' lang='lat' dir='ltr'><strong>Gui-</strong></span> 
     </span>
    </p>
   </div>
   <div class='ocr_carea' id='block_1_92' title="bbox 2145 3398 3711 3475">
    <p class='ocr_par' dir='ltr' id='par_1_92' title="bbox 2145 3398 3711 3475">
     <span class='ocr_line' id='line_1_92' title="bbox 2145 3398 3711 3475; baseline -0.005 -14"><span class='ocrx_word' id='word_1_598' title='bbox 2145 3398 2304 3461; x_wconf 87' lang='lat' dir='ltr'><strong>donis</strong></span> <span class='ocrx_word' id='word_1_599' title='bbox 2344 3404 2681 3462; x_wconf 87' lang='lat' dir='ltr'><strong>Belvacensis</strong></span> <span class='ocrx_word' id='word_1_600' title='bbox 2716 3405 2974 3475; x_wconf 88' lang='lat' dir='ltr'><strong>episcopi,</strong></span> <span class='ocrx_word' id='word_1_601' title='bbox 3022 3401 3255 3474; x_wconf 60' lang='lat' dir='ltr'><strong>praefata</strong></span> <span class='ocrx_word' id='word_1_602' title='bbox 3296 3401 3535 3456; x_wconf 72' lang='lat' dir='ltr'><strong>ecclesia:</strong></span> <span class='ocrx_word' id='word_1_603' title='bbox 3567 3416 3711 3455; x_wconf 80' lang='lat' dir='ltr'><strong>con-</strong></span> 
     </span>
    </p>
   </div>
   <div class='ocr_carea' id='block_1_93' title="bbox 2146 3491 3712 3570">
    <p class='ocr_par' dir='ltr' id='par_1_93' title="bbox 2146 3491 3712 3570">
     <span class='ocr_line' id='line_1_93' title="bbox 2146 3491 3712 3570; baseline -0.004 -18"><span class='ocrx_word' id='word_1_604' title='bbox 2146 3498 2450 3563; x_wconf 88' lang='lat' dir='ltr'><strong>structoris,</strong></span> <span class='ocrx_word' id='word_1_605' title='bbox 2483 3495 2833 3570; x_wconf 85' lang='lat' dir='ltr'><strong>postulationi</strong></span> <span class='ocrx_word' id='word_1_606' title='bbox 2872 3503 2977 3549; x_wconf 73' lang='lat' dir='ltr'><strong>tua:</strong></span> <span class='ocrx_word' id='word_1_607' title='bbox 3018 3500 3317 3548; x_wconf 90' lang='lat' dir='ltr'><strong>annuentes</strong></span> <span class='ocrx_word' id='word_1_608' title='bbox 3341 3533 3356 3559; x_wconf 91' lang='lat'><strong>,</strong></span> <span class='ocrx_word' id='word_1_609' title='bbox 3402 3492 3503 3547; x_wconf 85' lang='lat' dir='ltr'><strong>sub</strong></span> <span class='ocrx_word' id='word_1_610' title='bbox 3538 3491 3712 3546; x_wconf 80' lang='lat' dir='ltr'><strong>tutela</strong></span> 
     </span>
    </p>
   </div>
   <div class='ocr_carea' id='block_1_94' title="bbox 2146 3579 3712 3651">
    <p class='ocr_par' dir='ltr' id='par_1_94' title="bbox 2146 3579 3712 3651">
     <span class='ocr_line' id='line_1_94' title="bbox 2146 3579 3712 3651; baseline -0.007 -9"><span class='ocrx_word' id='word_1_611' title='bbox 2146 3595 2199 3642; x_wconf 86' lang='lat' dir='ltr'><strong>et</strong></span> <span class='ocrx_word' id='word_1_612' title='bbox 2224 3585 2533 3641; x_wconf 88' lang='lat' dir='ltr'><strong>defensione</strong></span> <span class='ocrx_word' id='word_1_613' title='bbox 2571 3583 2793 3638; x_wconf 68' lang='lat' dir='ltr'><strong>sanctze‘</strong></span> <span class='ocrx_word' id='word_1_614' title='bbox 2816 3582 2959 3637; x_wconf 80' lang='lat' dir='ltr'><strong>Sedis</strong></span> <span class='ocrx_word' id='word_1_615' title='bbox 3003 3580 3311 3651; x_wconf 61' lang='lat' dir='ltr'><strong>apostolica</strong></span> <span class='ocrx_word' id='word_1_616' title='bbox 3336 3620 3353 3646; x_wconf 89' lang='lat'><strong>,</strong></span> <span class='ocrx_word' id='word_1_617' title='bbox 3394 3579 3572 3633; x_wconf 87' lang='lat' dir='ltr'><strong>locum</strong></span> <span class='ocrx_word' id='word_1_618' title='bbox 3613 3580 3712 3632; x_wconf 88' lang='lat' dir='ltr'><strong>cui</strong></span> 
     </span>
    </p>
   </div>
   <div class='ocr_carea' id='block_1_95' title="bbox 2147 3666 3713 3746">
    <p class='ocr_par' dir='ltr' id='par_1_95' title="bbox 2147 3666 3713 3746">
     <span class='ocr_line' id='line_1_95' title="bbox 2147 3666 3713 3746; baseline -0.008 -16"><span class='ocrx_word' id='word_1_619' title='bbox 2147 3690 2376 3746; x_wconf 69' lang='lat' dir='ltr'><strong>praeesse</strong></span> <span class='ocrx_word' id='word_1_620' title='bbox 2407 3673 2758 3744; x_wconf 86' lang='lat' dir='ltr'><strong>dignosceris,</strong></span> <span class='ocrx_word' id='word_1_621' title='bbox 2795 3671 3073 3727; x_wconf 89' lang='lat' dir='ltr'><strong>ecclesiam</strong></span> <span class='ocrx_word' id='word_1_622' title='bbox 3110 3668 3353 3723; x_wconf 82' lang='lat' dir='ltr'><strong>videlicet</strong></span> <span class='ocrx_word' id='word_1_623' title='bbox 3376 3666 3432 3722; x_wconf 90' lang='grc'>8.</span> <span class='ocrx_word' id='word_1_624' title='bbox 3462 3666 3713 3733; x_wconf 81' lang='lat' dir='ltr'><strong>Quintini</strong></span> 
     </span>
    </p>
   </div>
   <div class='ocr_carea' id='block_1_96' title="bbox 2148 3750 3717 3831">
    <p class='ocr_par' dir='ltr' id='par_1_96' title="bbox 2148 3750 3717 3831">
     <span class='ocr_line' id='line_1_96' title="bbox 2148 3750 3717 3831; baseline -0.004 -16"><span class='ocrx_word' id='word_1_625' title='bbox 2148 3762 2399 3831; x_wconf 81' lang='lat' dir='ltr'><strong>martyris</strong></span> <span class='ocrx_word' id='word_1_626' title='bbox 2439 3761 2784 3829; x_wconf 88' lang='lat' dir='ltr'><strong>suscipimus.</strong></span> <span class='ocrx_word' id='word_1_627' title='bbox 2830 3750 2931 3813; x_wconf 84' lang='lat' dir='ltr'><strong>Cui</strong></span> <span class='ocrx_word' id='word_1_628' title='bbox 2970 3757 3243 3826; x_wconf 84' lang='lat' dir='ltr'><strong>privilegia</strong></span> <span class='ocrx_word' id='word_1_629' title='bbox 3269 3754 3533 3824; x_wconf 84' lang='lat' dir='ltr'><strong>ejusmodi</strong></span> <span class='ocrx_word' id='word_1_630' title='bbox 3569 3769 3717 3822; x_wconf 71' lang='lat' dir='ltr'><strong>pra:—</strong></span> 
     </span>
    </p>
   </div>
   <div class='ocr_carea' id='block_1_97' title="bbox 2150 3842 3712 3915">
    <p class='ocr_par' dir='ltr' id='par_1_97' title="bbox 2150 3842 3712 3915">
     <span class='ocr_line' id='line_1_97' title="bbox 2150 3842 3712 3915; baseline -0.005 -10"><span class='ocrx_word' id='word_1_631' title='bbox 2150 3851 2287 3906; x_wconf 87' lang='lat' dir='ltr'><strong>senti</strong></span> <span class='ocrx_word' id='word_1_632' title='bbox 2328 3850 2665 3904; x_wconf 85' lang='lat' dir='ltr'><strong>auctoritatis</strong></span> <span class='ocrx_word' id='word_1_633' title='bbox 2696 3842 2899 3901; x_wconf 67' lang='lat' dir='ltr'><strong>noStra:</strong></span> <span class='ocrx_word' id='word_1_634' title='bbox 2943 3844 3158 3900; x_wconf 85' lang='lat' dir='ltr'><strong>decreto</strong></span> <span class='ocrx_word' id='word_1_635' title='bbox 3182 3844 3539 3915; x_wconf 88' lang='lat' dir='ltr'><strong>indulgemus,</strong></span> <span class='ocrx_word' id='word_1_636' title='bbox 3576 3858 3712 3897; x_wconf 81' lang='lat' dir='ltr'><strong>eon-</strong></span> 
     </span>
    </p>
   </div>
   <div class='ocr_carea' id='block_1_98' title="bbox 2151 3920 3716 4004">
    <p class='ocr_par' dir='ltr' id='par_1_98' title="bbox 2151 3920 3716 4004">
     <span class='ocr_line' id='line_1_98' title="bbox 2151 3920 3716 4004; baseline -0.001 -15"><span class='ocrx_word' id='word_1_637' title='bbox 2151 3937 2392 4004; x_wconf 87' lang='lat' dir='ltr'><strong>eedimus</strong></span> <span class='ocrx_word' id='word_1_638' title='bbox 2418 3944 2578 4003; x_wconf 89' lang='lat' dir='ltr'><strong>atque</strong></span> <span class='ocrx_word' id='word_1_639' title='bbox 2610 3934 2888 3987; x_wconf 80' lang='lat' dir='ltr'><strong>firmamus</strong></span> <span class='ocrx_word' id='word_1_640' title='bbox 2918 3951 2931 3986; x_wconf 92' lang='lat'>:</span> <span class='ocrx_word' id='word_1_641' title='bbox 2971 3920 3498 3987; x_wconf 42' lang='lat' dir='ltr'><strong>statuentes/nullum</strong></span> <span class='ocrx_word' id='word_1_642' title='bbox 3518 3948 3716 4001; x_wconf 77' lang='lat' dir='ltr'><strong>regum</strong></span> 
     </span>
    </p>
   </div>
   <div class='ocr_carea' id='block_1_99' title="bbox 2152 4019 3717 4093">
    <p class='ocr_par' dir='ltr' id='par_1_99' title="bbox 2152 4019 3717 4093">
     <span class='ocr_line' id='line_1_99' title="bbox 2152 4019 3717 4093; baseline -0.001 -16"><span class='ocrx_word' id='word_1_643' title='bbox 2152 4024 2233 4078; x_wconf 81' lang='lat' dir='ltr'><strong>vel</strong></span> <span class='ocrx_word' id='word_1_644' title='bbox 2277 4025 2662 4093; x_wconf 89' lang='lat' dir='ltr'><strong>imperatorum</strong></span> <span class='ocrx_word' id='word_1_645' title='bbox 2690 4063 2705 4088; x_wconf 89' lang='lat'><strong>,</strong></span> <span class='ocrx_word' id='word_1_646' title='bbox 2744 4021 3046 4076; x_wconf 89' lang='lat' dir='ltr'><strong>antistitum</strong></span> <span class='ocrx_word' id='word_1_647' title='bbox 3069 4062 3085 4087; x_wconf 89' lang='lat'><strong>,</strong></span> <span class='ocrx_word' id='word_1_648' title='bbox 3124 4019 3335 4074; x_wconf 85' lang='lat' dir='ltr'><strong>nullum</strong></span> <span class='ocrx_word' id='word_1_649' title='bbox 3386 4034 3717 4090; x_wconf 86' lang='lat' dir='ltr'><strong>quacunque</strong></span> 
     </span>
    </p>
   </div>
   <div class='ocr_carea' id='block_1_100' title="bbox 2151 4110 3721 4187">
    <p class='ocr_par' dir='ltr' id='par_1_100' title="bbox 2151 4110 3721 4187">
     <span class='ocr_line' id='line_1_100' title="bbox 2151 4110 3721 4187; baseline -0.003 -18"><span class='ocrx_word' id='word_1_650' title='bbox 2151 4115 2409 4187; x_wconf 76' lang='lat' dir='ltr'><strong>dignitate</strong></span> <span class='ocrx_word' id='word_1_651' title='bbox 2442 4112 2744 4183; x_wconf 80' lang='lat' dir='ltr'><strong>praeditum,</strong></span> <span class='ocrx_word' id='word_1_652' title='bbox 2769 4111 2851 4168; x_wconf 88' lang='lat' dir='ltr'><strong>vel</strong></span> <span class='ocrx_word' id='word_1_653' title='bbox 2872 4110 3389 4181; x_wconf 50' lang='lat' dir='ltr'><strong>quemquam&#39;alium</strong></span> <span class='ocrx_word' id='word_1_654' title='bbox 3418 4111 3613 4165; x_wconf 84' lang='lat' dir='ltr'><strong>audere</strong></span> <span class='ocrx_word' id='word_1_655' title='bbox 3640 4110 3721 4185; x_wconf 70' lang='lat' dir='ltr'><strong>de</strong></span> 
     </span>
    </p>
   </div>
   <div class='ocr_carea' id='block_1_101' title="bbox 2154 4200 3716 4275">
    <p class='ocr_par' dir='ltr' id='par_1_101' title="bbox 2154 4200 3716 4275">
     <span class='ocr_line' id='line_1_101' title="bbox 2154 4200 3716 4275; baseline -0.004 -16"><span class='ocrx_word' id='word_1_656' title='bbox 2154 4206 2237 4261; x_wconf 79' lang='lat' dir='ltr'><strong>his</strong></span> <span class='ocrx_word' id='word_1_657' title='bbox 2266 4220 2387 4275; x_wconf 64' lang='lat' dir='ltr'><strong>qua:</strong></span> <span class='ocrx_word' id='word_1_658' title='bbox 2426 4204 2598 4259; x_wconf 90' lang='lat' dir='ltr'><strong>eidem</strong></span> <span class='ocrx_word' id='word_1_659' title='bbox 2640 4202 2931 4257; x_wconf 86' lang='lat' dir='ltr'><strong>venerabili</strong></span> <span class='ocrx_word' id='word_1_660' title='bbox 2969 4202 3087 4257; x_wconf 90' lang='lat' dir='ltr'><strong>loco</strong></span> <span class='ocrx_word' id='word_1_661' title='bbox 3126 4216 3155 4254; x_wconf 87' lang='lat' dir='ltr'><strong>a</strong></span> <span class='ocrx_word' id='word_1_662' title='bbox 3190 4200 3415 4271; x_wconf 64' lang='lat' dir='ltr'><strong>praefato</strong></span> <span class='ocrx_word' id='word_1_663' title='bbox 3454 4200 3716 4270; x_wconf 85' lang='lat' dir='ltr'><strong>episcopo</strong></span> 
     </span>
    </p>
   </div>
   <div class='ocr_carea' id='block_1_102' title="bbox 2152 4279 3716 4366">
    <p class='ocr_par' dir='ltr' id='par_1_102' title="bbox 2152 4279 3716 4366">
     <span class='ocr_line' id='line_1_102' title="bbox 2152 4279 3716 4366; baseline -0.002 -19"><span class='ocrx_word' id='word_1_664' title='bbox 2152 4295 2235 4366; x_wconf 84' lang='lat' dir='ltr'><strong>vel</strong></span> <span class='ocrx_word' id='word_1_665' title='bbox 2258 4310 2287 4347; x_wconf 92' lang='lat' dir='ltr'><strong>a</strong></span> <span class='ocrx_word' id='word_1_666' title='bbox 2312 4293 2640 4365; x_wconf 83' lang='lat' dir='ltr'><strong>quibuslibet</strong></span> <span class='ocrx_word' id='word_1_667' title='bbox 2664 4292 2975 4347; x_wconf 76' lang='lat' dir='ltr'><strong>numinibus</strong></span> <span class='ocrx_word' id='word_1_668' title='bbox 2998 4292 3064 4347; x_wconf 88' lang='lat' dir='ltr'><strong>de</strong></span> <span class='ocrx_word' id='word_1_669' title='bbox 3093 4279 3311 4360; x_wconf 84' lang='lat' dir='ltr'><strong>proprio</strong></span> <span class='ocrx_word' id='word_1_670' title='bbox 3330 4291 3453 4361; x_wconf 78' lang='lat' dir='ltr'><strong>jure</strong></span> <span class='ocrx_word' id='word_1_671' title='bbox 3470 4290 3591 4358; x_wconf 81' lang='lat' dir='ltr'><strong>jam</strong></span> <span class='ocrx_word' id='word_1_672' title='bbox 3608 4290 3716 4361; x_wconf 77' lang='lat' dir='ltr'><strong>do-</strong></span> 
     </span>
    </p>
   </div>
   <div class='ocr_carea' id='block_1_103' title="bbox 2154 4376 3711 4455">
    <p class='ocr_par' dir='ltr' id='par_1_103' title="bbox 2154 4376 3711 4455">
     <span class='ocr_line' id='line_1_103' title="bbox 2154 4376 3711 4455; baseline -0.004 -21"><span class='ocrx_word' id='word_1_673' title='bbox 2154 4380 2281 4434; x_wconf 81' lang='lat' dir='ltr'><strong>nata</strong></span> <span class='ocrx_word' id='word_1_674' title='bbox 2312 4388 2441 4434; x_wconf 91' lang='lat' dir='ltr'><strong>sunt</strong></span> <span class='ocrx_word' id='word_1_675' title='bbox 2464 4422 2479 4446; x_wconf 96' lang='lat'><strong>,</strong></span> <span class='ocrx_word' id='word_1_676' title='bbox 2515 4379 2607 4442; x_wconf 70' lang='lat' dir='ltr'><strong>,vel</strong></span> <span class='ocrx_word' id='word_1_677' title='bbox 2650 4380 2707 4455; x_wconf 87' lang='lat' dir='ltr'><strong>in</strong></span> <span class='ocrx_word' id='word_1_678' title='bbox 2747 4378 2989 4433; x_wconf 83' lang='lat' dir='ltr'><strong>futurum</strong></span> <span class='ocrx_word' id='word_1_679' title='bbox 3036 4376 3148 4430; x_wconf 90' lang='lat' dir='ltr'><strong>Deo</strong></span> <span class='ocrx_word' id='word_1_680' title='bbox 3192 4377 3481 4430; x_wconf 85' lang='lat' dir='ltr'><strong>miserante</strong></span> <span class='ocrx_word' id='word_1_681' title='bbox 3509 4376 3711 4435; x_wconf 84' lang='lat' dir='ltr'><strong>collata</strong></span> 
     </span>
    </p>
   </div>
   <div class='ocr_carea' id='block_1_104' title="bbox 2156 4456 3711 4537">
    <p class='ocr_par' dir='ltr' id='par_1_104' title="bbox 2156 4456 3711 4537">
     <span class='ocr_line' id='line_1_104' title="bbox 2156 4456 3711 4537; baseline -0.005 -13"><span class='ocrx_word' id='word_1_682' title='bbox 2156 4456 2389 4537; x_wconf 77' lang='lat' dir='ltr'><strong>fuerint,</strong></span> <span class='ocrx_word' id='word_1_683' title='bbox 2420 4467 2537 4524; x_wconf 70' lang='lat' dir='ltr'><strong>sub&#39;</strong></span> <span class='ocrx_word' id='word_1_684' title='bbox 2562 4469 2851 4537; x_wconf 87' lang='lat' dir='ltr'><strong>cujuslibet</strong></span> <span class='ocrx_word' id='word_1_685' title='bbox 2888 4482 3067 4520; x_wconf 59' lang='lat' dir='ltr'><strong>causa;</strong></span> <span class='ocrx_word' id='word_1_686' title='bbox 3102 4465 3472 4519; x_wconf 81' lang='lat' dir='ltr'><strong>occasionisve</strong></span> <span class='ocrx_word' id='word_1_687' title='bbox 3507 4462 3711 4533; x_wconf 83' lang='lat' dir='ltr'><strong>specie,</strong></span> 
     </span>
    </p>
   </div>
   <div class='ocr_carea' id='block_1_105' title="bbox 2088 4552 3715 4627">
    <p class='ocr_par' dir='ltr' id='par_1_105' title="bbox 2088 4552 3715 4627">
     <span class='ocr_line' id='line_1_105' title="bbox 2088 4552 3715 4627; baseline -0.006 -11"><span class='ocrx_word' id='word_1_688' title='bbox 2088 4554 2131 4608; x_wconf 85' lang='grc' dir='ltr'><strong>Ι)</strong></span> <span class='ocrx_word' id='word_1_689' title='bbox 2156 4562 2398 4616; x_wconf 84' lang='lat' dir='ltr'><strong>minuere</strong></span> <span class='ocrx_word' id='word_1_690' title='bbox 2427 4560 2510 4615; x_wconf 88' lang='lat' dir='ltr'><strong>vel</strong></span> <span class='ocrx_word' id='word_1_691' title='bbox 2542 4558 2777 4627; x_wconf 83' lang='lat' dir='ltr'><strong>auferre,</strong></span> <span class='ocrx_word' id='word_1_692' title='bbox 2807 4558 2919 4613; x_wconf 84' lang='lat' dir='ltr'><strong>sive</strong></span> <span class='ocrx_word' id='word_1_693' title='bbox 2948 4557 3064 4612; x_wconf 87' lang='lat' dir='ltr'><strong>suis</strong></span> <span class='ocrx_word' id='word_1_694' title='bbox 3092 4556 3281 4611; x_wconf 82' lang='lat' dir='ltr'><strong>usibus</strong></span> <span class='ocrx_word' id='word_1_695' title='bbox 3316 4556 3601 4625; x_wconf 83' lang='lat' dir='ltr'><strong>applicare,</strong></span> <span class='ocrx_word' id='word_1_696' title='bbox 3624 4552 3715 4607; x_wconf 84' lang='lat' dir='ltr'><strong>vel</strong></span> 
     </span>
    </p>
   </div>
   <div class='ocr_carea' id='block_1_106' title="bbox 2126 4641 3713 4722">
    <p class='ocr_par' dir='ltr' id='par_1_106' title="bbox 2126 4641 3713 4722">
     <span class='ocr_line' id='line_1_106' title="bbox 2126 4641 3713 4722; baseline -0.006 -13"><span class='ocrx_word' id='word_1_697' title='bbox 2126 4641 2278 4717; x_wconf 75' lang='lat' dir='ltr'><strong>aliis</strong></span> <span class='ocrx_word' id='word_1_698' title='bbox 2302 4651 2457 4722; x_wconf 90' lang='lat' dir='ltr'><strong>quasi</strong></span> <span class='ocrx_word' id='word_1_699' title='bbox 2491 4651 2597 4720; x_wconf 89' lang='lat' dir='ltr'><strong>piis</strong></span> <span class='ocrx_word' id='word_1_700' title='bbox 2628 4650 2695 4705; x_wconf 91' lang='lat' dir='ltr'><strong>de</strong></span> <span class='ocrx_word' id='word_1_701' title='bbox 2727 4649 2908 4704; x_wconf 87' lang='lat' dir='ltr'><strong>causis</strong></span> <span class='ocrx_word' id='word_1_702' title='bbox 2937 4663 3035 4719; x_wconf 89' lang='lat' dir='ltr'><strong>pro</strong></span> <span class='ocrx_word' id='word_1_703' title='bbox 3068 4662 3180 4703; x_wconf 68' lang='lat' dir='ltr'><strong>suae</strong></span> <span class='ocrx_word' id='word_1_704' title='bbox 3213 4646 3713 4701; x_wconf 51' lang='lat' dir='ltr'><strong>avaritiw&#39;excusa-</strong></span> 
     </span>
    </p>
   </div>
   <div class='ocr_carea' id='block_1_107' title="bbox 2153 4737 3711 4809">
    <p class='ocr_par' dir='ltr' id='par_1_107' title="bbox 2153 4737 3711 4809">
     <span class='ocr_line' id='line_1_107' title="bbox 2153 4737 3711 4809; baseline -0.004 -13"><span class='ocrx_word' id='word_1_705' title='bbox 2153 4741 2301 4803; x_wconf 67' lang='lat' dir='ltr'><strong>tione</strong></span> <span class='ocrx_word' id='word_1_706' title='bbox 2340 4742 2651 4799; x_wconf 80' lang='lat' dir='ltr'><strong>concedere.</strong></span> <span class='ocrx_word' id='word_1_707' title='bbox 2690 4739 2793 4794; x_wconf 91' lang='lat' dir='ltr'><strong>Sed</strong></span> <span class='ocrx_word' id='word_1_708' title='bbox 2827 4748 3021 4794; x_wconf 87' lang='lat' dir='ltr'><strong>cuncta</strong></span> <span class='ocrx_word' id='word_1_709' title='bbox 3069 4750 3189 4809; x_wconf 71' lang='lat' dir='ltr'><strong>qua:</strong></span> <span class='ocrx_word' id='word_1_710' title='bbox 3226 4738 3296 4792; x_wconf 88' lang='lat' dir='ltr'><strong>ibi</strong></span> <span class='ocrx_word' id='word_1_711' title='bbox 3334 4737 3511 4792; x_wconf 87' lang='lat' dir='ltr'><strong>oblata</strong></span> <span class='ocrx_word' id='word_1_712' title='bbox 3556 4745 3711 4804; x_wconf 81' lang='lat' dir='ltr'><strong>sunt,</strong></span> 
     </span>
    </p>
   </div>
   <div class='ocr_carea' id='block_1_108' title="bbox 2142 4826 3713 4905">
    <p class='ocr_par' dir='ltr' id='par_1_108' title="bbox 2142 4826 3713 4905">
     <span class='ocr_line' id='line_1_108' title="bbox 2142 4826 3713 4905; baseline -0.008 -14"><span class='ocrx_word' id='word_1_713' title='bbox 2142 4831 2441 4891; x_wconf 81' lang='lat' dir='ltr'><strong>vel-offerri</strong></span> <span class='ocrx_word' id='word_1_714' title='bbox 2477 4830 2762 4901; x_wconf 87' lang='lat' dir='ltr'><strong>contigerit</strong></span> <span class='ocrx_word' id='word_1_715' title='bbox 2789 4837 2899 4905; x_wconf 79' lang='lat' dir='ltr'><strong>tam</strong></span> <span class='ocrx_word' id='word_1_716' title='bbox 2928 4846 2958 4883; x_wconf 90' lang='lat' dir='ltr'><strong>a</strong></span> <span class='ocrx_word' id='word_1_717' title='bbox 2993 4837 3047 4884; x_wconf 86' lang='lat' dir='ltr'><strong>te</strong></span> <span class='ocrx_word' id='word_1_718' title='bbox 3093 4844 3259 4898; x_wconf 87' lang='lat' dir='ltr'><strong>quam</strong></span> <span class='ocrx_word' id='word_1_719' title='bbox 3293 4828 3364 4882; x_wconf 85' lang='lat' dir='ltr'><strong>ab</strong></span> <span class='ocrx_word' id='word_1_720' title='bbox 3405 4828 3485 4883; x_wconf 86' lang='lat' dir='ltr'><strong>eis</strong></span> <span class='ocrx_word' id='word_1_721' title='bbox 3516 4826 3611 4896; x_wconf 85' lang='lat' dir='ltr'><strong>qui</strong></span> <span class='ocrx_word' id='word_1_722' title='bbox 3652 4826 3713 4879; x_wconf 88' lang='lat' dir='ltr'><strong>in</strong></span> 
     </span>
    </p>
   </div>
   <div class='ocr_carea' id='block_1_109' title="bbox 2160 4917 3717 4990">
    <p class='ocr_par' dir='ltr' id='par_1_109' title="bbox 2160 4917 3717 4990">
     <span class='ocr_line' id='line_1_109' title="bbox 2160 4917 3717 4990; baseline -0.003 -16"><span class='ocrx_word' id='word_1_723' title='bbox 2160 4928 2254 4987; x_wconf 78' lang='lat' dir='ltr'><strong>tuo</strong></span> <span class='ocrx_word' id='word_1_724' title='bbox 2295 4920 2467 4990; x_wconf 75' lang='lat' dir='ltr'><strong>cilicio</strong></span> <span class='ocrx_word' id='word_1_725' title='bbox 2509 4920 2733 4986; x_wconf 89' lang='lat' dir='ltr'><strong>locoque</strong></span> <span class='ocrx_word' id='word_1_726' title='bbox 2768 4917 3128 4973; x_wconf 76' lang='lat' dir='ltr'><strong>successerint</strong></span> <span class='ocrx_word' id='word_1_727' title='bbox 3148 4945 3167 4982; x_wconf 54' lang='grc' dir='ltr'>φ</span> <span class='ocrx_word' id='word_1_728' title='bbox 3202 4917 3423 4985; x_wconf 88' lang='lat' dir='ltr'><strong>perenni</strong></span> <span class='ocrx_word' id='word_1_729' title='bbox 3472 4924 3717 4983; x_wconf 84' lang='lat' dir='ltr'><strong>tempore</strong></span> 
     </span>
    </p>
   </div>
   <div class='ocr_carea' id='block_1_110' title="bbox 2116 4998 3710 5077">
    <p class='ocr_par' dir='ltr' id='par_1_110' title="bbox 2116 4998 3710 5077">
     <span class='ocr_line' id='line_1_110' title="bbox 2116 4998 3710 5077; baseline -0.003 -16"><span class='ocrx_word' id='word_1_730' title='bbox 2116 5050 2117 5053; x_wconf 56' lang='grc' dir='ltr'><strong>η</strong></span> <span class='ocrx_word' id='word_1_731' title='bbox 2160 5008 2362 5063; x_wconf 85' lang='lat' dir='ltr'><strong>illibata</strong></span> <span class='ocrx_word' id='word_1_732' title='bbox 2388 5050 2403 5076; x_wconf 90' lang='lat'><strong>,</strong></span> <span class='ocrx_word' id='word_1_733' title='bbox 2442 5017 2496 5062; x_wconf 90' lang='lat' dir='ltr'><strong>et</strong></span> <span class='ocrx_word' id='word_1_734' title='bbox 2543 4998 2658 5062; x_wconf 79' lang='lat' dir='ltr'><strong>Sine</strong></span> <span class='ocrx_word' id='word_1_735' title='bbox 2692 5006 3062 5077; x_wconf 88' lang='lat' dir='ltr'><strong>inquietudine</strong></span> <span class='ocrx_word' id='word_1_736' title='bbox 3093 5006 3349 5062; x_wconf 85' lang='lat' dir='ltr'><strong>volumus</strong></span> <span class='ocrx_word' id='word_1_737' title='bbox 3389 5004 3655 5075; x_wconf 79' lang='lat' dir='ltr'><strong>possideri</strong></span> <span class='ocrx_word' id='word_1_738' title='bbox 3683 5022 3710 5057; x_wconf 74' lang='lat'><strong><em>.-</em></strong></span> 
     </span>
    </p>
   </div>
   <div class='ocr_carea' id='block_1_111' title="bbox 2159 5092 3716 5168">
    <p class='ocr_par' dir='ltr' id='par_1_111' title="bbox 2159 5092 3716 5168">
     <span class='ocr_line' id='line_1_111' title="bbox 2159 5092 3716 5168; baseline -0.003 -16"><span class='ocrx_word' id='word_1_739' title='bbox 2159 5112 2347 5152; x_wconf 91' lang='lat' dir='ltr'><strong>eorum</strong></span> <span class='ocrx_word' id='word_1_740' title='bbox 2379 5096 2819 5166; x_wconf 73' lang='lat' dir='ltr'><strong>quidem‘usibus</strong></span> <span class='ocrx_word' id='word_1_741' title='bbox 2843 5139 2858 5164; x_wconf 93' lang='lat'><strong>,</strong></span> <span class='ocrx_word' id='word_1_742' title='bbox 2910 5112 3009 5167; x_wconf 91' lang='lat' dir='ltr'><strong>pro</strong></span> <span class='ocrx_word' id='word_1_743' title='bbox 3053 5112 3285 5168; x_wconf 88' lang='lat' dir='ltr'><strong>quorum</strong></span> <span class='ocrx_word' id='word_1_744' title='bbox 3321 5092 3716 5149; x_wconf 84' lang='lat' dir='ltr'><strong>sustentatione</strong></span> 
     </span>
    </p>
   </div>
   <div class='ocr_carea' id='block_1_112' title="bbox 2158 5182 3714 5256">
    <p class='ocr_par' dir='ltr' id='par_1_112' title="bbox 2158 5182 3714 5256">
     <span class='ocr_line' id='line_1_112' title="bbox 2158 5182 3714 5256; baseline -0.003 -14"><span class='ocrx_word' id='word_1_745' title='bbox 2158 5187 2649 5256; x_wconf 76' lang='lat' dir='ltr'><strong>gubernationeque</strong></span> <span class='ocrx_word' id='word_1_746' title='bbox 2702 5202 2960 5243; x_wconf 88' lang='lat' dir='ltr'><strong>concessa</strong></span> <span class='ocrx_word' id='word_1_747' title='bbox 3012 5194 3140 5241; x_wconf 81' lang='lat' dir='ltr'><strong>sunt</strong></span> <span class='ocrx_word' id='word_1_748' title='bbox 3165 5224 3181 5250; x_wconf 91' lang='lat'><strong>,</strong></span> <span class='ocrx_word' id='word_1_749' title='bbox 3214 5183 3410 5237; x_wconf 84' lang='lat' dir='ltr'><strong>modis</strong></span> <span class='ocrx_word' id='word_1_750' title='bbox 3456 5182 3714 5255; x_wconf 80' lang='lat' dir='ltr'><strong>omnibus</strong></span> 
     </span>
    </p>
   </div>
   <div class='ocr_carea' id='block_1_113' title="bbox 2158 5271 3715 5349">
    <p class='ocr_par' dir='ltr' id='par_1_113' title="bbox 2158 5271 3715 5349">
     <span class='ocr_line' id='line_1_113' title="bbox 2158 5271 3715 5349; baseline -0.002 -17"><span class='ocrx_word' id='word_1_751' title='bbox 2158 5271 2459 5348; x_wconf 79' lang='lat' dir='ltr'><strong>profutura.</strong></span> <span class='ocrx_word' id='word_1_752' title='bbox 2488 5275 2841 5343; x_wconf 81' lang='lat' dir='ltr'><strong>Nominatim,</strong></span> <span class='ocrx_word' id='word_1_753' title='bbox 2870 5285 2997 5342; x_wconf 90' lang='lat' dir='ltr'><strong>etc.,</strong></span> <span class='ocrx_word' id='word_1_754' title='bbox 3032 5274 3224 5329; x_wconf 88' lang='lat' dir='ltr'><strong>deinde</strong></span> <span class='ocrx_word' id='word_1_755' title='bbox 3252 5272 3461 5349; x_wconf 84' lang='lat' dir='ltr'><strong>cunctis</strong></span> <span class='ocrx_word' id='word_1_756' title='bbox 3493 5287 3715 5343; x_wconf 81' lang='lat' dir='ltr'><strong>posses-</strong></span> 
     </span>
    </p>
   </div>
   <div class='ocr_carea' id='block_1_114' title="bbox 2160 5356 3255 5433">
    <p class='ocr_par' dir='ltr' id='par_1_114' title="bbox 2160 5356 3255 5433">
     <span class='ocr_line' id='line_1_114' title="bbox 2160 5356 3255 5433; baseline -0.004 -13"><span class='ocrx_word' id='word_1_757' title='bbox 2160 5365 2401 5421; x_wconf 85' lang='lat' dir='ltr'><strong>sionibus</strong></span> <span class='ocrx_word' id='word_1_758' title='bbox 2432 5366 2779 5420; x_wconf 83' lang='lat' dir='ltr'><strong>enumeratis.</strong></span> <span class='ocrx_word' id='word_1_759' title='bbox 2938 5399 2953 5415; x_wconf 49' lang='grc' dir='ltr'><strong>-η</strong></span> <span class='ocrx_word' id='word_1_760' title='bbox 3122 5356 3123 5359; x_wconf 45' lang='grc'><em>“</em></span> <span class='ocrx_word' id='word_1_761' title='bbox 3252 5431 3255 5433; x_wconf 12' lang='grc' dir='ltr'><em>Α</em></span> 
     </span>
    </p>
   </div>
   <div class='ocr_carea' id='block_1_115' title="bbox 2206 5448 3715 5521">
    <p class='ocr_par' dir='ltr' id='par_1_115' title="bbox 2206 5448 3715 5521">
     <span class='ocr_line' id='line_1_115' title="bbox 2206 5448 3715 5521; baseline 0.002 -17"><span class='ocrx_word' id='word_1_762' title='bbox 2206 5452 2424 5506; x_wconf 91' lang='lat' dir='ltr'><strong>Datum</strong></span> <span class='ocrx_word' id='word_1_763' title='bbox 2461 5450 2711 5506; x_wconf 84' lang='lat' dir='ltr'><strong>Laterani</strong></span> <span class='ocrx_word' id='word_1_764' title='bbox 2743 5466 2837 5505; x_wconf 81' lang='lat' dir='ltr'><strong>vni</strong></span> <span class='ocrx_word' id='word_1_765' title='bbox 2875 5449 3141 5503; x_wconf 83' lang='lat' dir='ltr'><strong>Kalendas</strong></span> <span class='ocrx_word' id='word_1_766' title='bbox 3174 5448 3416 5504; x_wconf 78' lang='lat' dir='ltr'><strong>Deceml).</strong></span> <span class='ocrx_word' id='word_1_767' title='bbox 3454 5464 3552 5521; x_wconf 86' lang='lat' dir='ltr'><strong>per</strong></span> <span class='ocrx_word' id='word_1_768' title='bbox 3592 5468 3715 5507; x_wconf 84' lang='lat' dir='ltr'><strong>ma-</strong></span> 
     </span>
    </p>
   </div>
   <div class='ocr_carea' id='block_1_116' title="bbox 2162 5538 3721 5608">
    <p class='ocr_par' dir='ltr' id='par_1_116' title="bbox 2162 5538 3721 5608">
     <span class='ocr_line' id='line_1_116' title="bbox 2162 5538 3721 5608; baseline 0.003 -16"><span class='ocrx_word' id='word_1_769' title='bbox 2162 5555 2267 5593; x_wconf 86' lang='lat' dir='ltr'><strong>nus</strong></span> <span class='ocrx_word' id='word_1_770' title='bbox 2312 5540 2454 5596; x_wconf 82' lang='lat' dir='ltr'><strong>Petri</strong></span> <span class='ocrx_word' id='word_1_771' title='bbox 2500 5541 2561 5594; x_wconf 38' lang='lat' dir='ltr'><strong>‘S.</strong></span> <span class='ocrx_word' id='word_1_772' title='bbox 2600 5541 2664 5595; x_wconf 74' lang='grc' dir='ltr'><strong>Β.</strong></span> <span class='ocrx_word' id='word_1_773' title='bbox 2711 5539 2772 5592; x_wconf 86' lang='grc' dir='ltr'><strong>Ε.</strong></span> <span class='ocrx_word' id='word_1_774' title='bbox 2826 5538 3151 5608; x_wconf 80' lang='lat' dir='ltr'><strong>presbyteri,</strong></span> <span class='ocrx_word' id='word_1_775' title='bbox 3178 5541 3465 5597; x_wconf 74' lang='lat' dir='ltr'><strong>cardinalis</strong></span> <span class='ocrx_word' id='word_1_776' title='bbox 3520 5558 3587 5597; x_wconf 88' lang='lat' dir='ltr'><strong>ac</strong></span> <span class='ocrx_word' id='word_1_777' title='bbox 3635 5544 3721 5597; x_wconf 70' lang='lat' dir='ltr'><strong>lii-</strong></span> 
     </span>
    </p>
   </div>
   <div class='ocr_carea' id='block_1_117' title="bbox 2166 5626 3721 5700">
    <p class='ocr_par' dir='ltr' id='par_1_117' title="bbox 2166 5626 3721 5700">
     <span class='ocr_line' id='line_1_117' title="bbox 2166 5626 3721 5700; baseline 0.005 -19"><span class='ocrx_word' id='word_1_778' title='bbox 2166 5628 2376 5694; x_wconf 84' lang='lat' dir='ltr'><strong>blioth.,</strong></span> <span class='ocrx_word' id='word_1_779' title='bbox 2403 5646 2547 5683; x_wconf 90' lang='lat' dir='ltr'><strong>anno</strong></span> <span class='ocrx_word' id='word_1_780' title='bbox 2574 5645 2625 5682; x_wconf 70' lang='lat' dir='ltr'><strong>XI</strong></span> <span class='ocrx_word' id='word_1_781' title='bbox 2648 5638 2794 5696; x_wconf 88' lang='lat' dir='ltr'><strong>pont.</strong></span> <span class='ocrx_word' id='word_1_782' title='bbox 2820 5628 2965 5681; x_wconf 89' lang='lat' dir='ltr'><strong>dom.</strong></span> <span class='ocrx_word' id='word_1_783' title='bbox 2995 5626 3210 5699; x_wconf 54' lang='lat' dir='ltr'><strong>Gregor&#39;.</strong></span> <span class='ocrx_word' id='word_1_784' title='bbox 3240 5630 3327 5683; x_wconf 62' lang='grc' dir='ltr'><strong>ΥΠ</strong></span> <span class='ocrx_word' id='word_1_785' title='bbox 3354 5647 3505 5700; x_wconf 72' lang='lat' dir='ltr'><strong>papa-</strong></span> <span class='ocrx_word' id='word_1_786' title='bbox 3531 5651 3543 5663; x_wconf 86' lang='grc'><strong>·</strong></span> <span class='ocrx_word' id='word_1_787' title='bbox 3570 5648 3721 5689; x_wconf 77' lang='lat' dir='ltr'><strong>anno</strong></span> 
     </span>
    </p>
   </div>
   <div class='ocr_carea' id='block_1_118' title="bbox 2166 5716 3406 5793">
    <p class='ocr_par' dir='ltr' id='par_1_118' title="bbox 2166 5716 3406 5793">
     <span class='ocr_line' id='line_1_118' title="bbox 2166 5716 3406 5793; baseline 0.004 -24"><span class='ocrx_word' id='word_1_788' title='bbox 2166 5718 2409 5773; x_wconf 85' lang='lat' dir='ltr'><strong>videlicet</strong></span> <span class='ocrx_word' id='word_1_789' title='bbox 2442 5718 2592 5771; x_wconf 87' lang='lat' dir='ltr'><strong>Dom.</strong></span> <span class='ocrx_word' id='word_1_790' title='bbox 2633 5716 2897 5772; x_wconf 81' lang='lat' dir='ltr'><strong>lncarnat.</strong></span> <span class='ocrx_word' id='word_1_791' title='bbox 2940 5718 3089 5785; x_wconf 72' lang='lat' dir='ltr'><strong>l083,</strong></span> <span class='ocrx_word' id='word_1_792' title='bbox 3120 5720 3301 5793; x_wconf 76' lang='lat' dir='ltr'><strong>indici.</strong></span> <span class='ocrx_word' id='word_1_793' title='bbox 3335 5738 3406 5774; x_wconf 77' lang='lat' dir='ltr'><strong>vi.</strong></span> 
     </span>
    </p>
   </div>
  </div>
