3952 6360
144 398 244 461 ’135

838 500 990 554 LXII.

241 619 417 676 βυιιω
446 617 686 687 Gregorii
713 613 816 687 νέξ
847 630 953 687 pro
970 611 1286 687 monasterio
1415 609 1600 662 Maria:

740 681 1113 738 Pineroleusis.
1332 697 1334 699 '

701 774 901 840 (Anno
950 770 1104 823 1085.
1131 769 1150 838 )

175 867 525 941 [Gntcneriom
548 863 791 941 _ﬂis_t_oire
814 861 1181 941 génealogig'ue
1209 858 1273 912 de
1301 856 1356 941 la_
1372 856 1577 941 11.719580"
1607 855 1671 908 de

403 924 610 997 Savoie,
644 924 902 996 l’reuv'es,
927 924 1150 992 tom'lll,
1181 943 1302 998 pag.
1338 924 1448 996 16.]

209 1026 518 1093 Caesonius
546 1023 853 1090 episcopus,
880 1035 1069 1074 servus
1093 1031 1371 1071 servorum
1406 1014 1497 1068 Dei
1523 1056 1537 1080 ,
1574 1013 1706 1068 dile-

142 1135 229 1180 cto
252 1125 362 1179 lilio
387 1123 675 1176 Anaquno
705 1118 997 1173 venerabili
1022 1117 1204 1171 abbati
1232 1115 1546 1169 monasterii
1571 1113 1707 1166 San-

145 1224 240 1270 cta:
273 1214 455 1269 Maria:
503 1213 558 1266 in
603 1210 856 1265 Pinarolo
891 1208 1192 1273 constituti,
1231 1207 1452 1275 suisque
1486 1219 1705 1259 succes-

146 1305 358 1360 soribus
385 1302 705 1373 regulariter
728 1300 1055 1354 intrantibus
1080 1299 1133 1351 in
1159 1306 1496 1367 perpetuum.

213 1391 501 1462 Religiosis
524 1388 806 1444 desideriis
830 1396 883 1442 et
907 1386 1253 1456 petitionibus
1272 1384 1434 1452 justis
1464 1382 1707 1452 benigni-

148 1481 269 1536 tatis
316 1481 494 1547 studio
540 1493 605 1532 ac
648 1474 1034 1530 benevolentiae
1084 1487 1306 1527 munere
1347 1470 1570 1524 effectus
1616 1470 1710 1523 tri-

146 1571 389 1624 buendus
413 1575 494 1623 est
517 1610 532 1633 ,
559 1576 620 1621 ut
644 1567 770 1622 dum
806 1563 1066 1634 spirituali
1103 1562 1423 1617 auctoritate
1449 1569 1710 1630 suscepta:

148 1658 563 1728 dispensationis
596 1655 843 1710 effectum
871 1652 1099 1722 peragit,
1154 1651 1282 1706 dum
1313 1647 1710 1702 venerabilibns

149 1751 279 1804 locis
304 1747 616 1818 praesidium
653 1743 983 1800 defensionis
1017 1741 1278 1811 impendit
1309 1738 1554 1802 affectus,
1585 1738 1710 1791 inde

149 1848 412 1913 augeatur
431 1838 626 1892 divinae
651 1830 1469 1899 retributionismcritum,quod
1500 1829 1557 1882 in
1575 1843 1712 1897 ρης-
1741 1820 1784 1874 Β

151 1931 340 1984 stando
389 1927 648 1983 beneficio
695 1939 805 1979 non
859 1923 1038 1976 minor
1068 1921 1231 1975 fuerit
1260 1920 1497 1973 charitas
1546 1932 1707 1987 quam

151 2028 408 2086 potestas.
451 2015 575 2070 Haec
613 2014 757 2071 enim
819 2020 873 2066 et
901 2012 1169 2065 bonorum
1220 2009 1413 2075 studiis
1472 2016 1712 2074 tempore

155 2107 468 2177 proficiendi
491 2104 862 2170 auctoritatem
903 2100 1120 2167 tribuit,
1155 2108 1209 2154 et
1241 2114 1377 2169 opus
1410 2098 1708 2168 proprium,

152 2199 386 2251 fructum
423 2193 790 2265 perfectionis,
840 2191 950 2246 Deo
975 2191 1299 2260 acceptabile
1333 2189 1523 2244 reddit.
1564 2187 1711 2253 Qua-

153 2275 367 2357 propter
415 2285 720 2353 tequitatem
771 2277 889 2336 tua:
917 2280 1296 2351 postulationis
1331 2278 1668 2333 attendentes
1694 2319 1709 2343 ,

153 2374 375 2444 praefato
409 2373 738 2428 monasterio
769 2371 825 2425 S.
859 2369 1040 2424 Mariae
1077 2370 1165 2424 cui
1195 2382 1426 2437 prmesse
1463 2366 1674 2420 ‘videris
1697 2406 1710 2429 ,

153 2464 476 2519 charissima
510 2463 584 2516 fili
621 2471 676 2516 et
709 2463 1093 2531 pramominate
1127 2460 1283 2526 abba,
1310 2474 1434 2512 cum
1460 2458 1714 2513 omnibus

154 2556 252 2608 sibi
273 2552 690 2625 pertinentibus,
711 2553 814 2606 sub
841 2560 1040 2606 sancta:
1061 2551 1318 2604 Romana:
1338 2549 1714 2618 etapostolica:

155 2646 296 2700 sedis
329 2645 493 2698 tutela
515 2651 860 2713 susceptum,
894 2640 1261 2709 interpellante
1294 2630 1612 2693 charissima
1653 2638 1710 2691 S.

158 2734 301 2808 ljetri
331 2734 440 2788 lilia
471 2733 748 2787 comitissa
776 2731 1041 2800 Adelayda
1086 2745 1208 2784 cum
1241 2729 1364 2783 filiis
1405 2729 1518 2783 suis
1538 2769 1552 2794 ,
1594 2742 1715 2798 qua;

152 2823 403 2877 eumdem
429 2822 792 2876 venerabilem
818 2821 1018 2885 locum,
1064 2835 1160 2889 pro
1197 2818 1559 2887 redemptione.
1593 2816 1714 2869 ani-

154 2928 256 2968 lia:
277 2927 394 2968 sua:
424 2925 756 2979 suorumque
781 2919 1085 2978 parentum,
1113 2925 1178 2962 ex
1211 2907 1443 2977 propriis
1487 2905 1714 2959 faculta-
1745 2938 1748 2939 ν

156 3003 300 3058 tibus
330 3001 576 3056 fundavit
608 3009 772 3068 atque
815 2999 1126 3063 constituit,
1153 2997 1407 3068 praesenti
1437 2995 1714 3064 privilegio

155 3093 466 3162 apostolica:
485 3091 818 3146 auctoritatis
849 3091 1145 3156 munimus,
1191 3099 1241 3143 ct
1277 3096 1533 3157 perpetuo
1556 3090 1716 3143 robo—

154 3191 330 3237 ntum
371 3182 486 3236 fore
513 3183 819 3247 sancimus;
854 3181 1208 3235 concedentes
1251 3189 1304 3233 et
1337 3179 1716 3232 conlirmantes
1743 3175 1783 3194 υ

150 3271 324 3326 eidem
369 3272 716 3334 monasterio,
764 3285 827 3324 ac
870 3270 987 3338 ejus
1027 3269 1307 3323 catholicis
1347 3269 1630 3322 abbatibus
1661 3269 1716 3322 in

153 3370 497 3432 perpetuum,
525 3368 632 3413 tam
673 3360 727 3412 in
763 3359 1006 3414 ecclesiis
1046 3373 1208 3429 quam
1244 3356 1501 3421 invillis,
1551 3357 1715 3426 agris,

155 3450 352 3516 vineis,
377 3451 541 3506 cultis
569 3459 623 3505 et
651 3450 889 3515 incultis,
912 3459 966 3504 et
987 3450 1039 3503 in
1064 3449 1315 3503 omnibus
1339 3463 1457 3517 qum
1485 3463 1626 3500 nunc
1645 3448 1720 3500 le-

152 3541 344 3613 galiter
366 3543 607 3613 possidet
622 3543 730 3605 ,vel
752 3543 804 3595 in
825 3549 1100 3611 posterum
1118 3582 1132 3598 .
1150 3541 1293 3609 juste
1322 3539 1723 3608 quomodolibet

153 3629 802 3704 [possidebit],quatenus
826 3631 928 3685 sub
952 3630 1244 3697 apostolica
1269 3629 1513 3692 tuitione,
1529 3629 1580 3681 in
1601 3629 1723 3697 jure

153 3735 217 3776 ac
241 3721 573 3790 proprietate
597 3718 806 3790 praefati
836 3717 1177 3782 monasterii,
1212 3717 1312 3771 sub
1340 3717 1599 3786 regimine
1627 3719 1723 3770 ab-

151 3808 359 3875 htiali,
392 3809 460 3865 ad
482 3824 826 3865 communem
856 3823 1014 3862 usuin
1051 3807 1276 3862 fratrum
1310 3806 1382 3860 ibi
1408 3806 1517 3860 Deo
1550 3804 1723 3860 famu-

153 3899 382 3956 lantium
409 3941 424 3965 ,
457 3915 667 3968 semper
702 3900 904 3952 illibata
937 3905 1302 3966 permaneant.
1343 3895 1640 3951 Statuimus
1666 3905 1725 3950 ut

152 4004 316 4044 nemo
359 3988 434 4042 ibi
477 3997 751 4041 mortuum
807 3987 1030 4054 sepelire
1072 3987 1373 4054 prohibeat,
1427 3988 1722 4041 secundum

151 4079 298 4148 quod
326 4079 520 4131 beatus
545 4092 682 4146 papa
713 4075 1005 4144 Gregorius
1029 4117 1044 4140 ,
1071 4075 1297 4144 Agapito
1329 4074 1484 4128 Urbis
1516 4075 1723 4131 Veteris

147 4168 412 4240 episcopo
464 4167 791 4238 promulgat,
817 4166 962 4220 salva
1004 4165 1150 4234 justa
1207 4164 1592 4218 consuetudine
1637 4165 1722 4218 sui

148 4260 392 4332 episcopi
415 4301 429 4325 ,
467 4267 520 4313 et
550 4268 749 4313 sanctze
780 4258 967 4312 matris
998 4256 1264 4311 Ecclesim.

221 4347 377 4413 Item,
403 4349 456 4401 in
481 4349 579 4402 hac
603 4348 790 4402 eadem
817 4355 998 4402 nostra
1022 4346 1271 4401 decretali
1296 4345 1490 4416 pagina
1540 4347 1720 4402 sanci-

1016 371 1370 444 Εριετοιηε
1410 385 1641 439 enni
1686 383 1717 436 n

1812 381 2079 438 LlS'l'RUM
2125 381 2506 437 VAGANTEs.
3253 383 3359 438 τως

1729 499 1772 552 Α
1799 495 1984 559 abbas,
2021 503 2397 562 susceptaque,
2438 491 2729 547 secundum
2786 507 3010 556 merent,
3069 494 3250 562 regula
3302 502 3360 550 et

1804 599 1933 637 cura
1965 582 2262 652 regiminis,
2293 597 2323 635 a
2351 582 2596 636 smeulari
2621 588 2906 650 potestate,
2934 596 3054 649 qua:
3088 595 3188 650 pro
3217 589 3356 636 tem-

1804 687 1934 741 pore
1977 673 2051 725 ibi
2095 671 2277 736 fuerit,
2307 673 2423 726 sine
2454 672 2600 725 omni
2635 672 3054 724 contradictione
3092 672 3356 738 laudetur,

1804 775 1902 813 nec
1929 759 2084 814 aliter
2128 759 2526 813 contradicendi
2566 761 2780 813 licentia
2816 775 2911 828 per
2941 759 3232 827 potentiam
3261 759 3362 813 eli-

1804 850 1959 918 cujus
1979 849 2181 902 domini
2205 857 2532 917 protegetur,
2564 849 2664 903 nisi
2698 848 2832 902 forte
2867 865 2896 902 a
2927 848 3168 916 pluribus
3196 857 3250 903 et
3270 863 3360 905 re-

1804 939 2009 1008 ligiosis
2034 939 2165 993 viris
2187 939 2416 1007 alicujus
2456 939 2646 992 electio
2688 940 3036 1008 improbetur.
3069 938 3143 993 De
3167 955 3360 994 conse-

1805 1027 2044 1096 cratione
2081 1042 2208 1080 vero
2240 1027 2449 1080 abbatis
2482 1035 2550 1084 ,ct
2594 1027 2994 1080 cohabitatione
3031 1026 3256 1080 fratrum
3281 1027 3360 1080 ita

1804 1116 2143 1170 decernimus
2190 1125 2269 1180 ut,
2311 1117 2354 1170 si
2387 1117 2672 1185 episcopus
2693 1158 2706 1179 ,
2731 1116 2782 1168 in
2813 1117 2968 1184 cujus
2999 1117 3214 1170 ditecesi
3245 1127 3359 1182 est,

1807 1207 2147 1260 ordinatione
2181 1214 2235 1258 et
2275 1206 2383 1259 vita
2419 1206 2704 1274 religiosus
2746 1206 2906 1260 fuerit
2929 1248 2942 1270 ,
2973 1206 3362 1260 ordinationem

1807 1297 1973 1366 gratis
1997 1295 2428 1365 faciat,alioquin
2451 1296 2728 1350 Astensem
2751 1297 3083 1364 episcopum,
3099 1297 3199 1349 sub
3225 1296 3365 1365 ejus-

1806 1388 1928 1441 dem
1975 1387 2251 1457 religionis
2297 1387 2698 1450 observatione,
2751 1388 2917 1440 abbas
2951 1402 3046 1455 pro
3087 1403 3182 1441 sua
3237 1402 3365 1440 suo-

1807 1492 2038 1546 rumque
2088 1477 2474 1530 monachorum
2529 1477 2866 1530 ordinationc
2931 1477 3208 1544 requirat;
3281 1479 3365 1532 sin

1808 1583 1937 1619 vero
1968 1579 2021 1620 et
2051 1569 2139 1620 hic
2167 1568 2297 1620 talis
2331 1567 2606 1636 religionis
2643 1582 2833 1634 expers
2861 1565 3050 1628 fuerit,
3076 1565 3366 1634 Albingau-

1809 1669 2027 1708 nenscm
2053 1655 2363 1723 episcopum
2402 1656 2633 1708 adeundi
2665 1656 2936 1708 licentiam
2972 1655 3181 1707 habeat.
3209 1654 3366 1720 Quod

1810 1745 1877 1808 si,
1911 1745 2146 1813 peccatis
2184 1743 2540 1806 facientibus,
2589 1753 2642 1797 et
2690 1745 2777 1796 ille
2821 1754 3008 1797 contra
3055 1743 3365 1812 religionem

1810 1835 2135 1888 constitutus
2159 1835 2486 1902 apparuerit,
2515 1833 2800 1901 praedictus
2827 1833 2992 1886 abbas
3019 1832 3367 1901 apostolicam

1810 1925 1991 1978 sedem
2032 1925 2261 1978 adeundi
2294 1925 2516 1977 liberam
2555 1923 2826 1976 licentiam
2850 1923 3063 1986 habeat,
3099 1932 3368 1990 quatenus

1809 2029 1839 2066 a
1902 2008 2146 2066 Romano
2189 2014 2438 2081 pontifice
2485 2029 2596 2067 sua:
2639 2012 2998 2065 ordinationis
3043 2019 3096 2064 et
3142 2026 3367 2064 suorum

1808 2103 2037 2158 fratrum
2081 2103 2343 2156 honorem
2390 2111 2551 2170 atque
2599 2102 2851 2154 mandata
2903 2101 3182 2169 suscipiat.
3244 2098 3369 2154 [hec

1811 2193 1992 2248 omnia
2022 2207 2142 2262 qua:
2173 2191 2312 2244 infra
2343 2192 2602 2245 terminos
2628 2192 2867 2260 ejusdem
2894 2191 3165 2259 parochite
3195 2191 3371 2244 conti-

1814 2294 2011 2338 nentur
2025 2303 2038 2336 :
2052 2282 2278 2337 ecclesia
2303 2282 2367 2336 de
2381 2281 2604 2347 Adi-cio;
2623 2281 2848 2336 ecclesia
2865 2280 2920 2334 S.
2938 2280 3235 2346 Saturnini,
3248 2296 3371 2349 qua:

1810 2385 1890 2428 est
1918 2389 2081 2442 super
2111 2372 2366 2442 Ligerim;
2406 2373 2632 2426 ecclesia
2683 2371 2864 2427 Sancti
2911 2372 3050 2426 Petri
3094 2373 3160 2425 de
3193 2372 3369 2426 Monte

1811 2464 1978 2517 Foleti
2007 2505 2021 2528 ,
2069 2470 2122 2517 et
2159 2461 2419 2532 quidquid
2469 2461 2734 2515 Robertus
2786 2462 2852 2516 de
2904 2461 3372 2515 Monte-Centurio

1812 2552 2196 2608 Vindocinensi
2244 2551 2491 2604 ccenobio
2542 2550 2796 2615 donavit,
2831 2560 2884 2607 et
2916 2550 3033 2618 ejus
3063 2549 3206 2604 filius
3243 2549 3372 2603 Ber-

1813 2651 2040 2698 trannus
2065 2642 2365 2708 concessit;
2399 2641 2625 2696 ecclesia
2653 2640 2835 2694 Sancti
2869 2639 3112 2706 Joannis,
3144 2657 3264 2709 qua:
3291 2650 3376 2695 est

1813 2749 1976 2803 super
2003 2733 2235 2804 Ligerim
2264 2748 2275 2783 :
2304 2747 2478 2800 neque
2511 2732 2672 2784 etiam
2700 2731 2942 2786 subditas
2971 2731 3226 2799 praedicto
3253 2731 3376 2784 loco

1812 2824 2068 2877 ecclesias
2093 2864 2107 2886 ,
2141 2823 2449 2889 ubicunque
2477 2821 2586 2874 sint
2609 2861 2624 2886 ,
2655 2822 3153 2885 excommunieare,
3182 2821 3263 2874 vel
3286 2821 3374 2874 in-

1814 2914 2074 2966 terdicere
2099 2913 2352 2979 cuiquam
2381 2911 2538 2964 liceat
2561 2950 2574 2973 ,
2610 2910 2713 2963 nisi
2741 2911 2944 2977 apertis
2968 2925 3066 2979 pro
3085 2911 3259 2978 culpis
3283 2951 3297 2975 ,
3320 2918 3376 2966 et

1814 3016 1950 3070 quas
1987 2999 2402 3056 V'indocincusis
2447 3000 2615 3053 abbas
2660 3008 2712 3053 et
2764 2998 2956 3054 fratres
3000 3000 3260 3054 canonice
3306 3001 3374 3053 ab

1816 3091 1946 3160 ipsis
1971 3091 2240 3160 episcopis
2259 3090 2518 3144 admoniti
2544 3090 2829 3144 emendare
2849 3091 3290 3160 contempserint.
3315 3090 3376 3144 Si

1817 3183 1940 3251 quis
1965 3198 2093 3236 vero
2117 3191 2303 3236 contra
2335 3181 2482 3249 illum
2511 3181 2653 3234 beati
2679 3180 2824 3234 Petri
2850 3182 3026 3235 locum
3058 3197 3156 3250 pro
3181 3182 3379 3248 aliqui-

1817 3271 1918 3324 bus
1953 3272 2113 3325 rebus
2142 3271 2355 3324 causari
2382 3271 2633 3334 voluerit,
2660 3286 2767 3323 non
2794 3271 2845 3322 ei
2876 3271 3044 3324 abbas
3074 3270 3153 3322 vel
3187 3269 3380 3323 fratres

1817 3359 2197 3427 respondeant,
2230 3367 2518 3426 antequam
2555 3357 2861 3412 Romanum
2897 3358 3203 3426 pontificem
3248 3374 3380 3413 con-

1819 3450 2045 3503 suluerit
2068 3490 2082 3514 ,
2115 3449 2242 3518 quia
2273 3448 2536 3517 quidquid
2573 3448 2688 3502 sine
2745 3457 2931 3502 nostro
2971 3449 3054 3503 vel
3099 3464 3380 3504 successo-

1821 3556 1939 3595 rum
1963 3550 2269 3595 nostrorum
2298 3539 2805 3609 judiciodelinitum
2834 3538 3014 3605 fuerit,
3047 3539 3160 3593 sive
3186 3541 3380 3594 distra-

1820 3640 1963 3686 ctum
1990 3673 2005 3696 ,
2051 3632 2262 3686 irritum
2303 3631 2424 3684 erit.
2460 3629 2722 3684 Praeterea
2758 3638 2944 3683 notum
2981 3645 3099 3683 esse
3132 3629 3386 3682 volumus

1821 3731 2021 3774 sanctae
2051 3721 2144 3774 Dei
2180 3720 2437 3774 Ecclesia:
2469 3719 2736 3781 fidelibus,
2771 3729 2824 3771 ct
2857 3719 2985 3771 huic
3016 3727 3214 3770 nostrm
3247 3732 3382 3771 eon-

1822 3810 2110 3864 lirmationi
2145 3809 2557 3872 adnecteudum,
2587 3808 2731 3877 quod
2775 3807 3140 3861 Theodericus
3172 3806 3382 3862 Carno-

1821 3900 1988 3954 tensis
2014 3899 2323 3970 episcopus,
2350 3899 2404 3952 in
2430 3899 2587 3968 cujus
2610 3898 2830 3953 dimcesi
2858 3899 3224 3968 supradictum
3254 3898 3386 3953 Vin-

1822 3989 2112 4043 dociuense
2144 3989 2530 4052 monasterium
2567 3990 2731 4044 situm
2780 3990 3044 4054 noscitur,
3092 3989 3386 4043 Clementis

1822 4096 1972 4149 papa:
2007 4079 2305 4147 praesentia:
2333 4094 2486 4131 suam
2521 4079 2882 4132 transmiserit
2914 4078 3206 4145 epistolam
3240 4119 3254 4142 ,
3288 4093 3385 4131 ro-

1821 4185 1952 4239 gans
1984 4184 2107 4222 eum
2143 4176 2414 4236 quatenus
2452 4167 2841 4220 monasterium
2883 4166 3060 4234 ipsum
3101 4182 3198 4236 per
3231 4167 3382 4222 illum

1820 4241 1899 4322 sic
1922 4273 2018 4313 sua
2053 4257 2435 4312 corroboretur
2463 4257 2806 4323 auctoritate,
2840 4267 2899 4311 ut
2934 4257 3067 4310 nulli
3105 4273 3388 4314 successo-

1821 4369 1940 4407 rum
1968 4367 2192 4423 suorum
2219 4360 2341 4421 post
2366 4367 2490 4406 eum
2519 4367 2607 4406 res
2634 4351 2799 4420 hujus
2824 4352 2930 4406 loci
2949 4351 3162 4406 auferre
3183 4351 3384 4406 velini-

153 4455 279 4494 mus
321 4446 488 4507 atque
509 4437 893 4491 constituimus
925 4443 999 4498 ut,
1028 4434 1280 4488 defuncto
1301 4437 1493 4488 abbate
1513 4435 1720 4504 przefati
1753 4469 1796 4522 υ
1823 4460 2008 4509 nucre,
2035 4443 2118 4496 vel
2146 4434 2638 4506 exeonlmunicare,
2673 4457 2768 4495 seu
2801 4433 3142 4508 interdicere,
3175 4443 3258 4496 vel
3289 4457 3386 4510 po-

150 4528 412 4590 caauobii,
441 4527 659 4580 abbates
698 4525 1147 4579 monasteriorum
1179 4526 1422 4579 videlicet
1449 4526 1713 4581 Fructua-

151 4619 372 4684 riensis,
411 4615 737 4680 Bremensis,
778 4613 834 4670 S.
887 4614 1182 4669 Salvatoris
1229 4614 1598 4680 Taurinensis,
1651 4616 1728 4670 S."

151 4708 436 4763 Michaelis
479 4707 709 4772 Clusini,
745 4714 809 4781 et
837 4705 882 4760 si
916 4706 1006 4759 alii
1043 4705 1275 4775 religiosi
1312 4705 1365 4781 in
1406 4705 1509 4759 illis
1542 4707 1713 4774 parti-

150 4798 253 4854 bus
287 4799 513 4861 fuerint,
550 4798 606 4855 in
640 4787 821 4866 unum‘,
843 4798 1184 4863 conveniant,
1220 4797 1274 4850 in
1311 4811 1542 4866 quorum
1579 4812 1715 4865 pra:-

151 4889 326 4946 scntia
389 4886 584 4942 fratres
629 4886 863 4955 aliquem
913 4887 985 4940 de-
1021 4888 1432 4957 congregatione
1475 4887 1712 4956 ejusdem

151 4979 515 5044 monasterii,
551 4977 599 5033 si
632 4976 847 5046 quidem
891 4976 1139 5030 idoneum
1185 4979 1420 5046 reperire
1467 4978 1712 5043 valeant,

151 5071 435 5125 communi
477 5083 744 5138 consensu
776 5066 831 5120 in
873 5067 1118 5119 abbatem
1155 5066 1255 5119 sibi
1295 5069 1512 5136 eligant.
1553 5068 1718 5133 Quod

155 5162 201 5214 si
232 5178 302 5215 ex
338 5162 456 5215 suis
491 5159 826 5230 nequiverint
879 5156 1069 5211 fratres
1117 5157 1245 5210 huic
1289 5159 1538 5227 regimini
1588 5175 1710 5213 eon-

156 5267 352 5322 grnum
392 5250 630 5304 invenire
659 5290 674 5315 ,
709 5250 923 5303 aliunde
954 5249 1108 5302 talem
1135 5289 1149 5313 ,
1189 5247 1276 5301 cui
1315 5251 1453 5317 sacri
1484 5264 1718 5303 canones

155 5351 209 5397 ct
234 5340 539 5396 monastica
577 5339 760 5407 regula
794 5353 902 5392 non
926 5339 1278 5401 contradicat,
1314 5339 1542 5407 eligant;
1579 5354 1717 5406 qna-

156 5441 316 5488 tenus
346 5431 542 5486 electio
575 5429 621 5482 si
655 5428 794 5481 bona
829 5427 1030 5495 fuerit,
1065 5445 1093 5483 a
1130 5428 1398 5498 prmdictis
1436 5429 1718 5482 abbatibus

155 5525 441 5594 probetur,
498 5520 584 5574 sin
615 5533 743 5572 vero
777 5517 990 5573 illorum
1028 5521 1260 5574 discreto
1289 5519 1492 5585 judicio
1530 5533 1717 5586 repro-

159 5613 336 5678 betnr,
368 5629 401 5665 a
434 5610 694 5667 fratribus
725 5608 777 5660 in
808 5622 1100 5678 congruam
1131 5623 1413 5678 personam
1443 5609 1720 5664 transmit-

158 5712 320 5764 κείων.
356 5702 600 5771 Denique
636 5699 737 5753 hoc
770 5689 956 5752 ordine
1007 5711 1059 5755 et
1114 5702 1213 5755 hac
1247 5701 1452 5754 cautela
1498 5683 1699 5755 electas

1815 4544 2060 4593 testatem
2098 4532 2332 4599 aliquam
2360 4530 2415 4583 in
2442 4531 2560 4598 ipso
2600 4530 2719 4583 loco
2764 4546 3016 4586 exercere
3058 4531 3258 4596 liceret,
3287 4545 3385 4585 seti

1815 4622 2053 4694 quolibet
2099 4621 2258 4673 modo
2298 4629 2559 4674 rectorem
2608 4621 2710 4675 laci
2741 4622 2822 4676 vel
2866 4620 3058 4675 fratres
3100 4620 3388 4673 molestare

1819 4722 1910 4768 aut
1940 4712 2239 4781 inquietare
2267 4702 2507 4777 auderef,
2537 4713 2680 4780 quod
2710 4712 2956 4764 Clemens
2993 4725 3127 4778 papa
3154 4709 3388 4780 benigne

1807 4802 2042 4868 annuit,
2077 4811 2131 4856 et
2165 4817 2265 4857 nos
2295 4812 2480 4855 nostra
2515 4801 2834 4854 auctoritate
2874 4800 3096 4869 dignum
3145 4815 3390 4855 annuere

1819 4893 2152 4948 censuimus.
2211 4891 2269 4945 Si
2316 4892 2441 4958 quis
2494 4898 2673 4943 autem
2726 4882 2957 4944 violator
3005 4891 3170 4961 hujus
3212 4891 3385 4945 nostri

1823 4982 2070 5052 prmcepti
2101 4980 2384 5044 exstiterit,
2431 4979 2535 5033 nisi
2576 4979 2887 5050 resipuerit,
2916 4990 2970 5034 et
3003 4981 3260 5035 Romana:
3284 4981 3388 5036 Ee-

1822 5071 2001 5126 clesia:
2049 5067 2391 5135 satisfecerit,
2439 5071 2573 5125 sciat
2622 5087 2680 5126 se
2721 5072 3013 5142 apostolica
3065 5073 3388 5126 auctoritate

1822 5167 2080 5228 perpetuo
2124 5159 2466 5215 anathemate
2511 5162 2816 5230 perculsum
2845 5202 2858 5224 ,
2904 5172 3066 5230 atque
3095 5178 3127 5216 a
3159 5176 3384 5229 corpore

1823 5259 2023 5303 sancta:
2067 5247 2324 5304 Ecclesiae
2367 5251 2600 5305 divisum
2627 5291 2641 5315 ,
2681 5250 3006 5322 diaboloQue
3044 5268 3165 5307 cum
3201 5249 3386 5320 impiis

1824 5340 2117 5406 traditum;
2173 5342 2267 5409 qui
2316 5355 2440 5394 vero
2487 5350 2836 5396 conservator
2871 5354 2923 5397 et
2965 5341 3220 5395 obediens
3254 5341 3386 5396 huic

1822 5440 2022 5486 nostra:
2046 5428 2442 5484 eonﬁrmationi
2461 5438 2515 5482 et
2534 5433 2842 5500 apostolicae
2863 5431 3169 5486 auctoritati
3195 5423 3380 5498 fuerit,

1822 5520 2192 5575 benedictione
2220 5527 2273 5572 et
2302 5520 2473 5588 gratia
2507 5522 2890 5591 omnipotentis
2921 5518 3015 5574 Dei
3051 5519 3378 5589 perfruatur,

1821 5621 1875 5666 et
1903 5612 2040 5663 inter
2073 5625 2328 5680 prospera
2371 5612 2612 5676 humilis,
2647 5621 2700 5665 et
2731 5612 2870 5665 inter
2905 5612 3127 5665 adversa
3162 5619 3389 5676 maneat

1822 5719 2070 5770 securas,
2108 5713 2158 5758 ct
2189 5703 2368 5757 divina
2400 5701 2771 5758 misericordia
2805 5701 3046 5756 munitus
3077 5701 3251 5754 valeat
3281 5711 3381 5769 per
