3952 6412
217 393 336 447 709

1117 385 1472 441 EPISTULA)
1516 387 1744 440 EXTIH
1792 385 2184 440 lil-ICISTRUM
2235 387 2612 440 \'.-\(‘..\.\'TI'ZS.

3375 391 3475 443 7l0

215 505 297 556 tis
357 501 607 569 potestis.-
669 508 807 552 uttttl.
866 496 1008 550 enim
1067 496 1224 550 beato
1283 495 1440 549 Petro
1493 497 1808 558 ﬁdelissimi,
1846 502 1885 554 Α
1914 498 2136 549 omnino
2167 498 2470 566 displicent,
2503 499 2724 550 armavit
2754 509 2938 550 contra
2963 515 3058 551 nos
3090 501 3323 554 tnembra
3355 516 3473 563 sua,

213 603 273 645 et
310 593 449 644 inter
478 590 692 658 primos
715 589 909 641 domus
939 586 1056 654 ejus
1091 586 1466 654 unusquisque
1494 585 1547 637 in
1585 601 1684 637 suo
1718 601 1806 636 or-

211 683 352 734 dine
375 679 740 742 annumerati,
771 661 860 746 qui
891 677 1037 730 nullo
1071 685 1273 729 terrore
1315 675 1567 742 nullaque
1596 684 1806 742 tempo-

212 772 424 823 ralium
462 784 642 822 rerum
669 767 1032 836 prcmissione
1068 774 1357 834 potuerunt
1403 766 1457 816 in
1508 765 1689 832 aliquo
1739 763 1806 816 ab

209 860 347 926 ejus
381 859 636 911 lidelitate
673 866 726 910 et
754 855 1069 909 defensione
1113 855 1289 917 avelli,
1331 863 1384 906 et
1430 869 1458 906 a
1499 854 1702 922 gremio

214 948 425 1001 matris
450 945 707 1000 Ecclesia:
746 945 1005 1012 separari.
1050 944 1153 996 Sed
1186 944 1334 1012 quia,
1364 943 1503 996 sicut
1531 943 1676 994 novit
1717 957 1807 993 vc-

214 1046 345 1090 stra
373 1036 700 1098 fraternitas,
728 1035 852 1088 licet
893 1033 1133 1101 indigno,
1165 1043 1213 1086 et
1247 1032 1514 1101 peccatori
1547 1032 1805 1085 divinitus

215 1142 324 1196 per
357 1126 672 1194 prophetam
697 1124 923 1177 dicitur:
957 1120 1123 1192 Super
1140 1106 1359 1174 montem
1385 1122 1642 1174 excelsum
1668 1121 1798 1189 (lsa.

216 1231 362 1279 Lvu,
392 1215 466 1283 7),
494 1225 548 1269 et
567 1216 770 1284 reliqua
789 1231 803 1278 ;
824 1223 876 1267 et
897 1214 1090 1266 iterutn
1119 1231 1131 1266 :
1157 1212 1362 1276 Clama,
1391 1229 1453 1265 ne
1472 1229 1632 1265 cesses
1665 1211 1800 1281 (Im.

218 1321 386 1369 Lvttt,
420 1306 502 1371 l),
537 1306 717 1370 velim,
743 1304 930 1368 nolim,
960 1304 1107 1356 omni
1135 1303 1436 1372 postposita
1458 1299 1829 1366 verecundiaf

217 1395 429 1448 timore
472 1411 688 1464 quoque
713 1395 794 1448 vel
820 1394 1050 1462 alicujus
1086 1403 1298 1447 terreno
1330 1408 1534 1457 amore,
1575 1409 1803 1462 evange-

219 1483 362 1548 lizo,
391 1484 588 1548 clamo,
616 1484 792 1552 clamo
821 1492 874 1536 et
901 1483 1098 1536 iterum
1123 1483 1319 1545 clamo,
1344 1491 1396 1535 et
1421 1483 1686 1536 annuntio
1712 1499 1805 1535 vo-

219 1573 316 1628 bis
345 1574 471 1644 quia
491 1574 798 1627 Christiana
822 1573 1009 1641 religio
1033 1581 1085 1626 et
1107 1587 1230 1625 vera
1264 1573 1422 1636 fides,
1448 1588 1610 1641 quam
1637 1573 1804 1625 Filius

220 1661 329 1716 Dei
359 1663 425 1716 de
447 1663 586 1717 cazlo
608 1661 828 1716 veniens
869 1677 964 1730 per
1001 1671 1180 1729 patres
1211 1672 1428 1714 nostros
1462 1677 1562 1715 nos
1601 1662 1802 1725 docuit,

219 1750 284 1805 in
333 1752 646 1806 secularem
692 1767 844 1806 versa
879 1767 1097 1820 pravam
1146 1751 1612 1816 consuetudinem,
1659 1753 1799 1804 heu!

219 1841 368 1911 proh
395 1842 582 1895 dolor!
627 1842 692 1895 ad
724 1842 950 1894 nihilum
997 1857 1131 1910 pene
1169 1841 1400 1904 devenit,
1435 1850 1488 1895 ct
1522 1843 1804 1895 immutate
1839 1821 1878 1874 Β

221 1931 459 2000 antiquo
485 1933 666 1985 colore
687 1931 879 1985 cecidit
918 1946 1027 1984 non
1065 1931 1242 1983 solum
1279 1933 1331 1982 in
1368 1931 1586 1996 diaboli,
1613 1948 1801 1985 verum

219 2020 392 2074 etiam
420 2021 474 2073 in
495 2019 827 2084 Judteorum,
854 2019 1249 2073 Saracenorum
1282 2011 1442 2088 atque
1470 2035 1802 2089 paganorum

219 2109 578 2164 derisionem.
622 2109 698 2163 Illi
737 2110 881 2164 enim
912 2109 1056 2179 leges
1089 2125 1236 2173 suas,
1263 2109 1388 2164 licet
1425 2109 1527 2164 hoc
1566 2119 1806 2179 tempore

220 2199 296 2252 a.l
325 2199 528 2275 nullam
551 2201 855 2254 animarum
879 2201 1108 2254 salutem
1133 2201 1314 2264 utiles,
1338 2201 1606 2270 nullisque
1637 2202 1804 2254 mira-

221 2288 391 2354 culis,
415 2289 556 2343 sicut
587 2291 671 2344 lex
694 2300 879 2344 nostra
901 2291 1085 2344 :etcrni
1119 2290 1261 2359 regis
1296 2289 1559 2358 frequenti
1581 2299 1804 2344 attesta-

220 2378 378 2432 tione
398 2379 723 2433 clarificatas
745 2388 799 2433 ct
830 2380 1230 2442 corroboratas,
1261 2387 1418 2447 prout
1438 2380 1683 2442 credunt,
1711 2381 1808 2433 oh-

225 2477 470 2521 servant.
513 2467 622 2521 Nos
653 2477 830 2522 autem
854 2469 1036 2521 saeculi
1073 2468 1320 2521 inebriati
1350 2483 1553 2532 amore,
1589 2479 1641 2522 et
1672 2485 1805 2522 vana

224 2557 439 2626 decepti
463 2558 774 2622 ambitione,
813 2558 959 2611 omni
997 2559 1256 2627 religione
1276 2566 1328 2610 et
1353 2557 1632 2612 honestate
1659 2559 1808 2627 cupi-

224 2647 387 2700 ditati
428 2656 590 2716 atque
632 2648 896 2716 superbia)
929 2647 1263 2716 postpositis,
1316 2648 1526 2715 exleges
1566 2657 1619 2702 et
1652 2649 1808 2717 quasi

227 2737 368 2790 fatui
394 2738 673 2808 videmur;
709 2738 836 2808 quia
879 2739 1159 2807 prtescntis
1200 2738 1321 2792 vita:
1360 2747 1413 2792 ct
1447 2737 1639 2792 futurae
1671 2740 1811 2792 salu-

225 2835 344 2880 tem
385 2836 438 2881 et
479 2827 741 2882 honorem
789 2829 930 2883 sicut
968 2837 1147 2898 patres
1174 2828 1346 2882 nostri
1389 2843 1494 2881 non
1526 2829 1806 2892 habemus,

228 2932 336 2972 nec
357 2917 519 2970 etiam
544 2918 684 2972 sicut
709 2927 919 2988 oportet
949 2933 1252 2986 speramus.
1295 2917 1360 2971 Et
1387 2917 1434 2971 si
1467 2925 1593 2971 sunt
1620 2918 1805 2986 aliqui,

226 3006 359 3061 licet
385 3007 670 3071 rarissimi,
709 3007 800 3077 qui
825 3007 990 3060 Deum
1024 3008 1265 3071 timeant,
1309 3021 1404 3076 pro
1428 3021 1486 3060 se
1515 3015 1805 3076 utcunque,

227 3109 345 3149 non
368 3111 467 3162 pro
492 3097 766 3151 communi
800 3094 1025 3149 fratrum
1047 3097 1225 3150 ‘salute
1255 3096 1533 3150 decertant
1562 3107 1805 3166 prompta

175 3171 530 3237 r'lvoluntatc.
579 3185 702 3249 Qui,
737 3185 818 3237 vel
847 3185 997 3253 quoti
1034 3194 1180 3249 sunt,
1209 3185 1303 3254 qui
1341 3201 1438 3254 pro
1471 3187 1682 3250 timore,
1726 3187 1809 3241 vel

218 3288 420 3328 amore
443 3258 827 3342 omnipotentis
855 3273 967 3338 Dei,
992 3274 1044 3325 in
1071 3290 1171 3342 quo
1195 3275 1433 3338 vivimus,
1467 3291 1727 3328 movemur
1759 3285 1809 3328 et

225 3380 414 3416 sumus
436 3363 576 3433 (Act.
606 3380 735 3430 xvn,
758 3363 870 3433 28),
896 3372 1105 3417 tantum
1124 3363 1409 3428 desudent,
1433 3364 1515 3417 vel
1549 3380 1718 3434 usque
1741 3365 1809 3419 ad

227 3462 466 3506 mortem
510 3455 780 3521 laborent,
823 3457 1090 3524 quantum
1135 3450 1669 3510 saeculares'militcs
1714 3471 1809 3524 pro

178 3533 184 3539 ’
225 3541 473 3595 dominis
495 3544 630 3606 suis,
667 3544 750 3597 vel
774 3544 935 3598 etiam
963 3559 1067 3612 pro
1082 3545 1275 3598 amicis
1299 3554 1352 3598 et
1374 3546 1648 3599 subditis?
1676 3545 1810 3599 Ecce

229 3632 404 3684 multa
432 3631 598 3685 millia
624 3631 904 3685 hominum
933 3633 1276 3687 stecularium
1300 3649 1398 3702 pro
1419 3634 1655 3688 dominis
1691 3636 1808 3688 suis

225 3707 475 3790 quotidie
519 3731 744 3776 currunt
772 3722 824 3774 in
867 3729 1122 3787 mortem;
1169 3736 1267 3790 pro
1305 3722 1509 3776 cwlesti
1545 3737 1672 3775 vero
1699 3722 1810 3776 Deo

225 3819 288 3865 et
327 3811 684 3880 Rcdemptore
729 3820 916 3866 nostro
963 3823 1070 3866 non
1114 3813 1286 3865 solum
1332 3811 1385 3865 in
1426 3820 1650 3864 mortem
1697 3826 1806 3865 non

226 3910 480 3964 currunt,
507 3915 695 3954 verum
715 3901 876 3954 etiam
900 3901 1258 3971 quorumdam
1298 3901 1577 3955 hominum
1621 3900 1807 3954 inimi-

226 3990 393 4043 citias
419 3989 600 4043 subire
631 4001 1001 4044 contemnunt.
1019 3991 1082 4044 Et
1111 3993 1156 4044 si
1182 4001 1309 4046 sunt
1329 3992 1683 4062 aliqui,(imo,
1701 3991 1807 4046 Deo

228 4078 548 4142 miserante,
581 4087 728 4142 sunt,
766 4078 888 4132 licet
915 4081 1370 4149 perpaucissimi,)
1412 4082 1583 4149 quiin
1616 4081 1805 4134 faciem

230 4167 418 4236 impiis
450 4181 623 4235 usque
647 4167 722 4238 ad
742 4175 968 4220 mortem
1010 4169 1261 4222 resistere
1285 4184 1382 4237 pro
1424 4185 1607 4223 amore
1645 4171 1806 4223 Chri-

229 4258 424 4311 stiana:
446 4256 578 4326 legis
604 4257 964 4323 contendunt;
996 4272 1107 4312 non
1137 4260 1312 4312 solum
1350 4273 1379 4311 a
1421 4257 1701 4322 fratribus,
1747 4268 1806 4312 ut

228 4347 456 4416 dignum
478 4357 581 4414 est,
607 4363 715 4402 non
741 4347 1082 4416 adjuvantur,
1119 4349 1212 4402 sed
1243 4349 1406 4402 etiam
1439 4349 1804 4417 imprudentes

1908 597 1964 641 ut
1998 588 2177 639 omnia
2210 590 2260 639 in
2306 593 2634 641 contrarium
2669 601 2913 642 verteret.
2959 591 3080 644 Ideo
3119 593 3170 644 in
3208 609 3324 655 nos,
3371 595 3479 646 imo

1908 676 1959 728 in
2012 677 2363 744 apostolicam
2415 677 2594 730 sedem
2643 688 2785 730 lauta
2829 680 2971 741 fecit,
3010 690 3207 748 quanta
3238 683 3411 734 facere
3447 700 3477 737 a

1909 773 2145 832 tempore
2199 765 2540 819 Constantini
2599 767 2771 836 Magni
2828 770 3165 837 imperatoris
3215 773 3473 839 nequivit.

1907 853 2012 907 Nec
2047 855 2198 908 valde
2227 855 2423 908 mirum
2451 874 2463 920 ;
2489 858 2614 924 quia
2647 869 2849 926 quanto
2883 861 3002 926 plus
3030 870 3238 928 tempus
3281 870 3476 930 appro-

1905 945 2148 1013 pinquat,
2181 955 2332 999 tanto
2362 949 2593 1016 amplius
2624 948 2987 1002 Christianam
3022 950 3331 1019 religionem
3378 969 3474 1006 ev-

1907 1035 2175 1104 stinguere
2198 1037 2452 1090 decertat.
2496 1036 2648 1091 Nunc
2675 1048 2873 1101 autem,
2906 1039 3096 1092 fratres
3132 1044 3232 1094 mei
3264 1043 3475 1094 charis-

1907 1125 2050 1187 simi,
2093 1127 2376 1193 diligenter
2403 1144 2521 1196 quae.
2561 1129 2713 1179 volis
2742 1129 2882 1190 dico,
2915 1130 3111 1182 audite.
3159 1129 3356 1184 Omnes
3384 1135 3474 1201 qui

1908 1213 1959 1266 in
2004 1224 2114 1267 toto
2157 1217 2282 1268 orbe
2313 1217 2624 1270 Christiano
2654 1228 2940 1271 censentur
2974 1220 3208 1283 nomine,
3239 1230 3289 1272 et
3315 1221 3478 1273 (Thri-

1907 1305 2135 1356 stianam
2173 1306 2328 1357 fidem
2365 1322 2486 1360 vere
2517 1318 2871 1375 cognoscunt,
2923 1309 3098 1360 sciunt
3148 1318 3199 1361 et
3250 1311 3475 1364 credunt

1907 1393 2118 1445 beatum
2137 1393 2369 1458 Petrum,
2386 1398 2750 1463 apostolorum
2765 1398 3077 1465 principem,
3092 1414 3211 1450 esse
3231 1399 3471 1453 omnium

1905 1481 2336 1535 Christianorum
2382 1483 2622 1548 Patrem,
2670 1494 2722 1538 et
2757 1487 2989 1554 primum
3030 1497 3152 1554 post
3195 1487 3472 1543 Christum

1906 1580 2194 1640 pastorem,
2214 1583 2560 1642 sanctamque
2585 1573 2881 1627 Romanam
2905 1573 3199 1628 Ecclesiam
3225 1578 3468 1631 omnium

1908 1661 2268 1715 Ecclesiarum
2329 1673 2550 1716 matrem
2603 1673 2655 1716 et
2709 1664 3039 1732 magistram.
3094 1664 3148 1716 Si
3192 1681 3319 1734 ergo
3372 1667 3474 1721 hoc

1907 1752 2144 1815 creditis,
2184 1763 2235 1805 et
2274 1753 2639 1806 indubitanter
2679 1753 2905 1817 tenetis,
2945 1769 3073 1822 rogo
3112 1770 3205 1806 vos
3244 1764 3295 1808 et
3333 1771 3472 1824 prte-

1905 1841 2043 1909 cipio
2080 1858 2197 1911 ego,
2223 1843 2614 1912 qualiscunque
2649 1844 2811 1897 frater
2848 1853 2900 1896 ct
2938 1843 3189 1912 indignus
3221 1847 3477 1914 magister

1905 1939 2111 1994 vester,
2153 1945 2246 2000 per
2284 1934 2701 2001 omnipotentem
2752 1933 2917 1987 Deum
2967 1934 3215 2000 adjuvate
3251 1943 3304 1987 et
3344 1950 3471 1987 suc-

1905 2021 2101 2075 currite
2140 2023 2392 2090 prmdicto
2431 2025 2568 2091 patri
2615 2033 2794 2076 vestro
2844 2032 2896 2075 et
2943 2023 3121 2087 matri,
3163 2024 3207 2076 si
3247 2039 3340 2092 per
3379 2039 3474 2080 eos

1905 2111 2296 2164 absolutionem
2336 2112 2575 2166 onmium
2629 2123 2991 2181 peccatorum,
3039 2121 3092 2165 et
3144 2115 3473 2168 benedictio-

1905 2215 2027 2253 nem
2068 2209 2227 2268 atque
2266 2202 2492 2271 gratiam
2535 2200 2588 2253 in
2629 2202 2732 2254 hoc.
2771 2203 2966 2254 s:eculo
2987 2211 3039 2254 et
3069 2201 3119 2254 ia
3161 2202 3339 2256 futuro
3371 2204 3474 2256 ha-

1907 2289 2030 2342 bere
2055 2290 2390 2342 dt‘SiliOl‘aliS.
2424 2289 2774 2358 Omnipotens
2800 2290 2961 2353 Deus,
2986 2305 3013 2343 a
3038 2306 3146 2359 quo
3174 2292 3313 2345 bona
3343 2307 3476 2345 cun-

1907 2387 1989 2430 cta
2030 2379 2344 2446 procedunt,
2387 2388 2617 2432 mentem
2656 2387 2888 2431 vestram
2929 2395 3139 2447 semper
3185 2381 3471 2445 illuminet,

1908 2456 2136 2536 eamque
2174 2483 2271 2521 sua
2311 2469 2599 2522 dilectione
2630 2483 2692 2521 ac
2722 2468 2952 2536 proximi
2980 2467 3246 2533 fecundet,
3276 2481 3333 2522 ut
3356 2485 3473 2522 me-

1910 2557 2134 2609 reamini
2163 2557 2441 2626 prrcfatum
2470 2557 2681 2610 Patrem
2707 2567 2944 2610 vestrum
2983 2565 3034 2610 et
3069 2557 3290 2611 Matrem
3326 2567 3471 2610 certa

1909 2646 2189 2700 devotione
2228 2647 2497 2699 debitores
2536 2647 2686 2699 vobis
2728 2645 2921 2709 facere,
2961 2653 3014 2698 et
3051 2647 3117 2699 ad
3155 2662 3339 2699 eorum
3378 2661 3472 2700 so.

1911 2735 2178 2802 cietatcm,
2220 2737 2336 2791 sine
2375 2737 2693 2795 verecundia
2735 2736 3027 2805 pervenire.
3071 2736 3261 2790 Amen.
3341 2760 3343 2763 ·

2616 2847 2752 2902 LXV
2839 2874 2845 2880 -

1913 2936 2146 3008 Gregorii
2182 2937 2286 2991 ῑἸΙ
2307 2938 2636 3007 privilegium
2669 2954 2761 3005 pro
2785 2937 3003 2991 ecclesia
3031 2937 3088 2990 S.
3132 2935 3338 3006 Sophia:
3367 2937 3471 2991 Be-

2533 3017 2837 3059 net'enlmm.

2503 3097 2681 3163 (Anno
2718 3094 2897 3165 1084.)

2258 3186 2547 3257 [Ancedota
2582 3185 2912 3254 Ugltelliana,
2945 3184 3098 3256 49L]

1981 3275 2287 3330 GREGORIUS
2323 3277 2630 3344 episcopus,
2663 3290 2850 3328 servus
2905 3288 3186 3327 servorum
3236 3272 3472 3336 Domini,

1910 3364 2170 3417 Manuale
2219 3365 2415 3417 dilecto
2441 3373 2628 3417 nostro
2660 3364 2712 3416 in
2757 3363 2976 3417 Christo
3015 3363 3144 3426 (ilio,
3185 3371 3236 3416 et
3291 3363 3474 3417 abbati

1909 3453 2220 3508 venerabilii
2257 3453 2492 3507 emnobii
2529 3453 2683 3506 almae
2717 3461 2768 3506 et
2806 3460 3086 3506 coarterna:
3135 3451 3288 3506 Dom.
3324 3451 3473 3506 Patri

1912 3541 2145 3612 Sophire,
2179 3543 2319 3596 intra
2347 3542 2711 3596 Beneventum
2759 3542 2811 3594 in
2851 3542 2969 3594 loco
2997 3550 3306 3610 nuncupato
3332 3540 3474 3595 l’rbc

1911 3643 2088 3687 vetere
2119 3634 2400 3697 exstructi,
2449 3624 2672 3701 suisque
2721 3632 3127 3685 successoribus
3159 3632 3474 3700 regulariter

1909 3722 1962 3772 in
1995 3722 2183 3774 eodem
2208 3721 2457 3774 coenobio
2489 3720 2870 3788 promovendis
2903 3720 2955 3772 in
2981 3723 3320 3787 perpetuum.

1975 3805 2113 3858 Cum
2146 3805 2376 3858 officium
2408 3806 2478 3858 sit
2501 3805 2878 3874 apostolicum,
2917 3804 3159 3857 omnium
3205 3803 3474 3858 Eeclesra-

1907 3907 2026 3945 rum
2053 3884 2266 3943 Domitii
2294 3891 2704 3955 utilitatibus,in
2731 3900 2993 3960 quantum
3017 3893 3345 3962 possibilitas
3370 3894 3469 3946 da-

1908 3988 2014 4043 tur,
2042 3977 2330 4033 salubriter
2361 3979 2657 4048 providere,
2683 3979 2851 4033 cultui
2877 3988 3054 4034 tamen
3083 3981 3470 4034 venerabilium

1907 4072 2170 4135 locorum,
2201 4079 2362 4140 atque
2406 4069 2633 4123 Domino
2678 4070 2888 4139 devote]
2911 4071 3285 4135 militantium,
3336 4087 3468 4140 pro-

1907 4160 2208 4228 pensiorem
2255 4174 2440 4212 curam
2494 4158 2595 4225 pize
2634 4157 3011 4212 sollicitudinis
3044 4157 3470 4212 indelicientivi-

1905 4247 2123 4316 gilantia
2181 4246 2440 4299 debemus
2486 4243 2761 4301 adhibere.
2807 4245 3092 4312 Quocirca,
3130 4247 3470 4305 excellentis.-

1905 4337 2040 4393 sime
2079 4336 2174 4399 fili,
2204 4336 2328 4405 quia
2380 4345 2580 4390 sancta:
2614 4338 2919 4392 devotionis
2960 4325 3149 4391 aﬂ‘eetu
3189 4337 3386 4406 petiisti
3435 4353 3468 4394 ι

228 4448 288 4492 et
313 4438 495 4493 minus
528 4439 746 4493 discreti
791 4447 848 4492 ut
889 4439 1164 4493 dementes
1207 4439 1491 4492 habentur.
1543 4437 1648 4492 Sed
1678 4440 1801 4508 quia
1837 4453 1880 4506 ι)
1906 4427 2064 4481 “0W3
2088 4433 2144 4478 ιη
2167 4426 2448 4494 [nmmum
2491 4426 2878 4480 monasterium
2915 4434 3066 4480 ῑυιιῐη
3112 4427 3213 4480 81η)
3251 4434 3468 4494 alios“).

217 4527 350 4582 hac
369 4537 424 4582 et
449 4528 535 4581 his
562 4529 757 4582 similia
791 4529 1093 4598 specialiter
1116 4529 1400 4583 imminent
1422 4529 1600 4593 nobis,
1627 4538 1686 4582 ut
1708 4544 1803 4583 vo—
1829 4559 1834 4564 -

227 4615 318 4671 his
344 4616 666 4683 indicemus,
697 4628 984 4686 quatenus,
1012 4617 1122 4673 Deo
1145 4619 1425 4689 largiente,
1451 4628 1502 4673 et
1532 4621 1656 4686 vitia
1683 4636 1805 4689 pos-

227 4705 407 4760 simus
435 4720 465 4758 a
499 4707 752 4762 cordibus
775 4708 1001 4762 fratrum
1027 4711 1275 4776 avellere,
1307 4719 1361 4764 et
1384 4711 1689 4764 virtutesin
1723 4711 1802 4765 eis

227 4792 511 4863 plantare:
544 4807 796 4860 rogamus
832 4804 885 4848 et
914 4798 1263 4872 obsecramus
1305 4798 1360 4851 in
1397 4797 1626 4852 Domino
1651 4798 1799 4864 Jcsu,

228 4882 322 4952 qui
351 4897 452 4936 nos
475 4897 574 4936 sua
595 4893 766 4936 morte
788 4885 1032 4950 redemit,
1069 4897 1128 4940 ut
1155 4889 1530 4944 tribulationes
1550 4900 1603 4944 et
1627 4906 1769 4960 angu
1788 4920 1801 4930 -

229 4980 366 5035 stias
386 4996 524 5050 quas
551 4981 786 5050 patimur
807 4982 876 5034 ab
901 4981 1137 5038 inimicis
1160 4982 1482 5040 Christianae
1505 4988 1798 5057 religionis,

231 5093 330 5131 cur
357 5088 410 5132 et
430 5080 660 5148 qualiter
689 5079 972 5149 patiamur,
997 5079 1279 5149 diligenter
1315 5081 1685 5153 investigando
1718 5087 1797 5137 in-

229 5174 504 5245 telligatis.
544 5177 623 5233 Ex
666 5194 776 5249 quo
821 5180 962 5234 enim
1003 5179 1353 5248 dispositione
1393 5183 1574 5239 divina
1630 5194 1800 5239 mater

231 5260 473 5318 Ecclesia
499 5267 554 5320 in
577 5268 773 5323 throno
797 5269 1092 5338 apostolico
1121 5285 1207 5323 me
1231 5271 1383 5326 valde
1409 5271 1710 5340 indignum,
1745 5281 1799 5328 et

231 5357 342 5414 Deo
372 5351 506 5416 teste
542 5363 768 5421 invitum
804 5370 1106 5435 collocavit,
1157 5385 1498 5440 summopere
1541 5387 1797 5440 procura-

230 5459 306 5525 vi,
338 5470 395 5515 ut
432 5471 620 5516 sancta
650 5463 888 5521 Ecclesia
908 5485 1107 5538 sponsa
1144 5469 1234 5524 Dei
1273 5468 1524 5534 Domina,
1547 5481 1600 5525 et
1629 5481 1798 5526 mater

231 5567 436 5627 nostra,
459 5559 529 5615 ad
555 5563 832 5630 preprium
853 5569 1064 5632 rediens
1092 5571 1276 5634 decus,
1322 5570 1508 5635 libera,
1534 5583 1587 5624 et
1625 5581 1793 5638 casta,

227 5659 564 5716 etcatholica
597 5673 951 5729 permaneret.
995 5665 1098 5722 Sed
1125 5669 1253 5739 quia
1276 5669 1416 5723 hosti
1443 5670 1795 5740 antiquohatc

1906 4518 2019 4571 licae
2052 4515 2386 4570 defensionis
2420 4517 2587 4570 tutela
2633 4516 3043 4570 admitteremus
3079 4523 3241 4584 atque
3292 4513 3468 4567 susci-

1902 4621 2173 4676 peremus,
2205 4614 2260 4658 et
2318 4607 2369 4659 in
2405 4606 2594 4659 eadem
2628 4606 2875 4671 ecclesia,
2913 4605 3171 4676 quidquid
3204 4602 3465 4656 moderno

1901 4704 2145 4763 tempore
2170 4694 2316 4762 juste
2363 4694 2559 4747 habere
2590 4694 2798 4747 videtur
2827 4703 2921 4747 aut
2963 4693 3018 4745 in
3069 4691 3251 4743 futuro
3299 4690 3463 4743 etiam

1901 4785 2100 4852 poterit
2119 4783 2399 4851 acquirere
2426 4792 2687 4852 tempore,
2737 4797 2832 4850 per
2871 4781 3043 4834 nostri
3081 4781 3341 4850 privilegii
3372 4797 3466 4849 pa-

1902 4873 2081 4941 ginam
2134 4873 2611 4934 contirmarcmus,
2660 4870 3011 4937 petitionibus
3076 4871 3186 4926 tuis
3241 4871 3465 4924 libenter

1905 4963 2191 5015 admodum
2215 4961 2525 5023 annuimus,
2549 4959 2983 5029 quandoquidem
3023 4961 3187 5030 justis
3223 4961 3467 5029 postula—

1903 5050 2141 5101 tionibus
2171 5048 2346 5102 facilis
2381 5049 2606 5102 debetur
2640 5064 2896 5104 assensus
2930 5059 2982 5103 et
3023 5051 3125 5118 piis
3177 5049 3464 5102 deSidcriis

1901 5146 2182 5205 promptus
2201 5153 2299 5206 pro
2334 5153 2492 5207 posse
2523 5138 2764 5193 allectus.
2794 5138 2942 5192 Unde
2956 5154 3050 5206 per
3071 5137 3232 5205 hujus
3265 5147 3484 5210 nostr:e._

1903 5229 2306 5285 constitutionis
2347 5230 2624 5284 decretum
2667 5239 2722 5283 et
2771 5229 3076 5297 apostolica:
3124 5211 3478 5284 liberalitatis!

1900 5316 2157 5381 edictum,
2190 5318 2496 5372 secundum
2520 5317 2974 5386 praedecessorum
3003 5327 3311 5372 nostrorum
3350 5318 3432 5384 pri

1900 5403 2113 5472 vilegia,
2155 5405 2544 5472 ps'zenominato
2569 5406 2900 5462 monasterio
2932 5404 2988 5458 S.
3037 5404 3249 5473 Sophia:
3295 5403 3460 5470 virgi-

1901 5495 2012 5557 nis,
2077 5494 2752 5566 tibique'przenominato,
2799 5497 3029 5557 amande
3088 5495 3191 5557 fili,
3244 5491 3473 5558 tuisque

1899 5583 2302 5636 successoribus
2381 5583 2696 5652 regulariter
2747 5585 2995 5651 justeque
3057 5578 3454 5648 promovendis,

1899 5669 2247 5724 concedimus
2299 5671 2370 5726 et
2412 5671 2797 5725 confirmamus
2837 5679 2998 5740 atque
3043 5671 3094 5723 in
3141 5676 3454 5740 perpetuum
