3952 6436
489 548 580 602 7ll

1375 539 1431 592 S.
1475 534 1795 593 CRECOR‘J
1838 533 1926 588 V'll
1965 529 2165 588 ΡΑΝΕ
2207 529 2484 584 ορειιωτ
2526 529 2701 584 PARS
2739 528 2800 582 ll.

485 657 904 716 eorroboramus
958 627 1156 710 omnia
1182 670 1302 723 qua:
1334 653 1586 723 praedicta
1617 649 1841 706 ecclesia
1892 663 2050 701 vcnc-
2081 649 2120 704 Α
2149 646 2213 699 de
2240 645 2588 715 Alipcrga,et
2638 643 2694 698 S.
2747 643 3022 697 Nicolaum
3069 652 3132 700 de
3187 655 3425 706 pazano,
3459 651 3518 699 ς.
3563 646 3718 701 Mar—

484 751 604 803 rab.
630 745 709 800 tui
757 743 1070 799 monasterii
1121 742 1188 797 ad
1236 757 1473 810 praesens
1507 741 1723 801 habere,
1757 746 1849 792 aut
1896 737 2048 791 dein-

486 851 613 906 ceps
628 835 772 903 juste
792 832 992 887 divinis
1015 829 1376 900 humanisque
1406 828 1615 898 legibus
1641 828 1693 881 in
1730 834 2046 896 perpetuum

487 921 817 987 acquisierit,
854 928 963 974 tam
1014 919 1066 972 in
1121 918 1386 982 ecclesiis,
1434 932 1597 980 eaSts,
1638 915 1816 979 terris,
1853 911 2043 976 vincis,

487 1011 683 1076 hortis,
731 1009 963 1073 olivetis,
1022 1006 1225 1077 pratis,
1289 1006 1523 1074 campis,
1570 1004 1748 1068 silvis,
1804 1001 2047 1056 curtibus

489 1103 570 1156 vel
592 1100 844 1165 castellis,
869 1112 1140 1168 quamque
1173 1097 1228 1150 in
1259 1096 1431 1152 servis
1455 1102 1510 1149 et
1531 1094 1759 1157 ancillis,
1772 1101 1824 1145 et
1851 1092 1904 1144 in
1927 1105 2047 1142 om-

488 1190 647 1244 nibus
697 1189 855 1242 rebus
907 1196 962 1243 et
1015 1185 1451 1256 possessionibus
1488 1183 1603 1237 suis
1653 1181 1939 1235 mobilibus
1992 1186 2048 1232 et

487 1278 874 1341 immobilibus,
906 1291 1130 1345 seseque
1161 1270 1524 1336 moventibus,
1551 1279 1604 1325 ct
1641 1286 1765 1340 qua:
1811 1268 2046 1323 liberali-

488 1376 619 1431 tate,
647 1381 742 1420 seu
776 1364 1062 1418 collatione
1105 1361 1218 1416 sive
1270 1359 1624 1414 concessione
1667 1357 2044 1426 religiosorum

488 1455 769 1517 hominum
795 1434 1037 1521 legaliter
1060 1459 1113 1513 et
1141 1448 1395 1503 laudabili
1421 1445 1924 1515 studio-acquisivit,
1952 1453 2057 1523 aut.

486 1541 769 1612 acquirere
797 1529 1011 1609 potérit,
1039 1547 1090 1591 et
1114 1553 1339 1606 prorsus
1373 1553 1493 1606 qua:
1523 1551 1779 1591 concessa
1815 1545 1941 1590 sunt
1968 1536 2042 1589 illi

485 1644 540 1688 ct
587 1633 932 1687 corroborata
995 1629 1203 1697 piorum
1255 1627 1641 1696 imperatorum
1693 1635 1786 1679 aut
1845 1627 2046 1694 princi-

482 1737 610 1793 pum
635 1720 932 1790 praeceptis.
981 1717 1301 1786 Quanquam
1339 1732 1469 1770 vero
1504 1717 1661 1770 istam
1701 1715 1755 1768 in
1800 1715 2046 1770 Pantano

408 1871 410 1874 ,
463 1811 768 1884 ,εηρριιειηῃ
801 1823 922 1877 quae
955 1816 1184 1860 vocatur
1234 1805 1418 1860 Sancti
1465 1805 1758 1871 Benedicti,
1789 1814 1843 1859 et
1883 1807 2044 1860 aliam

487 1897 544 1952 S.
576 1897 767 1951 Vitalis
790 1912 913 1951 cum
956 1895 1161 1949 onmib.
1217 1893 1558 1964 pertinentiis
1597 1894 1734 1958 suis,
1781 1902 1835 1947 et
1882 1895 2043 1948 aliam

483 1986 543 2041 S.
587 1985 864 2040 Michaelis
909 1982 1383 2053 archangell,v.quze
1417 1983 1615 2038 dicitur
1667 1982 1734 2035 ad
1777 1980 2039 2036 Olivolam
2073 1967 2117 2022 Β

483 2091 592 2132 una
621 2089 744 2130 cum
767 2073 1020 2128 omnibus
1047 2073 1160 2127 suis
1194 2073 1552 2141 pertinentiis,
1605 2081 1658 2126 et
1701 2073 1755 2125 in
1813 2071 2040 2127 Paletria

481 2166 739 2236 capellam
800 2179 964 2217 unam
1019 2162 1074 2216 8.
1109 2161 1309 2229 Mariae,
1361 2163 1492 2216 eccl.
1548 2163 1604 2216 8.
1663 2162 2040 2217 Bartholomazi

483 2255 709 2328 apostoli
746 2263 800 2307 et
833 2263 1104 2323 martyris,
1129 2261 1183 2307 et
1214 2261 1420 2306 curtem
1464 2254 1518 2306 in
1567 2252 1790 2318 collina,
1823 2262 1878 2307 et
1917 2269 2044 2308 cur-

484 2347 592 2397 tem
618 2341 683 2394 de
709 2340 975 2404 Liuriano,
1007 2341 1060 2392 in
1086 2339 1246 2393 Petra
1283 2341 1550 2394 strumina
1573 2356 1749 2405 casas,
1772 2349 1827 2394 et
1858 2341 2044 2404 silvas,

481 2439 538 2509 et
557 2439 766 2486 curtem
789 2431 856 2484 de
882 2429 1109 2499 Lapillo,
1141 2429 1505 2483 hzereditatem
1535 2419 1601 2484 de
1631 2429 1784 2494 Bato,
1824 2429 1878 2482 in
1908 2428 2046 2484 Cur-

484 2522 635 2576 tiano
687 2521 948 2591 capellam
1001 2521 1055 2573 in
1098 2521 1304 2574 honore
1362 2518 1419 2572 S.
1467 2519 1612 2574 Petri
1672 2521 2043 2589 apostolorum

481 2610 762 2680 principis,
800 2611 854 2664 in
911 2609 1103 2664 Cercto
1145 2609 1400 2678 capellam
1440 2609 1496 2663 S.
1543 2609 1759 2664 Martini
1807 2609 2045 2681 episcopi

481 2716 607 2754 cum
642 2700 894 2753 omnibus
933 2699 1272 2768 pertinentiis
1296 2700 1431 2764 suis,
1457 2701 1719 2769 capellam
1757 2699 1814 2754 8.
1855 2699 2042 2771 Sylve-

480 2788 581 2844 atri
616 2786 946 2842 confessoris
990 2787 1056 2840 de
1097 2787 1335 2840 Corneto
1375 2789 1428 2840 in
1475 2788 1731 2841 comitatu
1765 2789 2042 2858 Capuano,

481 2877 538 2930 in
562 2878 681 2931 loco
713 2875 937 2928 Biniano
961 2875 1219 2944 capellam
1247 2873 1303 2927 S.
1339 2874 1521 2929 Maria:
1553 2874 1790 2945 Virginis
1833 2875 2048 2930 Matris-

483 2980 590 3034 que
645 2964 858 3019 Domini
909 2963 1004 3018 Dei
1053 2963 1246 3028 nostri,
1308 2965 1361 3016 in
1408 2963 1598 3017 Bibino
1657 2965 1937 3022 ecclesiam
1986 2964 2043 3020 8.

485 3051 763 3123 Marciani,
798 3053 852 3105 in
886 3052 1094 3106 Beletro
1121 3051 1338 3105 ﬂumine
1380 3051 1520 3106 infra
1562 3052 1832 3108 civitatem
1873 3053 2047 3110 Asco-

486 3140 688 3194 lcnsem
739 3141 1022 3194 ecclesiam
1083 3140 1139 3193 S.
1201 3140 1484 3207 Desiderii,
1527 3150 1581 3196 et
1635 3141 1770 3197 foris
1827 3156 2043 3198 omnem

486 3231 876 3294 haereditatem,
903 3230 957 3283 in
993 3230 1188 3284 ﬁnibus
1226 3232 1427 3286 Cannae
1450 3231 1747 3286 ecclesiam
1779 3231 1836 3285 S.
1873 3232 2043 3286 Julia—

486 3320 576 3385 ni,
630 3321 683 3373 in
722 3321 980 3374 comitatu
1027 3318 1290 3374 Tranensi
1317 3328 1524 3374 curtem
1567 3321 1633 3375 de
1675 3319 1891 3392 Pazano
1919 3337 2043 3376 cum

483 3410 740 3465 omnibus
781 3410 993 3464 olivetis
1028 3410 1160 3474 suis,
1216 3410 1268 3462 in
1328 3410 1585 3463 comitatu
1644 3408 1928 3478 Sipontino
1965 3411 2044 3480 pio

486 3496 739 3561 scariam,
770 3498 826 3551 in
875 3497 1132 3550 comitatu
1186 3495 1465 3552 Lesinensi
1512 3497 2046 3567 piscarlam,Cajazo

484 3598 693 3640 curtem
725 3587 780 3640 in
809 3587 1042 3651 molino;
1080 3585 1401 3641 Lanienscm
1448 3596 1655 3642 curtem
1696 3604 1880 3652 unam,
1910 3587 2048 3642 San-

487 3683 636 3746 ctum
664 3674 896 3730 Roseum
931 3676 997 3730 de
1020 3675 1181 3729 Sessa
1203 3691 1325 3728 eum
1361 3677 1606 3732 curtibus
1631 3662 1746 3732 suis
1775 3674 2046 3753 omnibus,

487 3766 546 3818 in
575 3765 773 3819 ﬁnibus
801 3763 998 3833 Capuae
1030 3763 1286 3817 Sanetum
1330 3763 1642 3837 Reinerum,
1686 3775 1740 3820 et
1791 3766 2052 3821 Sanctum

489 3855 787 3910 Robertum
811 3871 934 3910 cum
960 3855 1247 3910 territoriis
1281 3856 1413 3921 suis,
1451 3856 1506 3910 in
1547 3852 1738 3927 campo
1778 3858 1968 3913 Marini
1995 3861 2075 3915 in-

488 3945 694 4001 ﬁnibus
736 3943 1200 3998 Tremonensibus
1255 3943 1515 3998 Sanctum
1568 3945 1880 4015 Adjutorem
1923 3964 2048 4018 erga

487 4034 713 4089 ﬂuvium
741 4022 1070 4088 Vulturnum
1091 4050 1220 4087 cum
1254 4034 1416 4089 terris
1457 4034 1592 4101 suis,
1620 4036 1674 4090 in
1710 4036 1908 4092 ﬁnibus
1941 4038 2048 4091 Ca-

484 4135 612 4194 pua:
633 4121 892 4176 Sanctum
919 4118 1249 4188 Stephanum
1275 4122 1340 4174 de
1375 4121 1567 4175 Strada
1599 4138 1722 4176 cum
1764 4125 2052 4178 territoriis

481 4197 940 4275 suis/sedetiam
975 4208 1027 4261 in
1050 4208 1282 4262 Castello
1306 4199 1498 4278 Magno
1539 4210 1819 4264 ecclesiam
1867 4209 2052 4265 Sancti

486 4298 667 4368 Magni
689 4313 814 4353 cum
850 4296 1102 4359 omnibus
1154 4297 1268 4351 suis
1313 4297 1624 4363 territoriis,
1674 4305 1728 4352 et
1769 4299 2050 4352 ecclesiam

487 4389 550 4443 S.
576 4389 764 4458 Angeli
797 4389 852 4442 in
893 4387 1172 4442 Altissimo
1206 4404 1368 4458 super
1399 4388 1621 4460 ﬂuvium
1674 4387 1961 4443 Bivernum
1996 4389 2048 4442 in

487 4477 694 4532 ﬁnibus
717 4477 892 4544 campi
928 4475 1284 4530 Moranicum
1328 4477 1571 4544 ejusdem
1599 4477 1841 4532 ccclesizc
1881 4479 2051 4532 haere-

486 4571 679 4634 ditate,
714 4583 835 4636 qum
863 4573 947 4619 est
989 4566 1042 4618 in
1087 4567 1416 4640 longitudine
1453 4568 1761 4622 milliarium
1789 4569 1917 4634 duo,
1953 4584 2052 4623 nec

491 4675 606 4713 non
628 4657 909 4711 ecclesiam
938 4653 994 4707 8.
1021 4653 1244 4706 Joannis
1277 4669 1399 4707 cum
1431 4655 1683 4708 omnibus
1721 4656 2058 4723 pertinentiis

491 4748 614 4802 suis
639 4747 693 4800 in
715 4761 845 4800 casa
879 4743 1136 4805 Pollucis,
1158 4742 1438 4795 ecclesiam
1475 4740 1533 4794 S.
1582 4741 1726 4795 Petri
1758 4743 1811 4794 in
1861 4743 2058 4797 ﬁnibus

498 4840 567 4891 de
592 4836 789 4890 Loreto
816 4849 918 4888 una
945 4847 1066 4888 cum
1094 4832 1346 4885 omnibus
1369 4831 2057 4900 suispertinentiis,castel-

495 4927 610 4979 lum
644 4925 788 4994 quod
815 4931 1042 4979 vocatur
1071 4921 1262 4977 Becclo
1288 4936 1412 4975 cum
1443 4921 1666 4974 ecclesia
1699 4918 1756 4974 8.
1780 4919 2054 4986 Marciani,

493 5024 553 5069 rt
585 5011 786 5067 Nicolai
811 5013 1072 5082 episcopi,
1103 5021 1158 5067 et
1210 5011 1468 5066 Sanctum
1518 5011 1788 5077 Maurum,
1823 5011 1876 5064 in
1919 5011 2058 5064 Cur-

497 5106 644 5158 tiaao
664 5103 843 5156 villam
863 5118 982 5169 quae
1003 5103 1314 5157 nominatur
1339 5102 1450 5157 Leo
1471 5102 1734 5166 Cubante,
1764 5101 1817 5154 in
1843 5100 2057 5154 civitate

497 5190 638 5245 Alite
657 5189 938 5244 ecclesiam
957 5188 1013 5242 8.
1027 5190 1275 5245 Mercurii
1296 5207 1418 5245 cum
1433 5191 1552 5245 aliis
1565 5190 1808 5245 ecclesiis
1819 5189 1919 5244 sibi
1939 5205 2058 5259 per-

495 5282 816 5344 tinentibus,
845 5281 973 5352 ripae
992 5280 1148 5348 longe
1168 5279 1223 5332 in
1255 5280 1470 5333 civitate
1493 5282 1650 5334 Arole
1684 5280 1964 5334 ecclesiam
1993 5277 2050 5332 S.

487 5365 771 5435 .MerCurii,
807 5377 861 5424 ct
903 5368 959 5422 8.
987 5367 1206 5422 Petrum
1252 5368 1318 5422 ad
1363 5365 1631 5421 Mortitam
1655 5385 1779 5421 cum
1804 5370 2056 5422 omnibus

498 5461 894 5532 pertinentibus
915 5459 1053 5522 suis,
1081 5457 1139 5511 S.
1179 5455 1512 5526 Stephanum
1536 5457 1603 5511 de
1645 5456 1873 5521 Lucore,
1904 5465 1960 5510 et
1993 5457 2050 5512 S.

499 5550 834 5620 Stephanum
855 5549 922 5603 de
943 5546 1210 5612 Fromari,
1231 5554 1286 5600 et
1311 5545 1367 5600 S.
1397 5545 1660 5614 Angelum
1687 5544 1739 5598 in
1769 5542 1977 5610 Plesco,
2003 5553 2058 5598 et

501 5639 560 5692 S.
605 5639 865 5710 Angelum
895 5640 960 5693 de
1016 5638 1262 5702 Atriano,
1296 5645 1350 5691 et
1397 5636 1655 5690 Sanctum
1699 5633 1961 5705 Angelum
2002 5636 2056 5690 in

501 5723 842 5793 Palumbara,
868 5735 921 5782 et
947 5725 1004 5781 8.
1043 5711 1358 5796 Gregorium
1385 5725 1451 5778 de
1485 5723 1689 5788 Lescle,
1715 5733 1769 5778 et
1815 5722 1874 5777 8.
1917 5721 2058 5777 illar-

505 5814 1117 5889 tinumdcﬂVentecano,
1141 5823 1196 5868 et
1245 5813 1302 5868 S.
1354 5811 1597 5880 Petrum,
1645 5820 1698 5866 et
1736 5811 1791 5864 8.
1829 5809 2055 5866 Mariam

2148 736 2341 788 ccllum
2366 735 2419 788 in
2455 734 2775 796 Tommano,
2827 733 3077 786 Sanctam
3130 732 3352 787 Mariam
3409 735 3462 788 in
3515 732 3717 799 Calisi,

2150 822 2205 877 8.
2233 823 2457 877 Mariam
2484 822 2551 877 de
2594 822 2795 892 Regina
2827 838 2949 876 cum
2994 823 3247 877 omnibus
3301 839 3490 877 eorum
3539 825 3708 893 perti-

2147 913 2367 979 nentiis,
2403 913 2457 967 in
2500 912 2703 966 Eliceto
2735 913 2792 981 8.
2829 911 3022 966 ΕΙῙι-ρηι
3069 927 3194 966 cum
3234 913 3517 968 territoriis
3566 915 3717 978 suis,

2149 1001 2406 1056 Sanctum
2440 1001 2772 1055 Marcianum
2822 1002 2888 1056 de
2933 1000 3184 1068 Parituli,
3213 1010 3268 1056 et
3307 1001 3560 1057 Sanctam
3586 1002 3714 1057 bla-

2145 1094 2282 1146 riam
2306 1093 2372 1146 de
2397 1091 2633 1156 Sablcta,
2669 1090 2725 1145 S.
2749 1091 2972 1146 Mariam
3008 1092 3062 1146 in
3090 1093 3270 1147 casale
3313 1093 3536 1147 Geldoni
3577 1108 3712 1147 eum

2145 1181 2399 1235 omnibus
2424 1196 2613 1235 eorum
2641 1180 2994 1251 pertinentiis.

2211 1295 2473 1350 Praeterea
2495 1295 2819 1350 auctoritate
2851 1304 3050 1351 sancte
3095 1295 3354 1353 Romanae
3380 1307 3435 1352 ct
3485 1307 3714 1368 aposto-

2143 1388 2259 1442 lica:
2281 1387 2424 1442 sedis
2445 1386 2793 1440 concedimus
2809 1394 2971 1456 atque
2983 1387 3370 1442 conﬁrmamus
3395 1390 3488 1442 tibi
3512 1405 3577 1444 ac
3595 1390 3712 1444 tuis

2143 1473 2548 1528 successoribus
2575 1487 2768 1528 omnes
2810 1473 2866 1526 in
2919 1473 3188 1544 integrum
3219 1475 3519 1530 oblationes
3556 1476 3712 1530 vico-

2143 1578 2264 1616 Ium
2299 1576 2362 1614 ac
2390 1559 2768 1614 defunctorum
2817 1576 2940 1630 quae
2982 1562 3084 1630 ipsi
3132 1562 3461 1617 monasterio
3495 1580 3591 1634 per
3627 1575 3712 1622 tc-

2142 1658 2488 1717 stamentum,
2511 1659 2606 1704 aut
2624 1651 2786 1705 etiam
2818 1650 2935 1705 sine
2965 1659 3288 1707 testamento
3310 1653 3433 1722 jure
3463 1669 3714 1712 accesse-

2143 1740 2285 1804 rint;
2311 1747 2366 1793 et
2386 1747 2643 1808 perpetuo
2672 1746 2888 1793 maneat
2917 1739 3030 1808 jam
3075 1740 3250 1810 ipsum
3299 1740 3470 1796 fatum
3504 1759 3732 1798 πηοεν.

2144 1828 2368 1881 sterium
2397 1827 2498 1906 sub
2526 1826 2716 1893 tutela,
2739 1827 2964 1893 ditione,
2989 1843 3082 1882 seu
3119 1828 3241 1897 jure
3271 1839 3473 1885 sancta:
3505 1831 3712 1885 Roma—

2143 1932 2226 1972 na:
2254 1916 2509 1970 Ecclesia:
2555 1916 2784 1970 liberum
2829 1925 2884 1969 et
2913 1916 3151 1970 immune
3194 1919 3263 1971 ab
3317 1919 3466 1973 omni
3519 1920 3710 1989 subje-

2141 2007 2319 2060 ctione
2345 2004 2568 2059 alterius
2587 2003 2860 2072 Eeclesim,
2892 2005 3028 2059 etab
3048 2005 3197 2060 omni
3217 2005 3340 2075 jure
3370 2006 3709 2070 immolestaé

2143 2100 2278 2147 tum.
2329 2092 2630 2148 Statulmus
2661 2093 2824 2147 etiam
2850 2101 2909 2146 ut
2939 2092 3048 2148 sint
3067 2093 3318 2148 monachi
3345 2095 3424 2147 tui
3468 2095 3536 2150 ab
3556 2095 3710 2150 omni

2140 2183 2415 2239 sarcularis
2435 2182 2592 2237 ollicii
2616 2181 2956 2237 infestatione
2980 2183 3178 2249 securi,
3201 2190 3258 2239 et
3278 2183 3428 2238 omni
3469 2199 3714 2254 praegra-

2140 2271 2353 2325 vamine
2374 2271 2660 2324 mundana:
2673 2269 3038 2338 oppressionis
3063 2270 3276 2337 remoti,
3305 2270 3358 2323 in
3391 2278 3593 2326 sancta:
3619 2286 3710 2336 t1:-

2143 2361 2281 2429 gula:
2309 2359 2683 2413 observatione
2715 2358 2903 2427 quieti,
2944 2359 3074 2412 nulli
3105 2359 3198 2412 alii
3231 2360 3335 2413 nisi
3368 2357 3628 2414 Romana:
3653 2370 3710 2415 et

2143 2449 2452 2518 apostolica:
2465 2448 2597 2514 sedi,
2613 2449 2769 2517 cujus
2785 2448 2925 2517 juris
2941 2458 3040 2513 est,
3055 2449 3233 2518 aliqua
3250 2456 3533 2503 teneantur
3546 2464 3709 2504 occa-

2145 2537 2299 2591 sione
2322 2551 2444 2593 esse
2475 2537 2732 2606 subjecti;
2763 2537 2853 2606 qui
2883 2537 2949 2591 de
2992 2538 3106 2592 suis
3127 2537 3230 2592 sibi
3263 2537 3478 2608 qualem
3514 2539 3708 2592 volue-

2143 2626 2254 2680 rint
2277 2626 2572 2681 secundum
2598 2625 2657 2680 Β.
2699 2625 2972 2682 Benedicti
3009 2628 3276 2697 regulam,
3311 2627 3560 2682 abbatem
3602 2628 3706 2682 eli-

2144 2724 2305 2786 gant;
2334 2717 2381 2772 si
2401 2731 2531 2770 vero
2552 2731 2617 2770 ex
2651 2716 2731 2770 eis
2751 2717 2978 2772 idoneus
3007 2716 3349 2782 defueritpab
3371 2717 3492 2770 aliis
3515 2718 3704 2770 utilem

2143 2814 2198 2858 et
2221 2805 2533 2874 religiosum
2571 2821 2697 2859 cum
2726 2805 2956 2860 consilio
2992 2804 3219 2859 Romani
3256 2806 3528 2874 pontiﬁcis
3557 2806 3706 2861 acci-

2145 2895 2316 2964 piant,
2350 2895 2419 2947 ab
2438 2895 2626 2949 eodem
2674 2894 3094 2949 benedicendum
3151 2903 3206 2948 et
3251 2896 3704 2950 consecrandum.

2147 2981 2596 3037 Conscerationes
2633 2983 2797 3035 etiam
2834 2983 3207 3049 ecclesiarum,
3245 2991 3298 3036 ct
3335 2983 3710 3042 ordinationes

2145 3072 2458 3126 monacbor.
2488 3072 2600 3126 sive
2637 3072 2955 3126 clericorum
3001 3072 3218 3141 suprad.
3254 3073 3503 3126 coenobio
3537 3072 3709 3141 perti-

2145 3162 2410 3227 nentium,
2444 3161 2513 3214 ab
2543 3161 2831 3230 episcopis,
2867 3160 2923 3212 in
2957 3175 3188 3229 quorum
3233 3161 3509 3215 dioecesib.
3554 3170 3708 3229 sunt.

2146 3250 2432 3319 accipiant,
2473 3251 2518 3304 si
2544 3259 2724 3304 tamen
2761 3249 2998 3319 episcopi
3033 3250 3293 3305 canonice
3320 3251 3553 3306 ordinati
3584 3251 3707 3308 fue-

2151 3341 2280 3405 rint,
2308 3349 2361 3395 et
2389 3340 2786 3394 ordinationem
2813 3341 2979 3409 gratis
3007 3337 3258 3405 fecerint;
3298 3340 3345 3394 si
3389 3337 3570 3395 autem
3606 3341 3712 3395 bo-

2148 3451 2268 3489 rum
2303 3435 2507 3504 aliquid
2529 3431 2821 3496 obstiterit,
2857 3431 3022 3486 abbas
3041 3447 3166 3486 cum
3190 3432 3403 3486 licentia
3431 3440 3486 3485 et
3511 3439 3710 3485 aucto-

2147 3525 2305 3578 ritate
2351 3523 2508 3577 Rom.
2564 3531 2721 3591 pont.
2772 3521 2840 3582 ad
2898 3520 3332 3588 qualemcunque
3379 3513 3710 3574 catholicum

2146 3613 2312 3681 cpisc.
2337 3611 2620 3679 placuerit,
2640 3623 2806 3662 causa
2825 3605 3248 3660 consecrationis
3268 3613 3324 3659 et
3335 3606 3568 3661 ordinat.
3595 3615 3706 3661 tam

2151 3700 2396 3753 locorum
2439 3712 2603 3767 quam
2657 3711 3011 3766 personarum
3054 3694 3278 3750 licenter
3316 3704 3522 3765 pergat.
3580 3693 3709 3752 Hac

2159 3787 2323 3856 igitur
2351 3786 2532 3840 omnia
2578 3800 2700 3854 qua:
2747 3783 2910 3853 hujus
2962 3781 3213 3852 prmeepti
3251 3781 3560 3851 decretique
3602 3798 3706 3837 no—

2151 3875 2248 3929 stri
2283 3874 2476 3944 pagina
2501 3873 2760 3938 continet,
2783 3873 2839 3926 in
2861 3871 3116 3926 omnibus
3137 3871 3191 3924 in
3205 3878 3545 3939 ,perpetuum
3570 3885 3706 3924 con-

2149 3961 2408 4016 servanda
2457 3960 2814 4013 decrevimus.
2852 3958 2911 4011 Si
2960 3957 3086 4026 quis
3121 3971 3250 4017 vero
3294 3957 3705 4025 imperatorum,

2143 4052 2370 4112 dueum,
2438 4048 2840 4111 m'archionum,
2906 4045 3188 4110 comitum,
3262 4045 3566 4114 principum
3642 4062 3710 4102 ac

2147 4134 2412 4202 judieum,
2453 4138 2547 4185 aut
2591 4135 2912 4200 quacunque
2955 4129 3212 4200 dignitate
3239 4129 3482 4199 praedita,
3519 4130 3706 4199 cujus-

2159 4239 2375 4293 cunque
2421 4209 2626 4277 ordinis
2653 4221 2736 4275 vel
2771 4221 2932 4275 etiam
2968 4219 3294 4275 conditionis
3340 4236 3536 4292 magna
3583 4237 3709 4291 par-

2151 4326 2323 4379 vaque
2347 4323 2575 4379 persona
2615 4309 2756 4362 bane
2799 4307 3200 4381 constitutionis
3235 4317 3433 4363 nostra
3456 4310 3708 4379 paginam

2151 4401 2508 4468 cognoscens,
2541 4405 2728 4450 contra
2750 4381 2870 4449 eam
2906 4394 3191 4468 temerario
3213 4409 3351 4448 ausu
3370 4389 3559 4449 ven-ire
3592 4403 3711 4450 ten-

2149 4467 2362 4550 taverit,
2385 4494 2479 4540 aut
2522 4485 2717 4540 tentari
2751 4467 3109 4546 consenserit,
3150 4481 3235 4534 vel
3281 4480 3464 4551 fautor
3491 4481 3710 4558 exstite-

2088 4597 2132 4652 ι)
2156 4577 2257 4641 rit,
2300 4575 2612 4629 admonitus
2664 4572 2829 4628 semel
2871 4578 3031 4652 atque
3072 4569 3265 4623 iterum
3314 4576 3364 4622 et
3413 4568 3578 4624 tertio
3618 4583 3714 4638 per

2156 4672 2522 4732 competentes
2546 4661 2809 4724 inducias,
2844 4647 2947 4714 nisi
2976 4673 3040 4712 ea
3062 4671 3185 4726 qua:
3207 4657 3276 4710 ab
3302 4656 3394 4710 illo
3416 4665 3547 4711 sunt
3572 4658 3712 4712 male

2157 4753 2333 4806 ablata
2385 4750 2625 4805 ecclesia:
2679 4749 2954 4804 humiliter
3001 4745 3342 4824 satisfaciens
3392 4749 3705 4813 restituerit.

2157 4839 2440 4911 potestatis
2470 4838 2798 4918 honorisque
2828 4838 2913 4891 sui
2949 4837 3208 4906 dignitate
3241 4838 3417 4904 cadat,
3453 4854 3708 4911 meumque

2157 4945 2216 4984 se
2239 4927 2420 4990 divino
2438 4927 2641 4996 judicio
2669 4927 2736 4980 de
2774 4919 3076 4996 perpetrata
3109 4926 3388 5006 iniquitate
3420 4936 3710 4996 cognoscat

2161 5024 2266 5071 eta
2297 5014 2571 5069 sacratiss.
2605 5029 2828 5083 corpore
2878 5028 2942 5067 ac
2991 5015 3252 5084 sanguine
3306 5013 3399 5066 De:
3445 5029 3512 5066 ac
3553 5012 3701 5068 Dom.

2160 5105 2334 5160 nostri
2366 5102 2491 5159 Iesu
2525 5101 2726 5157 Christi
2756 5103 2966 5157 alienus
2998 5103 3110 5168 ﬂat,
3137 5118 3310 5171 usque
3346 5102 3476 5154 dum
3514 5101 3704 5172 resipi-

2147 5202 2302 5258 scat;
2331 5191 2538 5246 cunctis
2557 5199 2745 5244 autem
2759 5206 2878 5260 qua:
2897 5191 3146 5260 superius
3159 5192 3359 5256 scripta
3373 5183 3506 5242 sunt
3526 5189 3708 5269 obser-

2158 5284 2410 5339 vantibus
2436 5282 2506 5337 sit
2533 5281 2802 5336 absolutio
2842 5295 2906 5334 ac
2936 5277 3187 5333 remissio
3228 5276 3471 5330 omnium
3516 5293 3704 5347 pecca-

2160 5383 2338 5429 torum
2368 5385 2614 5437 suorum,
2656 5371 2728 5424 sit
2772 5368 3026 5439 gaudium
3077 5373 3132 5418 et
3171 5363 3482 5430 exsultatio,
3527 5367 3705 5424 latitia

2153 5471 2210 5517 et
2240 5479 2343 5532 pax
2366 5463 2423 5516 in
2449 5461 2535 5516 die
2577 5460 2838 5514 adventus
2864 5454 3077 5508 Domini
3102 5452 3272 5506 nostri
3318 5451 3446 5508 Jesu
3482 5452 3704 5526 Christi,

2153 5561 2207 5605 et
2233 5553 2388 5606 sicin
2428 5553 2532 5606 hoc
2574 5549 2772 5604 saeculo
2801 5544 3037 5598 fructum
3070 5544 3224 5598 bona
3266 5545 3499 5602 actionis
3537 5546 3702 5605 and»

2155 5640 2322 5709 piant,
2349 5633 3106 5710 quatenusfapuddistrietum
3150 5631 3390 5689 Judicem
3429 5634 3484 5690 in
3529 5634 3708 5700 futuro

2155 5728 2373 5797 praemia
2393 5738 2607 5781 :cternaa
2628 5723 2776 5792 pacis
2804 5721 3097 5775 inveniant.
3123 5719 3265 5776 Bene
3285 5723 3478 5778 valeat.

2227 5814 2358 5869 Data
2409 5811 2616 5868 Salerni
2643 5825 2700 5864 ιιι
2733 5808 2810 5864 ω.
2835 5809 3115 5866 Decembr.
3146 5826 3243 5883 per
3259 5817 3482 5869 manum
3503 5813 3704 5883 Greu-

3605 531 3722 588 712

3891 5887 3894 6046 l

3593 6099 3892 6346 ..Α

3848 6403 3890 6410 ἡ
