3952 6412
497 485 597 577 πε
649 523 652 526 ’

1391 498 1445 555 S.
1483 490 1808 552 GREGORII
1846 485 1935 543 VII
1971 481 2173 539 ΡΛΡᾹΞ
2209 475 2490 535 OPERUM
2528 473 2708 530 PARS
2745 471 2805 528 ll.

3624 433 3767 515 ηδ’

501 633 667 695 tibus,
702 633 756 681 et
775 612 1019 694 legaliter
1041 614 1273 678 collatis,
1305 619 1359 666 et
1393 608 1644 674 deinceps
1669 569 2271 672 'qllal'llmcun-DA-esse
2301 587 2702 660 perpendimus.
2725 579 2983 647 Proinde,
3009 580 3163 649 juxta
3196 573 3532 645 petitionem,
3570 580 3736 626 tuam

1803 689 1822 695 -
1965 687 1999 695 ..
2269 679 2290 695 ιι
2325 690 2368 695 ,μ
2449 674 2741 695 ΑΑ---λμέμ
2798 671 2878 695 --.ε
2917 678 2972 695 ι..
3018 681 3249 695 ...κυιοοη
3282 663 3616 695 Αἶηιιηοηονῖε
3676 672 3736 695 ..ο

501 735 608 790 que
632 687 983 787 personarum
1020 703 1329 762 authentica
1368 695 1660 753 traditione
1691 687 2054 751 conferendis,

499 774 605 863 sub
625 774 930 874 apostolicae
951 796 1093 852 sedis
1115 789 1282 846 tutela
1311 794 1364 842 et
1390 780 1723 855 protectione
1737 774 2058 847 generaliter

504 864 907 965 amplectimur,
943 896 999 941 et
1045 883 1148 938 sub
1197 879 1297 934 alis
1349 876 1632 930 beatorum
1686 864 2056 936 apostolorum

504 960 650 1042 Pet-ri
675 992 727 1038 et
749 972 1070 1045 Pauli,'tibi,
1097 970 1170 1026 fili
1199 966 1488 1029 Willelme,
1531 960 1747 1027 tuisque
1774 967 2057 1010 successe-

504 1078 681 1142 ribus,
696 1042 968 1128 eliminata
987 1079 1066 1119 ‘ac
1094 1058 1363 1131 prohibita
1395 1052 1542 1108 omni
1571 1045 1944 1104 infestantium
1978 1042 2061 1095 in-

508 1138 840 1238 quietudine,
881 1159 1138 1212 libere-et
1169 1148 1416 1204 absolute
1441 1138 1781 1213 possidenda,
1817 1143 1872 1189 et
1899 1147 2060 1202 regu-

508 1226 694 1312 lariter
721 1226 881 1320 atque
910 1237 1433 1302 utiliter'ordin‘anda
1474 1229 1755 1304 priesentis
1781 1226 2065 1295 scriptura:

512 1318 824 1401 testimonio
879 1337 1285 1393 confirmamus.
1336 1318 1752 1382 Constitutionis
1809 1329 2063 1386 quoque,

512 1429 889 1493 immanitatis,
913 1423 1174 1480 libertatis
1197 1417 1410 1481 modos,
1438 1427 1576 1483 quos
1607 1407 1861 1480 praefatus
1884 1415 2066 1458 comes

508 1517 738 1576 illustris
763 1491 1086 1589 Adelbertus
1111 1507 1315 1577 scripto
1340 1518 1452 1558 suae
1490 1497 1795 1555 traditionis
1840 1491 2070 1548 inseruit

514 1617 570 1664 et
597 1603 745 1677 regio
768 1582 952 1674 sigillo
975 1595 1211 1669 imprimi
1232 1591 1462 1657 curavit,
1485 1589 1552 1642 ad
1577 1582 1908 1656 posteritatis
1935 1593 2068 1633 cauo

515 1670 685 1753 telam
703 1703 757 1749 et
803 1670 1066 1747 arcendos
1110 1681 1487 1744 infestantium
1520 1677 1752 1746 impetus
1791 1670 2072 1740 diligenter

517 1783 883 1842 observandos
913 1777 1223 1840 statuimus,
1261 1758 1370 1826 'lios
1399 1769 1696 1831 duntaxat,
1726 1761 1830 1831 qui
1849 1756 2073 1815 canoni-

520 1871 599 1928 eis
630 1868 998 1926 sanctionibus
1033 1878 1141 1918 non
1175 1859 1466 1921 obsistunt,
1486 1862 1547 1908 ut
1575 1867 1674 1907 nec
1697 1851 1762 1904 de
1795 1843 2074 1918 permissis

2156 679 2379 750 prrefato
2407 674 2764 739 monasterio,
2793 671 2882 726 cui
2917 678 2975 724 tu
3018 681 3250 737 praeesse
3281 663 3641 733 dignosceris,
3675 672 3738 716 et

2155 767 2458 840 qnodjuris
2479 765 2536 820 S.
2572 763 2638 817 Β.
2669 761 2730 815 Ε.
2753 775 2875 816 esse
2904 757 3262 828 dignoscitur,
3301 755 3442 808 unde
3475 767 3574 823 per
3610 750 3739 806 sin-

2156 858 2312 929 gulos
2342 869 2515 909 annos
2576 865 2774 907 census
2816 848 2979 904 trium
3027 842 3377 899 denariorum
3421 852 3738 894 aureorum

2156 928 2260 1001 sibi
2295 943 2555 1006 redditur,
2587 928 2906 1008 liujusmodi
2924 933 3201 1004 privilegia
3250 929 3501 1000 prtesenti
3531 937 3738 983 aucto-

2157 1032 2338 1088 ritatis
2372 1038 2572 1084 nostra:
2602 1028 2818 1082 decreto
2866 1024 3228 1093 indulgemus,
3253 1020 3608 1075 concedimus
3646 1026 3740 1073 at-

2159 1138 2263 1194 que
2286 1123 2566 1180 ﬁrmamus
2593 1138 2606 1173 :
2634 1125 2933 1174 statuentes
2964 1115 3391 1182 nullumqregum
3424 1111 3510 1164 vel
3551 1111 3743 1178 impe.

2159 1221 2426 1274 ratorum,
2459 1214 2562 1268 aut
2579 1205 2903 1269 antistitum,
2963 1201 3172 1255 nullum
3203 1213 3421 1268 quoque
3463 1197 3744 1267 dignitate

2162 1300 2468 1371 prinditum,
2495 1296 2578 1349 vel
2615 1306 2993 1364 quemcunque
3015 1291 3205 1354 alium,
3250 1289 3317 1342 de
3350 1287 3436 1341 his
3494 1300 3618 1356 qua:
3650 1285 3740 1340 ei—

2164 1389 2287 1443 dem
2341 1383 2635 1439 venerabili
2673 1383 2794 1435 loeo
2831 1380 2898 1434 de
2936 1377 3157 1448 proprio
3203 1376 3327 1444 jure
3365 1375 3479 1443 jam
3528 1373 3744 1427 donata

2167 1484 2316 1542 sunt,
2329 1475 2414 1528 vel
2436 1475 2489 1528 in
2511 1472 2777 1536 futurum,
2805 1467 2916 1523 Deo
2937 1467 3259 1530 miserante,
3289 1463 3483 1519 collata
3507 1459 3741 1525 fuerint,

2169 1568 2272 1623 sub
2317 1564 2604 1634 cujuslibet
2643 1574 2822 1615 causa:
2863 1556 3232 1612 occasionisve
3283 1551 3461 1622 specie
3490 1550 3749 1604 minuere

2169 1653 2255 1708 vel
2274 1651 2509 1716 auferre,
2533 1659 2587 1704 et
2618 1649 2729 1703 sive
2751 1647 2864 1702 suis
2921 1645 3110 1701 usibus
3162 1643 3450 1711 applicare,
3492 1638 3576 1692 vel
3617 1637 3746 1691 aliis

2172 1757 2328 1812 quas:
2361 1740 2466 1810 piis
2497 1739 2563 1793 de
2595 1736 2778 1792 causis
2822 1749 2921 1805 pro
2946 1749 3058 1788 suae
3113 1730 3352 1786 avaritiae
3384 1726 3749 1783 excusatione

2174 1831 2502 1895 concedere;
2534 1828 2628 1884 sed
2652 1820 2869 1891 cuncta,
2901 1839 3023 1894 qua:
3043 1822 3119 1878 ibi
3159 1821 3339 1876 oblata
3388 1826 3518 1874 sunt
3540 1816 3626 1870 vel
3652 1814 3744 1869 of—

520 1901 599 1928 ua
630 1901 998 1926 δᾰιηιζιιυιιιυυῡ
1033 1901 1141 1918 uvu
1175 1901 1466 1921 νυυ.υ.....-,
1490 1901 1546 1908 ..-
1575 1901 1671 1907 π--
1703 1901 1755 1904 τν
1795 1901 1812 1918 ⁸

520 1961 781 2032 quidlibet
810 1957 1126 2027 negligatur,
1153 1965 1252 2005 nec
1282 1949 1348 2002 de
1367 1944 1556 2000 vetitis
1574 1940 1835 2012 quidlibet
1866 1938 2071 2005 irroge-
2103 1914 2145 1969 Β
2166 1917 2298 2032 ﬁeri“!
2330 1915 2633 1984 εοηιίεθΐῖῐν
2659 1922 2768 1968 ιέιιιει
2791 1927 2822 1965 3
2849 1919 2901 1965 ιθ
2939 1926 3103 1980 quam
3130 1910 3198 1963 ab
3231 1907 3312 1962 eis
3333 1907 3427 1976 qui
3451 1907 3507 1959 in
3531 1914 3628 1959 tuo
3660 1901 3773 1977 of-_

1693 2029 1703 2032 -
1780 2027 1793 2032 ι
1931 2022 1958 2032 γ-
2185 2007 2285 2032 αξη
2309 2001 2666 2032 “manuni...
2750 1998 2966 2032 πριιιιηηῖ
3012 2005 3250 2032 lomnnm
3283 1994 3482 2032 illitis-tn
3536 1999 3585 2032 at
3625 1990 3751 2032 sine

520 2062 630 2106 tur.
677 2047 800 2103 llaec
848 2047 1010 2116 igitur
1059 2055 1179 2112 quae
1243 2036 1406 2104 hujus

523 2138 697 2193 nostri
741 2111 934 2205 pagina
963 2131 1362 2193 continet,.tam
1399 2122 1491 2177 tibi
1523 2133 1686 2190 quam
1721 2114 1930 2171 eunetis
1978 2111 2072 2182 qui

525 2228 581 2282 in
615 2241 678 2281 eo
712 2204 820 2294 quo
848 2238 907 2276 es
935 2218 1123 2274 ordine
1151 2217 1377 2283 locoque
1400 2205 1780 2270 successerint,
1803 2204 1856 2257 in
1879 2214 2072 2272 perpe-

525 2327 679 2372 tuum
703 2312 966 2371 servanda
989 2303 1345 2364 decrevimus.
1375 2303 1432 2356 Si
1451 2300 1575 2370 quis
1593 2311 1722 2351 vero
1750 2309 1960 2365 regum,
1988 2306 2076 2347 sa-

525 2407 825 2470 cerdotum,
861 2400 1202 2461 elericorum,
1229 2393 1475 2462 judicum
1503 2396 1558 2443 et
1580 2383 1917 2442 saecularium
1950 2395 2076 2451 per—

526 2506 828 2560 sonarum,
896 2491 1035 2544 hanc
1098 2481 1503 2542 constitutionis
1558 2486 1759 2533 nostra;
1827 2462 2167 2554 paginam\

526 2596 848 2654 agnoscens,
873 2585 1061 2633 contra
1095 2589 1218 2629 eam
1257 2570 1440 2637 venire
1471 2564 1772 2630 tentaverit,
1797 2558 2080 2632 potestatis

530 2646 860 2741 honorisque
906 2668 991 2722 sui
1043 2663 1299 2734 dignitate
1339 2664 1560 2722 careat,
1601 2661 1861 2722 reumque
1893 2663 1966 2705 ise
2014 2646 2081 2703 de

528 2733 834 2832 perpetrata
882 2733 1166 2823 iniquitate
1208 2748 1391 2805 divino
1437 2743 1640 2815 judicio
1684 2744 1961 2811 agnoscat.
2015 2733 2084 2788 Et

534 2823 648 2902 nisi
675 2861 752 2900 ea
791 2857 912 2913 quae
949 2842 1018 2895 ab
1057 2840 1150 2894 illo
1191 2842 1319 2892 sunt
1342 2834 1482 2888 male
1507 2832 1684 2886 ablata
1708 2827 1977 2890 restituat,
1999 2823 2086 2877 vel

534 2939 696 3008 digna
708 2931 1020 3006 paenitentia
1034 2929 1216 2984 illicite
1229 2934 1345 2980 acta
1366 2921 1656 2986 deﬂeverit,
1671 2934 1701 2972 a
1722 2914 2089 2973 sacratissimo

531 3001 765 3096 corpore
792 3032 846 3078 et
865 3019 1126 3090 sanguine
1153 3014 1366 3070 Domini
1389 3008 1764 3096 Redemptoris
1779 3003 1950 3059 nostri
1962 3001 2090 3056 Jesu

538 3115 741 3171 Christi
787 3114 996 3168 alienus
1046 3110 1159 3174 fiat,
1195 3115 1359 3177 atque
1408 3103 1463 3158 in
1498 3082 1700 3156 aeterno
1727 3095 1974 3156 examine
2006 3092 2091 3147 di-

540 3205 744 3261 stricta:
782 3201 971 3256 ultioni
1002 3198 1294 3266 subjaceat.
1321 3193 1544 3248 Cunctis
1572 3200 1752 3246 autem
1781 3188 1953 3242 eidem
1974 3185 2094 3238 loco

537 3296 690 3365 justa
748 3288 1122 3352 servantibus,
1181 3294 1252 3339 sit
1302 3298 1406 3351 pax
1460 3279 1677 3333 Domini
1742 3275 1915 3330 nostri
1969 3271 2095 3326 Iesu

543 3363 765 3447 Christi,
803 3387 1067 3450 quatenus
1092 3385 1146 3430 et
1173 3375 1259 3428 hic
1279 3371 1514 3425 fructum
1550 3368 1704 3440 bona}
1728 3363 1955 3418 actionis
1978 3376 2099 3430 per-

545 3474 764 3543 cipiant,
791 3479 846 3525 et
864 3468 1004 3538 apud
1036 3464 1338 3521 districtum
1370 3458 1603 3528 judieem
1637 3453 1856 3524 praemia
1887 3459 2100 3506 aeternae

547 3559 915 3618 retributionis
941 3557 1234 3612 inveniant.
1261 3552 1458 3605 Datum
1485 3547 1668 3602 Remis
1694 3543 1864 3615 (4‘20).

1228 3638 1436 3694 LXXII.

548 3710 893 3806 Privilegt'un't
951 3732 1186 3806 Gregorii:
1246 3725 1352 3806 VA”
1413 3725 1481 3806 ad
1523 3721 1802 3806 ᾼιηιοιζπτη
1868 3718 2103 3806 abbqtent

604 3786 1012 3930 ﬁotﬁznensem.
1042 3786 1113 3842 :-
1145 3797 1436 3855 Conﬁrmat
1473 3790 1747 3861 privilegia
1799 3786 2105 3841 monasterii

667 3887 718 3930 ot
758 3888 980 3929 oneum.

1081 3957 1257 4027 (Anno
1305 3946 1587 4018 1073-85.)

560 4051 721 4125 [Dom
753 4051 1034 4111 Murrane,
1072 4042 1378 4096 lesaurus'
1395 4038 1671 4099 Amatae,
1701 4033 1742 4098 1,
1765 4033 1891 4097 204,
1915 4045 1980 4085 ex
2003 4047 2106 4085 ms.

862 4135 921 4192 S.
949 4134 1222 4190 Michaelis
1245 4132 1299 4184 in
1331 4128 1570 4198 periculo
1591 4122 1804 4193 maris.]

628 4240 934 4295 Gnsconius
955 4231 1259 4300 episcopus,
1293 4238 1482 4279 servus
1517 4233 1795 4274 servorum
1819 4214 1934 4281 Dei,
1984 4215 2134 4269 dile-,

559 4331 726 4391 ctoin
766 4325 984 4381 Christo
1024 4320 1132 4374 tilio
1185 4318 1424 4378 ALuooo,
1455 4309 1637 4365 abbati
1687 4305 2002 4361 monasterii
2055 4303 2110 4358 S.

562 4414 882 4478 Salvatoris,
912 4406 1210 4465 constructi
1240 4405 1294 4458 in
1348 4403 1487 4466 loco,
1531 4397 1622 4468 qui
1665 4395 1862 4451 dicitur
1912 4394 2118 4447 Bothe-

565 4502 771 4565 nensis,
794 4500 846 4552 in
877 4495 1155 4550 Britannia
1184 4489 1484 4552 constituti,
1521 4486 1743 4552 suisque
1783 4480 2118 4537 successori-

1458 2029 1708 2102 praacepti
1764 2022 2072 2092 decretique
2112 2074 2115 2075 ,

2166 2006 2288 2062 ficio
2309 2001 2689 2066 successerint,
2749 1998 2969 2069 perenni
3010 2005 3251 2066 tempore
3283 1994 3486 2047 illibata
3536 1999 3587 2045 et
3625 1990 3752 2044 sine

2169 2092 2541 2165 inquietudine
2602 2089 2852 2143 volumus
2900 2084 3206 2156 possideri,
3271 2095 3461 2137 eorum
3520 2078 3750 2149 quidem

2168 2175 2360 2238 usibus
2399 2194 2498 2249 pro
2529 2191 2763 2247 quorum
2807 2172 3200 2231 sustentatione
3245 2167 3755 2240 gubernationeque

2171 2281 2431 2325 concessa
2462 2272 2611 2329 sunt,
2642 2262 2820 2317 modis
2854 2260 3106 2314 omnibus
3141 2256 3443 2328 profutura.
3469 2254 3600 2309 Item
3613 2268 3756 2308 con-

2173 2355 2448 2412 stituimus
2477 2360 2555 2417 ut,
2579 2351 2812 2405 abeunte
2831 2348 3044 2413 abbate,
3073 2361 3182 2401 non
3214 2345 3354 2408 alius
3376 2344 3451 2398 ibi
3500 2355 3757 2411 quacun-

2175 2458 2279 2514 que
2301 2438 2634 2509 obreptionis
2661 2436 2861 2492 astutia
2884 2435 3188 2497 ordinetur,
3229 2431 3336 2487 nisi
3357 2445 3519 2501 quem
3552 2428 3759 2482 fratres

2175 2532 2417 2604 ejusdem
2447 2527 2702 2592 cmnobii,
2739 2541 2865 2581 cum
2895 2539 3173 2580 communi
3224 2527 3521 2586 consensu,
3545 2532 3762 2574 secuno

2176 2621 2306 2676 dum
2348 2619 2599 2674 timorem
2660 2615 2753 2670 Dei
2819 2613 3109 2686 elegerint;
3173 2611 3408 2666 maxime
3449 2610 3517 2665 de
3559 2609 3761 2664 eadem

2179 2707 2618 2779 congregatione,
2644 2703 2690 2759 si
2712 2703 2942 2758 idoneus
2980 2701 3232 2755 inventus
3273 2697 3457 2753 fuerit.
3523 2696 3685 2761 Quod
3709 2697 3764 2752 si

2184 2801 2326 2867 talis,
2353 2797 2447 2868 qui
2473 2796 2601 2850 huic
2625 2787 2879 2863 regimini
2918 2797 3203 2861 congruat,
3237 2789 3377 2843 inter
3407 2802 3504 2842 eos
3539 2784 3766 2840 inveni-

2183 2889 2230 2968 ri
2256 2903 2366 2941 non
2396 2884 2586 2954 possit,
2611 2897 2735 2938 cum
2757 2878 2986 2957 consilio
3014 2878 3247 2954 Romani
3271 2869 3563 2947 pontiﬁcis,
3586 2874 3767 2928 alium

2188 2966 2558 3054 sibiVPatrem
2609 2978 2663 3024 et
2719 2968 3039 3038 magistrum
3086 2973 3358 3035 expetant.
3392 2964 3506 3018 Hoc
3535 2976 3768 3032 quoque

2189 3058 2440 3134 priesenti
2465 3059 2699 3128 capitulo
2726 3055 3127 3126 subjungimus,
3161 3053 3440 3129 ut_ipsum
3474 3058 3766 3104 monaste-

2193 3153 2355 3216 rium,
2376 3152 2431 3203 et
2463 3149 2685 3202 abbates
2714 3146 2854 3215 ejus,
2891 3144 2975 3198 vel
3013 3142 3287 3208 monachi,
3312 3140 3382 3194 ab
3407 3138 3558 3194 ‘omni
3586 3153 3770 3193 secu-

2121 3243 2162 3300 C
2195 3241 2323 3295 laris
2344 3239 2548 3294 servitii
2571 3235 2680 3292 sint
2728 3235 3075 3290 infestatioue
3104 3232 3303 3297 securi,
3356 3229 3614 3297 omnique
3634 3244 3768 3297 gra-

2196 3331 2410 3385 vamine
2434 3327 2724 3382 mundanas
2766 3325 3136 3396 oppressioni's
3187 3322 3380 3378 remoti
3445 3321 3500 3374 in
3560 3321 3775 3374 sancta:

2198 3419 2472 3504 religionis
2499 3417 2878 3473 observatione
2914 3415 3086 3471 seduli
3122 3423 3179 3468 et
3213 3414 3418 3483 quieti,
3458 3413 3594 3468 nulli
3632 3413 3732 3466 alii
3753 3452 3773 3476 ,

2201 3502 2586 3565 nisi'Romanae
2614 3515 2666 3560 et
2686 3505 2996 3584 apostolica:
3017 3505 3151 3559 sedi.
3178 3503 3334 3572 cujus
3364 3502 3505 3572 juris
3534 3511 3640 3568 est,
3669 3503 3776 3557 ali-

2201 3615 2309 3668 qua
2353 3606 2641 3651 teneantur
2695 3595 2984 3650 occaSione
3017 3593 3265 3662 subjecti.
3310 3591 3776 3646 Consecratioues

2203 3688 2364 3739 etiam
2412 3683 2763 3738 ecclesiarum
2823 3691 2879 3736 et
2912 3727 2916 3730 ι
2948 3681 3318 3735 ordinationes
3373 3679 3778 3735 monachorum

2205 3776 2317 3829 sive
2340 3767 2659 3828 clericorum
2683 3770 2938 3841 sazpefato
2959 3770 3210 3825 coenobio
3235 3769 3641 3838 pertinentium,
3704 3771 3779 3823 ab

2205 3861 2475 3932 episcopis
2497 3863 2550 3914 in
2575 3876 2808 3930 quorum
2828 3859 3046 3915 dimcesi
3072 3867 3220 3924 sunt,
3253 3842 3552 3932 accipient;
3578 3857 3651 3910 ita
3686 3868 3780 3912 ta-

2209 3971 2332 4010 men
2368 3955 2414 4008 si
2444 3968 2682 4022 episcopi
2705 3967 2966 4006 canonice
2986 3951 3220 4004 ordinati
3263 3950 3484 4017 fuerint,
3533 3959 3589 4004 et
3625 3951 3784 4006 ordi-

2211 4043 2459 4095 nationes
2481 4041 2648 4110 gratis
2679 4039 2923 4093 fecerint.
2969 4038 3064 4092 Sin
3108 4046 3288 4093 autem
3333 4038 3533 4108 aliquid
3577 4040 3780 4095 horum

2212 4129 2502 4195 obstiterit,
2537 4127 2705 4181 abbas
2726 4142 2852 4181 eum
2887 4127 3108 4182 licentia
3131 4137 3184 4182 et
3218 4129 3542 4183 auctoritate
3574 4127 3781 4184 Roma-

2215 4219 2267 4272 ni
2290 4217 2558 4287 pontiﬁcis
2580 4216 2647 4271 ad
2671 4217 3100 4286 qualemcunque
3115 4218 3439 4278 catholicum
3457 4218 3780 4288 episcopum

2216 4308 2564 4375 eiplacuerit,
2617 4318 2782 4362 causa
2816 4307 3243 4362 consecrationis
3304 4317 3358 4361 et
3415 4307 3783 4362 ordinationis

2217 4408 2328 4454 tam
2372 4400 2618 4455 locorum
2675 4413 2838 4466 quam
2867 4389 3241 4465 personarum,
3292 4395 3517 4450 licenter
3567 4406 3778 4466 pergat.

2223 4490 2348 4543 llaec
2376 4489 2538 4557 igitur
2577 4486 2760 4539 omnia
2791 4501 2912 4554 quae
2950 4486 3114 4553 hujus
3162 4485 3414 4554 prmeepti
3471 4485 3784 4554 decretique

567 4599 672 4653 bus
702 4551 905 4646 ibidem
935 4582 1251 4653 regulariter
1274 4551 1672 4646 promovendis
1688 4573 1744 4623 in
1776 4576 2094 4649 perpetuam

2189 4563 2195 4595 ’
2221 4576 2392 4632 nostri
2422 4577 2617 4645 pagina
2638 4551 2899 4640 continet,
2923 4551 3037 4627 tam
3054 4551 3353 4642 tibiquam'
3371 4573 3581 4627 cunctis
3603 4551 3711 4642 qui.
3725 4574 3781 4628 in

641 4682 902 4751 Supernae
927 4645 1292 4729 miserationis
1311 4671 1581 4733 respectu,
1605 4661 1672 4714 ad
1702 4660 1807 4713 hoc
1836 4645 2120 4711 universa-

567 4778 636 4832 lis
657 4746 914 4827 Ecclesia:
942 4777 1128 4820 curam
1161 4757 1498 4826 suscepimus
1528 4761 1583 4806 et
1613 4749 1899 4819 apostolici
1933 4746 2121 4821 mode-

567 4861 797 4921 raminis
830 4850 1246 4913 sollicitudinem
1299 4844 1555 4914 gerimus,
1586 4848 1646 4893 ut
1685 4837 1850 4908 justis
1893 4850 2123 4905 precan-

729 4949 870 5005 votis
890 4950 1094 5000 attenta
1112 4930 1747 5006 benignitatefaveamus,
1760 4918 2128 4990 et,libramine

574 5037 864 5112 aequitatis,
896 5030 1148 5087 omnibus
1177 5011 1233 5080 in
1266 5018 1589 5077 necessitate
1609 5014 1820 5085 positis,
1841 5019 2126 5082 quantum,

576 5099 689 5183 Deo
720 5099 974 5188 donante,
998 5131 1308 5190 possumus,
1335 5107 1622 5168 subvenire
1643 5105 1954 5160 debeamus.
1982 5099 2129 5153 Prie-

580 5215 738 5284 cipue
773 5219 955 5266 tamen
1007 5207 1074 5284 de
1112 5200 1497 5276 venerabilium
1541 5198 1783 5250 locorum
1819 5191 2130 5254 stabilitate,

581 5274 683 5373 pro
713 5295 894 5353 debito
928 5278 1136 5346 honore
1155 5274 1381 5343 summa:
1398 5294 1462 5340 et
1492 5281 1801 5355 apostolica:
1828 5278 1992 5343 sedis,
2025 5291 2134 5341 en-

580 5364 672 5460 jus
701 5382 944 5442 membra
965 5384 1112 5441 sunt,
1132 5379 1395 5443 quantum
1423 5383 1491 5423 ex
1513 5367 1693 5420 divino
1718 5364 1985 5432 adjutorio
2008 5377 2135 5432 pos-

584 5450 816 5534 sibilitas
875 5468 1055 5531 datur,
1103 5461 1259 5517 nobis
1305 5453 1638 5528 pensandum
1689 5460 1742 5506 et
1784 5450 2135 5504 laborandum

2220 4680 2286 4719 eo
2311 4679 2421 4734 quo
2454 4679 2513 4718 es
2533 4663 2721 4717 ordine
2747 4662 2974 4731 locoque
3025 4662 3407 4729 successerint,
3432 4662 3517 4716 vel
3545 4661 3626 4716 eis
3649 4677 3785 4731 quo-

2191 4779 2345 4818 .rum
2385 4764 2645 4844 interesse
2683 4759 2938 4829 potuerit,
2991 4759 3046 4812 in
3087 4767 3404 4829 perpetuum
3455 4761 3782 4816 reservanda

2224 4855 2588 4916 decernimus.
2613 4855 2670 4912 Si
2707 4858 2828 4928 quis
2860 4873 2988 4912 vero
3010 4872 3225 4928 regum,
3268 4858 3634 4926 sacerdotum,
3666 4859 3781 4913 cle-

2228 4961 2484 5026 ricorum,
2504 4957 2746 5028 judicum
2769 4971 2833 5012 ac
2861 4957 3201 5012 saecularium
3219 4970 3595 5026 personarum,
3643 4956 3786 5012 hanc

2228 5056 2628 5113 constitutionis
2660 5063 2863 5110 nostra:
2910 5049 3159 5124 paginam
3192 5065 3549 5121 cognoscens,
3593 5060 3787 5109 contra

2228 5173 2349 5212 eam
2399 5155 2584 5211 venire
2635 5153 2942 5219 tentaverit,
2987 5151 3274 5223 poteStatis
3332 5147 3666 5222 honorisque
3698 5153 3786 5208 sui

2229 5258 2486 5327 dignitate
2521 5261 2720 5320 careat,
2746 5264 3009 5320 reumque
3037 5263 3098 5302 se
3118 5245 3302 5301 divino
3325 5243 3532 5313 judicio
3578 5217 3786 5305 existe-

2199 5348 2292 5412 're
2319 5357 2386 5410 de
2405 5359 2713 5428 perpetrata
2737 5349 3022 5418 iniquitate
3074 5351 3399 5412 cognoscat;
3435 5353 3490 5399 ct
3533 5346 3641 5401 nisi
3696 5347 3793 5404 illa

2235 5464 2357 5520 quae
2385 5455 2513 5503 sunt
2552 5444 2691 5500 male
2725 5443 2906 5499 ablata
2935 5438 3250 5505 restituerit,
3299 5441 3384 5495 vel
3414 5439 3577 5510 digna
3608 5445 3796 5512 ρωιιί-

661 5637 812 5712 μεθ)
831 5632 1340 5712 {lucusqueauctqr
1359 5615 1634 5712 (Ehronici.
1659 5614 1901 5712 Diplom‘a
1921 5626 2070 5712 vere,
2090 5614 2094 5666 i

2240 5623 2429 5712 tegat:
2452 5589 2513 5677 ut
2554 5635 2622 5677 ex
2671 5603 2916 5690 ejusdem
2969 5615 3282 5673 monasterii
3328 5614 3559 5673 historia
3618 5627 3799 5688 potest

593 5681 1263 5779 cujus-Vcal—c‘evat‘iﬁquita‘te
1290 5690 1530 5779 fortasse!
1549 5681 1798 5779 corrosos
1823 5681 2140 5751 chronOIOgi

597 5755 935 5835 Eii'aiic'té'r'es
951 5755 1047 5828 ille
1068 5755 1179 5824 non
1203 5762 1349 5832 legit,
1376 5771 1477 5814 nos
1499 5755 1681 5811 datum
1708 5760 1965 5823 putamus
1998 5764 2142 5804 anno

2241 5691 2452 5763 conjici.

3611 6283 3616 6286 '
3641 6281 3674 6311 τ
3689 6275 3897 6311 ᾐω-
