3952 6384
214 468 326 524 717

1099 465 1454 526 ειηδτοιίΕ
1493 466 1723 523 EX'I'RA
1762 467 2154 525 REGISTRUM
2198 467 2574 526 VAGANTES.

3333 477 3431 530 7I8

211 579 400 636 tentia
430 579 618 635 illicite
639 588 762 636 acta
793 579 1093 647 deﬂcvcrit,
1117 596 1148 634 a
1166 580 1537 636 sacratissimo
1563 595 1788 650 corpore
1817 584 1861 639 Α
1885 581 2084 635 dientia
2133 581 2469 636 exhibeatur.
2514 581 2670 647 Quod
2726 584 2777 638 si
2807 583 3003 655 aliquis
3041 587 3433 659 episcoporum,

211 678 279 724 et
301 669 568 740 sanguine
589 669 684 724 Dei
735 680 789 726 et
822 670 1037 725 Domini
1089 671 1449 740 redemptoris
1501 671 1674 732 nostri
1701 670 1788 726 Je-

212 767 291 814 su
333 759 542 815 Christi
595 759 806 815 alienus
839 760 956 826 ﬁat,
998 768 1162 830 atque
1208 759 1264 812 in
1296 767 1500 813 aeterno
1541 759 1788 815 examine

210 847 486 914 districta;
536 842 732 902 ultioni
781 847 1083 918 subjaccat,
1137 846 1349 903 cunctis
1390 855 1570 902 autem
1612 847 1786 902 eidem

210 932 347 988 loco
377 933 525 1002 justa
549 933 892 994 servantibus
925 935 998 990 sit
1040 950 1145 1004 pax
1191 933 1406 990 Domini
1454 935 1626 991 nostri
1658 933 1784 991 ἔθευ

208 1021 461 1090 Christi,
524 1032 793 1093 quatenus
840 1031 896 1078 et
945 1024 1033 1079 hic
1069 1022 1310 1078 fructum
1352 1035 1507 1079 nonze
1558 1024 1785 1080 actionis

204 1113 560 1186 percipiant,
611 1121 666 1167 et
717 1114 859 1183 apud
902 1112 1209 1169 districtum
1260 1111 1499 1185 judiccm
1565 1114 1784 1184 praemia

207 1208 439 1257 eterna:
467 1199 606 1258 lucis
641 1202 938 1258 inveniant.
979 1201 1172 1258 Amen.

883 1310 1118 1366 LXXIII.

279 1399 448 1457 Bulla
495 1401 729 1473 Gregorii
785 1399 894 1473 γζι
945 1417 1041 1473 pro
1094 1402 1404 1473 monasterio
1455 1398 1510 1455 S.
1566 1399 1716 1456 Petri

826 1468 1194 1526 Juncellensis.

751 1559 932 1630 (Anno
979 1559 1264 1631 1075-85.)

208 1649 387 1722 [GalL
414 1648 1176 1792 (Ζήν-ἰδιηίυεῑτυιιῖὐὲίέἓῖἠί,
1203 1665 1324 1720 pag.
1345 1650 1414 1704 1..
1450 1690 1466 1719 ,
1494 1651 1774 1707 exarchiv.

285 1811 598 1876 Caecomus
632 1811 943 1883 episcopus,
986 1825 1176 1866 servus
1221 1824 1501 1865 servorum
1542 1809 1658 1876 Dei,
1699 1811 1779 1866 di-

183 1902 358 1957 °leeto
382 1902 438 1956 in
464 1901 683 1957 Christo
713 1902 936 1957 ﬁlio.....
977 1899 1159 1956 abbati
1193 1902 1508 1956 monasterii
1538 1899 1595 1954 S.
1634 1900 1778 1956 Petri

206 1990 577 2057 Juneellensis
616 1991 901 2048 constituti
946 1992 1002 2046 in
1045 1991 1165 2046 loco
1196 1991 1290 2060 qui
1325 1991 1524 2046 dicitur
1555 1990 1777 2058 Lunata,

207 2081 446 2150 suisque
466 2080 874 2136 successoribus
902 2078 1101 2134 ibidem
1125 2079 1443 2148 regulariter
1460 2094 1780 2150 promoven-

206 2170 300 2226 dis
337 2171 392 2225 in
423 2179 762 2242 perpetuum.

253 2305 255 2307 .
285 2259 549 2330 Supernae
571 2260 940 2317 miserationis
969 2269 1213 2331 respectu
1241 2260 1309 2315 ad
1334 2261 1437 2315 hoc
1461 2259 1780 2338 universalis

209 2349 470 2406 Ecclesia:
499 2366 687 2406 curam
732 2352 1072 2422 suscepimus
1110 2360 1165 2406 et
1219 2350 1501 2420 apostolici
1542 2339 1782 2406 modera-

206 2442 381 2498 minis
410 2431 825 2498 sollicitudincm
856 2441 1117 2513 gerimus,
1155 2450 1216 2496 ut
1243 2442 1408 2512 justis
1442 2438 1777 2510 precantium

205 2532 357 2586 votis
405 2541 623 2587 assueta
660 2532 988 2603 benignitate
1033 2530 1338 2595 faveamus,
1393 2538 1466 2596 et,
1499 2530 1782 2585 libramine

205 2621 506 2691 aequitatis,
536 2621 788 2677 omnibus
823 2621 879 2676 in
909 2621 1226 2676 necessitate
1259 2620 1468 2690 positis,
1495 2627 1778 2689 quantum,

206 2709 328 2766 Deo
367 2711 611 2782 juvante,
642 2725 951 2782 possumus,
984 2709 1270 2767 subvenire
1297 2710 1606 2765 debeamus.
1641 2708 1777 2764 Pro-

205 2799 342 2854 inde
359 2800 518 2869 juxta
551 2802 865 2872 petitionem
895 2810 1044 2856 tuam
1074 2799 1357 2869 praefatum
1388 2799 1776 2853 monasterium

205 2887 494 2955 Juncellis,
523 2891 690 2946 cuitu
713 2905 946 2960 praeesse
966 2889 1322 2961 dignosceris,
1349 2889 1404 2942 in
1428 2888 1590 2942 tutela
1613 2896 1666 2941 et
1684 2887 1776 2941 de—

207 2978 465 3042 fensione
498 2990 698 3059 sancta:
722 2979 981 3039 Romanae
1011 2989 1066 3035 et
1099 2979 1406 3050 apostolicae
1437 2978 1580 3033 sedis
1610 2977 1778 3032 susci—

205 3070 416 3139 pimus,
447 3080 504 3125 et
541 3073 610 3127 ab
649 3071 799 3126 omni
838 3070 1084 3127 saaculari
1139 3069 1503 3124 dominatione
1547 3068 1774 3122 liberum

207 3173 431 3228 semper
462 3173 584 3214 esse
628 3160 988 3224 decernimus,
1029 3159 1117 3213 cui
1143 3158 1452 3226 hujusmodi
1498 3157 1773 3226 privilegio

203 3248 489 3317 praesenti,
535 3248 980 3318 auctoritatisque
1024 3255 1224 3302 nostra":
1263 3246 1478 3301 decreto
1532 3246 1775 3330 indulge-
1803 3263 1844 3318 (ς

203 3352 358 3403 mus,
387 3338 735 3393 concedimus
777 3346 831 3394 et
873 3339 1170 3403 ﬁrmamus,
1216 3343 1514 3393 statuentes
1567 3336 1774 3391 nullum

206 3443 404 3497 regum
435 3429 516 3482 vel
551 3428 960 3498 imperatorum,
1014 3427 1307 3482 antistitem
1349 3427 1576 3493 nullum,
1637 3443 1773 3496 qua-

201 3532 430 3586 cunque
484 3519 741 3587 dignitate
786 3518 1088 3587 prmditum,
1132 3517 1215 3570 vel
1247 3531 1570 3585 quemquam
1609 3517 1773 3570 alium

202 3607 413 3662 audere
447 3607 514 3662 de
548 3607 614 3662 iis
675 3623 796 3678 qua:
833 3607 1005 3662 eidem
1035 3605 1320 3660 venerabili
1350 3605 1468 3659 loco
1489 3620 1519 3658 a
1547 3606 1770 3676 quibus-

204 3698 343 3751 libet
385 3698 698 3754 hominibus
740 3698 805 3752 de
831 3698 1048 3768 proprio
1088 3697 1210 3767 jure
1239 3697 1353 3766 jam
1398 3696 1595 3751 donata
1626 3706 1770 3763 sunt,

200 3788 295 3841 vel
324 3790 377 3842 in
409 3787 673 3855 futurum,
724 3789 833 3844 Deo
860 3789 1170 3853 miserante,
1203 3789 1394 3840 collata
1422 3787 1640 3854 fuerint,
1672 3789 1775 3843 sub

203 3878 505 3947 cujuslibet
529 3893 708 3933 causae
745 3878 1114 3932 oecasionisve
1151 3877 1346 3945 specie,
1392 3877 1654 3941 minuere,
1691 3879 1769 3931 vel

201 3967 448 4035 auferre,
470 3976 525 4023 et
552 3969 665 4032 sive
687 3967 802 4024 suis
833 3967 1021 4023 usibus
1047 3967 1337 4036 applicare,
1361 3966 1443 4021 vel
1468 3966 1587 4020 aliis
1615 3969 1771 4035 quasi

201 4058 316 4128 piis
345 4059 411 4113 de
437 4059 620 4114 causis
651 4075 751 4128 pro
783 4075 895 4115 sua:
938 4058 1176 4112 avaritiae
1209 4053 1556 4113 excusatione
1581 4072 1771 4112 conce-

197 4163 354 4212 aere,
381 4149 475 4202 sed
499 4158 692 4202 cuncta
715 4165 837 4220 qua:
859 4149 932 4203 ibi
956 4150 1135 4203 oblata
1168 4157 1314 4213 sunt,
1337 4150 1418 4202 vel
1447 4148 1626 4202 offerri
1649 4163 1772 4202 con-

200 4236 406 4305 tigerit,
435 4247 544 4291 tam
577 4253 607 4291 a
636 4245 686 4292 te
715 4253 879 4308 quam
902 4238 971 4292 ab
993 4238 1071 4292 eis
1101 4238 1192 4307 qui
1221 4246 1314 4290 tuo
1347 4239 1521 4293 cilicio
1547 4239 1772 4307 locoque

198 4328 588 4394 successerint,
617 4329 838 4398 perenni
857 4337 1097 4398 tempore
1124 4327 1328 4381 illibata
1349 4336 1402 4381 ct
1427 4328 1544 4381 sine
1564 4328 1771 4396 inquie-

198 4416 394 4471 tudine
450 4418 701 4474 volumus
743 4410 1048 4489 possideri,
1090 4433 1281 4473 eorum
1322 4416 1540 4487 quidem
1580 4416 1769 4471 usibus

195 4522 306 4578 pm
325 4523 559 4586 quorum
589 4509 981 4566 sustentatione
1009 4507 1498 4580 gubernationeque
1512 4521 1766 4574 concessa

1887 685 1980 725 seu
2020 670 2271 740 quaelibet
2303 672 2664 727 ecclesiastica
2703 673 2786 728 vel
2827 677 3104 731 saecularis
3138 693 3432 747 persona...

1885 761 2273 816 monasterium
2300 769 2560 828 vestrum,
2598 770 2652 816 et
2681 763 2900 818 abbates
2930 765 3048 834 ejus
3078 768 3162 821 vel
3187 770 3437 824 monachi

1884 849 1953 904 ab
1979 850 2128 905 omni
2153 851 2429 906 saecularis
2463 851 2669 907 servitii
2711 852 2821 908 sint
2859 853 3199 911 infestatione
3237 861 3436 926 securi,

1884 939 2138 1008 omnique
2170 941 2482 1010 gravamine
2531 942 2816 998 mundanae
2846 945 3214 1014 Oppressionis
3243 950 3434 1002 remoti

1884 1027 1940 1082 in
1969 1028 2241 1099 religionis
2289 1031 2662 1087 observatione
2706 1034 2877 1089 seduli
2918 1042 3078 1105 atque
3117 1037 3284 1106 quieti
3314 1051 3437 1108 per-

1883 1127 2152 1174 maneant.
2191 1118 2315 1176 Hzec
2341 1121 2504 1192 igitur
2532 1122 2714 1176 omnia
2757 1139 2880 1193 quae
2922 1125 2977 1180 in
2998 1125 3160 1197 hujus
3184 1130 3436 1197 praecepti

1881 1207 2145 1265 decretive
2180 1210 2374 1282 pagina
2417 1211 2589 1266 nostri
2633 1213 2978 1269 continentur
3022 1216 3078 1270 in
3120 1225 3435 1287 perpetuum

1882 1300 2141 1354 servanda
2169 1300 2529 1357 decernimus.
2568 1300 2626 1357 Si
2648 1303 2772 1372 quis
2806 1319 2934 1359 vero
2963 1320 3170 1376 regum,
3203 1307 3436 1378 impera-
3525 1340 3528 1343 ι

1880 1395 2080 1456 torum,
2107 1391 2465 1458 sacerdotum,
2496 1392 2837 1458 clericorum,
2856 1394 3100 1464 judicum
3127 1411 3192 1451 ac
3214 1398 3438 1472 saecula—

1879 1477 2022 1533 rium
2052 1494 2407 1550 personarum
2446 1482 2587 1537 hanc
2627 1483 3028 1541 constitutionis
3057 1494 3257 1543 nostra:
3283 1489 3436 1560 pagi-

1879 1583 2004 1623 nam
2056 1570 2310 1641 ignorans
2343 1582 2530 1628 contra
2575 1589 2695 1629 eam
2741 1576 3028 1631 temerario
3067 1593 3203 1634 ausu
3251 1579 3436 1634 venire

1877 1660 2178 1726 tentaverit,
2211 1661 2518 1717 admonitus
2541 1664 2724 1730 semel,
2749 1673 2801 1719 et
2821 1665 3036 1732 iterum,
3069 1684 3241 1738 usque
3275 1669 3434 1724 tertio

1876 1744 1972 1818 per
2004 1752 2382 1808 convenientes
2416 1753 2676 1821 inducias,
2709 1755 2754 1810 si
2797 1771 2905 1810 non
2945 1759 3230 1828 resipnerit
3271 1768 3435 1829 atque

1877 1842 2141 1910 praedicta:
2162 1843 2415 1901 Ecclesiae
2440 1854 2633 1901 vestra:
2659 1861 2770 1902 non
2792 1848 3128 1916 satisfecerit,
3152 1852 3434 1920 potestatis

1810 1939 1853 1994 Β
1879 1933 2204 2004 honorisque
2233 1936 2317 1990 sui
2351 1937 2842 2008 dignitatecareat,
2881 1956 3141 2011 reumque
3163 1957 3222 1996 se
3250 1942 3434 1998 divino

1877 2022 2080 2093 judicio
2105 2026 2334 2081 existere
2357 2027 2423 2082 de
2451 2036 2754 2097 perpetrata
2788 2028 3071 2100 iniquitate
3103 2042 3430 2103 cognoscat;

1879 2126 1932 2170 et
1957 2119 2062 2174 nisi
2091 2135 2212 2189 quae
2237 2121 2306 2176 ab
2335 2120 2427 2187 illo
2454 2131 2581 2176 sunt
2608 2123 2746 2178 male
2780 2123 2957 2179 ablata
2993 2128 3308 2193 restituerit,
3348 2130 3433 2184 vel

1878 2206 2038 2290 digna
2069 2211 2385 2278 paenitentia
2423 2211 2606 2268 illicite
2650 2222 2771 2268 acta
2803 2213 3091 2282 dellevcrit,
3127 2232 3158 2271 a
3199 2219 3431 2274 sanctis-

1879 2297 2018 2352 simo
2040 2315 2265 2370 corpore
2305 2318 2369 2357 ac
2396 2303 2658 2373 sanguine
2688 2303 3060 2376 Redemptoris
3097 2308 3270 2364 nostri
3303 2308 3428 2365 Jesu

1877 2389 2078 2446 Christi
2100 2393 2307 2448 alienus
2329 2393 2438 2448 ﬁat.
2464 2392 2683 2450 Cunctis
2705 2405 2883 2452 autem
2909 2399 3080 2454 eidem
3110 2400 3231 2455 loco
3251 2407 3431 2456 vestro

1873 2481 2018 2550 justa
2043 2485 2380 2541 servantibus
2408 2487 2478 2541 sit
2500 2503 2603 2557 pax
2626 2487 2836 2543 Domini
2861 2491 3034 2545 nostri
3054 2490 3184 2547 ἔθευ
3205 2491 3428 2557 Christi,

1877 2581 2144 2641 quatenus
2172 2583 2225 2628 et
2255 2576 2345 2640 hic
2378 2575 2613 2632 fructum
2659 2578 2814 2634 bona:
2846 2583 3074 2637 actionis
3113 2583 3427 2652 percipiant,

1876 2673 1931 2718 et
1959 2665 2102 2735 apud
2146 2665 2449 2723 districtum
2497 2666 2738 2724 Iudicem
2773 2673 2991 2740 praemia
3034 2681 3248 2727 aeterna:
3281 2673 3428 2742 pacis

1876 2756 2169 2812 inveniant.

2541 2853 2748 2908 LXXIV

1875 2938 2218 3012 Pririlcgium
2240 2941 2473 3012 Gregorii
2489 2950 2709 3014 papwde
2725 2948 3039 3001 monasterio
3055 2945 3110 3003 S.
3135 2947 3424 3004 Benedicti.

2312 3104 2319 3111 ο
2399 3035 2588 3104 (Αῐιιιο
2626 3037 2904 3108 1075-85.)

2051 3121 2321 3192 ιΜΑυιιιη
2354 3123 2544 3178 Annal.
2570 3127 2684 3178 0rd.
2712 3124 2768 3180 S.
2792 3127 2984 3180 Beued.
3014 3127 3078 3192 ν,
3103 3129 3252 3200 640.]

1945 3211 2248 3268 Gneconms
2258 3214 2559 3284 episcopus,
2577 3231 2764 3274 servus
2775 3233 3052 3273 servorum
3070 3219 3182 3286 Dei,
3198 3219 3421 3288 Ilucoxr,

1878 3303 2168 3359 venerabili
2198 3305 2378 3381 abbati
2417 3306 2792 3364 Cluniacensis
2825 3310 3160 3378 monasterii,
3203 3311 3426 3382 suisque

1875 3396 2281 3451 successoribus
2311 3397 2366 3450 in
2397 3408 2730 3467 perpetbum.

1946 3485 2188 3555 Suscepti
2231 3501 2332 3542 nos
2371 3487 2527 3542 otlicii
2553 3504 2682 3542 cura
2723 3491 2993 3559 compellit
3029 3495 3425 3550 venerabilihus

1875 3573 2027 3640 locis,
2053 3591 2107 3630 et
2135 3571 2509 3646 przempuelns'
2536 3595 2655 3648 qua:
2685 3582 2886 3650 proprii
2911 3581 3050 3651 juris
3075 3593 3200 3638 sunt
3226 3595 3425 3640 sancta:

1875 3665 2128 3721 Romana:
2158 3667 2426 3733 Ecclesia},
2467 3671 2624 3724 talem
2657 3680 2852 3726 nostrze
2882 3672 3300 3742 dispensationis
3326 3678 3422 3731 ad-

1875 3758 2056 3813 hibere
2085 3759 2434 3829 diligentiam,
2474 3772 2532 3816 ut
2554 3763 2606 3816 in
2631 3763 2736 3818 illis
2759 3780 2819 3818 ea
2845 3767 3078 3822 maxime
3113 3769 3423 3837 apostolicis

1872 3850 2162 3920 privilegiis
2188 3867 2241 3906 et
2264 3855 2598 3908 memorabili
2620 3864 2939 3910 auctoritate
2978 3859 3263 3912 ﬁrmentur
3303 3876 3424 3926 quae

1871 3940 1938 3994 ad
1968 3956 2136 3996 sacra:
2164 3943 2483 3996 eruditionis
2519 3945 2775 4011 studium,
2801 3954 2855 4000 et
2888 3949 2953 4000 ad
2997 3948 3260 4017 religiosa)
3301 3951 3453 4004 vitaz‘

1872 4031 2202 4099 propositum
2221 4039 2286 4085 .et
2316 4032 2628 4088 diuturnam
2669 4036 2925 4105 spiritalis
2963 4040 3149 4108 gratim
3197 4041 3422 4097 aediﬁca-

1870 4121 2070 4176 tionem
2099 4123 2441 4192 potissimum
2466 4127 2643 4183 valere
2669 4139 2983 4186 noscuntur.
3009 4134 3342 4205 Quapropter
3354 4137 3421 4193 de

1872 4215 2100 4283 spiritali
2127 4217 2512 4286 gubernatione
2533 4229 2586 4274 et
2608 4229 2748 4276 statu
2781 4227 3093 4279 monasterii
3120 4227 3302 4281 Sancti
3323 4230 3420 4284 Be-

1871 4305 2087 4371 nedicti,
2121 4309 2466 4362 consistentis
2497 4311 2635 4364 inter
2673 4312 2850 4366 littora
2900 4312 3029 4368 Padi
3074 4323 3128 4369 et
3169 4315 3419 4374 Larionis

1870 4393 2174 4463 ﬂuminum,
2194 4396 2504 4466 hujusmodi
2525 4399 2770 4456 instituta
2800 4402 3009 4459 sancire
3023 4413 3076 4459 et
3100 4407 3419 4464 conﬁrmare

1867 4484 2087 4555 dignum
2129 4487 2402 4555 duximus,
2427 4499 2486 4544 ut
2519 4501 2722 4559 nostra,
2767 4509 2934 4566 quam
2963 4498 3130 4552 semel
3155 4498 3417 4569 impendi-

197 4576 359 4663 sunt,
385 4577 564 4653 modis
605 4601 860 4665 omnibus
889 4576 1192 4670 profutura.
1223 4597 1354 4654 Item
1383 4576 1762 4654 constituimus

1872 4593 2004 4670 mus,
2034 4593 2244 4648 semper
2268 4595 2391 4636 cum
2425 4581 2518 4638 Dei
2556 4585 2826 4655 adjutorio
2875 4576 3178 4644 sollicitudo
3212 4593 3412 4668 vigilet.

196 4687 534 4752 ut,obeunte
557 4695 629 4754 te,
652 4702 761 4742 non
785 4689 924 4742 alius
952 4687 1025 4742 ibi
1045 4689 1416 4756 cujuscunque
1437 4687 1768 4756 obreptionis

196 4777 407 4832 astutia
449 4778 563 4834 sive
607 4793 701 4848 per
748 4777 1142 4843 inveStituram,
1180 4776 1291 4831 sive
1323 4790 1419 4846 per
1455 4777 1767 4830 saecularem

197 4874 530 4935 potestatem
580 4866 880 4933 ordinetur,
927 4867 1034 4926 nisi
1078 4881 1237 4937 quem
1280 4864 1516 4937 religiosi
1574 4862 1769 4919 fratres

200 4953 448 5024 ejusdem
478 4955 713 5009 emnobii
734 4969 859 5022 cum
880 4957 1155 5010 communi
1179 4971 1448 5012 consensu
1472 4954 1765 5010 secundum

200 5045 459 5102 timorem
490 5045 584 5101 Dei
623 5035 881 5117 elegerint
920 5045 986 5101 de
1026 5044 1214 5100 eadem
1245 5045 1682 5116 congregatione,
1721 5043 1767 5099 si

200 5138 436 5191 idoneus
460 5137 711 5192 inventus
743 5120 923 5191 fuerit.
950 5122 1106 5202 Quod
1131 5135 1177 5190 si
1193 5134 1336 5201 talis,
1362 5135 1458 5204 qui
1479 5136 1608 5190 huic
1631 5134 1770 5205 regi-

200 5223 338 5281 mini
381 5234 665 5296 congruat,
697 5226 838 5281 inter
871 5240 966 5281 eos
1007 5225 1236 5281 inveniri
1276 5238 1384 5280 non
1428 5226 1620 5293 possit,
1645 5240 1766 5279 cum

198 5316 435 5371 consilio
456 5315 832 5385 religiosorum
859 5315 1099 5370 virorum
1123 5314 1338 5370 aliunde
1358 5313 1460 5368 sibi
1480 5313 1693 5369 Patrem
1716 5325 1770 5369 et

198 5406 528 5476 magistrum
551 5415 827 5476 expetant,
853 5406 1213 5461 ordinandum
1253 5419 1381 5460 vero
1413 5407 1482 5458 ab
1512 5408 1766 5472 episcopo

198 5498 256 5551 in
283 5495 444 5566 cujus
474 5493 696 5548 dioecesi
723 5495 1112 5551 monasterium
1145 5503 1384 5562 vestrum
1417 5493 1768 5548 constitutum

194 5597 304 5654 est,
339 5584 445 5640 nisi
478 5581 619 5638 forte
639 5578 817 5654 ipsum
845 5586 916 5640 ab
949 5583 1243 5654 apostolica
1271 5579 1398 5638 sedc
1430 5582 1768 5636 interdictum

189 5693 318 5732 esse
354 5673 645 5740 claruerit;
679 5677 773 5744 qui
801 5676 1041 5744 quandiu
1081 5675 1136 5730 in
1165 5674 1351 5729 eadem
1400 5672 1772 5728 interdictione

194 5781 291 5822 seu
341 5765 639 5821 rebellione
672 5765 1015 5834 remanserit,
1057 5765 1201 5822 nulla
1248 5763 1349 5820 sibi
1385 5779 1415 5817 a
1447 5763 1602 5816 vobis
1645 5762 1772 5815 obe-

1868 4668 1933 4724 Et
1955 4669 2093 4726 sicut
2117 4671 2172 4725 in
2197 4671 2289 4726 illo
2312 4682 2614 4740 auctorum,
2653 4692 2683 4729 a
2719 4677 2932 4746 quibus.
2955 4687 3326 4737 constructum
3367 4695 3422 4742 et

1871 4760 1980 4816 Deo
2007 4762 2246 4818 oblatum
2268 4773 2370 4829 est,
2394 4766 2540 4818 omni
2569 4775 2807 4834 tempore
2840 4767 3074 4837 devotio,
3117 4771 3250 4830 ﬁdes
3290 4776 3422 4830 vivit

1867 4859 1922 4903 et
1941 4853 2141 4919 pietas;
2172 4853 2244 4907 ita
2271 4853 2337 4907 ad
2358 4869 2644 4909 commune
2665 4856 2906 4926 ipsorum
2931 4876 2994 4915 ac
3024 4872 3223 4918 nostra:
3257 4866 3418 4920 devo-

1866 4939 2030 4996 tionis
2045 4943 2296 4997 mcritum
2322 4954 2505 5001 nostra
2523 4947 2716 5003 ibidem
2733 4951 3085 5019 providentia,
3104 4952 3212 5008 Deo
3229 4955 3418 5025 dispo-

1834 5074 1837 5077 .
1867 5040 2047 5097 nente,
2073 5033 2216 5088 vivat
2236 5050 2302 5091 ac
2337 5046 2590 5107 operetur
2615 5040 2926 5094 auctoritas.
2958 5040 3200 5112 Namque
3229 5061 3419 5102 mona-

1867 5123 2092 5178 sterium
2125 5124 2253 5181 illud
2279 5142 2310 5182 a
2338 5127 2635 5193 Thedaldo,
2669 5128 2862 5184 illustri
2890 5130 3027 5196 viro,
3073 5143 3227 5203 patre
3282 5154 3423 5193 mar-

1868 5214 2349 5272 ehionisBonifacii
2368 5217 2720 5272 constitutum
2737 5228 2839 5287 est,
2855 5223 3106 5278 traditum
3133 5241 3260 5281 vero
3283 5239 3336 5283 et
3366 5231 3419 5285 in
3440 5257 3445 5262 η

1866 5309 2142 5376 proprium
2161 5309 2251 5377 jus
2274 5310 2527 5365 collatum
2550 5313 2707 5367 beato
2722 5310 2883 5370 Petro
2904 5325 2956 5370 et
2971 5318 3088 5388 ejus
3110 5323 3420 5390 apostolicze

1866 5397 1998 5462 sedi,
2028 5397 2168 5452 sicut
2193 5409 2246 5453 et
2274 5401 2454 5470 aliqua
2483 5402 2586 5457 alia
2618 5408 2944 5462 monasteria
2979 5418 3220 5479 tempore
3244 5415 3414 5464 nostri

1864 5487 2225 5555 pontiﬁcatus,
2253 5505 2282 5544 a
2301 5489 2572 5560 Mathilde,
2588 5495 2693 5547 ﬁlia
2706 5497 2753 5563 ej
2761 5498 2943 5550 usdcm
2958 5499 3284 5552 marchionis
3308 5499 3414 5553 llo-

1867 5577 2068 5645 nifacii,
2084 5583 2354 5649 quondam
2368 5583 2578 5637 decreta
2593 5594 2644 5638 et
2659 5588 2999 5642 corroborata
3013 5588 3412 5653 constitutione,

1867 5671 2007 5741 sicut
2031 5673 2190 5725 etiam
2218 5673 2269 5724 in
2293 5673 2434 5738 aliis,
2459 5690 2580 5743 qua:
2601 5676 2664 5730 ad
2683 5678 3113 5732 communionem
3141 5689 3193 5733 et
3219 5680 3433 5732 conﬁr—.

1869 5761 2155 5817 mationem
2187 5761 2427 5832 ejusdem
2450 5765 2553 5820 loci
2582 5764 2825 5833 fecimus,
2851 5766 3076 5822 habetur
3101 5765 3409 5840 privilegiis,
