3944 6414
1596 44 1609 49 ““
1706 42 1739 61 9⁸
1756 44 1803 63 Η
1856 42 1899 61 ’Ἶδ

3604 44 3893 165 .-.η

491 540 587 596 719
1101 569 1106 575 .
1184 576 1187 579 .
1396 520 1451 577 S.
1488 466 1812 571 GllEGORll
1851 506 1939 563 VII
1978 500 2180 559 PAPJS
2221 493 2500 554 OPERUM
2539 492 2719 546 PARS
2756 488 2815 544 ιι.
2909 505 2913 509 ·
3164 498 3171 505 ·
3637 457 3760 513 Ἱῖυ

440 774 443 777 ι
491 741 694 797 stolicm
712 737 848 801 sedi,
876 734 930 787 in
960 728 1243 802 praesentia
1267 722 1495 778 Romani
1522 716 1791 789 pontiﬁcis
1816 719 1908 767 aut
1932 710 2051 778 ejus

492 829 825 901 archilegati,
853 826 1039 878 Roma‘
1063 830 1152 875 aut
1183 818 1273 871 ubi
1300 817 1414 885 ipse.
1442 810 1687 882 jusserit,
1711 814 1835 861 octo
1862 800 2051 857 diebus

494 932 620 977 ante
660 893 743 977 vel
771 925 891 987 post
920 915 1035 968 Kal.
1067 911 1213 975 Maii,
1239 909 1289 963 id
1314 916 1392 959 est
1421 904 1702 962 lloinana',
1734 895 1899 953 tim-ia
1934 893 2050 946 auri

496 1009 820 1085 impensioni
868 1007 1143 1062 reddatur.
1186 999 1384 1053 \‘crum
1424 996 1553 1066 quia
1584 1001 1664 1055 tu,
1707 985 2054 1044 dilectissime

496 1080 664 1160 frater
687 1115 736 1158 et
761 1102 927 1157 abbas
953 1095 1274 1170 venerande,
1325 1092 1390 1146 ad
1436 1086 1726 1158 regendum
1753 1081 1881 1135 illud
1913 1080 2052 1133 idem

496 1195 885 1251 monasterium
916 1193 980 1245 dc
1002 1184 1416 1259 congregatione
1455 1175 1830 1235 Cluniaecnsis
1860 1186 2052 1226 mona-

495 1289 669 1351 sterii,
702 1286 811 1351 cui,
834 1285 941 1339 Deo
952 1291 1201 1343 auctore,
1218 1289 1450 1348 prtecssc
1463 1268 1819 1341 dignosceris,
1835 1264 2055 1319 fratrem

498 1377 786 1434 Widoncm
828 1378 983 1432 nobis
1023 1372 1260 1432 donasti,
1289 1370 1463 1423 virum
1493 1362 1802 1434 religiosum
1842 1364 1894 1411 ct
1928 1371 2057 1425 pru-

500 1470 689 1526 denter
709 1465 1085 1536 υι1ο‹·ιιιιιι,‹ιιιί
1115 1462 1310 1518 ibidem
1335 1472 1502 1513 sacra:
1526 1450 1801 1519 religionis
1829 1447 2055 1501 formam

501 1571 664 1632 atque
688 1561 987 1616 doctrinam
1019 1555 1316 1612 sccnndmn
1366 1549 1602 1620 regulam
1632 1540 1804 1598 sancti
1836 1537 2057 1592 Benedi-

500 1653 571 1707 cti
601 1663 656 1708 ct
699 1660 887 1707 vestrm
916 1644 1343 1705 conversationis
1389 1635 1835 1697 consuettulinem
1869 1629 2059 1683 edoce-

504 1754 604 1811 ret,
633 1754 706 1810 ct,
738 1743 846 1798 Ι)ιό
891 1741 1202 1803 auxiliante,
1235 1737 1564 1796 institueret;
1598 1744 1665 1784 ne
1703 1726 1865 1796 hujus
1891 1722 2058 1777 τιηέἰῆ-

500 1837 732 1892 tationis
778 1834 1002 1901 vestig’a
1047 1834 1099 1885 in
1149 1838 1426 1900 posterum
1474 1825 1773 1881 deleantur,
1821 1824 1913 1889 aut
1959 1814 2071 1878 tui,

503 1918 688 1992 frater,
720 1925 1016 1995 spiritualis
1045 1922 1301 1991 germinis
1328 1919 1553 1987 fructus,
1585 1928 1679 1983 per
1720 1905 2060 1977 subrogatio-

504 2034 627 2074 nem
658 2019 886 2088 alicujus
911 2026 1178 2092 extumere
1208 2008 1636 2067 conversationis
1679 2014 1733 2058 et
1763 1998 2064 2056 infecunda

503 2090 984 2180 supplantationis,
1040 2108 1221 2175 aliquo
1263 2104 1517 2177 deinceps
1558 2109 1798 2166 tempore
1853 2090 2067 2145 deﬁciat

504 2202 589 2257 vel
620 2202 907 2257 occasione
944 2200 1223 2275 depereat;
1264 2209 1449 2248 curam
1479 2192 1621 2245 illius
1647 2188 1748 2242 loci
1791 2185 1885 2240 tibi
1934 2181 2066 2236 tuis-

507 2279 1052 2363 qu'e‘succcsson'iluis
1076 2291 1129 2355 in
1154 2296 1469 2358 perpetuum
1493 2285 1545 2337 in
1572 2290 1753 2335 nostra
1780 2278 1891 2331 vice
1915 2288 2066 2327 com-

510 2372 795 2449 mittimus,
846 2392 905 2438 ut
941 2385 995 2437 in
1038 2383 1157 2449 ejus
1204 2376 1589 2449 gubernatione
1616 2381 1777 2442 atque.
1819 2363 2063 2423 custodia

509 2462 710 2536 nostrzc
752 2474 1135 2533 sollicitudinis
1178 2482 1234 2525 tu
1286 2482 1583 2537 omnesque
1618 2474 1961 2519 successores
1991 2455 2067 2510 tui

504 2579 565 2625 et
606 2578 924 2642 potestatem
975 2566 1209 2621 habeant
1274 2572 1327 2618 ct
1382 2559 1619 2614 studium
1670 2546 2067 2626 procurationis

511 2663 841 2734 impendant.
870 2658 1219 2713 Decet-nimus
1236 2654 1396 2709 etiam
1424 2661 1500 2715 ut,
1518 2651 1751 2704 oheuute
1766 2643 1837 2699 ibi
1856 2640 2066 2703 abbate,

511 2762 693 2810 vestra
719 2766 929 2820 semper
958 2748 1236 2818 provideat
1257 2744 1527 2813 diligentia
1575 2749 1843 2810 quatenus
1880 2734 2083 2788 idonea

512 2854 567 2901 et
590 2844 716 2900 huic
736 2842 911 2897 ofﬁcio
935 2841 1093 2911 digna
1119 2840 1172 2892 in
1204 2838 1323 2891 loco
1352 2833 1627 2904 regiminis
1668 2828 1962 2885 secundum
1987 2843 2072 2880 re-

514 2938 696 3008 gulam
722 2935 777 2989 S.
801 2932 1070 2988 Benedicti
1094 2944 1320 3000 persona
1347 2927 1688 2995 subi-egetur,
1728 2932 1782 2975 et
1813 2919 2073 2990 quidquid

518 3029 573 3084 in
604 3022 936 3082 monasterio
971 3023 1037 3076 ad
1060 3029 1409 3092 augmentum
1432 3026 1485 3071 ct
1509 3014 1941 3070 observationem
1966 3026 2079 3064 ma—

519 3119 742 3174 nasticm
777 3115 1049 3186 religionis
1072 3111 1282 3167 institui
1316 3110 1401 3164 vel
1435 3106 1712 3162 emendari
1754 3102 2073 3173 oportuerit,

518 3215 703 3262 vestro
742 3220 954 3273 semper
983 3200 1295 3272 magisterio
1315 3207 1371 3253 et
1404 3196 1806 3265 dispensatione
1842 3190 2076 3246 admini-

491 660 550 705 ut
577 648 699 703 inde
732 660 826 715 per
850 639 1092 714 singulas
1124 622 1297 691 annos
1322 634 1482 688 beato
1512 630 1672 682 Petro
1699 611 1753 680 et
1777 614 1897 692 ejus
1923 619 2049 689 apo-
2147 594 3369 715 nititurnquacunqucdiguitakt‘evel
3386 602 3740 715 quamqua-:1

2149 702 2335 766 alium,
2351 700 2419 754 de
2442 699 2528 752 his
2541 710 2664 766 qua:
2685 692 2858 747 eidem
2880 687 3123 745 ecclesia:
3146 702 3177 739 a
3197 686 3356 740 beato
3381 680 3756 746 Audomard'p

2151 792 2422 849 Adroaldo
2456 798 2512 843 et
2545 784 2755 842 czctcris
2787 783 2984 836 ilonata
3036 782 3165 834 sunt
3205 776 3450 830 minuere
3489 772 3579 827 vel
3627 788 3743 827 att-

2150 881 2310 944 t‘erre,
2349 879 2441 933 sed
2471 882 2666 930 cuncta
2695 884 2817 943 qua:
2850 868 2923 924 ini
2950 867 3129 922 oblata
3151 872 3299 931 sunt,
3325 861 3552 933 perenni
3585 868 3743 916 temo

2151 987 2281 1044 pore
2330 970 2534 1025 illibata
2578 975 2633 1020 ct
2673 964 2790 1019 sine
2826 958 3198 1030 inquietudine
3239 956 3420 1025 aliqua
3465 953 3745 1008 volumus

2152 1041 2437 1136 possideri,
2452 1070 2661 1111 eorum.
2672 1093 2684 1106 .
2696 1092 2707 1105 .
2718 1092 2731 1105 .
2750 1049 2940 1104 usibus
2960 1061 3060 1116 pro
3074 1059 3306 1116 quorum
3322 1041 3742 1098 sustentatione

2153 1132 2648 1216 gula‘rnationcqnc
2671 1154 2932 1198 concessa
2953 1143 3101 1205 sunt,
3127 1134 3304 1190 modis
3320 1132 3578 1190 omnibus
3599 1145 3743 1201 pro-

2156 1240 2355 1293 futura.
2401 1255 2404 1258 ’

2224 1329 2376 1393 Item,
2400 1324 2784 1391 constituimus
2815 1330 2896 1387 ut,
2919 1320 3153 1374 abeunte
3187 1313 3478 1386 prieposito
3512 1311 3597 1365 vel
3630 1310 3740 1365 de-

2154 1432 2293 1472 cano
2322 1416 2563 1486 ejusdem
2598 1411 2859 1486 ecclesiae,
2905 1423 3014 1463 non
3060 1406 3202 1462 alius
3244 1403 3317 1459 ibi
3364 1402 3744 1457 substituatur

2155 1525 2480 1582 «placuitque
2514 1479 2845 1576 obrcplionis
2870 1501 3094 1565 astutia,
3116 1498 3219 1553 nisi
3236 1509 3397 1566 quem
3421 1508 3744 1549 consensus

2157 1603 2543 1658 canonicorum
2560 1597 2819 1652 canonice
2838 1602 2893 1650 et
2904 1590 3204 1648 secundum
3224 1585 3318 1641 Dei
3342 1585 3592 1640 timorem
3604 1599 3744 1653 pro-

2160 1693 2347 1749 viderit
2398 1689 2760 1746 ordinandum
2786 1727 2802 1752 ,
2858 1685 2944 1741 vel
2993 1679 3213 1752 elegerit
3255 1675 3701 1733 constituendum
3724 1714 3741 1739 ,

2160 1794 2263 1837 etc.

2819 1890 2955 1945 LXX
2968 1890 3050 1944 Π.

2178 1991 2403 2061 ..ι-ρηονῇ
2417 1986 2524 2061 Π
2549 2001 2705 2061 paper
2720 1982 2865 2037 bulla
2895 1998 2998 2052 qua
3021 1978 3335 2061 monasterio
3357 1974 3583 2061 circensi
3600 1972 3747 2027 Sau-

2234 2046 2333 2115 r't'ie.
2351 2046 2645 2141 avocatio;
2671 2054 2834 2108 donat
2856 2046 2920 2108 ρι’
2939 2051 3233 2120 conﬁrmat
3268 2046 3512 2116 quietiam
3550 2059 3747 2097 mona-

2234 2142 2417 2184 Sfcnlf.
2790 2182 2795 2183 γ
2852 2176 2885 2180 μ
2934 2172 2955 2177 η
3034 2168 3041 2171 ἡ
3115 2162 3128 2172 ο
3272 2154 3294 2175 ,ί

2704 2215 2884 2285 (Anno
2916 2211 3048 2279 1075
3065 2242 3069 2246 -
3084 2211 3198 2280 εδ.)

2442 2309 2776 2387 “lennem,
2819 2304 2997 2373 Antio.
3032 2301 3184 2367 Μαι,
3216 2299 3283 2362 Y,
3306 2296 3457 2367 479,]

2233 2424 2537 2480 Gnscontns
2561 2419 2867 2488 cpiscopus,
2911 2429 3101 2469 servus
3143 2425 3425 2466 servorum
3468 2407 3585 2473 Dei,
3616 2422 3749 2461 om-

2167 2518 2327 2571 nibus
2349 2511 2554 2567 Christi
2593 2509 2864 2573 ﬁdelibus,
2898 2504 3110 2561 clericis
3144 2520 3209 2558 ac
3232 2502 3387 2557 laicis
3428 2501 3664 2556 salutem
3692 2507 3754 2552 et

2168 2604 2520 2676 apostolicam
2549 2597 3002 2655 benedictionem.
3412 2661 3420 2668 ι

2239 2693 2439 2747 Notum
2470 2703 2595 2744 csse
2623 2687 2877 2740 volumus
2911 2684 3165 2739 omnibus
3205 2681 3414 2737 clericis
3468 2694 3536 2734 ac
3566 2678 3751 2740 laicis,

2170 2785 2339 2841 Deum
2385 2781 2473 2853 pia
2504 2779 2882 2847 catholicaque
2907 2774 3009 2830 ﬁde
3049 2773 3370 2844 colentibus,
3392 2785 3495 2824 nos
3530 2770 3585 2822 in
3610 2783 3753 2838 apo-

2173 2874 2374 2930 stolica:
2423 2868 2759 2925 defensionis
2816 2865 3039 2921 tutelam
3073 2862 3317 2921 Cavense
3350 2852 3753 2917 monasterium

2174 2962 2498 3032 suscepisse,
2522 2957 2668 3029 quod
2698 2956 2841 3026 apud
2883 2953 3169 3009 Salernum
3201 2952 3258 3006 in
3294 2960 3497 3006 sancta
3516 2965 3581 3005 ac
3601 2948 3755 3003 mdi-

2175 3054 2348 3108 vidua:
2367 3047 2650 3105 Trinitatis
2682 3046 2892 3100 honore
2914 3049 3293 3099 constructum
3329 3054 3452 3095 esse
3470 3037 3759 3109 dignosci-

2178 3153 2298 3208 tur;
2338 3140 2428 3195 cui
2459 3134 2789 3193 monasterio
2818 3147 2919 3187 nos
2940 3131 3187 3202 quaedam
3218 3129 3274 3183 in
3294 3127 3530 3184 Cilcntio
3565 3134 3763 3182 monte

2180 3230 2357 3301 posita
2399 3224 2756 3290 monasteria,
2804 3221 3055 3277 videlicet
3100 3218 3491 3279 monasterium
3538 3214 3763 3270 Sancta:

522 3302 746 3360 strctur,
782 3293 928 3347 salva
953 3291 1171 3360 quidem
1201 3289 1258 3342 in
1288 3284 1542 3340 omnibus
1583 3282 1904 3337 auctoritate
1937 3278 2080 3334 sedis
2107 3292 2149 3349 ς
2182 3278 2357 3375 gf?“
2742 3278 2756 3290 '
2973 3310 2985 3321 .
3286 3306 3300 3318 .
3395 3306 3407 3318 .
3536 3304 3549 3317 .

1196 3378 1201 3379 ,
1263 3377 1274 3379 _
1740 3372 1773 3379 __
1952 3371 1964 3379 _
2182 3363 2200 3375 .
2235 3334 2363 3374 arta:
2394 3317 2462 3372 de.
2491 3314 2668 3379 Guha,
2690 3317 3084 3367 monasterium
3116 3305 3303 3361 Sancti
3346 3303 3575 3371 Nicolat,
3624 3303 3767 3358 San-

524 3383 857 3455 apostolicae,
902 3381 1060 3448 cujus
1097 3378 1240 3447 juris
1262 3377 1416 3455 locus
1442 3374 1529 3427 ille
1563 3386 1685 3426 esse
1723 3371 2079 3439 dignoscitur,

524 3485 581 3531 et
609 3472 818 3529 czeteris
859 3485 981 3542 quae
1004 3469 1070 3523 de
1101 3452 1509 3521 consecratione
1537 3461 1745 3537 abbatis
1767 3468 1822 3514 et
1854 3456 2083 3513 fratrum
2102 3470 2120 3479 ‘

525 3561 844 3619 monasterii
869 3574 969 3613 nec
995 3573 1103 3612 non
1151 3563 1206 3610 et
1245 3555 1473 3609 aliorum
1516 3553 1582 3607 ad
1607 3552 1658 3606 id
1684 3550 2085 3621 pertinentium,

531 3669 626 3709 seu
649 3651 715 3705 de
740 3647 1039 3704 redditione
1067 3659 1286 3710 census,
1330 3652 1605 3714 postremo
1646 3641 1712 3695 de
1752 3640 1902 3695 omni
1946 3646 2091 3693 statu

530 3742 673 3812 cjns,
693 3741 746 3793 in
770 3738 1062 3810 privilegiis
1089 3751 1189 3807 pro
1210 3750 1308 3793 sua
1324 3734 1625 3790 stabilitate
1653 3741 1707 3787 et
1729 3730 2093 3801 specialimu—

536 3833 740 3888 nitione
760 3829 863 3885 sibi
884 3825 1407 3891 concessis,decrcta
1435 3829 1719 3876 aestatuta
1741 3820 2091 3874 ﬁrmavimus.

1224 3948 1431 4009 LXXV.
1442 3956 1445 3959 ’

541 4075 822 4143 Gregorius
852 4068 961 4143 VI}
988 4034 1566 4143 Aprivilfgiaiﬁcclesia;
1609 4063 1666 4119 S.
1713 4063 2002 4143 Audomari
2046 4064 2102 4116 in

609 4133 878 4209 A'rtltesia,
899 4133 1121 4195 Βούλει-ιο
1138 4133 1412 4190 FIandria:
1432 4135 1618 4188 comite
1638 4133 1954 4203 postulante,
1976 4149 2105 4185 cou-

623 4212 812 4268 firmat.

1060 4277 1238 4348 (Anno
1261 4303 1264 4306 ~
1285 4272 1568 4343 1075-85,)

488 4434 491 4437 _
548 4374 815 4451 [Mimans
850 4370 982 4441 Opp.
1015 4367 1257 4438 diplom.,
1304 4375 1435 4420 tom.
1469 4363 1558 4429 IV,
1583 4379 1702 4433 pag.
1733 4363 1788 4427 5,
1818 4376 1885 4415 ex
1907 4360 2108 4415 motive

646 4449 807 4540 [juris
827 4464 1043 4534 capituli
1075 4458 1365 4516 Audomari
1396 4464 1584 4513 contra
1614 4449 2000 4522 Bcrtinianos.]

622 4559 1019 4614 ϐιιεῦοιιιιτε....
1055 4552 1363 4607 dilecto.....
1396 4548 1505 4602 ﬁlio
1539 4547 1794 4602 Ronsnro
1816 4543 2113 4598 Flandren-

557 4651 699 4708 sium
727 4647 1024 4705 eomiti.....
2000 4650 2001 4653 η

629 4742 902 4806 Ecclesiae,
930 4753 1095 4809 quam
1128 4736 1319 4791 beatus
1344 4716 1705 4796 Audomarus,
1737 4727 1928 4783 tertius
1956 4723 2114 4778 Mori-

562 4848 758 4889 norum
779 4832 1087 4902 cpiscOpus,
1116 4826 1359 4882 fundavit
1382 4824 1435 4878 in
1465 4823 1671 4877 honore
1692 4822 1862 4875 beate
1891 4818 1984 4873 Dei
2024 4827 2114 4887 ge-

564 4926 775 4981 nitricis
803 4921 1004 4989 Mariae,
1032 4928 1087 4974 et
1121 4933 1244 4989 qua:
1283 4931 1456 4986 usque
1501 4916 1557 4969 in
1605 4912 1928 4967 hodiernum
1973 4910 2117 4964 diem

565 5016 807 5086 ejusdem
833 5012 1068 5083 episcopi
1116 5007 1436 5066 venerabilis
1461 5007 1688 5060 habetur
1734 5017 1977 5072 corpore,
2019 5002 2121 5055 hu-

564 5104 802 5177 jusmodi
842 5102 1183 5174 privilegia,..
1216 5097 1556 5156 auctoritatis
1583 5102 1784 5149 nostra:
1808 5093 2114 5147 deereto....

570 5198 1092 5264 concedimusatque
1121 5192 1419 5247 ﬁrmamus.
1458 5187 1910 5254 Ilcnovamusquc
1959 5183 2122 5237 etiam

572 5288 664 5343 illa
691 5303 813 5357 qua:
831 5287 1019 5341 beatus
1045 5283 1299 5339 Nicotaus
1319 5296 1349 5336 a
1376 5270 1535 5334 beato
1554 5278 1813 5347 Gregorio
1832 5276 2129 5345 quadrage-

574 5381 751 5436 simus
778 5377 1048 5434 secundus
1073 5372 1247 5429 eidem
1266 5372 1507 5428 ecclesia:
1528 5369 1656 5425 fecit
1680 5368 1976 5438 privilegia,
2000 5384 2132 5437 pran—

576 5479 729 5529 sente
756 5468 1018 5523 Balduino
1036 5463 1311 5536 quondam
1337 5471 1433 5516 tuo
1485 5461 1845 5531 progenitore,
1899 5459 2014 5529 qui,
2063 5460 2130 5514 ad

578 5561 947 5632 apostolorum
1000 5558 1187 5609 limina
1236 5555 1304 5610 ad
1342 5552 1589 5608 eumdem
1651 5567 1845 5620 papam
1891 5551 2134 5615 veniens,

2184 3408 2257 3464 eti
2286 3402 2629 3473 Archangeli,
2663 3399 2850 3454 Sancti
2872 3397 3071 3468 Magni,
3090 3395 3276 3451 Sancti
3295 3393 3542 3457 Fabiani,
3568 3391 3763 3447 Sancti
3822 3394 3823 3397 “

2186 3495 2422 3566 Georgii,
2451 3490 2634 3547 Sancti
2655 3488 2891 3543 Matthtei
2906 3487 2974 3542 ad
2995 3487 3104 3541 duo
3127 3484 3370 3551 ﬂumina,
3392 3491 3450 3538 et
3468 3482 3763 3538 ecclesiam

2192 3583 2376 3639 Sancti
2403 3579 2592 3650 Angeli
2624 3578 2692 3633 de
2722 3584 2909 3631 monte
2948 3573 3171 3640 Corase,
3229 3572 3418 3628 Sancti
3464 3570 3635 3643 Blasii
3694 3571 3766 3626 de

2194 3673 2449 3736 Butrano,
2483 3667 2669 3723 Sancti
2687 3665 2916 3722 Joannis
2935 3666 3003 3720 de
3033 3663 3324 3730 Turesino,
3359 3661 3547 3716 Sancti
3570 3659 3766 3715 Salva-

2195 3762 2331 3818 toris
2348 3761 2416 3816 de
2439 3757 2607 3826 Nuce,
2636 3756 2812 3813 sancti
2836 3754 3115 3810 Zachariae
3135 3752 3204 3808 de
3216 3751 3432 3818 Lanris,
3460 3766 3591 3807 cum
3612 3750 3771 3806 cellis

2196 3865 2407 3916 corum,
2427 3847 2550 3918 jure
2569 3852 2830 3916 perpetuo
2871 3841 3199 3914 possidenda
3222 3849 3386 3910 atque
3428 3839 3689 3910 regenda,
3712 3847 3771 3893 et

2199 3940 2494 3997 secundum
2524 3936 2696 3993 Deum
2714 3933 3019 4003 ordinanda
3046 3931 3342 3988 venerabili
3369 3929 3555 4003 Petro,
3581 3927 3768 3984 abbati

2201 4030 2444 4103 ejusdem
2469 4025 2809 4091 monasterii,
2827 4000 3154 4079 causam
3183 4010 3297 4076 sua
3339 3999 3531 4075 nostro
3555 4018 3772 4074 ριευιιο

2203 4119 2443 4192 principe
2463 4115 2812 4181 concedente,
2846 4113 2978 4168 olim
2989 4110 3334 4177 donavimus,
3350 4117 3406 4165 et
3422 4123 3571 4164 nunc
3593 4109 3772 4165 eidem

2205 4208 2388 4264 abbati
2414 4208 2640 4276 ejusque
2685 4202 3095 4258 successoribus
3149 4200 3216 4255 ad
3249 4199 3559 4271 regendum.
3597 4197 3772 4253 corri—

2208 4297 2440 4370 gendum
2473 4304 2527 4351 et
2552 4292 2955 4365 procurandum
3004 4291 3121 4360 ipsa
3154 4289 3548 4346 committimus
3581 4296 3638 4356 et
3676 4304 3773 4344 au—

2210 4387 2461 4442 ctoritate
2500 4382 2796 4453 apostolica
2822 4379 3230 4437 conﬁrmamus.
3268 4377 3649 4441 Interdicimus
3670 4378 3771 4448 igi-

2212 4483 2303 4530 tur
2325 4473 2379 4527 in
2409 4471 2629 4526 nomine
2658 4468 2873 4527 Domini
2897 4470 3071 4524 nostri
3092 4467 3229 4523 Jesu
3255 4466 3482 4532 Christi,
3504 4474 3562 4520 et
3586 4481 3655 4520 ex
3679 4480 3774 4518 au-

2214 4561 2464 4619 ctoritate
2505 4558 2649 4614 beati
2694 4556 2841 4610 Petri
2884 4555 3258 4625 apostolorum
3301 4551 3776 4623 principis,rcujns

2142 4623 2188 4677 D
2210 4650 2328 4707 vice
2360 4657 2560 4705 sancta:
2596 4646 2856 4701 Romana:
2896 4623 3150 4712 Ecclesia;
3172 4644 3548 4715 prtesidemus,
3576 4652 3633 4697 et
3662 4657 3777 4696 om-

2213 4740 2344 4795 nino
2376 4737 2725 4809 prohibemus
2766 4744 2828 4790 ut
2858 4734 3043 4790 nullus
3067 4733 3511 4802 archiepiscopus
3539 4738 3637 4786 aut
3659 4730 3775 4800 epi-

2215 4848 2432 4903 scopas,
2468 4829 2649 4890 nullus
2681 4843 2892 4900 regum,
2907 4827 3130 4894 ducum,
3149 4826 3478 4896 principum,
3496 4825 3774 4891 comitem,

2217 4924 2397 4979 nullus
2448 4920 2788 4985 clericorum,
2819 4908 3085 4974 laicorum
3124 4925 3222 4972 aut
3261 4915 3517 4987 quaelibet
3556 4917 3779 4969 omnino

2219 5028 2416 5083 magna
2445 5010 2531 5065 vel
2552 5025 2712 5080 parva
2741 5023 2996 5079 persona,
3021 5006 3247 5077 prmfato
3268 5004 3471 5061 sanctte
3496 5002 3780 5060 Trinitatis

2219 5101 2468 5160 ctenobio
2495 5102 2549 5155 in
2571 5100 2840 5171 praedictis
2863 5095 3209 5153 monasteriis
3242 5094 3328 5150 vel
3355 5093 3624 5159 ccclesiis,
3655 5108 3782 5148 cun-

2221 5194 2430 5262 ctisque
2451 5192 2520 5245 ad
2551 5206 2616 5245 ea
2660 5186 3075 5261 pertinentibus,
3118 5200 3446 5263 quocupque
3492 5183 3661 5239 modo
3687 5197 3778 5239 seu

2223 5283 2463 5354 qualibet
2497 5282 2782 5337 oceasione
2822 5278 3028 5348 aliquid
3084 5278 3352 5342 minuere,
3398 5274 3481 5329 vel
3501 5273 3660 5330 dolos
3701 5274 3783 5329 vel

2228 5373 2503 5429 molestias
2526 5381 2623 5434 aut
2667 5371 2906 5439 aliquam
2946 5368 3262 5424 violentiam
3308 5363 3534 5432 inferre,
3579 5363 3785 5421 autDei

2229 5482 2414 5521 servos
2466 5465 2766 5535 inquietare
2798 5461 3070 5532 punienda
3120 5457 3420 5512 temeritate
3464 5463 3786 5527 praesumat,

2234 5565 2502 5626 quatenus
2523 5554 2780 5609 Romana:
2810 5553 2925 5627 soli
2951 5550 3207 5605 Ecclesiae
3234 5548 3376 5606 idem
3400 5547 3787 5605 monasterium

582 5652 879 5723 promeruit
903 5647 1175 5719 paciticari
1221 5661 1407 5700 eorum
1439 5644 1755 5699 auctoritate
1792 5659 1914 5698 cum
1952 5657 2140 5696 socero
2236 5663 2360 5702 cum
2381 5644 2618 5715 νωθής
2655 5637 2901 5701 ecclesiis
2922 5642 3080 5712 pleno
3098 5641 3222 5711 jure
3252 5641 3504 5695 videatur
3524 5653 3652 5694 esse
3672 5638 3791 5695 sub-

584 5758 685 5803 suo
705 5744 901 5799 Carolo
923 5743 1262 5811 imperatore,
1285 5737 1441 5806 cujus
1462 5737 1623 5791 ﬁliam
1651 5738 1755 5793 sibi
1798 5736 2142 5806 cepulavcrat
2233 5740 2457 5808 je‘ctum,
2494 5738 2668 5792 Tango
2686 5738 2832 5791 enim
2888 5732 3123 5802 religiosi
3172 5730 3447 5796 monachi,
3468 5728 3674 5784 ibidem
3690 5728 3793 5785 υεο

588 5851 655 5893 eo
676 5836 973 5910 ignorante.
1007 5832 1312 5892 Statucntes
1338 5828 1546 5884 nullum
1585 5844 1791 5897 regum,
1819 5828 2139 5894 antistittnn,

2242 5830 2555 5897 servientes,
2574 5825 2855 5882 sinceriori
2898 5833 3079 5881 mente
3111 5823 3355 5881 divinum
3388 5835 3532 5892 opus
3578 5819 3794 5891 exsequi
