3944 6376
167 446 261 500 “hil

1054 433 1405 492 I'ZI‘IS'I'OLJE
1447 428 1674 484 ΙΞΧἸΊῖᾹ
1717 418 2107 478 IiECISTlll‘M
2155 414 2530 470 VACAN'I‘ES.

3294 406 3389 437 τ-ιι

3303 426 3391 457 ιικ

163 560 515 614 devotissime
535 565 808 628 poterunt,
833 562 1036 623 quanto
1071 566 1168 603 nos
1211 562 1399 599 eorum
1432 541 1598 612 quieti
1631 556 1729 591 no-
1762 541 1802 593 .-\
1832 543 2057 593 mantes,
2086 530 2223 584 sicut
2255 544 2415 596 supra
2441 525 2694 586 diximus,
2723 536 3054 590 cpia-cunque
3087 535 3227 570 nmic
3250 527 3394 586 juste

1835 624 1844 628 _
1906 624 1916 628 -
2159 620 2170 628 α
2350 627 2353 628 ,
2621 614 2658 628 I\
2758 612 2767 623 ·
2997 627 3021 628 η
3065 618 3116 628 μ.
3142 626 3148 628 .
3201 606 3393 628 I_._I._.....

165 661 304 716 stra,
333 653 444 705 imo
473 650 615 704 beati
640 647 778 701 Petri
816 645 1184 714 :I]Kt$l0l=:lltll|
1221 638 1480 706 principis
1499 675 1513 698 ,
1542 641 1726 685 auctu-

166 745 329 799 ritate
354 758 450 812 per
491 740 678 794 onmia
714 736 992 806 providere
1019 731 1318 804 studemus.
1351 728 1406 780 Si
1452 725 1573 792 quis
1607 738 1732 774 vero

163 836 430 895 adversus
476 831 788 900 przedictum
821 823 1207 879 monasterium
1243 820 1445 887 justam
1489 831 1545 867 se.
1581 822 1732 881 putat

165 925 372 980 habere
428 921 726 992 querelam,
765 926 820 971 et
877 915 1020 984 apud
1067 910 1299 968 cmnobii
1364 907 1608 960 abbatem
1652 905 1733 957 vel

164 1017 472 1071 monachos
506 1013 652 1066 litem
680 1025 832 1064 suam
855 1005 1104 1061 decidere
1127 1019 1190 1058 ac
1217 996 1731 1061 dillinire'noluerit,

168 1108 422 1161 volumus
455 1112 618 1173 atque
661 1101 836 1155 edicto
873 1104 1130 1167 perpetuo
1160 1093 1447 1148 statuimus
1511 1098 1569 1142 ut
1612 1098 1736 1142 ante

167 1215 272 1252 nos
301 1198 385 1252 vel
419 1197 624 1264 legatos
649 1199 865 1244 nostros
887 1183 1229 1256 querimonia
1253 1181 1545 1244 deferatur,
1595 1195 1731 1248 qna-

170 1298 334 1341 tenus
359 1286 614 1354 (equitate
635 1281 824 1353 judicii
880 1279 995 1333 sine
1039 1290 1392 1344 personarum
1426 1273 1735 1341 acceptione

167 1394 270 1433 sua
311 1377 601 1445 unicuique
643 1371 874 1444 justitia,
930 1368 1038 1422 Deo
1095 1374 1336 1428 auctore,
1383 1374 1644 1419 servetur.
1679 1364 1732 1416 Si

167 1469 297 1538 quis
318 1475 499 1522 autem
522 1472 710 1520 contra
738 1464 882 1516 hanc
923 1457 1096 1512 nostri
1129 1455 1330 1510 decreti
1359 1455 1732 1508 auctoritatem

169 1561 248 1614 ire
279 1557 584 1620 tentaverit,
614 1555 749 1609 sciat
789 1567 848 1605 se
875 1549 1022 1604 beati
1048 1547 1189 1601 Petri
1225 1546 1452 1614 apostoli
1509 1545 1734 1615 gratiam

169 1651 528 1710 aluissurum‘,
573 1654 628 1700 et
658 1642 967 1713 apostoliem
1010 1636 1399 1707 indignationis
1429 1636 1630 1690 ultione
1661 1636 1737 1688 l'e-

171 1740 444 1795 riendum.
484 1735 805 1791 Obedientes
854 1737 1088 1794 vero,.et
1125 1727 1286 1797 hujus
1339 1727 1545 1796 pagina:
1600 1715 1735 1794 prae-

167 1840 328 1900 cepta
390 1835 708 1890 servantes,
762 1823 981 1891 dignam
1011 1889 1013 1892 j
1043 1836 1072 1873 a
1150 1817 1259 1872 Deo
1333 1815 1736 1870 retributionem

170 1921 477 1989 accipiant,
529 1927 583 1972 et
648 1913 1002 1983 apostolicam
1061 1895 1501 1963 benedictionem
1537 1907 1754 1960 cense:

169 1999 432 2078 quatitur.
852 2077 853 2080 η

236 2099 240 2102 ⁴
819 2094 1070 2152 LXXVII.

173 2197 416 2266 Gregorii
449 2193 553 2248 VII
577 2183 1408 2266 epistolaadnLactuin,abbatem
1436 2181 1491 2233 S.
1516 2178 1740 2263 ilic/me—

708 2260 773 2313 lis
801 2260 854 2310 in
881 2256 1218 2310 Pussiniauo.
1532 2260 1535 2263 ·

714 2349 895 2419 (Anno
932 2342 1212 2409 1075-85.)

284 2443 466 2515 μω,
497 2414 936 2494 Delicire‘erudit.
971 2445 1101 2488 tom.
1127 2429 1316 2495 Ill-IV,
1340 2445 1456 2498 pag.
1494 2414 1641 2494 -l98.]
1727 2453 1731 2458 ι

243 2535 554 2588 Οιιεοοιιιυε
581 2529 886 2602 episcopus,
915 2539 1103 2579 servus
1129 2535 1410 2576 servorum
1452 2516 1562 2580 Dei,
1606 2514 1745 2568 dile-

172 2631 266 2678 cto
295 2621 351 2675 in
379 2620 598 2676 Christo
628 2619 737 2672 lilio
766 2616 967 2679 Lamo,
995 2611 1173 2667 abbati
1214 2606 1527 2663 monasterii
1562 2604 1745 2658 Sancti

177 2712 460 2767 Michaelis
481 2707 789 2778 archangeli
816 2705 872 2758 in
910 2701 1252 2767 Passiniano,
1277 2698 1498 2765 suisque
1527 2709 1744 2750 succes-

176 2802 400 2859 soribus
467 2798 664 2853 ibidem
715 2794 1036 2865 regulariter
1083 2787 1461 2862 promovendis
1520 2785 1572 2837 in
1629 2800 1748 2852 per-

176 2901 432 2962 petuum.

251 2981 534 3050 Suprema:
547 2973 908 3031 miserationis
934 2978 1200 3040 respectu,
1223 2965 1406 3020 adhoc
1432 2961 1749 3028 universalis

180 3071 440 3126 Ecclesiae
463 3083 649 3123 curam
685 3063 1023 3133 suscepimus
1072 3069 1126 3114 et
1173 3055 1452 3126 apostolici
1500 3053 1747 3106 modera-

180 3162 350 3216 minis
376 3156 788 3214 sollicitudinem
843 3153 1100 3223 gerimus,
1128 3158 1187 3204 ut
1211 3148 1373 3217 justis
1416 3145 1748 3214 precantium
1780 3194 1817 3244 (,,

179 3250 327 3303 votis
365 3254 569 3301 attenta
611 3243 938 3311 benignitate
997 3240 1408 3311 faveamus.et,
1468 3233 1749 3286 libramine
1783 3228 1820 3244 “

176 3335 479 3408 :equitatis,
512 3331 764 3404 omnibus
792 3330 846 3383 in
877 3328 1196 3398 necessitate
1221 3324 1430 3395 positis,
1466 3331 1751 3391 quantum,

183 3428 299 3482 Deo
320 3425 579 3489 donante,
612 3436 925 3491 possumus,
948 3415 1236 3481 subvenire
1265 3414 1572 3468 debeamus.
1611 3409 1751 3462 Prin-

179 3517 346 3587 eipue
396 3523 574 3568 tamen
622 3511 688 3566 de
733 3506 1119 3587 venerabilium‘
1153 3505 1407 3559 locorum
1463 3499 1752 3555 stabilitate

181 3623 287 3677 pro
325 3604 510 3659 debito
535 3602 740 3656 honore
768 3613 994 3653 summa:
1038 3584 1093 3650 et
1125 3593 1433 3664 apostolicae
1467 3589 1629 3653 sedis,
1654 3605 1752 3642 cu-

178 3701 276 3766 jus
298 3695 545 3750 membra
579 3699 726 3754 sunt,
747 3697 1009 3758 quantum
1041 3701 1105 3741 ex
1130 3684 1314 3739 divino
1341 3681 1610 3751 adjatorio
1631 3695 1756 3748 pos-

183 3787 425 3842 sibilitas
446 3785 606 3839 datur
624 3781 798 3845 nobis,
815 3777 1152 3852 pensandum
1177 3783 1230 3829 et
1257 3770 1611 3828 laborandum
1635 3786 1756 3824 esse

182 3873 594 3948 perpendimus.
618 3869 871 3934 Proinde,
889 3867 1044 3938 juxta
1074 3865 1387 3934 petitioneln
1420 3871 1588 3925 tuam,
1616 3874 1751 3928 pra:-

182 3964 336 4018 dieto
360 3958 691 4014 monasterio
711 3957 795 4009 vel
807 3957 1047 4010 ecclesia:
1074 3964 1197 4018 tum,
1213 3953 1299 4017 cui
1322 3967 1554 4021 pratesse-
1570 3950 1758 4019 digno-

185 4045 731 4116 sceris,‘hujusmodi
778 4043 1055 4113 privilegia
1114 4041 1363 4110 prius-emi
1422 4037 1758 4102 auctoritatis

186 4149 399 4195 nostra:
448 4137 980 4200 deereto,eonsensu
1025 4143 1080 4185 et
1109 4140 1298 4199 rogatu
1350 4130 1532 4184 fratris
1588 4129 1757 4183 nostri

186 4227 481 4286 Guillelmi
501 4221 1016 4293 Fesulaniepis’eoiii,
1035 4218 1758 4290 indulgentias,concedimus

188 4331 360 4393 atque
404 4318 707 4384 ﬁrmamus,
733 4322 1030 4371 statuentes
1065 4314 1274 4366 nullum
1330 4327 1511 4381 regum
1543 4311 1622 4364 vel
1662 4311 1760 4363 im—

188 4416 536 4481 peratorum,
560 4405 858 4461 antistitum
883 4403 1110 4468 nullum,
1153 4416 1476 4470 quacunque
1505 4399 1761 4469 dignitate

190 4499 510 4569 praditum,
525 4495 610 4550 vel
625 4508 950 4564 quemquam
967 4491 1131 4546 alium
1154 4490 1352 4544 audere
1372 4490 1436 4543 de
1456 4490 1538 4543 his
1552 4504 1673 4557 qua:
1686 4489 1762 4543 ei—

188 4588 320 4643 dem
339 4584 634 4649 venerabili
651 4585 807 4639 loeoa
819 4581 1146 4654 quibuslibet
1163 4579 1467 4632 hominibus
1479 4578 1544 4631 de
1561 4578 1762 4646 princi-

192 4678 288 4748 pio
313 4676 445 4746 jure
462 4672 576 4742 jam
613 4673 810 4725 donata
843 4681 989 4737 sunt,
1029 4671 1112 4724 vel
1146 4669 1495 4741 inlaturum,
1527 4666 1635 4720 Deo
1665 4667 1764 4718 mi-

192 4763 448 4825 Serante,
482 4761 676 4816 collata
699 4759 916 4825 fuerint,
953 4761 1056 4815 sub
1091 4755 1579 4827 cujuslibctzcansm
1608 4770 1765 4808 occa-

194 4856 451 4912 sionisve
497 4851 674 4920 specie
707 4849 952 4902 minuere
972 4849 1322 4920 veltaut‘erre,
1359 4847 1472 4901 sive
1515 4847 1630 4901 suis
1656 4846 1765 4899 tisi-'-

195 4949 308 5001 hus
352 4942 645 5013 applicare,
701 4937 786 4992 vel
837 4937 993 5008 quasi
1039 4937 1143 5006 piis
1181 4937 1248 4991 de
1288 4937 1468 4991 causis
1503 4951 1600 5005 pro
1658 4951 1767 4989 sum

195 5043 456 5090 avaritia:
477 5039 825 5086 excusatione
845 5027 1157 5081 concedere.
1199 5024 1301 5078 Sed
1332 5035 1524 5080 cuncta
1552 5041 1672 5094 qua:
1698 5024 1770 5080 ibi

196 5113 396 5182 oblata
417 5131 546 5177 sunt
579 5123 657 5176 vel
687 5119 866 5176 oll'erri
892 5116 1195 5186 contigerit,
1223 5125 1332 5168 tam
1364 5131 1393 5167 a
1431 5125 1481 5170 te
1503 5131 1666 5185 quam
1702 5117 1771 5170 ab

199 5215 286 5269 eis
308 5211 410 5282 qui
447 5210 502 5263 in
533 5217 628 5264 tuo
661 5209 836 5265 ollicio
882 5209 1108 5276 locoque
1142 5203 1518 5268 successerint,
1550 5203 1796 5272 perenni.

201 5313 462 5381 tempore
497 5296 704 5351 illibata
729 5307 784 5352 et
822 5298 939 5353 sine
983 5292 1349 5364 inquietudine
1373 5291 1622 5345 volumus
1647 5307 1770 5359 pos-

202 5389 403 5458 sideri,
438 5401 629 5460 eoruin
658 5386 874 5456 quidem
904 5386 1092 5441 usibus
1127 5400 1224 5454 pro
1243 5395 1474 5453 quorum
1503 5388 1773 5433 sustenta-

203 5484 367 5538 tioue
425 5473 923 5548 guhern'ationeque
946 5490 1202 5529 concessa
1226 5479 1371 5536 sunt,
1395 5469 1569 5523 modis
1596 5470 1774 5521 omni-

204 5572 316 5626 bus
363 5563 668 5634 profutura.
701 5559 1029 5616 Nominatim
1056 5563 1218 5615 etiam
1241 5555 1584 5614 concedimus
1605 5557 1776 5610 eidem

207 5653 465 5714 ecclesia:
500 5649 582 5702 vel
604 5648 929 5703 monasterio
953 5647 1189 5702 decimas
1234 5663 1455 5702 suarum
1483 5645 1778 5714 possessio-

213 5762 352 5802 num
387 5742 441 5798 in
477 5755 638 5796 usum
690 5753 983 5810 pauperum
1027 5749 1078 5791 et
1108 5736 1544 5804 advenientium;
1585 5737 1780 5789 contir-

1834 624 2011 686 haliet,
2042 630 2131 674 aut
2159 620 2211 672 in
2240 627 2594 686 postremum,
2621 612 2846 666 Domino
2883 618 3172 670 annuente,
3200 606 3395 658 habere

1832 712 2135 781 contigerit,
2185 710 2238 763 in
2271 707 2597 778 quihuslilx't
2625 705 2784 758 rebus
2833 701 3121 753 mobilibus
3165 699 3244 749 vel
3289 697 3386 749 im-

1837 801 2149 865 mobilibus,
2175 800 2318 855 salva
2355 799 2569 867 quidem
2625 792 2884 848 canonica
2913 791 3245 859 subject-ioue
3272 803 3395 856 pro-

1836 892 1936 961 prii
1971 891 2228 960 cpiseopi.
2273 889 2392 942 ll:ee
2424 887 2584 956 igitur
2611 883 2792 939 omnia
2818 899 2936 951 quze
2964 881 3124 948 hujus
3149 878 3396 947 praecepti

1835 983 2140 1051 decretique
2166 980 2335 1034 nostri
2360 980 2550 1048 pagina
2584 975 2842 1037 continet,
2867 973 2921 1025 in
2945 979 3258 1040 perpetuum
3283 983 3397 1022 ser-

1836 1073 2006 1125 vanda
2033 1069 2392 1125 decernimus.
2454 1069 2508 1121 Si
2555 1067 2677 1136 quis
2711 1081 2838 1118 vero
2868 1077 3076 1132 regum,
3110 1060 3396 1128 imperato-

1837 1168 1979 1227 ruin,
2017 1160 2378 1224 sacerdotum,
2405 1159 2745 1218 clericorum,
2796 1153 3038 1221 jndicum
3065 1167 3126 1203 ac
3170 1147 3395 1202 saecula—

1836 1251 1977 1304 rium
2011 1264 2387 1319 pcrsonarmn,
2432 1247 2572 1299 hanc
2619 1240 3022 1299 constitutionis
3068 1246 3264 1291 nostra-
3313 1252 3401 1303 pa-

1838 1342 2017 1410 ginam
2051 1354 2371 1409 agnoscens,
2389 1347 2578 1392 contra
2602 1352 2720 1388 eam
2748 1332 3034 1387 temerario
3060 1345 3194 1382 ausu
3220 1327 3400 1380 venire

1840 1430 2142 1493 tentavcrit,
2172 1429 2480 1482 admonitus
2511 1427 2695 1487 setttcl,
2731 1434 2784 1476 et
2816 1424 3028 1486 iterum,
3049 1436 3217 1490 usque
3245 1417 3402 1470 tertio

1839 1538 1932 1590 per
1958 1520 2342 1574 convenientes
2379 1517 2646 1580 inducias,
2678 1515 2724 1568 si
2755 1531 2860 1565 non
2911 1511 3194 1579 resipncrit
3241 1517 3404 1575 atque

1841 1610 2104 1676 pra-dicm
2141 1606 2391 1660 Ecclesith
2433 1621 2538 1658 non
2586 1602 2928 1665 satisfecerit,
2990 1597 3265 1668 potestatis
3302 1597 3398 1648 ho-

1841 1699 2095 1766 norisque
2117 1697 2198 1751 sui
2224 1696 2484 1764 dignitate
2518 1701 2718 1755 careat,
2752 1705 3010 1757 reumque
3043 1685 3295 1740 sedivino
3316 1683 3403 1751 ju-

1840 1788 1979 1841 dicio
2008 1785 2234 1839 existere
2270 1784 2335 1836 de
2357 1790 2660 1850 perpetrata
2698 1776 2980 1845 iniquitate
3001 1779 3312 1842 engnnscat.
3342 1769 3405 1820 l'lt

1773 1869 1812 1921 Β
1839 1876 1945 1929 nisi
1977 1891 2039 1927 ea
2064 1888 2186 1942 qua:
2215 1872 2283 1924 ah
2321 1871 2411 1923 illo
2437 1869 2562 1923 sunt
2591 1867 2730 1920 male
2761 1865 2939 1918 ablata
2978 1859 3289 1923 restituerit,
3322 1857 3403 1908 vel

1837 1964 1996 2032 digna
2034 1957 2546 2031 pwnitcntiaillieite
2572 1963 2689 2007 acta
2718 1950 3010 2013 deileverit,
3037 1966 3066 2000 ιι
3101 1943 3404 2000 sacratissi—

1839 2067 1930 2107 mo
1960 2067 2184 2120 corpore
2218 2066 2281 2101 ae
2303 2047 2564 2117 sanguine
2592 2044 2824 2106 Domini,
2844 2038 3212 2107 Redemptoris
3237 2031 3407 2088 nostri

1839 2141 1965 2196 Jesu
1991 2139 2212 2202 Christi,
2241 2139 2450 2191 alienus
2476 2137 2588 2200 liat,
2612 2143 2771 2202 atque
2809 2132 2861 2184 in
2899 2138 3140 2184 extremo
3164 2124 3411 2184 examine

1842 2231 2100 2286 districta:
2129 2227 2626 2294 ultionisnbjaceat.
2645 2223 2870 2276 Cunctis
2896 2228 3073 2274 autem
3097 2217 3269 2271 eidem
3290 2216 3410 2267 loco

1841 2318 1983 2388 jusla
2016 2316 2357 2370 servantibus
2405 2314 2476 2368 sit
2504 2329 2606 2380 pax
2634 2310 2848 2364 Domini
2889 2308 3059 2362 nostri
3091 2305 3216 2358 .lesu
3248 2301 3410 2356 Cleri—

1845 2408 1933 2471 sti,
1966 2402 2232 2474 quatenus
2261 2398 2348 2457 hic
2379 2403 2615 2458 fractum
2647 2401 2805 2454 bona:
2833 2397 3065 2452 actionis
3091 2394 3408 2464 percipiant,

1794 2488 1797 2490 ’
1844 2505 1894 2548 et
1919 2497 2056 2564 apud
2106 2494 2410 2549 districtum
2460 2491 2700 2545 Iudicem
2761 2488 2980 2557 prmmia
3005 2494 3220 2539 aeterna!
3262 2483 3410 2557 pacis

1847 2583 2141 2636 inveniant.

2490 2684 2765 2739 LXXVIII.
3219 2691 3235 2756 ί
3322 2737 3325 2741 ,

1849 2783 2081 2850 Gregorii
2128 2778 2195 2830 ιί
2205 2777 2229 2831 Ι
2261 2795 2409 2846 paper
2440 2776 2764 2896 pritﬁleginm
2785 2789 2879 2850 pro
2904 2770 3121 2825 ecclesia
3159 2769 3212 2822 S.
3261 2767 3414 2820 Pauli

2577 2859 2725 2896 anne.

2145 2937 2323 3003 (Anno
2359 2932 2560 2986 Christi
2602 2929 2755 2992 107i,
2793 2926 2967 2980 Martii
3010 2925 3119 2993 ιδ.)
3201 2911 3206 2916 ’

1851 3024 2170 3093 [ilanesnm
2210 3023 2510 3074 Baliarium
2544 3019 3003 3093 Cusinensedorn.
3043 3014 3260 3093 ll,_pag.
3301 3015 3415 3076 ltiti,

1919 3110 1982 3146 ex
2019 3093 2251 3146 arcliivis
2271 3097 2383 3145 Sac.
2415 3089 2729 3142 monasterii
2763 3087 2818 3138 S.
2855 3085 3004 3138 Pauli
3027 3085 3091 3139 de
3111 3085 3250 3138 Urbe
3269 3100 3414 3150 caps.

1924 3162 1985 3226 'l‘,
2023 3179 2073 3214 n.
2106 3161 2241 3231 l-2.J
2943 3211 2945 3214 .

1927 3249 2153 3303 Domino
2185 3256 2392 3312 sancto,
2421 3262 2482 3299 ac
2518 3243 2850 3306 beatissimo,
2891 3255 3192 3310 magnoque
3230 3239 3417 3308 praedi-

1854 3339 2042 3402 catori,
2070 3335 2321 3405 Magistro
2357 3334 2596 3403 gentium
2642 3333 2696 3385 in
2719 3333 2828 3386 title
2861 3341 2916 3386 et
2957 3331 3202 3395 veritate,
3242 3329 3420 3383 l‘at'Lo

1856 3425 2119 3495 apostolo,
2152 3423 2456 3478 Guscomes
2483 3421 2732 3490 indignus
2755 3436 2963 3474 servus.

1925 3515 2359 3582 Quotiescunque
2399 3512 2512 3576 tibi,
2563 3512 2620 3564 S.
2673 3510 2857 3575 Paule,
2880 3503 3281 3578 apostole,'\'as
3313 3505 3422 3565 (διες

1857 3606 2069 3669 ctionis,
2101 3603 2303 3673 aliquid
2333 3603 2462 3656 dare
2497 3602 2756 3664 videmur,
2803 3615 2912 3650 non
2954 3605 3137 3649 nostra
3173 3593 3422 3648 coliculi-

1858 3710 1998 3757 mus,
2051 3693 2142 3745 sed
2185 3699 2274 3744 tua
2329 3689 2513 3757 potius
2561 3686 2838 3740 reddimus
2888 3685 2968 3738 ιω
3015 3684 3419 3737 conﬁrmamus.

1858 3781 1988 3834 Nam
2014 3779 2142 3849 quid
2168 3792 2406 3845 unquam
2430 3776 2544 3830 sine
2572 3785 2620 3828 te
2645 3783 2889 3829 nostrum
2923 3774 3047 3826 est?
3088 3772 3424 3840 Quapropter

1858 3885 1956 3938 ego
1993 3865 2303 3935 Gregorius,
2345 3865 2630 3934 cpiscopus
2681 3879 2870 3917 servus
2913 3863 3031 3930 ejus
3075 3862 3424 3928 omniumque

1860 3971 2136 4011 servorum
2164 3955 2278 4019 Dei,
2302 3972 2330 4007 a
2368 3954 2604 4007 remedio
2640 3955 2832 4004 anima:
2862 3965 2993 4004 lllCtl:
3016 3949 3167 4013 cedo,
3198 3947 3348 4001 trado
3369 3954 3425 4000 ct

1861 4044 2238 4098 inviolabiliter
2282 4041 2480 4109 largior
2518 4055 2706 4091 omnes
2743 4037 3061 4099 oblationes,
3090 4049 3423 4104 qua-cunque

1861 4149 1891 4184 a
1928 4130 2170 4185 ﬁdelibus
2197 4128 2519 4182 Christianis
2542 4143 2703 4194 super
2725 4126 2891 4180 altare
2921 4135 3070 4178 tuum
3094 4126 3284 4188 oblat-.e
3309 4123 3423 4177 lue-

1862 4221 1988 4286 rint,
2032 4220 2133 4274 sub
2161 4233 2270 4288 quo
2312 4225 2715 4272 sacrosanctum
2758 4226 2956 4285 corpus
3004 4225 3151 4270 tuum
3191 4214 3425 4284 creditur

1862 4326 1980 4365 esse
2005 4310 2375 4375 reconditum;
2403 4324 2630 4363 necnon
2658 4318 2711 4361 et
2746 4303 3422 4363 oblationescoiit‘e'ssioiiis

1863 4408 1917 4453 et
1930 4399 2170 4454 omnium
2201 4398 2450 4453 altarium
2477 4389 2581 4451 tua:
2613 4395 2868 4458 ecelesizc,
2895 4402 2947 4446 et
2971 4389 3425 4446 suhstentationes

1798 4511 1848 4563 [)⁵
1865 4490 2090 4542 fratrum
2113 4487 2307 4541 ibidem
2335 4482 2679 4538 servientium
2705 4479 2814 4534 Deo
2836 4480 2888 4532 in
2914 4485 3248 4548 perpetuum,
3267 4477 3424 4531 sicuti

1867 4595 1896 4630 a
1920 4578 2122 4631 sanctis
2164 4573 2594 4628 antecessoribus
2635 4579 2854 4635 nostris,
2889 4571 2983 4622 tibi
3020 4566 3428 4631 l'amutantibus,‘

1867 4679 2184 4735 concessum
2227 4679 2345 4717 esse
2378 4661 2740 4731 dignoscitur;
2793 4668 2952 4727 atque
2997 4665 3164 4710 totmn
3199 4653 3425 4708 Caldam
3463 4644 3465 4647 ’

1868 4757 1958 4824 qui
1995 4765 2218 4809 vocatur
2251 4753 2473 4822 Lapigio
2507 4753 2561 4806 in
2610 4753 2894 4820 integrum,
2939 4763 3060 4802 eum
3103 4745 3324 4799 ecclesia
3367 4743 3423 4798 S.

1872 4845 2103 4909 Proculi,
2159 4844 2269 4897 si\e
2323 4843 2519 4910 quibus
2565 4840 2684 4893 aliis
2735 4843 3076 4904 nuncupatur
3133 4824 3427 4898 vocabulis,

1873 4935 2096 4998 cultum,
2124 4933 2203 4984 vel
2230 4931 2508 4993 incultum,
2539 4937 2738 4980 etcum
2764 4925 3016 4978 omnibus
3042 4923 3107 4976 ad
3131 4925 3432 4992 suprascri-

1877 5029 2026 5088 ptum
2062 5018 2286 5071 Galdum
2323 5014 2638 5084 generaliter
2670 5022 2725 5066 et
2773 5013 2826 5067 in
2858 5013 3124 5081 integrum
3156 4998 3427 5080 pertinent?

1875 5109 2045 5169 tibus;
2077 5113 2129 5156 et
2161 5102 2495 5156 medietatem
2519 5101 2722 5156 castelli
2752 5100 2949 5165 Ardiae,
2971 5116 3094 5154 cum
3131 5115 3284 5153 rocea
3309 5113 3428 5164 sua,

1871 5202 1924 5247 et
1958 5191 2128 5246 Turre
2164 5190 2382 5259 Majore,
2422 5206 2546 5243 eum
2594 5189 2850 5243 omnibus
2885 5190 3000 5242 suis
3051 5184 3425 5256 pertinentiis;

1870 5292 1923 5336 et
1962 5283 2241 5336 ecclesiam
2274 5282 2330 5334 S.
2355 5280 2534 5334 Maria:
2566 5279 2620 5332 in
2649 5279 2924 5344 Cannella,
2953 5291 3074 5331 cum
3114 5273 3226 5328 suis
3268 5275 3431 5342 perti-

1879 5373 2110 5438 nentiis;
2157 5381 2210 5426 et
2262 5386 2496 5425 massam
2543 5364 2821 5444 l’u'lanam,
2861 5381 2985 5420 eum
3031 5364 3284 5417 omnibus
3317 5364 3429 5417 suis

1879 5462 2248 5534 pertinentiis;
2284 5468 2337 5514 et
2373 5450 2707 5511 medietatem
2749 5455 2850 5507 laci
2889 5453 3210 5532 'Caprnlaci;
3253 5462 3306 5506 et
3340 5467 3429 5503 ca-

1881 5567 2053 5612 strum
2115 5553 2418 5615 \‘ellctrum,
2465 5568 2586 5605 cum
2632 5549 2882 5602 omnibus
2925 5549 3039 5602 suis
3073 5542 3426 5615 pertinentiis,

1883 5645 2019 5699 sicut
2041 5657 2070 5693 a
2092 5642 2290 5692 sanctis
2331 5636 2666 5706 pontilicihus
2699 5626 3014 5687 concessum
3039 5641 3152 5696 est;
3181 5640 3232 5683 ct
3257 5618 3315 5682 in.
3334 5628 3428 5681 ΛΙ-

1883 5736 2024 5790 bano
2045 5731 2230 5787 cellam
2265 5730 2318 5781 5.
2358 5723 2559 5793 Nicolai
2606 5732 2656 5776 et
2681 5724 2864 5778 cellam
2895 5715 2945 5776 Β
2983 5722 3158 5776 Maria:
3193 5735 3310 5788 qua:
3334 5732 3414 5767 \o-
