3944 6414
422 488 525 542 m
555 483 566 486 ς

1249 544 1254 549 ,
1312 477 1368 535 s.
1408 474 1730 534 GREGOltll
1763 473 1855 530 vn
1890 471 2091 529 nam
2127 465 2408 529 eranum
2445 463 2625 520 mus
2665 437 2728 517 u;

3532 443 3655 500 724

422 607 577 655 catur
598 595 791 663 Minor,
821 594 981 649 sitam
1011 593 1066 647 in
1095 589 1313 662 palatio,
1347 591 1402 646 et
1443 605 1568 645 cum
1611 588 1862 643 omnibus
1905 585 1971 641 ad
2001 587 2044 643 Α
2071 584 2124 638 in
2154 579 2426 636 territorio
2452 571 2854 663 suprascripto;
2893 566 3111 635 insuper
3130 557 3433 663 ecclesiam.
3451 552 3654 663 Sancti

423 704 586 760 supra
608 687 779 743 dictas
800 685 962 740 cellas
984 680 1405 753 pertinentibus;
1426 688 1482 736 et
1502 681 1556 733 in
1577 679 1774 750 palatio
1804 677 1977 732 eccle-

423 780 561 837 siam
592 776 648 832 S.
685 774 982 838 Trinitatis,
1011 786 1134 827 cum
1155 779 1268 826 toto
1288 769 1474 825 eodem
1499 767 1732 838 palatio;
1755 772 1809 820 et
1831 779 1979 831 mas-

424 882 541 923 sam
563 879 683 935 qua:
709 871 931 918 vocatur
951 850 1334 924 Floriana,'vel
1356 856 1552 928 quibus
1595 855 1717 910 aliis
1748 853 1981 908 vocabu-

427 954 493 1010 lis
530 958 889 1022 nuncupetur,
919 964 1042 1005 cum
1089 949 1268 1014 terris,
1325 947 1495 1012 silvis,
1536 943 1760 1023 campis,
1791 941 1980 1015 pratis,

425 1043 663 1112 pascuis,
691 1041 775 1096 vel
795 1055 918 1095 cum
939 1037 1191 1094 omnibus
1212 1037 1278 1091 ad
1290 1022 1983 1113 'suprascriptam'massam

428 1131 734 1186 Florianam
761 1128 1083 1204 generaliter
1109 1126 1237 1182 etin
1260 1126 1525 1196 integrum
1557 1122 1982 1193 pertinentibus;

432 1221 626 1277 iterum
660 1219 838 1276 casale
874 1217 1020 1288 quod
1043 1224 1266 1290 vocatur
1287 1213 1635 1283 Castellione,
1661 1227 1786 1268 cum
1809 1211 1985 1267 casale

428 1313 584 1381 juxta
617 1325 696 1376 se,
730 1308 874 1380 quod
914 1314 1136 1362 vocatur
1181 1303 1376 1370 Filioli,
1418 1318 1542 1359 cum
1585 1301 1765 1370 terris,
1813 1299 1982 1366 silvis,

433 1398 658 1468 campis,
693 1381 860 1467 pratis
892 1394 1128 1465 pascuis,
1159 1393 1240 1447 vel
1275 1407 1399 1448 cum
1445 1389 1697 1445 omnibus
1733 1388 1802 1444 ad
1839 1387 1986 1458 ipsos

435 1486 852 1556 pertinentibus;
880 1493 1040 1554 atque
1062 1484 1238 1558 casale
1265 1482 1410 1553 quod
1439 1488 1663 1536 vocatur
1693 1477 1984 1544 Ulmetum,
2020 1468 2023 1477 λ

436 1591 560 1630 cum
606 1576 776 1630 vineis
825 1575 952 1638 suis
986 1583 1147 1644 atque
1185 1574 1336 1630 silvis
1380 1573 1648 1643 simulque
1687 1571 1884 1642 pratis;
1935 1578 1990 1626 et

425 1666 613 1721 'casale
631 1665 775 1734 quod
809 1672 1034 1720 vocatur
1064 1664 1494 1735 Squezanellum,
1529 1674 1652 1718 eum
1684 1662 1797 1718 suis
1825 1661 1990 1732 perti-

436 1755 655 1821 nentiis,
683 1755 844 1822 casis,
868 1755 1156 1821 casalibus,
1196 1754 1402 1820 vineis;
1436 1740 1598 1824 atque
1624 1753 1813 1816 cellam
1838 1752 1990 1807 vina-

437 1843 573 1897 riam
619 1844 1004 1909 Antonionum,
1054 1843 1234 1897 villam
1271 1841 1573 1908 Pertusam,
1611 1840 1905 1908 Bifurcum,
1937 1847 1990 1894 et

2075 670 2264 742 Angeli
2304 669 2360 723 in
2391 662 2806 734 Semproniano,
2844 671 2969 713 eum
2993 651 3232 710 oratorio
3254 647 3436 704 Sancti
3471 645 3654 702 Joan-

2077 738 2373 830 nis'posito
2401 757 2456 810 in
2491 762 2647 824 portu
2679 747 2949 814 Herculis,
2983 743 3167 800 omnia
3220 741 3362 811 juris
3393 738 3654 810 prepric-

2077 829 2211 906 tatis
2230 847 2471 918 ejusdem
2497 839 2844 905 monasterii;
2871 837 3092 905 insuper
3113 830 3268 888 trado
3290 829 3388 885 tibi
3411 835 3658 918 quatuor

2079 915 2331 996 molas—in
2354 935 2562 1000 Albano
2581 941 2636 988 et
2655 944 2821 986 unam
2844 927 2900 982 in
2935 925 3074 980 valle
3097 922 3301 988 Aricia,
3322 934 3446 974 cum
3468 915 3656 978 forma

2081 1044 2200 1095 sua,
2230 1041 2352 1082 cum
2388 1023 2641 1079 omnibus
2681 1033 2806 1090 quae
2845 1025 2941 1072 tuo
2976 1014 3098 1085 jure
3142 1011 3394 1066 videntur
3445 1005 3656 1068 ibidem

2081 1117 2297 1185 haberi;
2330 1116 2563 1192 itemque
2588 1111 2972 1168 confirmamus
3000 1104 3118 1171 tibi,
3152 1101 3364 1158 Ductori
3385 1099 3656 1192 gentium,

2082 1207 2470 1265 monasterium
2495 1191 2685 1259 Sancti
2718 1199 2913 1271 Sergii,
2937 1211 3064 1254 cum
3095 1193 3351 1250 omnibus
3379 1191 3495 1246 suis
3524 1203 3660 1258 pcr-

2084 1294 2346 1360 tinentiis,
2374 1291 2537 1348 situm
2567 1291 2623 1344 in
2658 1287 2906 1352 Subura;
2938 1293 2998 1359 et.
3024 1279 3417 1338 monasterium
3439 1276 3663 1332 Sancta:

2084 1384 2302 1450 Prisca,
2325 1397 2451 1438 cum
2476 1379 2730 1436 omnibus
2757 1377 2882 1434 suis
2913 1372 3288 1446 pertinentiis;
3313 1369 3440 1425 item
3479 1377 3533 1422 et
3559 1381 3663 1422 ec-

2085 1474 2303 1530 clesiam
2327 1471 2510 1527 Sancti
2529 1468 2686 1526 Focte
2701 1466 2979 1538 "martyris,
3002 1478 3123 1534 quae
3136 1461 3279 1532 juris
3301 1457 3481 1514 Sancti
3503 1457 3665 1510 Anas-

2087 1562 2241 1620 stasii
2279 1561 2408 1616 olim
2443 1559 2580 1624 fuit;
2619 1565 2673 1612 et
2705 1553 2988 1611 ecclesiam
3029 1547 3214 1604 Sancti
3255 1544 3453 1600 Leonis
3480 1557 3666 1613 papae,

2086 1650 2314 1720 positam
2336 1649 2490 1718 juxta
2509 1643 2897 1715 monasterium
2920 1636 3105 1694 Sancti
3125 1635 3351 1690 Andreae
3369 1633 3434 1688 ad
3451 1632 3664 1687 clivum

2090 1739 2314 1806 Scauri;
2358 1753 2460 1793 nec
2497 1752 2607 1792 non
2635 1745 2690 1790 et
2721 1731 3008 1789 ecclesiam
3031 1725 3216 1783 Sancti
3236 1723 3462 1790 Nicolai,
3491 1723 3667 1807 sitam

2087 1831 2240 1900 juxta
2265 1829 2496 1883 formam
2524 1823 2770 1889 Claudii;
2808 1821 3057 1877 similiter
3081 1825 3137 1872 et
3163 1813 3452 1887 piscarium
3478 1813 3534 1865 in
3561 1811 3670 1866 nu.

438 1933 849 1999 Priminianum,
879 1933 1221 1999 Cassianum,
1246 1932 1504 2002 Siloncm,
1536 1931 1865 1998 Cornelium,
1893 1929 1994 1985 Te-
2026 1910 2068 1963 Β
2095 1922 2239 1976 mine
2262 1918 2471 1974 Tiberis
2512 1917 2565 1971 in
2591 1914 2949 1978 Ματωοιίιιιις
2992 1926 3087 1965 ⁸ου
3123 1906 3307 1965 omnia
3347 1918 3469 1974 qui"
3514 1900 3667 1956 intra

442 2023 668 2078 solata!!!
699 2030 858 2092 atque
883 1997 1284 2088 Cornelianutn,
1320 1999 1443 2078 cum
1470 1997 1617 2077 omni
1643 2021 1765 2090 jure
1795 1997 1996 2076 inStru—
2098 2011 2338 2066 Romana
2363 2009 2495 2064 urbe
2515 2023 2546 2062 a
2573 2005 2708 2061 viris
2735 2002 3002 2073 religiosis
3034 2015 3131 2057 seu
3161 2014 3193 2053 a
3243 1997 3672 2067 quibuscunqtte

440 2120 730 2185 mentoque
763 2126 884 2180 suo,
919 2120 974 2166 ct
1006 2123 1130 2166 cum
1171 2112 1424 2166 omnibus
1445 2112 1512 2166 ad
1533 2126 1656 2182 eam
1679 2109 2000 2181 generaliter
2095 2100 2343 2171 personis
2371 2099 2469 2154 tibi
2499 2110 2757 2152 Concessa
2790 2101 2934 2148 θυαε·

431 2171 881 2276 λρονιὶηέὴιὶὺιιεί
1586 2177 1590 2182 ’
1682 2171 1710 2181 “
1924 2178 1925 2181 Ἴ
1965 2204 1970 2210 ’

2135 2228 2138 2232 Α
2167 2189 2597 2246 Gorroboramus
2644 2184 2868 2254 insuper
2895 2180 3106 2236 (κατωηὶ
3143 2177 3357 2232 Sanctze
3397 2171 3668 2233 Caecilia},

492 2351 494 2353 ,
519 2269 846 2362 Adjicicutes
865 2293 1026 2348 etiam
1048 2293 1177 2349 huic
1206 2293 1438 2350 eessioni
1467 2293 1655 2357 hortos
1675 2292 1832 2357 duos,
1855 2291 2002 2362 posi-
2101 2297 2225 2351 qua:
2247 2287 2471 2335 vocatur
2505 2278 2572 2332 de
2606 2275 2778 2345 Mega,
2803 2288 2927 2327 cum
2958 2270 3212 2362 omnibus
3236 2265 3357 2362 suis
3376 2263 3662 2362 pertinen-

446 2390 532 2436 tos
562 2354 708 2435 inter
732 2380 966 2449 Tiberim
999 2391 1053 2437 et
1083 2383 1348 2451 porticum
1380 2354 1552 2451 ipsrus
1579 2354 1838 2446 ecclesiae,
1857 2354 2005 2434 -eun-
2103 2372 2216 2439 tiis,
2249 2371 2409 2426 sitam
2461 2368 2596 2423 foris
2643 2373 2855 2437 portam
2883 2362 2939 2417 S.
2995 2358 3314 2451 Lanrernii,
3466 2354 3677 2451 finibus

447 2459 592 2526 tibus
615 2486 645 2524 a
669 2445 821 2540 porta
844 2442 1256 2540 civitatis-parte
1281 2442 1488 2537 dextra,
1521 2485 1658 2539 quos
1686 2442 1877 2537 dividit
1906 2467 2006 2522 llu—
2105 2460 2468 2539 terminatam,
2504 2457 2572 2512 ab
2601 2471 2711 2510 uno
2744 2454 2916 2508 latere
2959 2451 3159 2505 ﬂumen
3189 2446 3401 2540 Tiberis
3457 2444 3525 2497 ab
3555 2442 3687 2540 alio.

450 2559 572 2616 vius
600 2538 812 2629 Almon,
851 2560 991 2615 inter
1031 2536 1214 2614 allines
1243 2559 1385 2613 horti
1429 2558 1741 2613 monasterii
1786 2535 1861 2612 δέ
1892 2557 2010 2615 Ste-
2104 2552 2272 2622 latere
2292 2537 2443 2614 rivus
2475 2546 2658 2617 Megara,
2693 2553 2748 2600 et
2775 2559 2872 2614 per
2919 2540 3178 2596 eumdum
3208 2537 3386 2590 rivum
3423 2532 3678 2603 ascendit

451 2647 637 2717 phani,
667 2649 812 2717 quod
846 2657 928 2704 est
954 2648 1355 2720 monasterium,
1372 2648 1688 2702 ancillarum
1720 2646 1838 2712 Dei,
1871 2646 2012 2717 posi-

452 2743 567 2794 tnm
594 2735 659 2789 ad
684 2733 740 2789 S.
771 2734 988 2790 Petrum
1013 2735 1353 2803 apostolum;
1377 2743 1432 2790 et
1453 2731 1677 2802 fundum
1697 2733 2010 2801 Pisciniani,

456 2840 581 2879 cum
617 2825 790 2878 vineis
828 2832 882 2880 et
928 2824 1098 2880 hortis
1135 2823 1280 2890 suis;
1327 2823 1594 2893 simulque
1626 2823 1856 2879 tenuius“
1894 2839 2016 2894 quae

457 2924 717 2970 vocantur
748 2914 929 2974 Fossa:
961 2904 1230 2980 Latronis,
1263 2914 1452 2985 positae
1496 2915 1624 2970 item
1667 2913 1820 2985 juxta
1864 2929 2014 2970 eam-

458 3005 579 3060 dem
613 3004 909 3074 porticum,
932 3004 1183 3059 euntibus
1203 3004 1448 3069 similiter
1471 3020 1502 3058 a
1523 3011 1677 3074 porta
1699 3013 1852 3074 parte
1879 3004 2016 3058 sini-

460 3101 595 3156 stra,
632 3092 888 3161 ubinunc
910 3093 1079 3154 vinea:
1105 3091 1256 3146 factae
1277 3100 1423 3159 sunt,
1439 3109 1573 3162 qua:
1600 3094 1813 3163 tenuia:
1839 3093 2016 3149 COhIB-

461 3190 584 3239 rent
623 3181 692 3236 ab
738 3197 847 3236 uno
884 3182 1049 3237 latere
1089 3181 1419 3250 possessioni
1458 3181 1730 3250 Eugenitis
1748 3181 2020 3256 quondam

2111 2655 2283 2711 usque
2302 2638 2369 2694 ad
2393 2647 2589 2693 terram
2623 2633 2680 2688 S.
2718 2631 2905 2702 Lucis:
2919 2631 2984 2685 de
3000 2626 3215 2705 Renati,
3241 2624 3470 2694 indeque
3489 2637 3674 2692 usque

2111 2731 2177 2802 ad
2209 2730 2481 2799 publicam
2525 2726 2668 2779 viam
2727 2737 2850 2796 qua:
2910 2725 3135 2774 vocatur
3175 2715 3233 2771 S;
3279 2712 3577 2779 Valentini,
3617 2721 3683 2767 et

2111 2818 2336 2892 subinde
2374 2814 2650 2870 descendit
2712 2824 2888 2880 usque
2930 2809 2983 2862 in
3025 2814 3247 2891 puteum
3282 2803 3579 2874 publicum,
3619 2810 3687 2861 et
3747 2828 3750 2831 -

2113 2924 2181 2964 ex
2232 2887 2298 2962 eo
2347 2903 2626 2961 descendit
2669 2917 2766 2972 per
2819 2898 3147 2963 formcllas,L
3178 2885 3352 2965 usque
3403 2893 3459 2946 in
3507 2905 3684 2960 supra

2117 2999 2377 3066 scriptum
2405 2995 2603 3048 [lumen
2634 2989 2871 3057 Tiberis;
2897 2987 3123 3044 fundum
3147 2999 3276 3039 vero
3307 2981 3522 3035 Paterni
3539 3020 3556 3044 ,
3578 2978 3685 3048 qui

2118 3088 2365 3157 similiter
2402 3086 2541 3140 situs
2590 3090 2676 3138 est
2705 3079 2839 3136 foris
2869 3085 3084 3148 portam
3127 3073 3184 3127 S.
3218 3070 3516 3134 Laurentii,
3547 3084 3685 3122 cum

2123 3177 2303 3241 terris,
2327 3173 2620 3244 plantariis,
2645 3171 2847 3241 hortis,
2875 3163 3196 3243 aquimolis,
3212 3159 3372 3217 terris
3399 3159 3569 3233 cultis
3590 3159 3686 3213 vel

463 3271 791 3339 δεδοᾏεῑίείν
819 3281 873 3350 ει
890 3272 968 3326 ³1)
984 3248 1265 3341 ειίθῗρτιιδιθ
1285 3248 1610 3340 possessioni
1634 3248 2020 3325 monasteriis.
2050 3249 2091 3305 (ἶ
2123 3264 2362 3328 incultis,
2386 3271 2446 3316 et
2472 3277 2598 3329 cum
2623 3249 2878 3324 omnibus
2903 3249 3016 3310 suis
3051 3251 3391 3325 pertinentiis
3413 3248 3475 3304 et
3501 3249 3689 3303 omni--

469 3357 663 3423 Eristi;
708 3360 845 3414 item.
866 3361 1248 3416 monasterium
1278 3358 1334 3415 S.
1361 3359 1600 3416 Cosmati
1625 3359 1787 3414 situm
1809 3359 1864 3415 in
1888 3359 2026 3414 valle

469 3447 740 3512 Tiberina,
768 3464 892 3503 cum
915 3451 1168 3504 omnibus
1198 3451 1311 3505 suis
1354 3449 1721 3520 pertinentiis;
1768 3458 1823 3503 et
1852 3440 2024 3505 eccle-

470 3539 606 3594 siam
636 3537 695 3592 s—.
722 3527 872 3592 Pauli
893 3538 1143 3609 apostoli,
1182 3539 1340 3592 sitam
1362 3520 1514 3596 idm
1544 3539 1810 3591 civitatem
1837 3537 2025 3593 Tiber-

472 3629 673 3694 tinam;
711 3628 980 3698 simulque
1012 3626 1367 3683 Antedoniam
1401 3625 1692 3691 civitatem,
1721 3641 1845 3679 curn
1867 3627 2029 3695 perti-

428 3777 432 3782 ,
473 3717 672 3780 nentiis
704 3720 819 3774 suis
850 3727 904 3772 et
923 3726 1080 3787 portu
1109 3709 1244 3783 suo;
1282 3724 1518 3771 montem
1554 3714 1647 3785 qui
1678 3723 1901 3770 vocatur
1925 3715 2028 3769 Ar-

474 3804 799 3875 gentarium,
833 3821 957 3860 cum
996 3807 1115 3859 lacu
1147 3805 1449 3870 Catamare,
1487 3799 1580 3859 ubi
1612 3812 1696 3860 cst
1723 3790 2028 3858 ecclesias.

427 3893 430 3898 ’
477 3893 698 3962 Αιιεριὶλ
727 3901 781 3948 et
804 3893 1140 3948 medietatem
1174 3893 1337 3948 castri
1371 3892 1608 3947 Orbitelli
1629 3909 1752 3948 cum
1771 3893 2037 3962 pertinen-

479 3979 568 4036 tiis
605 3981 748 4055 suis;
785 3989 839 4035 et
862 3989 1099 4056 castrum
1125 3980 1268 4048 quod
1299 3988 1522 4033 vocatur
1541 3978 1683 4046 Elsa,
1714 3995 1837 4034 cum
1859 3979 2034 4034 omni—

480 4070 586 4125 bus
609 4069 729 4124 suis.
750 4069 1111 4140 pcrtinentiis;
1141 4069 1256 4138 pari
1298 4069 1456 4122 modo
1485 4068 1660 4122 lacum
1682 4081 1848 4136 prope
1880 4081 2035 4120 mon-

430 4193 432 4196 ›
483 4168 594 4214 tem
617 4159 1009 4239 Argentarium,
1037 4175 1157 4214 cum
1195 4159 1438 4228 piscariis
1465 4158 1597 4223 suis,
1633 4159 1705 4212 ita
1726 4165 1802 4215 .ut
1833 4157 2033 4212 medie-

489 4256 574 4301 tas
597 4247 825 4316 piscium
869 4248 1056 4315 quiibi
1084 4239 1368 4316 capiuntur
1399 4247 1652 4302 reddatur
1673 4245 2036 4316 suprascripto

486 4336 814 4391 monasterio
861 4334 917 4388 S.
963 4334 1112 4388 Pauli
1145 4337 1400 4402 apostoli;
1444 4336 1664 4404 insuper
1692 4342 1747 4388 et
1783 4333 2037 4388 Casama-

487 4411 645 4495 riam,
675 4443 797 4480 cum
825 4427 981 4481 terris
1005 4435 1059 4480 et
1079 4425 1294 4479 familiis
1320 4425 1452 4489 suis,
1483 4425 1623 4478 sicut
1645 4415 1879 4478 in'curte
1897 4423 2039 4491 regis

2124 3354 2226 3409 bus
2247 3352 2566 3407 terminibus
2611 3350 2753 3405 sicut
2771 3359 3090 3402 concessum
3119 3349 3204 3398 est
3221 3339 3558 3396 monasterio
3583 3347 3692 3392 tuo

2126 3459 2156 3497 a
2203 3457 2339 3512 papa
2385 3439 2676 3511 Paschasio
2724 3448 3119 3507 prmeressorc
3173 3439 3398 3496 nostro,
3453 3436 3689 3497 excepta

2127 3541 2268 3587 terra
2301 3546 2467 3602 parva
2501 3544 2622 3601 qua:
2671 3527 2868 3584 ibidem
2891 3525 3092 3580 detinet
3115 3523 3171 3576 S.
3207 3520 3376 3577 Sabas
3397 3537 3412 3586 ;
3434 3527 3489 3574 et
3511 3525 3694 3584 totam

2127 3637 2362 3677 massam
2392 3620 2705 3689 Cassanam,
2725 3633 2849 3672 cum
2882 3615 3091 3671 colonis
3123 3621 3179 3668 et
3219 3611 3526 3670 colonabus.
3545 3607 3694 3671 suis,

2130 3711 2271 3765 sicut
2299 3709 2620 3764 Benedictus
2648 3705 3018 3773 Campaninus
3041 3700 3494 3764 monasteriotuo
3515 3697 3694 3773 dedit,

2074 3786 2088 3819 ³
2131 3799 2346 3868 quando
2377 3795 2600 3851 eﬁectus
2633 3802 2717 3849 est
2757 3793 3092 3856 monachus;
3127 3797 3184 3844 et
3229 3797 3398 3845 totam
3447 3802 3697 3842 massam

2083 3928 2086 3932 .
2132 3885 2412 3938 Lulianam
2446 3899 2570 3937 cum
2622 3881 2871 3945 castello;
2925 3878 3277 3934 Juliauellum
3315 3893 3445 3933 cum
3477 3877 3697 3949 colonis

2133 3982 2188 4028 et
2213 3973 2527 4029 colonabus.
2570 3971 2808 4040 Itemque
2841 3971 3226 4025 confirmamus
3275 3967 3370 4023 tibi
3399 3968 3590 4022 Casale
3619 3969 3699 4023 de

2136 4063 2335 4118 Solone
2372 4077 2496 4117 cum
2547 4062 2769 4116 castello
2805 4076 2906 4115 suo
2945 4059 3089 4129 quod
3131 4067 3356 4115 vocatur
3402 4058 3574 4113 Ponte
3618 4058 3701 4112 do

2133 4149 2316 4216 Nona;
2349 4151 2614 4219 simulque
2633 4141 2995 4224 Casalelquod
3020 4154 3245 4217 vocatur
3279 4146 3420 4208 Casa
3454 4145 3693 4200 Arsicia‘.

2134 4235 2275 4302 Quin
2315 4237 2538 4304 insuper
2578 4235 2927 4288 concedimus
2962 4231 3057 4302 tibi
3089 4233 3368 4286 castellum
3407 4231 3552 4299 quod
3587 4246 3697 4285 vo-

2137 4335 2291 4380 catur
2319 4325 2643 4393 Longezzaa,
2686 4336 2811 4375 cum
2851 4320 3105 4373 omnibus
3153 4319 3268 4374 suis
3314 4305 3696 4390 pertinentiis,

2139 4418 2310 4482 silvis,
2346 4392 2569 4484 campis,
2601 4413 2788 4483 pratis,
2811 4411 3047 4481 pascuis,
3079 4410 3370 4464 arboribus
3389 4392 3697 4478 pomiferis,

489 4518 793 4588 persolvere
817 4516 972 4570 solita
1001 4524 1135 4580 erat,
1172 4515 1350 4568 omnia
1383 4513 1435 4567 in
1473 4513 1760 4581 integrum,
1787 4511 1945 4565 sicuti
1974 4511 2042 4564 ab
2077 4545 2120 4600 Β
2143 4503 2433 4560 fructiferis
2473 4503 2557 4557 vel
2585 4499 2939 4560 infructiferis
2961 4499 3158 4554 diversi
3182 4499 3412 4568 generis,
3428 4498 3698 4565 fontibus,

489 4605 905 4676 imperatoribus
931 4612 990 4657 ct
1008 4602 1361 4657 sanctissimis
1399 4601 1740 4671 pontificibus
1784 4614 2042 4655 concessa

493 4704 621 4751 sunt
641 4696 768 4749 etin
795 4701 1116 4764 perpetuum
1156 4691 1502 4755 confirmata;
1543 4691 1704 4746 etiam
1744 4689 2042 4759 portionem

493 4783 562 4838 de
589 4785 706 4838 lacu
729 4782 822 4852 qui
845 4790 1066 4836 vocatur
1089 4779 1263 4846 Dulia,
1289 4794 1394 4848 nec
1424 4794 1531 4836 non
1557 4788 1611 4833 et
1635 4779 1905 4843 Cesinam,
1926 4792 2046 4846 quae

500 4873 716 4939 ponitur
741 4874 793 4926 in
831 4872 1030 4937 Piretu,
1075 4880 1236 4941 atque
1275 4869 1458 4925 vineas
1504 4883 1624 4938 quae
1669 4875 1943 4937 ponuntur
1991 4867 2043 4920 in

508 4959 913 5028 Semproniam,
944 4961 1161 5030 insuper
1201 4969 1256 5015 et
1297 4968 1494 5015 terram
1529 4957 1681 5028 juxta
1731 4953 2044 5019 Piscariam,

421 5103 423 5105 ,
507 5064 601 5104 seu
631 5049 811 5102 vineas
839 5064 958 5117 quae
999 5058 1272 5116 ponuntur
1298 5049 1350 5104 in
1376 5048 1692 5114 Cerbarola;
1728 5054 1782 5100 et
1813 5044 1945 5098 alias
1966 5043 2047 5096 vi-

504 5153 634 5192 ncas
664 5152 783 5207 qua:
803 5145 1075 5204 ponuntur
1099 5139 1149 5189 in
1173 5137 1511 5205 Querquetu;
1540 5152 1638 5190 nec
1666 5151 1772 5190 non
1795 5143 1848 5188 et
1875 5132 2052 5188 casale

508 5227 650 5297 quod
685 5235 907 5280 vocatur
949 5223 1282 5287 Visilianum,
1318 5237 1439 5277 cum
1473 5223 1710 5276 oratorio
1745 5231 2050 5276 sanctorum

510 5315 731 5374 Joannis
751 5323 804 5370 et
825 5314 994 5379 Pauli,
1024 5329 1144 5367 cum
1169 5313 1316 5367 casis
1345 5320 1399 5366 et
1430 5311 1620 5376 vineis,
1654 5310 1971 5364 massaritiis
2003 5320 2058 5364 et

513 5405 727 5459 familiis
749 5405 880 5470 suis,
904 5413 1101 5459 etcum
1137 5402 1385 5462 erunibus
1421 5402 1487 5455 ad
1530 5416 1589 5455 se
1629 5398 2047 5469 pertinentibus;

516 5494 817 5560 pariterque
845 5493 1040 5546 salinas
1073 5493 1125 5545 in
1173 5489 1313 5544 Urbe
1353 5488 1562 5550 Vetere,
1595 5497 1649 5543 et
1681 5488 1813 5541 alias
1855 5486 2053 5541 salinas

518 5581 717 5645 positas
754 5580 805 5633 in
841 5581 1059 5644 Abinea,
1087 5581 1234 5649 paria
1255 5580 1393 5644 duo;
1425 5579 1548 5632 item
1574 5592 1718 5640 casa,
1754 5571 2055 5631 masSaritia

523 5682 645 5719 cum
682 5669 956 5736 mancipiis
984 5670 1113 5735 suis,
1146 5679 1340 5724 etcum
1371 5668 1618 5723 omnibus
1641 5668 1689 5721 ei
1715 5667 1768 5720 in
1793 5666 2054 5732 integrum

530 5757 942 5825 pertinentibus;
975 5768 1026 5811 ct
1062 5759 1190 5814 alias
1231 5760 1444 5826 salinas,
1496 5759 1642 5827 paria
1690 5745 1823 5821 duo,
1861 5756 2059 5823 positas

2148 4595 2276 4650 rivis
2310 4609 2464 4664 aquae
2493 4591 2765 4662 perennis,
2797 4589 3059 4655 aediﬁciis,
3105 4589 3414 4658 parietinis,
3461 4590 3698 4660 cryptis,

2149 4685 2430 4749 arenariis,
2478 4692 2687 4738 etcum
2747 4681 3034 4752 aquimolis
3075 4681 3534 4752 suis;.simulque
3573 4699 3698 4737 me-

2149 4775 2399 4829 dietatem
2424 4771 2791 4827 CastelliNovi
2814 4788 2937 4827 cum
2965 4771 3080 4827 suis
3094 4772 3461 4842 pertinentiis;
3483 4781 3699 4827 curtum

2151 4878 2366 4932 quoque
2415 4870 2473 4917 et
2502 4878 2737 4918 massam
2783 4861 2840 4918 S.
2894 4861 3098 4917 Juliani
3149 4876 3274 4914 eum
3323 4860 3594 4928 pantanis,
3639 4869 3705 4916 et

2151 4953 2321 5018 silvis,
2348 4953 2506 5007 terris
2533 4953 2692 5008 cultis
2719 4961 2773 5007 et
2800 4951 3040 5016 incultis,
3071 4949 3212 5004 sicut
3233 4946 3528 5019 antiquitus
3553 4947 3700 5003 limi-

2147 5050 2258 5097 tata
2322 5041 2442 5108 fuit,
2487 5058 2610 5097 cum
2672 5041 2958 5096 medietate
3013 5035 3118 5091 laci
3157 5034 3409 5100 Borrani,
3452 5036 3707 5094 videlicet

2148 5149 2179 5187 a
2224 5133 2400 5202 primo
2445 5133 2612 5186 latere
2642 5131 2844 5184 ﬂumen
2873 5125 3116 5189 Tiberis,
3161 5139 3194 5178 ι
3245 5125 3482 5180 secundo
3530 5127 3704 5184 latere

2148 5222 2298 5276 rivus
2326 5221 2474 5285 Osee,
2506 5237 2599 5289 per
2645 5219 2895 5274 eumdem
2929 5215 3124 5278 rivum,
3159 5229 3330 5284 usque
3362 5215 3430 5270 ad
3476 5209 3706 5285 pontem

2150 5320 2456 5367 sanctarum
2493 5310 2676 5377 Digna:
2707 5315 2761 5360 et
2801 5303 3041 5369 Meritis;
3069 5317 3100 5356 a
3131 5303 3289 5358 tertio
3333 5320 3464 5359 vero
3507 5305 3702 5370 latere,

2153 5402 2221 5456 ab
2245 5402 2430 5455 eodem
2459 5408 2620 5469 ponte
2642 5411 2738 5464 per
2765 5394 3000 5459 Silicem,
3037 5409 3207 5463 usque
3240 5396 3311 5462 ad
3355 5395 3533 5449 Pilum
3583 5394 3705 5450 fra--

2156 5500 2323 5554 etum,
2353 5499 2408 5544 et
2456 5486 2649 5541 exinde
2695 5499 2787 5552 per
2834 5485 3074 5538 eamdem
3107 5483 3354 5558 Silicem_,
3411 5485 3468 5538 in
3525 5485 3707 5539 rivum

2160 5577 2392 5645 Spineti;
2429 5583 2623 5642 quarto
2653 5586 2779 5624 vero
2810 5571 2970 5625 latere
3003 5575 3320 5626 terminatur
3341 5587 3434 5642 per
3451 5572 3712 5626 eumdem

2162 5666 2335 5718 rivum
2372 5662 2574 5730 Spincti
2623 5676 2793 5730 usque
2843 5662 2895 5716 in
2925 5661 3205 5716 Silicinum
3255 5661 3459 5731 rivum,
3503 5667 3558 5713 et
3614 5675 3713 5728 per

2165 5756 2407 5810 eumdem
2436 5755 2604 5807 rivum
2637 5770 2805 5824 usque
2838 5755 2891 5809 in
2925 5755 3144 5816 (lumen,

3541 6277 3622 6312 ιλ..
3651 6293 3696 6311 rh
3731 6301 3766 6311 Α.
3799 6297 3814 6311 ι
