3944 6382
181 422 302 480 735

1079 427 1435 487 EPISTOLE
1476 423 2143 501 EXTIIMREGISTI‘UM
2183 423 2560 483 VACANTES.

3327 431 3429 486 ’ῖΞῦ

265 533 536 594 Prtetcrea
571 539 960 596 conﬁrmamus
984 549 1077 595 luo
1102 542 1768 606 venerabilimonasterio,
1802 550 1845 604 Α
1871 553 1978 607 quc
2024 548 2236 607 portam
2293 537 2452 593 Urbis
2505 552 2627 609 qua:
2666 546 2892 594 vocatur
2922 538 3102 596 Sancti
3138 540 3284 597 Pauli
3306 559 3431 600 cum

183 637 248 683 et
288 628 713 686 cmroberamus
764 633 1048 687 castellum
1101 633 1392 688 Passarani
1441 650 1564 689 eum
1611 648 1766 689 rocca

184 734 300 774 sua
348 729 404 775 ct
446 734 573 775 cum
605 722 861 777 cmuilms
891 721 994 777 sibi
1033 724 1445 793 pertinentibus.
1487 723 1771 793 Simulque

183 810 555 867 concedimus
602 812 697 867 tibi
744 828 959 869 toccam
995 828 1117 883 quae
1172 823 1396 868 vocatur
1428 815 1495 869 de
1535 812 1765 877 Guerre,

183 915 328 955 cum
370 902 625 957 onmilms
655 902 772 957 suis
813 902 1184 972 pertinentiis,
1228 912 1391 973 atque
1425 905 1767 959 medietatem

183 991 411 1046 castelli
438 992 583 1063 quod
612 1002 837 1047 vocatur
869 993 1157 1059 Columna,
1202 1008 1325 1048 cum
1354 995 1608 1049 omnibus
1653 994 1769 1050 suis

184 1080 547 1149 pcrtmeutiis
620 1080 765 1137 intus
835 1082 911 1135 vel
957 1082 1128 1146 foris,
1188 1096 1315 1137 cum
1369 1083 1598 1138 ecclesia
1656 1092 1767 1139 tota

187 1167 390 1225 Sancti
417 1168 738 1240 Salvatoris,
775 1180 828 1225 et
858 1170 962 1225 alia
993 1171 1221 1227 ecclesia
1258 1170 1454 1227 Sancta
1487 1172 1579 1225 Dei
1613 1173 1767 1243 geni-

186 1256 361 1313 tricis
389 1256 571 1313 Maria:
593 1260 768 1328 posita
792 1259 844 1312 in
872 1256 1107 1325 Oliveto;
1134 1269 1296 1329 atque
1323 1260 1547 1315 ecclesia
1582 1260 1767 1315 Sancti

186 1346 480 1404 Laurentii
539 1364 663 1419 qtnc
707 1358 933 1425 vocatur
966 1348 1290 1415 Marmorio,
1341 1365 1464 1405 cum
1515 1350 1769 1405 omnibus

185 1437 318 1493 suis
374 1438 744 1508 pertinentiis;
804 1455 902 1495 nec
969 1456 1076 1496 non
1132 1449 1185 1497 et
1246 1441 1529 1496 castellum
1586 1441 1769 1498 Sancti

188 1527 471 1586 Victorini
492 1572 507 1595 ,
554 1546 676 1586 cum
718 1533 972 1587 omnibus
1011 1548 1131 1603 qua:
1162 1533 1262 1587 sibi
1293 1533 1593 1602 pertinent;
1626 1542 1681 1588 et
1714 1535 1767 1589 in

187 1620 418 1676 civitate
452 1620 735 1677 Tiburtina
780 1624 1169 1679 monasterium
1217 1623 1399 1679 Sancti
1436 1624 1642 1695 Angeli,
1676 1626 1768 1694 qui

187 1722 429 1767 vocatur
474 1712 739 1781 Plaeiule;
785 1725 1002 1770 roccam
1046 1729 1261 1785 quoque
1302 1714 1487 1771 Sancti
1522 1715 1767 1782 Joannis,

189 1818 324 1874 qua:
348 1813 574 1858 vocatur
607 1804 969 1875 Camporacii,
1003 1822 1126 1860 cum
1171 1807 1425 1861 omnibus
1465 1808 1579 1862 suis
1606 1807 1770 1876 perti-

1868 628 2040 683 reditu
2070 643 2204 697 suo;
2252 638 2307 684 et
2336 631 2510 685 molas
2536 630 2672 686 duas
2706 630 2759 685 in
2782 630 2945 687 ﬂuvio
2967 633 3211 688 Almonis
3240 635 3433 690 subtus

1868 727 2110 787 pontem,
2166 733 2290 773 cum
2336 720 2566 775 ecclesia
2616 720 2797 777 Sancti
2851 721 3111 789 Andrem;
3154 733 3434 793 totumque

1869 809 2155 864 eaStellnm
2183 809 2367 866 Sancti
2405 809 2557 865 Pauli
2612 812 2758 882 quod
2795 823 3020 869 vocatur
3050 812 3431 885 Joannipolim,

1870 910 1992 951 cum
2026 897 2341 968 molajuxta
2364 913 2456 965 se;
2493 899 2729 969 itemque
2759 910 2931 956 totum
2956 902 3233 957 castellum
3289 904 3434 971 quod

1870 996 2095 1041 vocatur
2123 986 2475 1056 Curcurlum,
2499 1002 2621 1044 cum
2644 998 2794 1045 curle
2812 990 2995 1046 Sancti
3018 990 3216 1059 Primi;
3240 1002 3291 1047 et
3310 1008 3432 1055 cas-

1872 1085 2013 1131 trum
2044 1078 2188 1146 quod
2219 1088 2444 1135 vocatur
2471 1078 2649 1147 Polis;
2672 1090 2727 1135 et
2750 1080 3031 1135 castellum
3052 1082 3197 1152 quod
3218 1091 3437 1139 vocatur

1871 1163 2288 1233 Fustiniannm;
2320 1178 2375 1223 et
2416 1170 2700 1225 castellum
2741 1171 2883 1239 quod
2908 1182 3132 1227 vocatur
3154 1171 3436 1241 Gallicani,

1870 1256 2031 1311 sicuti
2054 1255 2374 1313 Theodorus
2423 1259 2488 1314 de
2513 1259 2708 1315 Rufino
2754 1260 2881 1315 olim
2912 1262 3005 1317 tibi
3044 1262 3220 1327 dedit;
3245 1262 3435 1318 civita—

1870 1354 1977 1402 tem
2003 1361 2132 1401 vero
2181 1347 2472 1415 Patricam,
2518 1365 2640 1405 cum
2700 1352 2955 1407 omnibus
2999 1352 3347 1423 appeudieiis,
3382 1366 3439 1406 ct

1871 1449 1995 1489 cum
2035 1445 2145 1491 tota
2193 1436 2421 1492 ecclesia
2472 1436 2655 1493 Sancti
2707 1438 3008 1507 Laurentii,
3053 1436 3212 1496 Sicuti
3248 1441 3437 1497 beatus

1872 1524 2119 1583 Marinus
2141 1542 2277 1598 papa
2301 1527 2570 1584 concessit
2595 1530 2923 1584 monasterio
2950 1540 3075 1596 tuo;
3114 1541 3166 1586 et
3194 1541 3435 1587 montem

1870 1613 2107 1681 l‘orculi,
2159 1626 2320 1686 atque
2343 1617 2730 1673 monasterium
2776 1616 2959 1673 Sancti
2980 1618 3123 1673 Petri
3153 1619 3217 1674 de
3240 1619 3436 1688 Massa,

1872 1706 2033 1761 situm
2069 1706 2122 1759 iu
2165 1707 2438 1763 territorio
2464 1708 2785 1766 Palestrino.
2824 1710 3062 1780 Itemque
3095 1714 3439 1770 concedimus

1874 1795 1969 1849 tibi
2011 1795 2261 1851 Sanctam
2286 1796 2532 1864 Mariam,
2569 1814 2690 1868 qua:
2737 1802 3149 1871 cognominatur
3192 1802 3441 1857 Domiucv

189 1893 439 1957 nemiis;
472 1893 664 1948 potum
698 1910 825 1949 νονο
863 1895 929 1949 (ιο
971 1894 1312 1949 Numanum
1353 1910 1477 1949 cum
1514 1896 1770 1951 omnibus
1804 1882 1845 1935 Β
1873 1871 2212 1953 Quo-Vadis,
2243 1896 2298 1943 et
2320 1897 2484 1943 totam
2516 1889 2785 1958 planitiem
2811 1900 2933 1945 ante
2950 1892 3147 1960 januas
3178 1892 3332 1946 dieue
3354 1907 3443 1946 cc—

188 1982 318 2036 auis
341 1983 583 2037 ecclesiis
605 1993 767 2051 atque
792 1983 1159 2053 pertinentiis;
1197 1993 1435 2037 castrum
1462 1983 1770 2039 Rotundum

189 2085 325 2126 eum
360 2071 587 2125 ecclesia
610 2069 823 2126 Sancta:
862 2071 1163 2141 Reparaue,
1201 2081 1363 2141 atque
1413 2072 1604 2127 silvam
1653 2089 1775 2143 qua:

186 2169 428 2216 vocatur
475 2161 540 2215 de
590 2161 790 2217 Sancta
842 2161 1139 2232 Reparata;
1176 2163 1231 2216 in
1284 2164 1493 2218 Albano
1546 2163 1771 2219 fundum

186 2247 443 2304 Tribuni.
491 2249 634 2316 Quin
683 2259 739 2306 et
790 2251 1059 2327 donamus
1103 2252 1233 2318 tibi,
1283 2254 1500 2323 egregio
1555 2252 1771 2307 Doctori

188 2339 473 2410 gentium,
532 2348 773 2407 castrum
829 2340 1035 2394 Flaiani
1093 2356 1218 2395 cum
1274 2342 1388 2396 suis
1436 2343 1772 2410 pertinentiis

190 2426 349 2482 intus
384 2426 467 2480 vel
502 2426 672 2493 foris,
723 2437 883 2496 atque
936 2428 1216 2482 castellum
1264 2427 1611 2494 Vaccarieiae,
1647 2444 1771 2483 cum

189 2517 455 2571 omnibus
490 2517 606 2571 suis
650 2517 1022 2586 pertinentiis;
1050 2514 1289 2586 itemque
1330 2526 1569 2573 castrum
1605 2517 1771 2573 Mori—

187 2607 330 2677 lupo
375 2622 499 2661 cum
532 2607 786 2684 omnibus
827 2609 943 2663 suis
964 2608 1333 2677 pertinentiis;
1371 2618 1610 2662 castrum
1645 2621 1773 2661 vero

190 2697 602 2767 Lepronianum
646 2713 772 2750 cum
800 2697 1056 2751 omnibus
1094 2697 1208 2751 suis
1252 2696 1627 2765 pertinentiis;
1665 2704 1772 2749 ter-

189 2788 332 2841 tiam
382 2794 594 2855 partem
648 2785 886 2840 civitatis
936 2783 1283 2853 Scapranatzc
1336 2800 1463 2840 cum
1517 2783 1773 2839 omnibus

190 2877 319 2933 suis
348 2876 717 2946 pertinentiis;
769 2876 1044 2931 civitatem
1079 2891 1208 2930 vero
1258 2875 1327 2932 de
1372 2875 1598 2931 Collinis
1645 2889 1771 2928 cum

190 2967 455 3025 Omnibus
472 2968 587 3022 suis
616 2966 983 3036 pertinentiis;
1016 2973 1257 3019 castrum
1277 2978 1496 3034 quoque
1518 2962 1771 3016 Formelli

190 3074 327 3113 cum
348 3058 605 3111 omnibus
626 3057 740 3110 suis
755 3044 1126 3126 pertinentiis;
1161 3054 1389 3109 fundum
1419 3069 1638 3124 quoque
1659 3052 1773 3108 Ma-

190 3162 490 3213 ceranum,
514 3130 923 3223 positumjuxta
962 3146 1246 3201 ecclesiam
1282 3143 1469 3199 Sancti
1503 3144 1769 3210 Cornelii;

1874 1976 2071 2041 clesitc,
2098 1977 2187 2030 ubi
2234 1976 2467 2034 fullones
2492 1980 2814 2035 caudiiicant
2844 1995 3073 2051 pannos,
3101 1996 3223 2035 cum
3263 1982 3436 2037 tribus

1874 2066 2199 2121 molendinis
2241 2082 2363 2137 quze
2416 2069 2612 2124 ibidem
2646 2081 2802 2136 sunt;
2834 2080 2890 2125 et
2940 2072 3276 2126 medietatem
3308 2072 3441 2127 circi

1874 2171 1998 2211 cum
2034 2155 2292 2212 omnibus
2316 2159 2539 2229 cryptis,
2579 2159 2667 2213 tibi
2694 2160 2836 2215 lutea
2862 2175 2992 2217 vasa
3019 2172 3351 2232 coquuntur;
3391 2173 3446 2218 et

1874 2246 2146 2312 balneum,
2191 2248 2332 2317 quod
2381 2263 2526 2302 nunc
2568 2248 2771 2304 detinet
2806 2251 3099 2321 Gregorius
3142 2252 3205 2306 de
3236 2251 3446 2307 Tuscu-

1873 2334 2027 2401 lana;
2065 2336 2349 2391 ecclesiam
2377 2353 2594 2407 quoque
2618 2337 2674 2394 S.
2710 2339 3006 2395 Salvatoris
3030 2340 3080 2394 iu
3113 2341 3285 2410 capite
3308 2358 3441 2410 pon-

1874 2425 1944 2480 tis
1973 2425 2030 2479 S.
2086 2423 2288 2492 Mariae,
2329 2442 2451 2482 cum
2480 2426 2643 2481 domo
2690 2428 2844 2497 ejus;
2884 2439 2955 2493 et,
2999 2428 3138 2483 infra
3164 2431 3347 2485 urbem
3390 2441 3446 2486 et

1876 2515 2145 2584 porticum
2179 2516 2235 2569 δ.
2274 2514 2440 2583 Petri,
2480 2516 2873 2587 quinquaginta
2912 2518 3257 2584 mansiones;
3282 2528 3446 2589 atque

1873 2604 2056 2659 decem
2079 2615 2131 2659 et
2151 2615 2273 2660 octo
2299 2605 2417 2660 [llas
2445 2606 2743 2661 salinarum
2769 2606 2818 2659 in
2846 2621 3037 2677 eampo
3067 2607 3132 2662 de
3155 2604 3368 2677 Saliae;
3393 2620 3448 2664 et

1873 2692 2073 2758 casale,
2116 2693 2261 2763 quod
2316 2705 2541 2751 vocatur
2589 2695 2867 2762 Fulconis,
2913 2706 3084 2753 totum
3113 2714 3178 2755 ex
3215 2699 3446 2769 integro,

1875 2800 2049 2854 usque
2083 2785 2151 2840 ad
2170 2796 2389 2855 pontem
2422 2784 2570 2841 Mclli
2606 2794 2663 2841 et
2684 2802 2860 2856 usque
2887 2787 2951 2841 ad
2985 2786 3042 2843 δ.
3074 2787 3363 2854 Lcucium;
3394 2799 3452 2844 et

1874 2884 2046 2929 totum
2088 2873 2480 2941 Fascanorum,
2529 2884 2586 2931 et
2637 2882 2809 2930 totum
2862 2874 3155 2943 Quintum;
3187 2887 3241 2931 et
3279 2888 3447 2931 totam

1874 2963 2161 3019 Galleriam
2184 2979 2307 3018 cum
2330 2964 2539 3019 colonis
2563 2973 2617 3018 ct
2637 2964 2935 3020 eolonabus
2966 2964 3113 3037 suis;
3151 2977 3447 3037 atquemc»

1873 3054 2127 3110 dictatem
2150 3054 2386 3109 civitatis
2411 3053 2747 3108 Manturanzc
2761 3064 2815 3109 et
2841 3054 3007 3110 totius
3024 3036 3286 3111 territorii
3304 3056 3446 3128 ejus,

1876 3160 2001 3200 cum
2032 3145 2242 3200 colonis
2279 3154 2333 3200 et
2362 3144 2661 3200 eolonabus
2692 3144 2855 3211 suis,
2885 3144 3045 3201 sicuti
3080 3163 3214 3217 papa
3250 3148 3449 3218 Agapi-

193 3212 594 3292 monasterium
620 3212 805 3291 sancti
842 3235 1115 3290 Benedicti
1149 3236 1216 3290 de
1255 3233 1420 3299 Nepe,
1449 3234 1685 3302 positum
1720 3234 1773 3286 in
1802 3212 1843 3268 C
1878 3243 1964 3290 tus
1988 3235 2135 3289 dedit
2164 3236 2493 3291 monasterio
2516 3242 2630 3299 tno,
2655 3234 2747 3303 qui
2782 3244 2835 3289 et
2855 3212 3446 3291 alteratn—m—cdietatem

192 3325 496 3390 Pentoma;
530 3339 767 3378 massam
798 3340 918 3392 quae
944 3332 1171 3377 vocatur
1211 3322 1506 3387 Ulmetnm,
1537 3321 1769 3390 positam

192 3414 257 3468 in
310 3413 583 3466 territorio
625 3410 925 3481 Nepesino;
973 3412 1223 3466 similiter
1256 3426 1494 3465 massam
1527 3426 1649 3480 qua:
1671 3425 1772 3465 vo-

191 3511 359 3559 catur
379 3500 610 3569 Meiana,
645 3502 879 3572 positam
919 3502 1075 3571 juxta
1101 3500 1427 3571 Nepesinam
1462 3500 1772 3565 civitatem;

194 3600 365 3661 atque
401 3592 580 3646 lacum
624 3592 717 3660 qui
764 3599 990 3643 vocatur
1018 3589 1255 3655 Jamela;
1306 3591 1547 3658 itemque
1577 3603 1775 3643 concc-

190 3681 383 3737 dimus
434 3680 561 3746 tibi,
615 3681 833 3749 egregio
885 3678 1105 3733 Doctori
1155 3679 1428 3748 gentium,
1487 3678 1775 3761 ecclesiam

193 3772 391 3827 Sancti
439 3770 701 3842 Stephani
732 3786 857 3826 eum
899 3771 1125 3826 castello
1167 3780 1223 3825 et
1257 3768 1435 3841 burgo
1480 3784 1601 3835 suo,
1625 3769 1774 3839 posi-
1808 3788 1823 3800 ο

192 3871 315 3925 tam
364 3864 521 3933 juxta
574 3863 846 3918 civitatem
900 3863 1229 3928 Sutrinum,
1286 3877 1411 3916 cum
1467 3861 1626 3915 terris
1680 3872 1775 3912 seu

193 3955 397 4019 hortis,
446 3962 608 4023 atque
658 3954 1005 4017 molendinis,
1060 3954 1266 4015 vineis,
1311 3951 1541 4019 campis,
1584 3949 1775 4018 pratis,

189 4046 452 4116 pascuis,
511 4043 800 4098 arboribus
863 4040 1176 4112 pomiferis,
1229 4040 1525 4094 fructiferis
1565 4038 1647 4093 vel
1696 4038 1779 4091 iu-

189 4128 527 4187 frnctiferis.’
568 4131 679 4186 Nec
720 4147 827 4185 non
874 4140 927 4185 et
971 4131 1359 4185 confirmamus
1408 4130 1502 4183 tibi
1544 4128 1779 4199 l‘undum

189 4222 293 4292 qui
352 4231 580 4277 vocatur
627 4221 833 4287 Lubrc,
883 4237 1009 4276 cum
1061 4222 1237 4276 vineis
1299 4230 1353 4277 et
1398 4221 1599 4291 pratis,
1655 4232 1779 4272 cum

190 4313 363 4369 terris
383 4313 935 4379 sementariciis,cum
957 4312 1239 4382 plantariis
1262 4321 1315 4365 et
1338 4311 1622 4378 paludibus
1643 4307 1776 4361 suis.

272 4401 517 4473 Itemque
544 4404 935 4459 conﬁrmamus
977 4400 1350 4456 litereditatem
1375 4414 1498 4469 qute
1519 4398 1648 4451 olim
1680 4396 1783 4452 l'uit

1876 3323 2098 3377 retinuit
2123 3323 2177 3377 in
2221 3323 2465 3379 dominio
2515 3338 2646 3390 suo;
2671 3332 2722 3378 et
2760 3324 3101 3380 medietatetn
3127 3325 3313 3381 l‘ontis
3346 3324 3447 3380 Ve-

1876 3412 2037 3480 neni;
2078 3421 2133 3468 et
2175 3412 2313 3468 duas
2361 3408 2622 3469 eeclcsias
2669 3413 2722 3467 in
2759 3414 3149 3485 collina,juxta
3202 3414 3449 3470 Vaccari.

1875 3505 2038 3572 ciam,
2069 3519 2192 3559 cum
2223 3504 2477 3560 omnibus
2518 3504 2661 3559 villis
2704 3504 2840 3571 suis,
2890 3505 2941 3560 id
2987 3515 3071 3562 est
3115 3505 3171 3560 δ.
3212 3506 3448 3560 Christi.

1877 3610 2001 3649 nam
2027 3604 2083 3650 et
2114 3594 2171 3649 S.
2200 3594 2462 3662 Luciani;
2508 3605 2561 3650 et
2578 3606 2826 3665 quatuor
2876 3611 3086 3651 massas
3122 3597 3173 3649 in
3200 3595 3451 3651 Νιικκηινι.

1877 3700 2051 3753 usque
2076 3685 2142 3739 ad
2177 3694 2387 3754 portam
2435 3685 2607 3752 ipsius
2638 3684 2847 3739 castelli
2891 3684 3034 3752 quod
3062 3694 3285 3738 vocatur
3311 3684 3446 3738 Naz-

1879 3788 2099 3839 zanum,
2125 3782 2180 3828 ει
2221 3788 2394 3843 usque
2426 3773 2491 3827 ad
2541 3787 2723 3828 casam
2752 3784 3170 3840 tnurmuratant,
3214 3790 3447 3844 ([lIOI‘llllo

1877 3862 2099 3918 nomina
2126 3862 2241 3917 lucc
2270 3872 2438 3918 sunt:
2476 3861 2907 3930 Monumentum,
2951 3862 3315 3931 Prisciannm,
3341 3864 3445 3919 Pa-

1878 3960 2207 4020 ramentum,
2256 3952 2933 4019 Cascanum,Casaretuli,
2984 3968 3150 4021 prope
3201 3962 3441 4005 tuentem
3484 4002 3494 4009 .

1882 4032 2115 4110 Soracti,
2150 4058 2274 4098 cum
2320 4043 2527 4097 colonis
2569 4052 2623 4095 et
2665 4041 2962 4095 eolonabus
2984 4040 3117 4105 suis,
3146 4056 3265 4108 qu:e
3299 4041 3448 4095 dedit

1879 4131 2132 4185 Farull‘us
2158 4145 2342 4185 comes
2371 4131 2486 4195 tibi,
2528 4130 2620 4199 qui
2649 4130 2891 4199 sepultus
2915 4138 2998 4184 cst
3037 4129 3090 4182 in
3114 4132 3446 4186 monasterio

1882 4230 2005 4286 tuo;
2055 4220 2292 4290 itemque
2332 4227 2504 4274 totum
2534 4234 2724 4288 agrum
2773 4217 3065 4283 Veranum,
3108 4219 3196 4274 tibi
3220 4222 3445 4275 ecclesia

1883 4310 1941 4364 δ.
1984 4309 2261 4364 Laurentii
2314 4309 2568 4380 martyris
2595 4309 2696 4363 sita
2731 4316 2834 4372 est,
2872 4323 3034 4378 quem
3057 4308 3449 4364 Constantinus

1882 4399 2174 4468 imperator
2210 4397 2304 4452 tibi
2334 4396 2549 4451 Doctori
2585 4396 2823 4467 gentium
2847 4396 3009 4462 dedit,
3037 4396 3126 4449 tali
3174 4406 3359 4451 tenore
3389 4411 3450 4453 ut

191 4491 267 4549 de
288 4491 464 4546 Guido
490 4492 556 4545 de
582 4492 755 4561 Sergi,
797 4492 983 4560 postea
1026 4499 1204 4559 empta
1236 4505 1266 4543 a
1292 4489 1624 4544 monasterio
1648 4496 1775 4552 tuo;
1810 4531 1853 4584 Β
1881 4502 1975 4556 per
2009 4486 2253 4557 singulos
2276 4501 2449 4541 annos
2474 4487 2722 4540 redderes
2756 4494 3024 4538 trecentos
3058 4484 3447 4555 quinquaginta

190 4592 455 4654 quartam
511 4582 719 4637 scilicet
750 4590 960 4653 partem
994 4580 1363 4646 Castellionis,
1416 4596 1508 4635 sex
1570 4578 1773 4648 pedicis

193 4684 358 4729 terra:
389 4674 807 4737 sementariciis,
822 4688 945 4727 cum
963 4671 1155 4736 vineis,
1172 4686 1264 4725 seu
1285 4669 1589 4738 plantariis,
1611 4676 1773 4735 atque

189 4764 390 4835 pratis,
442 4773 606 4831 atque
647 4776 770 4815 cum
822 4769 974 4830 parte
1021 4768 1214 4829 quarta
1238 4757 1573 4823 ,riviOctavi,
1612 4766 1774 4826 atque

188 4854 481 4911 ecclesiam
507 4851 690 4907 Sancti
720 4836 965 4947 Joan'pis,
989 4850 1221 4920 positam
1250 4850 1303 4903 in
1339 4848 1507 4902 fundo
1534 4848 1628 4917 qui
1672 4862 1770 4901 vo-

187 4944 353 4998 catur
378 4941 633 5005 Maliano,
655 4956 777 4994 cum
809 4938 927 5009 ipso
958 4940 1147 5005 fundo,
1173 4938 1378 4995 sicutia
1410 4938 1614 4993 sanctis
1638 4954 1771 5010 pon-

188 5032 437 5087 tiﬁcibus
484 5043 805 5083 concessum
846 5038 929 5083 est
976 5030 1105 5093 tibi;
1160 5030 1286 5084 item
1322 5030 1377 5082 in
1405 5028 1620 5084 civitate
1654 5026 1764 5083 llo-

186 5123 410 5189 stiensi,
437 5121 727 5177 ecclesiam
762 5129 961 5175 sancta:
991 5119 1267 5190 genitricis
1313 5119 1494 5175 Mariae
1527 5119 1769 5174 Domina:

186 5220 420 5275 nostra,
468 5224 595 5264 cum
621 5209 736 5264 suis
764 5207 1135 5279 pertinentiis;
1166 5216 1220 5261 et
1251 5207 1405 5276 juxta
1446 5190 1617 5272 mare,
1653 5222 1765 5260 mc-

186 5303 452 5358 dietatcm
485 5300 728 5354 ecclesiae
770 5300 953 5355 Sancti
983 5298 1279 5362 Laurentii,
1327 5298 1486 5352 sitam
1511 5298 1563 5350 in
1609 5296 1767 5350 terri-

188 5393 337 5452 torio
383 5390 712 5454 Ardeatino;
746 5401 908 5461 atque
948 5388 1231 5446 ecclesiam
1280 5388 1598 5454 Salvatoris,
1625 5388 1769 5457 posi-

189 5496 301 5539 tam
353 5484 409 5537 in
460 5481 725 5546 'Decitno;
770 5482 1050 5537 castellum
1086 5495 1301 5550 queque
1341 5481 1484 5547 quod
1542 5489 1768 5533 vocatur

192 5578 431 5633 Sanctus
473 5573 677 5629 l’aulus
720 5573 771 5626 in
804 5573 971 5639 Jona;
999 5584 1194 5628 terram
1238 5588 1364 5627 vero
1401 5572 1466 5624 de
1496 5570 1761 5636 (Ianueto,

190 5686 314 5741 qua:
334 5678 422 5724 est
472 5667 609 5722 foris
631 5675 835 5734 portam
863 5666 1045 5719 Sancti
1075 5664 1247 5728 Pauli,
1273 5665 1425 5733 juxta
1471 5661 1758 5731 porticum,

190 5777 356 5833 quam
401 5773 550 5817 nunc
598 5756 836 5813 detinent
868 5757 1115 5813 monachi
1146 5757 1327 5812 Sancti
1359 5754 1650 5824 Bouil‘aeii;
1682 5764 1759 5807 at-

1875 4578 2111 4644 solidos;
2170 4579 2280 4634 duo
2320 4592 2537 4647 quoque
2576 4575 2795 4629 castella
2832 4589 2954 4644 qum
2988 4574 3190 4629 detinet
3236 4574 3444 4643 Rayne-

1876 4668 1992 4723 rius
2045 4684 2250 4732 comes,
2296 4667 2438 4719 ﬁlius
2492 4663 2690 4730 Veillrc,
2754 4664 2804 4719 id
2862 4674 2948 4720 est
2992 4680 3150 4720 mons
3191 4662 3357 4725 Pado,
3392 4672 3447 4723 et

1874 4759 2137 4826 Campum
2188 4756 2388 4820 lacum,
2416 4754 2756 4819 Grossetutn,
2783 4769 2904 4822 qua:
2947 4751 3133 4809 omnia
3178 4750 3271 4803 tibi
3298 4749 3448 4803 dedit

1875 4848 2044 4901 beata:
2093 4845 2371 4900 memoriae
2410 4860 2549 4915 papa
2595 4843 2857 4909 Marinus,
2894 4857 3016 4903 cum
3056 4839 3445 4917 Els.'t.lllajorc,

1873 4952 1996 5007 quze
2020 4946 2248 4992 vocatur
2269 4936 2487 4991 Crassa.
3022 4985 3027 4990 .

1939 5026 2178 5082 Tandem
2204 5028 2330 5095 quia
2354 5026 2571 5094 longum
2593 5034 2677 5082 est
2709 5024 2789 5079 ire
2819 5038 2912 5094 per
2943 5024 3177 5095 singula,
3202 5039 3445 5081 summa-

1870 5119 1964 5173 tim
1988 5118 2373 5173 confirmamus
2395 5124 2449 5171 et
2477 5114 2899 5171 corroboramus
2923 5114 3017 5170 tibi
3039 5125 3239 5185 tuoque
3260 5129 3443 5170 emno-

1871 5210 1961 5265 bio
1999 5209 2050 5263 in
2081 5218 2395 5278 perpetuum
2418 5206 2677 5276 quidquid
2704 5205 3082 5260 conﬁrmatum
3105 5214 3159 5260 et
3178 5203 3441 5259 corrobo-

1873 5311 2049 5355 ratum
2100 5300 2193 5355 tibi
2244 5307 2459 5354 constat
2500 5311 2595 5365 per
2655 5305 3062 5349 antecesserunt
3127 5302 3442 5349 nostrorum

1878 5391 2177 5462 privilegia,
2222 5404 2316 5445 seu
2361 5385 2617 5455 quidquid
2662 5385 2867 5454 justum
2905 5395 2958 5441 et
2995 5396 3313 5437 concessum
3345 5386 3442 5439 tibi

1874 5492 1958 5537 est
2003 5491 2055 5537 ct
2086 5480 2335 5545 deinceps
2364 5475 2688 5529 concedetur
2726 5490 2823 5543 per
2849 5471 3213 5541 quorumlibet
3260 5473 3437 5524 homi-

1875 5587 2003 5632 num
2048 5569 2267 5637 scripta.
2306 5565 2386 5619 Ab
2409 5564 2554 5621 omni
2601 5565 2760 5619 etiam
2806 5562 2936 5631 jugo
2973 5576 3067 5617 seu
3117 5562 3315 5616 ditionc
3336 5573 3434 5611 cu-

1866 5664 2178 5731 juscunqne
2243 5670 2483 5726 personx
2549 5650 2829 5721 pra'fatum
2895 5650 3281 5705 monasterium
3332 5647 3437 5700 lioc

1868 5750 2146 5822 privilegio
2188 5759 2383 5807 nostra?
2415 5742 2752 5801 auctoritatis
2800 5741 3147 5798 absolvimus.
3186 5736 3435 5794 Decerni-
