  <div class='ocr_page' id='page_1' title='image "/cluster/home/n/w/nwhite01/storage/ocr_20150623/148/uva.x000829792/372.png"; bbox 0 0 3944 6418; ppageno 0'>
   <div class='ocr_carea' id='block_1_1' title="bbox 203 435 316 492">
    <p class='ocr_par' dir='ltr' id='par_1_1' title="bbox 203 435 316 492">
     <span class='ocr_line' id='line_1_1' title="bbox 203 435 316 492; baseline 0.044 -5"><span class='ocrx_word' id='word_1_1' title='bbox 203 435 316 492; x_wconf 72' lang='lat'><strong>729</strong></span> 
     </span>
    </p>
   </div>
   <div class='ocr_carea' id='block_1_2' title="bbox 1080 435 2554 504">
    <p class='ocr_par' dir='ltr' id='par_1_2' title="bbox 1080 435 2554 504">
     <span class='ocr_line' id='line_1_2' title="bbox 1080 435 2554 504; baseline 0.012 -17"><span class='ocrx_word' id='word_1_2' title='bbox 1080 435 1433 492; x_wconf 46' lang='lat' dir='ltr'><strong>EPISTOLJ‘E</strong></span> <span class='ocrx_word' id='word_1_3' title='bbox 1474 437 1710 493; x_wconf 55' lang='lat' dir='ltr'><strong>EXTRA&#39;</strong></span> <span class='ocrx_word' id='word_1_4' title='bbox 1746 439 2135 500; x_wconf 78' lang='lat' dir='ltr'><strong>REGISTRUM</strong></span> <span class='ocrx_word' id='word_1_5' title='bbox 2179 445 2554 504; x_wconf 67' lang='lat' dir='ltr'><strong>VAGANTILS.</strong></span> 
     </span>
    </p>
   </div>
   <div class='ocr_carea' id='block_1_3' title="bbox 3318 461 3419 516">
    <p class='ocr_par' dir='ltr' id='par_1_3' title="bbox 3318 461 3419 516">
     <span class='ocr_line' id='line_1_3' title="bbox 3318 461 3419 516; baseline 0.02 -2"><span class='ocrx_word' id='word_1_6' title='bbox 3318 461 3419 516; x_wconf 81' lang='lat'><strong>750</strong></span> 
     </span>
    </p>
   </div>
   <div class='ocr_carea' id='block_1_4' title="bbox 199 547 3421 635">
    <p class='ocr_par' dir='ltr' id='par_1_4' title="bbox 199 547 3421 635">
     <span class='ocr_line' id='line_1_4' title="bbox 199 547 3421 635; baseline 0.007 -35"><span class='ocrx_word' id='word_1_7' title='bbox 199 548 356 602; x_wconf 71' lang='lat' dir='ltr'><strong>ferre</strong></span> <span class='ocrx_word' id='word_1_8' title='bbox 381 548 598 611; x_wconf 88' lang='lat' dir='ltr'><strong>audeat,</strong></span> <span class='ocrx_word' id='word_1_9' title='bbox 631 557 724 600; x_wconf 90' lang='lat' dir='ltr'><strong>aut</strong></span> <span class='ocrx_word' id='word_1_10' title='bbox 748 549 800 600; x_wconf 88' lang='lat' dir='ltr'><strong>in</strong></span> <span class='ocrx_word' id='word_1_11' title='bbox 823 562 1008 601; x_wconf 78' lang='lat' dir='ltr'><strong>eorum</strong></span> <span class='ocrx_word' id='word_1_12' title='bbox 1042 547 1382 602; x_wconf 73' lang='lat' dir='ltr'><strong>monasteriis</strong></span> <span class='ocrx_word' id='word_1_13' title='bbox 1412 564 1605 603; x_wconf 83' lang='lat' dir='ltr'><strong>novam</strong></span> <span class='ocrx_word' id='word_1_14' title='bbox 1637 565 1767 604; x_wconf 90' lang='lat' dir='ltr'><strong>con-</strong></span> <span class='ocrx_word' id='word_1_15' title='bbox 1796 557 1840 612; x_wconf 84' lang='grc' dir='ltr'><strong>Λ</strong></span> <span class='ocrx_word' id='word_1_16' title='bbox 1867 555 1920 609; x_wconf 90' lang='lat' dir='ltr'><strong>in</strong></span> <span class='ocrx_word' id='word_1_17' title='bbox 1940 555 2157 611; x_wconf 76' lang='lat' dir='ltr'><strong>Christo</strong></span> <span class='ocrx_word' id='word_1_18' title='bbox 2181 557 2963 622; x_wconf 64' lang='lat' dir='ltr'><strong>frat-ziAltmauno,l‘ataViensi</strong></span> <span class='ocrx_word' id='word_1_19' title='bbox 2984 565 3255 635; x_wconf 80' lang='lat' dir='ltr'><strong>episeopo,</strong></span> <span class='ocrx_word' id='word_1_20' title='bbox 3277 567 3421 624; x_wconf 87' lang='lat' dir='ltr'><strong>salu-</strong></span> 
     </span>
    </p>
   </div>
   <div class='ocr_carea' id='block_1_5' title="bbox 198 637 1707 693">
    <p class='ocr_par' dir='ltr' id='par_1_5' title="bbox 198 637 1707 693">
     <span class='ocr_line' id='line_1_5' title="bbox 198 637 1707 693; baseline 0 0"><span class='ocrx_word' id='word_1_21' title='bbox 198 637 559 693; x_wconf 89' lang='lat' dir='ltr'><strong>suetudinem</strong></span> <span class='ocrx_word' id='word_1_22' title='bbox 592 645 781 690; x_wconf 77' lang='lat' dir='ltr'><strong>contra</strong></span> <span class='ocrx_word' id='word_1_23' title='bbox 818 639 1004 690; x_wconf 80' lang='lat' dir='ltr'><strong>volunt</strong></span> <span class='ocrx_word' id='word_1_24' title='bbox 1023 647 1146 691; x_wconf 71' lang='lat' dir='ltr'><strong>item</strong></span> <span class='ocrx_word' id='word_1_25' title='bbox 1171 653 1359 691; x_wconf 85' lang='lat' dir='ltr'><strong>eorum</strong></span> <span class='ocrx_word' id='word_1_26' title='bbox 1381 639 1707 693; x_wconf 84' lang='lat' dir='ltr'><strong>iuducat.....</strong></span> 
     </span>
    </p>
   </div>
   <div class='ocr_carea' id='block_1_6' title="bbox 895 725 1101 779">
    <p class='ocr_par' dir='ltr' id='par_1_6' title="bbox 895 725 1101 779">
     <span class='ocr_line' id='line_1_6' title="bbox 895 725 1101 779; baseline -0.005 0"><span class='ocrx_word' id='word_1_27' title='bbox 895 725 1101 779; x_wconf 89' lang='lat' dir='ltr'><strong>LXXX.</strong></span> 
     </span>
    </p>
   </div>
   <div class='ocr_carea' id='block_1_7' title="bbox 199 814 1768 884">
    <p class='ocr_par' dir='ltr' id='par_1_7' title="bbox 199 814 1768 884">
     <span class='ocr_line' id='line_1_7' title="bbox 199 814 1768 884; baseline -0.001 -15"><span class='ocrx_word' id='word_1_28' title='bbox 199 814 535 884; x_wconf 67' lang='lat' dir='ltr'><strong>Gregorius</strong></span> <span class='ocrx_word' id='word_1_29' title='bbox 586 815 694 869; x_wconf 84' lang='lat' dir='ltr'><strong>VII</strong></span> <span class='ocrx_word' id='word_1_30' title='bbox 743 815 1043 880; x_wconf 78' lang='lat' dir='ltr'><strong>Altmamto,</strong></span> <span class='ocrx_word' id='word_1_31' title='bbox 1120 817 1356 884; x_wconf 80' lang='lat' dir='ltr'><strong>episcopo</strong></span> <span class='ocrx_word' id='word_1_32' title='bbox 1415 816 1768 881; x_wconf 74' lang='lat' dir='ltr'><strong>Passariensi,</strong></span> 
     </span>
    </p>
   </div>
   <div class='ocr_carea' id='block_1_8' title="bbox 286 883 1768 964">
    <p class='ocr_par' dir='ltr' id='par_1_8' title="bbox 286 883 1768 964">
     <span class='ocr_line' id='line_1_8' title="bbox 286 883 1768 964; baseline 0.003 -30"><span class='ocrx_word' id='word_1_33' title='bbox 286 883 627 964; x_wconf 54' lang='lat' dir='ltr'><strong>(epistolam</strong></span> <span class='ocrx_word' id='word_1_34' title='bbox 648 885 902 964; x_wconf 52' lang='lat' dir='ltr'><strong>mittitﬁtt</strong></span> <span class='ocrx_word' id='word_1_35' title='bbox 921 901 1026 964; x_wconf 75' lang='lat' dir='ltr'><strong>qua</strong></span> <span class='ocrx_word' id='word_1_36' title='bbox 1061 885 1108 937; x_wconf 80' lang='lat' dir='ltr'><strong>ei</strong></span> <span class='ocrx_word' id='word_1_37' title='bbox 1136 883 1354 954; x_wconf 78' lang='lat' dir='ltr'><strong>rigorem</strong></span> <span class='ocrx_word' id='word_1_38' title='bbox 1383 901 1637 939; x_wconf 63' lang='lat' dir='ltr'><strong>canonum</strong></span> <span class='ocrx_word' id='word_1_39' title='bbox 1672 901 1768 953; x_wconf 81' lang='lat' dir='ltr'><strong>pro</strong></span> 
     </span>
    </p>
   </div>
   <div class='ocr_carea' id='block_1_9' title="bbox 281 953 1038 1021">
    <p class='ocr_par' dir='ltr' id='par_1_9' title="bbox 281 953 1038 1021">
     <span class='ocr_line' id='line_1_9' title="bbox 281 953 1038 1021; baseline 0.004 -18"><span class='ocrx_word' id='word_1_40' title='bbox 281 960 512 1020; x_wconf 83' lang='lat' dir='ltr'><strong>tempore</strong></span> <span class='ocrx_word' id='word_1_41' title='bbox 537 955 679 1021; x_wconf 73' lang='lat' dir='ltr'><strong>ﬂecti</strong></span> <span class='ocrx_word' id='word_1_42' title='bbox 711 953 987 1021; x_wconf 72' lang='lat' dir='ltr'><strong>permittit.</strong></span> <span class='ocrx_word' id='word_1_43' title='bbox 1018 971 1038 1005; x_wconf 83' lang='grc'>›</span> 
     </span>
    </p>
   </div>
   <div class='ocr_carea' id='block_1_10' title="bbox 753 1030 1330 1123">
    <p class='ocr_par' dir='ltr' id='par_1_10' title="bbox 753 1030 1330 1123">
     <span class='ocr_line' id='line_1_10' title="bbox 753 1030 1330 1123; baseline 0.009 -30"><span class='ocrx_word' id='word_1_44' title='bbox 753 1042 930 1112; x_wconf 66' lang='lat' dir='ltr'><strong>(Anno</strong></span> <span class='ocrx_word' id='word_1_45' title='bbox 963 1030 1240 1114; x_wconf 77' lang='lat' dir='ltr'><strong>t073-85.)</strong></span> <span class='ocrx_word' id='word_1_46' title='bbox 1325 1118 1330 1123; x_wconf 18' lang='grc' dir='ltr'>δ</span> 
     </span>
    </p>
   </div>
   <div class='ocr_carea' id='block_1_11' title="bbox 203 1129 1770 1202">
    <p class='ocr_par' dir='ltr' id='par_1_11' title="bbox 203 1129 1770 1202">
     <span class='ocr_line' id='line_1_11' title="bbox 203 1129 1770 1202; baseline 0.001 -20"><span class='ocrx_word' id='word_1_47' title='bbox 203 1129 377 1201; x_wconf 79' lang='lat' dir='ltr'><strong>[Vita</strong></span> <span class='ocrx_word' id='word_1_48' title='bbox 405 1129 700 1197; x_wconf 81' lang='lat' dir='ltr'><strong>Altmanni,</strong></span> <span class='ocrx_word' id='word_1_49' title='bbox 734 1132 866 1185; x_wconf 78' lang='lat' dir='ltr'><strong>Acta</strong></span> <span class='ocrx_word' id='word_1_50' title='bbox 903 1132 1001 1187; x_wconf 91' lang='lat' dir='ltr'><strong>SS.</strong></span> <span class='ocrx_word' id='word_1_51' title='bbox 1048 1133 1324 1198; x_wconf 83' lang='lat' dir='ltr'><strong>Bolland.,</strong></span> <span class='ocrx_word' id='word_1_52' title='bbox 1349 1134 1484 1202; x_wconf 77' lang='lat' dir='ltr'><strong>Aug.</strong></span> <span class='ocrx_word' id='word_1_53' title='bbox 1529 1131 1592 1197; x_wconf 86' lang='lat' dir='ltr'><strong>ll,</strong></span> <span class='ocrx_word' id='word_1_54' title='bbox 1621 1130 1770 1202; x_wconf 69' lang='lat'><strong>574.]</strong></span> 
     </span>
    </p>
   </div>
   <div class='ocr_carea' id='block_1_12' title="bbox 279 1217 1770 1293">
    <p class='ocr_par' dir='ltr' id='par_1_12' title="bbox 279 1217 1770 1293">
     <span class='ocr_line' id='line_1_12' title="bbox 279 1217 1770 1293; baseline 0.003 -20"><span class='ocrx_word' id='word_1_55' title='bbox 279 1217 594 1277; x_wconf 70' lang='lat' dir='ltr'><strong>Caesonius</strong></span> <span class='ocrx_word' id='word_1_56' title='bbox 613 1221 915 1293; x_wconf 86' lang='lat' dir='ltr'><strong>episcopus,</strong></span> <span class='ocrx_word' id='word_1_57' title='bbox 933 1239 1121 1280; x_wconf 83' lang='lat' dir='ltr'><strong>servus</strong></span> <span class='ocrx_word' id='word_1_58' title='bbox 1141 1239 1418 1280; x_wconf 89' lang='lat' dir='ltr'><strong>servorum</strong></span> <span class='ocrx_word' id='word_1_59' title='bbox 1441 1223 1554 1288; x_wconf 90' lang='lat' dir='ltr'><strong>Dei,</strong></span> <span class='ocrx_word' id='word_1_60' title='bbox 1576 1223 1770 1277; x_wconf 86' lang='lat' dir='ltr'><strong>dilecto</strong></span> 
     </span>
    </p>
   </div>
   <div class='ocr_carea' id='block_1_13' title="bbox 876 1801 1106 1856">
    <p class='ocr_par' dir='ltr' id='par_1_13' title="bbox 876 1801 1106 1856">
     <span class='ocr_line' id='line_1_13' title="bbox 876 1801 1106 1856; baseline 0 -1"><span class='ocrx_word' id='word_1_61' title='bbox 876 1801 1106 1856; x_wconf 82' lang='lat' dir='ltr'><strong>LXXXI.</strong></span> 
     </span>
    </p>
   </div>
   <div class='ocr_carea' id='block_1_14' title="bbox 284 1909 1698 1996">
    <p class='ocr_par' dir='ltr' id='par_1_14' title="bbox 284 1909 1698 1996">
     <span class='ocr_line' id='line_1_14' title="bbox 284 1909 1698 1996; baseline 0.001 -32"><span class='ocrx_word' id='word_1_62' title='bbox 284 1909 524 1982; x_wconf 78' lang='lat' dir='ltr'><strong>Gregorii</strong></span> <span class='ocrx_word' id='word_1_63' title='bbox 577 1912 685 1967; x_wconf 83' lang='lat' dir='ltr'><strong>VII</strong></span> <span class='ocrx_word' id='word_1_64' title='bbox 730 1913 1059 1996; x_wconf 55' lang='lat' dir='ltr'><strong>pririleqium</strong></span> <span class='ocrx_word' id='word_1_65' title='bbox 1093 1932 1187 1996; x_wconf 73' lang='lat' dir='ltr'><strong>pro</strong></span> <span class='ocrx_word' id='word_1_66' title='bbox 1215 1915 1528 1970; x_wconf 82' lang='lat' dir='ltr'><strong>monasterio</strong></span> <span class='ocrx_word' id='word_1_67' title='bbox 1576 1912 1698 1965; x_wconf 80' lang='lat' dir='ltr'><strong>Vin-</strong></span> 
     </span>
    </p>
   </div>
   <div class='ocr_carea' id='block_1_15' title="bbox 741 1983 1124 2036">
    <p class='ocr_par' dir='ltr' id='par_1_15' title="bbox 741 1983 1124 2036">
     <span class='ocr_line' id='line_1_15' title="bbox 741 1983 1124 2036; baseline 0.005 -2"><span class='ocrx_word' id='word_1_68' title='bbox 741 2023 750 2026; x_wconf 77' lang='lat'>.</span> <span class='ocrx_word' id='word_1_69' title='bbox 836 1983 1124 2036; x_wconf 74' lang='lat' dir='ltr'><strong>docinensi.</strong></span> 
     </span>
    </p>
   </div>
   <div class='ocr_carea' id='block_1_16' title="bbox 338 2071 1252 2142">
    <p class='ocr_par' dir='ltr' id='par_1_16' title="bbox 338 2071 1252 2142">
     <span class='ocr_line' id='line_1_16' title="bbox 338 2071 1252 2142; baseline 0.005 -20"><span class='ocrx_word' id='word_1_70' title='bbox 338 2131 344 2140; x_wconf 30' lang='grc' dir='ltr'><strong>ε</strong></span> <span class='ocrx_word' id='word_1_71' title='bbox 723 2071 901 2142; x_wconf 84' lang='lat' dir='ltr'><strong>(Anno</strong></span> <span class='ocrx_word' id='word_1_72' title='bbox 967 2072 1252 2142; x_wconf 67' lang='grc' dir='ltr'><strong>ΗΠΒ-85.)</strong></span> 
     </span>
    </p>
   </div>
   <div class='ocr_carea' id='block_1_17' title="bbox 354 2157 1628 2234">
    <p class='ocr_par' dir='ltr' id='par_1_17' title="bbox 354 2157 1628 2234">
     <span class='ocr_line' id='line_1_17' title="bbox 354 2157 1628 2234; baseline 0.002 -22"><span class='ocrx_word' id='word_1_73' title='bbox 354 2157 599 2234; x_wconf 51' lang='lat' dir='ltr'><strong>[Limon</strong></span> <span class='ocrx_word' id='word_1_74' title='bbox 631 2157 792 2230; x_wconf 88' lang='lat' dir='ltr'><strong>Opp.,</strong></span> <span class='ocrx_word' id='word_1_75' title='bbox 824 2170 954 2216; x_wconf 78' lang='lat' dir='ltr'><strong>tom.</strong></span> <span class='ocrx_word' id='word_1_76' title='bbox 979 2161 1067 2230; x_wconf 86' lang='lat' dir='ltr'><strong>Ill,</strong></span> <span class='ocrx_word' id='word_1_77' title='bbox 1099 2173 1240 2234; x_wconf 88' lang='lat' dir='ltr'><strong>part.</strong></span> <span class='ocrx_word' id='word_1_78' title='bbox 1269 2165 1308 2228; x_wconf 78' lang='grc' dir='ltr'><strong>ι,</strong></span> <span class='ocrx_word' id='word_1_79' title='bbox 1328 2179 1448 2233; x_wconf 79' lang='lat' dir='ltr'><strong>pag,</strong></span> <span class='ocrx_word' id='word_1_80' title='bbox 1478 2162 1628 2232; x_wconf 73' lang='lat'><strong>567.]</strong></span> 
     </span>
    </p>
   </div>
   <div class='ocr_carea' id='block_1_18' title="bbox 275 2221 1764 2318">
    <p class='ocr_par' dir='ltr' id='par_1_18' title="bbox 275 2221 1764 2318">
     <span class='ocr_line' id='line_1_18' title="bbox 275 2221 1764 2318; baseline 0.004 -20"><span class='ocrx_word' id='word_1_81' title='bbox 275 2221 587 2302; x_wconf 56' lang='lat' dir='ltr'><strong>Gut-icastris</strong></span> <span class='ocrx_word' id='word_1_82' title='bbox 612 2250 916 2318; x_wconf 88' lang='lat' dir='ltr'><strong>episcopus,</strong></span> <span class='ocrx_word' id='word_1_83' title='bbox 946 2266 1136 2306; x_wconf 89' lang='lat' dir='ltr'><strong>servus</strong></span> <span class='ocrx_word' id='word_1_84' title='bbox 1169 2266 1446 2307; x_wconf 83' lang='lat' dir='ltr'><strong>servorum</strong></span> <span class='ocrx_word' id='word_1_85' title='bbox 1484 2249 1598 2315; x_wconf 86' lang='lat' dir='ltr'><strong>Dei,</strong></span> <span class='ocrx_word' id='word_1_86' title='bbox 1621 2249 1764 2305; x_wconf 76' lang='lat' dir='ltr'><strong>Ops-</strong></span> 
     </span>
    </p>
   </div>
   <div class='ocr_carea' id='block_1_19' title="bbox 194 2335 1762 2404">
    <p class='ocr_par' dir='ltr' id='par_1_19' title="bbox 194 2335 1762 2404">
     <span class='ocr_line' id='line_1_19' title="bbox 194 2335 1762 2404; baseline 0.003 -16"><span class='ocrx_word' id='word_1_87' title='bbox 194 2349 332 2388; x_wconf 78' lang='lat' dir='ltr'><strong>IICO</strong></span> <span class='ocrx_word' id='word_1_88' title='bbox 358 2335 629 2404; x_wconf 79' lang='lat' dir='ltr'><strong>religioso,</strong></span> <span class='ocrx_word' id='word_1_89' title='bbox 652 2339 832 2392; x_wconf 82' lang='lat' dir='ltr'><strong>abbati</strong></span> <span class='ocrx_word' id='word_1_90' title='bbox 871 2341 1193 2394; x_wconf 89' lang='lat' dir='ltr'><strong>venerabilis</strong></span> <span class='ocrx_word' id='word_1_91' title='bbox 1215 2341 1529 2395; x_wconf 82' lang='lat' dir='ltr'><strong>monasterii</strong></span> <span class='ocrx_word' id='word_1_92' title='bbox 1559 2339 1762 2392; x_wconf 79' lang='lat' dir='ltr'><strong>Vindo-</strong></span> 
     </span>
    </p>
   </div>
   <div class='ocr_carea' id='block_1_20' title="bbox 149 2425 1762 2500">
    <p class='ocr_par' dir='ltr' id='par_1_20' title="bbox 149 2425 1762 2500">
     <span class='ocr_line' id='line_1_20' title="bbox 149 2425 1762 2500; baseline 0.001 -20"><span class='ocrx_word' id='word_1_93' title='bbox 149 2441 162 2448; x_wconf 60' lang='grc' dir='ltr'>δ</span> <span class='ocrx_word' id='word_1_94' title='bbox 194 2425 465 2492; x_wconf 85' lang='lat' dir='ltr'><strong>cinensis,</strong></span> <span class='ocrx_word' id='word_1_95' title='bbox 497 2429 816 2498; x_wconf 89' lang='lat' dir='ltr'><strong>cunctisque</strong></span> <span class='ocrx_word' id='word_1_96' title='bbox 837 2426 1243 2486; x_wconf 85' lang='lat' dir='ltr'><strong>successoribus</strong></span> <span class='ocrx_word' id='word_1_97' title='bbox 1275 2431 1395 2500; x_wconf 83' lang='lat' dir='ltr'><strong>ejus</strong></span> <span class='ocrx_word' id='word_1_98' title='bbox 1437 2429 1632 2484; x_wconf 89' lang='lat' dir='ltr'><strong>ibidem</strong></span> <span class='ocrx_word' id='word_1_99' title='bbox 1676 2443 1762 2482; x_wconf 85' lang='lat' dir='ltr'><strong>rc-</strong></span> 
     </span>
    </p>
   </div>
   <div class='ocr_carea' id='block_1_21' title="bbox 192 2515 1315 2596">
    <p class='ocr_par' dir='ltr' id='par_1_21' title="bbox 192 2515 1315 2596">
     <span class='ocr_line' id='line_1_21' title="bbox 192 2515 1315 2596; baseline 0.007 -29"><span class='ocrx_word' id='word_1_100' title='bbox 192 2515 465 2583; x_wconf 74' lang='lat' dir='ltr'><strong>gulariter</strong></span> <span class='ocrx_word' id='word_1_101' title='bbox 492 2517 871 2586; x_wconf 82' lang='lat' dir='ltr'><strong>promovendis</strong></span> <span class='ocrx_word' id='word_1_102' title='bbox 901 2521 953 2573; x_wconf 91' lang='lat' dir='ltr'><strong>in</strong></span> <span class='ocrx_word' id='word_1_103' title='bbox 979 2528 1315 2596; x_wconf 88' lang='lat' dir='ltr'><strong>perpetuum.</strong></span> 
     </span>
    </p>
   </div>
   <div class='ocr_carea' id='block_1_22' title="bbox 270 2602 1764 2679">
    <p class='ocr_par' dir='ltr' id='par_1_22' title="bbox 270 2602 1764 2679">
     <span class='ocr_line' id='line_1_22' title="bbox 270 2602 1764 2679; baseline 0.002 -23"><span class='ocrx_word' id='word_1_104' title='bbox 270 2602 444 2659; x_wconf 81' lang='lat' dir='ltr'><strong>Justis</strong></span> <span class='ocrx_word' id='word_1_105' title='bbox 467 2607 817 2674; x_wconf 85' lang='lat' dir='ltr'><strong>petitionibus</strong></span> <span class='ocrx_word' id='word_1_106' title='bbox 847 2617 900 2663; x_wconf 85' lang='lat' dir='ltr'><strong>et</strong></span> <span class='ocrx_word' id='word_1_107' title='bbox 919 2611 1085 2679; x_wconf 88' lang='lat' dir='ltr'><strong>quieti</strong></span> <span class='ocrx_word' id='word_1_108' title='bbox 1109 2625 1388 2665; x_wconf 87' lang='lat' dir='ltr'><strong>servorum</strong></span> <span class='ocrx_word' id='word_1_109' title='bbox 1419 2609 1523 2673; x_wconf 80' lang='lat' dir='ltr'><strong>Dei</strong></span> <span class='ocrx_word' id='word_1_110' title='bbox 1553 2609 1764 2676; x_wconf 88' lang='lat' dir='ltr'><strong>prospi-</strong></span> 
     </span>
    </p>
   </div>
   <div class='ocr_carea' id='block_1_23' title="bbox 193 2693 1757 2766">
    <p class='ocr_par' dir='ltr' id='par_1_23' title="bbox 193 2693 1757 2766">
     <span class='ocr_line' id='line_1_23' title="bbox 193 2693 1757 2766; baseline 0.001 -17"><span class='ocrx_word' id='word_1_111' title='bbox 193 2694 478 2750; x_wconf 85' lang='lat' dir='ltr'><strong>cientibus</strong></span> <span class='ocrx_word' id='word_1_112' title='bbox 517 2693 831 2766; x_wconf 83' lang='lat' dir='ltr'><strong>competens</strong></span> <span class='ocrx_word' id='word_1_113' title='bbox 882 2707 937 2754; x_wconf 91' lang='lat' dir='ltr'><strong>et</strong></span> <span class='ocrx_word' id='word_1_114' title='bbox 981 2698 1152 2754; x_wconf 80' lang='lat' dir='ltr'><strong>facilis</strong></span> <span class='ocrx_word' id='word_1_115' title='bbox 1201 2699 1423 2754; x_wconf 81' lang='lat' dir='ltr'><strong>debetur</strong></span> <span class='ocrx_word' id='word_1_116' title='bbox 1482 2712 1757 2752; x_wconf 86' lang='lat' dir='ltr'><strong>assensus.</strong></span> 
     </span>
    </p>
   </div>
   <div class='ocr_carea' id='block_1_24' title="bbox 189 2779 1761 2854">
    <p class='ocr_par' dir='ltr' id='par_1_24' title="bbox 189 2779 1761 2854">
     <span class='ocr_line' id='line_1_24' title="bbox 189 2779 1761 2854; baseline 0.001 -16"><span class='ocrx_word' id='word_1_117' title='bbox 189 2779 543 2854; x_wconf 71' lang='lat' dir='ltr'><strong>Quapropter</strong></span> <span class='ocrx_word' id='word_1_118' title='bbox 592 2787 978 2842; x_wconf 80' lang='lat' dir='ltr'><strong>monasterium</strong></span> <span class='ocrx_word' id='word_1_119' title='bbox 1008 2797 1206 2844; x_wconf 57' lang='lat' dir='ltr'><strong>sanetae</strong></span> <span class='ocrx_word' id='word_1_120' title='bbox 1235 2796 1288 2844; x_wconf 85' lang='lat' dir='ltr'><strong>et</strong></span> <span class='ocrx_word' id='word_1_121' title='bbox 1321 2787 1608 2842; x_wconf 64' lang='lat' dir='ltr'><strong>individua:</strong></span> <span class='ocrx_word' id='word_1_122' title='bbox 1641 2785 1761 2840; x_wconf 83' lang='lat' dir='ltr'><strong>Tri-</strong></span> 
     </span>
    </p>
   </div>
   <div class='ocr_carea' id='block_1_25' title="bbox 190 2872 1760 2946">
    <p class='ocr_par' dir='ltr' id='par_1_25' title="bbox 190 2872 1760 2946">
     <span class='ocr_line' id='line_1_25' title="bbox 190 2872 1760 2946; baseline 0.004 -22"><span class='ocrx_word' id='word_1_123' title='bbox 190 2872 408 2938; x_wconf 84' lang='lat' dir='ltr'><strong>nitatis,</strong></span> <span class='ocrx_word' id='word_1_124' title='bbox 438 2876 580 2941; x_wconf 88' lang='lat' dir='ltr'><strong>apud</strong></span> <span class='ocrx_word' id='word_1_125' title='bbox 630 2887 868 2932; x_wconf 89' lang='lat' dir='ltr'><strong>castrum</strong></span> <span class='ocrx_word' id='word_1_126' title='bbox 909 2877 1265 2934; x_wconf 76' lang='lat' dir='ltr'><strong>Vindocinum</strong></span> <span class='ocrx_word' id='word_1_127' title='bbox 1307 2879 1490 2943; x_wconf 91' lang='lat' dir='ltr'><strong>situm,</strong></span> <span class='ocrx_word' id='word_1_128' title='bbox 1543 2877 1686 2946; x_wconf 91' lang='lat' dir='ltr'><strong>quod</strong></span> <span class='ocrx_word' id='word_1_129' title='bbox 1730 2892 1760 2930; x_wconf 89' lang='lat' dir='ltr'><strong>a</strong></span> 
     </span>
    </p>
   </div>
   <div class='ocr_carea' id='block_1_26' title="bbox 191 2961 1759 3034">
    <p class='ocr_par' dir='ltr' id='par_1_26' title="bbox 191 2961 1759 3034">
     <span class='ocr_line' id='line_1_26' title="bbox 191 2961 1759 3034; baseline 0.001 -18"><span class='ocrx_word' id='word_1_130' title='bbox 191 2961 320 3016; x_wconf 84' lang='lat' dir='ltr'><strong>suis</strong></span> <span class='ocrx_word' id='word_1_131' title='bbox 378 2962 787 3031; x_wconf 80' lang='lat' dir='ltr'><strong>fundatoribus,</strong></span> <span class='ocrx_word' id='word_1_132' title='bbox 837 2967 1105 3034; x_wconf 86' lang='lat' dir='ltr'><strong>Gaufredo</strong></span> <span class='ocrx_word' id='word_1_133' title='bbox 1160 2969 1364 3022; x_wconf 82' lang='lat' dir='ltr'><strong>scilicet</strong></span> <span class='ocrx_word' id='word_1_134' title='bbox 1425 2967 1759 3020; x_wconf 89' lang='lat' dir='ltr'><strong>nobilissimo</strong></span> 
     </span>
    </p>
   </div>
   <div class='ocr_carea' id='block_1_27' title="bbox 190 3051 1757 3131">
    <p class='ocr_par' dir='ltr' id='par_1_27' title="bbox 190 3051 1757 3131">
     <span class='ocr_line' id='line_1_27' title="bbox 190 3051 1757 3131; baseline 0.001 -25"><span class='ocrx_word' id='word_1_135' title='bbox 190 3051 617 3123; x_wconf 73' lang='lat' dir='ltr'><strong>Andcgavorum</strong></span> <span class='ocrx_word' id='word_1_136' title='bbox 654 3055 868 3120; x_wconf 88' lang='lat' dir='ltr'><strong>comite,</strong></span> <span class='ocrx_word' id='word_1_137' title='bbox 895 3065 948 3111; x_wconf 83' lang='lat' dir='ltr'><strong>et</strong></span> <span class='ocrx_word' id='word_1_138' title='bbox 986 3057 1188 3131; x_wconf 76' lang='lat' dir='ltr'><strong>Agncte</strong></span> <span class='ocrx_word' id='word_1_139' title='bbox 1213 3055 1547 3112; x_wconf 87' lang='lat' dir='ltr'><strong>nobilissima</strong></span> <span class='ocrx_word' id='word_1_140' title='bbox 1585 3055 1757 3110; x_wconf 87' lang='lat' dir='ltr'><strong>comi-</strong></span> 
     </span>
    </p>
   </div>
   <div class='ocr_carea' id='block_1_28' title="bbox 191 3127 1824 3214">
    <p class='ocr_par' dir='ltr' id='par_1_28' title="bbox 191 3127 1824 3214">
     <span class='ocr_line' id='line_1_28' title="bbox 191 3127 1824 3214; baseline 0.005 -21"><span class='ocrx_word' id='word_1_141' title='bbox 191 3139 353 3204; x_wconf 83' lang='lat' dir='ltr'><strong>tissa,</strong></span> <span class='ocrx_word' id='word_1_142' title='bbox 380 3127 1053 3214; x_wconf 70' lang='lat' dir='ltr'><strong>conjugeejus,.oblatum</strong></span> <span class='ocrx_word' id='word_1_143' title='bbox 1078 3146 1329 3202; x_wconf 67' lang='lat' dir='ltr'><strong>BJ’etro</strong></span> <span class='ocrx_word' id='word_1_144' title='bbox 1373 3146 1628 3202; x_wconf 77' lang='lat' dir='ltr'><strong>Romanae</strong></span> <span class='ocrx_word' id='word_1_145' title='bbox 1651 3144 1755 3200; x_wconf 86' lang='lat' dir='ltr'><strong>Ec-</strong></span> <span class='ocrx_word' id='word_1_146' title='bbox 1783 3127 1824 3183; x_wconf 63' lang='grc' dir='ltr'><strong>θ·</strong></span> 
     </span>
    </p>
   </div>
   <div class='ocr_carea' id='block_1_29' title="bbox 189 3229 1755 3308">
    <p class='ocr_par' dir='ltr' id='par_1_29' title="bbox 189 3229 1755 3308">
     <span class='ocr_line' id='line_1_29' title="bbox 189 3229 1755 3308; baseline 0.004 -25"><span class='ocrx_word' id='word_1_147' title='bbox 189 3229 379 3286; x_wconf 78' lang='lat' dir='ltr'><strong>etesiae</strong></span> <span class='ocrx_word' id='word_1_148' title='bbox 419 3232 473 3286; x_wconf 92' lang='lat' dir='ltr'><strong>in</strong></span> <span class='ocrx_word' id='word_1_149' title='bbox 527 3233 768 3294; x_wconf 81' lang='lat' dir='ltr'><strong>alodium</strong></span> <span class='ocrx_word' id='word_1_150' title='bbox 804 3245 854 3291; x_wconf 87' lang='lat' dir='ltr'><strong>et</strong></span> <span class='ocrx_word' id='word_1_151' title='bbox 893 3238 1281 3308; x_wconf 81' lang='lat' dir='ltr'><strong>patrimonium</strong></span> <span class='ocrx_word' id='word_1_152' title='bbox 1323 3238 1593 3303; x_wconf 78' lang='lat' dir='ltr'><strong>novimus,</strong></span> <span class='ocrx_word' id='word_1_153' title='bbox 1646 3245 1755 3290; x_wconf 88' lang='lat' dir='ltr'><strong>tam</strong></span> 
     </span>
    </p>
   </div>
   <div class='ocr_carea' id='block_1_30' title="bbox 183 3311 1753 3395">
    <p class='ocr_par' dir='ltr' id='par_1_30' title="bbox 183 3311 1753 3395">
     <span class='ocr_line' id='line_1_30' title="bbox 183 3311 1753 3395; baseline 0.004 -24"><span class='ocrx_word' id='word_1_154' title='bbox 183 3319 349 3386; x_wconf 81' lang='lat' dir='ltr'><strong>juxta</strong></span> <span class='ocrx_word' id='word_1_155' title='bbox 384 3331 570 3395; x_wconf 84' lang='lat' dir='ltr'><strong>votum</strong></span> <span class='ocrx_word' id='word_1_156' title='bbox 609 3323 954 3378; x_wconf 85' lang='lat' dir='ltr'><strong>fundatorum</strong></span> <span class='ocrx_word' id='word_1_157' title='bbox 1005 3327 1174 3394; x_wconf 87' lang='lat' dir='ltr'><strong>ipsius</strong></span> <span class='ocrx_word' id='word_1_158' title='bbox 1227 3311 1356 3390; x_wconf 80' lang='lat' dir='ltr'><strong>loci,</strong></span> <span class='ocrx_word' id='word_1_159' title='bbox 1387 3341 1548 3394; x_wconf 90' lang='lat' dir='ltr'><strong>quam</strong></span> <span class='ocrx_word' id='word_1_160' title='bbox 1591 3325 1753 3378; x_wconf 89' lang='lat' dir='ltr'><strong>etiam</strong></span> 
     </span>
    </p>
   </div>
   <div class='ocr_carea' id='block_1_31' title="bbox 191 3410 1754 3490">
    <p class='ocr_par' dir='ltr' id='par_1_31' title="bbox 191 3410 1754 3490">
     <span class='ocr_line' id='line_1_31' title="bbox 191 3410 1754 3490; baseline 0.006 -29"><span class='ocrx_word' id='word_1_161' title='bbox 191 3410 455 3466; x_wconf 87' lang='lat' dir='ltr'><strong>omnibus</strong></span> <span class='ocrx_word' id='word_1_162' title='bbox 479 3413 640 3480; x_wconf 81' lang='lat' dir='ltr'><strong>hujus</strong></span> <span class='ocrx_word' id='word_1_163' title='bbox 675 3413 782 3469; x_wconf 90' lang='lat' dir='ltr'><strong>loci</strong></span> <span class='ocrx_word' id='word_1_164' title='bbox 832 3415 1114 3490; x_wconf 79' lang='lat' dir='ltr'><strong>abbatibus</strong></span> <span class='ocrx_word' id='word_1_165' title='bbox 1145 3416 1425 3470; x_wconf 89' lang='lat' dir='ltr'><strong>ecclesiam</strong></span> <span class='ocrx_word' id='word_1_166' title='bbox 1461 3415 1520 3469; x_wconf 82' lang='grc' dir='ltr'><strong>Β.</strong></span> <span class='ocrx_word' id='word_1_167' title='bbox 1557 3414 1754 3470; x_wconf 71' lang='lat' dir='ltr'><strong>Prisca)</strong></span> 
     </span>
    </p>
   </div>
   <div class='ocr_carea' id='block_1_32' title="bbox 192 3501 1756 3576">
    <p class='ocr_par' dir='ltr' id='par_1_32' title="bbox 192 3501 1756 3576">
     <span class='ocr_line' id='line_1_32' title="bbox 192 3501 1756 3576; baseline 0.004 -23"><span class='ocrx_word' id='word_1_168' title='bbox 192 3515 324 3554; x_wconf 91' lang='lat' dir='ltr'><strong>eum</strong></span> <span class='ocrx_word' id='word_1_169' title='bbox 342 3501 605 3571; x_wconf 78' lang='lat' dir='ltr'><strong>dignitate</strong></span> <span class='ocrx_word' id='word_1_170' title='bbox 626 3502 905 3572; x_wconf 85' lang='lat' dir='ltr'><strong>cardinali,</strong></span> <span class='ocrx_word' id='word_1_171' title='bbox 919 3508 1089 3562; x_wconf 90' lang='lat' dir='ltr'><strong>sancti</strong></span> <span class='ocrx_word' id='word_1_172' title='bbox 1111 3505 1558 3576; x_wconf 87' lang='lat' dir='ltr'><strong>Spiritusjudieio</strong></span> <span class='ocrx_word' id='word_1_173' title='bbox 1577 3505 1756 3560; x_wconf 89' lang='lat' dir='ltr'><strong>decer-</strong></span> 
     </span>
    </p>
   </div>
   <div class='ocr_carea' id='block_1_33' title="bbox 191 3584 1754 3665">
    <p class='ocr_par' dir='ltr' id='par_1_33' title="bbox 191 3584 1754 3665">
     <span class='ocr_line' id='line_1_33' title="bbox 191 3584 1754 3665; baseline 0.004 -21"><span class='ocrx_word' id='word_1_174' title='bbox 191 3584 408 3656; x_wconf 82' lang='lat' dir='ltr'><strong>nentes,</strong></span> <span class='ocrx_word' id='word_1_175' title='bbox 423 3601 486 3646; x_wconf 87' lang='lat' dir='ltr'><strong>ut</strong></span> <span class='ocrx_word' id='word_1_176' title='bbox 498 3595 641 3648; x_wconf 91' lang='lat' dir='ltr'><strong>nulla</strong></span> <span class='ocrx_word' id='word_1_177' title='bbox 653 3596 904 3663; x_wconf 84' lang='lat' dir='ltr'><strong>deinceps</strong></span> <span class='ocrx_word' id='word_1_178' title='bbox 915 3598 1276 3658; x_wconf 74' lang='lat' dir='ltr'><strong>ecclesiastica</strong></span> <span class='ocrx_word' id='word_1_179' title='bbox 1292 3597 1628 3652; x_wconf 59' lang='lat' dir='ltr'><strong>saecularisve</strong></span> <span class='ocrx_word' id='word_1_180' title='bbox 1641 3612 1754 3665; x_wconf 85' lang='lat' dir='ltr'><strong>per-</strong></span> 
     </span>
    </p>
   </div>
   <div class='ocr_carea' id='block_1_34' title="bbox 192 3683 1754 3768">
    <p class='ocr_par' dir='ltr' id='par_1_34' title="bbox 192 3683 1754 3768">
     <span class='ocr_line' id='line_1_34' title="bbox 192 3683 1754 3768; baseline 0.004 -35"><span class='ocrx_word' id='word_1_181' title='bbox 192 3694 330 3735; x_wconf 86' lang='lat' dir='ltr'><strong>sona</strong></span> <span class='ocrx_word' id='word_1_182' title='bbox 345 3683 653 3750; x_wconf 63' lang='lat' dir='ltr'><strong>prtedictam</strong></span> <span class='ocrx_word' id='word_1_183' title='bbox 668 3684 929 3740; x_wconf 70' lang='lat' dir='ltr'><strong>B.Priscae</strong></span> <span class='ocrx_word' id='word_1_184' title='bbox 938 3687 1216 3741; x_wconf 85' lang='lat' dir='ltr'><strong>ecclesiam</strong></span> <span class='ocrx_word' id='word_1_185' title='bbox 1230 3701 1322 3740; x_wconf 87' lang='lat' dir='ltr'><strong>seu</strong></span> <span class='ocrx_word' id='word_1_186' title='bbox 1336 3686 1574 3768; x_wconf 74' lang='lat' dir='ltr'><strong>ecclesia:</strong></span> <span class='ocrx_word' id='word_1_187' title='bbox 1586 3687 1754 3755; x_wconf 81' lang='lat' dir='ltr'><strong>digni-</strong></span> 
     </span>
    </p>
   </div>
   <div class='ocr_carea' id='block_1_35' title="bbox 189 3771 1751 3846">
    <p class='ocr_par' dir='ltr' id='par_1_35' title="bbox 189 3771 1751 3846">
     <span class='ocr_line' id='line_1_35' title="bbox 189 3771 1751 3846; baseline 0.003 -23"><span class='ocrx_word' id='word_1_188' title='bbox 189 3779 360 3824; x_wconf 75' lang='lat' dir='ltr'><strong>tatem</strong></span> <span class='ocrx_word' id='word_1_189' title='bbox 372 3772 452 3826; x_wconf 90' lang='lat' dir='ltr'><strong>eis</strong></span> <span class='ocrx_word' id='word_1_190' title='bbox 467 3771 677 3828; x_wconf 87' lang='lat' dir='ltr'><strong>auferre</strong></span> <span class='ocrx_word' id='word_1_191' title='bbox 690 3775 926 3844; x_wconf 88' lang='lat' dir='ltr'><strong>qualibet</strong></span> <span class='ocrx_word' id='word_1_192' title='bbox 936 3777 1216 3832; x_wconf 91' lang='lat' dir='ltr'><strong>occasione</strong></span> <span class='ocrx_word' id='word_1_193' title='bbox 1229 3785 1535 3846; x_wconf 69' lang='lat' dir='ltr'><strong>prmsumat.</strong></span> <span class='ocrx_word' id='word_1_194' title='bbox 1551 3774 1751 3829; x_wconf 85' lang='lat' dir='ltr'><strong>Statui—</strong></span> 
     </span>
    </p>
   </div>
   <div class='ocr_carea' id='block_1_36' title="bbox 190 3861 1750 3937">
    <p class='ocr_par' dir='ltr' id='par_1_36' title="bbox 190 3861 1750 3937">
     <span class='ocr_line' id='line_1_36' title="bbox 190 3861 1750 3937; baseline 0.004 -22"><span class='ocrx_word' id='word_1_195' title='bbox 190 3875 320 3916; x_wconf 84' lang='lat' dir='ltr'><strong>mus</strong></span> <span class='ocrx_word' id='word_1_196' title='bbox 334 3861 497 3916; x_wconf 87' lang='lat' dir='ltr'><strong>etiam</strong></span> <span class='ocrx_word' id='word_1_197' title='bbox 514 3863 866 3937; x_wconf 86' lang='lat' dir='ltr'><strong>ut,_defuncto</strong></span> <span class='ocrx_word' id='word_1_198' title='bbox 889 3866 1078 3920; x_wconf 87' lang='lat' dir='ltr'><strong>abbate</strong></span> <span class='ocrx_word' id='word_1_199' title='bbox 1101 3866 1271 3935; x_wconf 88' lang='lat' dir='ltr'><strong>ipsius</strong></span> <span class='ocrx_word' id='word_1_200' title='bbox 1283 3866 1614 3930; x_wconf 84' lang='lat' dir='ltr'><strong>monasterii,</strong></span> <span class='ocrx_word' id='word_1_201' title='bbox 1629 3882 1750 3921; x_wconf 92' lang='lat' dir='ltr'><strong>suc-</strong></span> 
     </span>
    </p>
   </div>
   <div class='ocr_carea' id='block_1_37' title="bbox 191 3941 1752 4023">
    <p class='ocr_par' dir='ltr' id='par_1_37' title="bbox 191 3941 1752 4023">
     <span class='ocr_line' id='line_1_37' title="bbox 191 3941 1752 4023; baseline 0.005 -21"><span class='ocrx_word' id='word_1_202' title='bbox 191 3947 392 4005; x_wconf 81' lang='lat' dir='ltr'><strong>cessor</strong></span> <span class='ocrx_word' id='word_1_203' title='bbox 403 3951 453 4003; x_wconf 90' lang='lat' dir='ltr'><strong>ei</strong></span> <span class='ocrx_word' id='word_1_204' title='bbox 467 3947 696 4020; x_wconf 78' lang='lat' dir='ltr'><strong>eligatur</strong></span> <span class='ocrx_word' id='word_1_205' title='bbox 705 3954 769 4006; x_wconf 86' lang='lat' dir='ltr'><strong>de</strong></span> <span class='ocrx_word' id='word_1_206' title='bbox 779 3955 964 4006; x_wconf 89' lang='lat' dir='ltr'><strong>eadem</strong></span> <span class='ocrx_word' id='word_1_207' title='bbox 977 3941 1408 4023; x_wconf 80' lang='lat' dir='ltr'><strong>cengregationc,</strong></span> <span class='ocrx_word' id='word_1_208' title='bbox 1423 3957 1467 4008; x_wconf 90' lang='lat' dir='ltr'><strong>si</strong></span> <span class='ocrx_word' id='word_1_209' title='bbox 1487 3965 1661 4010; x_wconf 89' lang='lat' dir='ltr'><strong>tamen</strong></span> <span class='ocrx_word' id='word_1_210' title='bbox 1675 3957 1752 4010; x_wconf 90' lang='lat' dir='ltr'><strong>di-</strong></span> 
     </span>
    </p>
   </div>
   <div class='ocr_carea' id='block_1_38' title="bbox 187 4041 1747 4113">
    <p class='ocr_par' dir='ltr' id='par_1_38' title="bbox 187 4041 1747 4113">
     <span class='ocr_line' id='line_1_38' title="bbox 187 4041 1747 4113; baseline 0.004 -21"><span class='ocrx_word' id='word_1_211' title='bbox 187 4053 333 4107; x_wconf 74' lang='lat' dir='ltr'><strong>gnus</strong></span> <span class='ocrx_word' id='word_1_212' title='bbox 348 4047 538 4093; x_wconf 90' lang='lat' dir='ltr'><strong>sancto</strong></span> <span class='ocrx_word' id='word_1_213' title='bbox 558 4041 814 4111; x_wconf 80' lang='lat' dir='ltr'><strong>regimine</strong></span> <span class='ocrx_word' id='word_1_214' title='bbox 841 4042 1160 4096; x_wconf 77' lang='lat' dir='ltr'><strong>inveniatur.</strong></span> <span class='ocrx_word' id='word_1_215' title='bbox 1176 4043 1330 4108; x_wconf 80' lang='lat' dir='ltr'><strong>Quod</strong></span> <span class='ocrx_word' id='word_1_216' title='bbox 1346 4045 1390 4096; x_wconf 84' lang='lat' dir='ltr'><strong>si</strong></span> <span class='ocrx_word' id='word_1_217' title='bbox 1402 4044 1595 4113; x_wconf 84' lang='lat' dir='ltr'><strong>dignus</strong></span> <span class='ocrx_word' id='word_1_218' title='bbox 1608 4046 1747 4113; x_wconf 89' lang='lat' dir='ltr'><strong>apud</strong></span> 
     </span>
    </p>
   </div>
   <div class='ocr_carea' id='block_1_39' title="bbox 183 4127 1745 4200">
    <p class='ocr_par' dir='ltr' id='par_1_39' title="bbox 183 4127 1745 4200">
     <span class='ocr_line' id='line_1_39' title="bbox 183 4127 1745 4200; baseline 0.005 -20"><span class='ocrx_word' id='word_1_219' title='bbox 183 4141 410 4181; x_wconf 81' lang='lat' dir='ltr'><strong>eosnon</strong></span> <span class='ocrx_word' id='word_1_220' title='bbox 431 4127 594 4183; x_wconf 81' lang='lat' dir='ltr'><strong>fuerit</strong></span> <span class='ocrx_word' id='word_1_221' title='bbox 613 4129 884 4196; x_wconf 90' lang='lat' dir='ltr'><strong>inventus,</strong></span> <span class='ocrx_word' id='word_1_222' title='bbox 912 4133 1057 4200; x_wconf 89' lang='lat' dir='ltr'><strong>quod</strong></span> <span class='ocrx_word' id='word_1_223' title='bbox 1073 4132 1231 4186; x_wconf 89' lang='lat' dir='ltr'><strong>absit!</strong></span> <span class='ocrx_word' id='word_1_224' title='bbox 1249 4148 1278 4186; x_wconf 90' lang='lat' dir='ltr'><strong>a</strong></span> <span class='ocrx_word' id='word_1_225' title='bbox 1297 4132 1574 4198; x_wconf 88' lang='lat' dir='ltr'><strong>Cluniaco,</strong></span> <span class='ocrx_word' id='word_1_226' title='bbox 1597 4150 1688 4188; x_wconf 88' lang='lat' dir='ltr'><strong>seu</strong></span> <span class='ocrx_word' id='word_1_227' title='bbox 1717 4151 1745 4188; x_wconf 89' lang='lat' dir='ltr'><strong>a</strong></span> 
     </span>
    </p>
   </div>
   <div class='ocr_carea' id='block_1_40' title="bbox 184 4215 1744 4292">
    <p class='ocr_par' dir='ltr' id='par_1_40' title="bbox 184 4215 1744 4292">
     <span class='ocr_line' id='line_1_40' title="bbox 184 4215 1744 4292; baseline 0.005 -22"><span class='ocrx_word' id='word_1_228' title='bbox 184 4215 382 4286; x_wconf 79' lang='lat' dir='ltr'><strong>Majori</strong></span> <span class='ocrx_word' id='word_1_229' title='bbox 404 4217 749 4286; x_wconf 79' lang='lat' dir='ltr'><strong>Monasterio,</strong></span> <span class='ocrx_word' id='word_1_230' title='bbox 772 4221 856 4274; x_wconf 81' lang='lat' dir='ltr'><strong>vel</strong></span> <span class='ocrx_word' id='word_1_231' title='bbox 883 4223 1240 4292; x_wconf 79' lang='lat' dir='ltr'><strong>undecunque</strong></span> <span class='ocrx_word' id='word_1_232' title='bbox 1269 4223 1457 4277; x_wconf 87' lang='lat' dir='ltr'><strong>melius</strong></span> <span class='ocrx_word' id='word_1_233' title='bbox 1475 4231 1744 4292; x_wconf 90' lang='lat' dir='ltr'><strong>poterunt,</strong></span> 
     </span>
    </p>
   </div>
   <div class='ocr_carea' id='block_1_41' title="bbox 182 4305 1745 4390">
    <p class='ocr_par' dir='ltr' id='par_1_41' title="bbox 182 4305 1745 4390">
     <span class='ocr_line' id='line_1_41' title="bbox 182 4305 1745 4390; baseline 0.003 -26"><span class='ocrx_word' id='word_1_234' title='bbox 182 4305 485 4380; x_wconf 82' lang='lat' dir='ltr'><strong>procurent</strong></span> <span class='ocrx_word' id='word_1_235' title='bbox 528 4307 777 4366; x_wconf 87' lang='lat' dir='ltr'><strong>monachi</strong></span> <span class='ocrx_word' id='word_1_236' title='bbox 825 4312 928 4366; x_wconf 89' lang='lat' dir='ltr'><strong>sibi</strong></span> <span class='ocrx_word' id='word_1_237' title='bbox 977 4311 1189 4367; x_wconf 82' lang='lat' dir='ltr'><strong>Patrem</strong></span> <span class='ocrx_word' id='word_1_238' title='bbox 1235 4314 1529 4368; x_wconf 84' lang='lat' dir='ltr'><strong>secundum</strong></span> <span class='ocrx_word' id='word_1_239' title='bbox 1579 4313 1745 4390; x_wconf 86' lang='lat' dir='ltr'><strong>Deum</strong></span> 
     </span>
    </p>
   </div>
   <div class='ocr_carea' id='block_1_42' title="bbox 178 4400 1821 4487">
    <p class='ocr_par' dir='ltr' id='par_1_42' title="bbox 178 4400 1821 4487">
     <span class='ocr_line' id='line_1_42' title="bbox 178 4400 1821 4487; baseline 0.001 -30"><span class='ocrx_word' id='word_1_240' title='bbox 178 4400 409 4470; x_wconf 80' lang='lat' dir='ltr'><strong>eligere,</strong></span> <span class='ocrx_word' id='word_1_241' title='bbox 441 4415 549 4454; x_wconf 92' lang='lat' dir='ltr'><strong>non</strong></span> <span class='ocrx_word' id='word_1_242' title='bbox 595 4410 776 4480; x_wconf 83' lang='lat' dir='ltr'><strong>tamen</strong></span> <span class='ocrx_word' id='word_1_243' title='bbox 827 4402 943 4456; x_wconf 88' lang='lat' dir='ltr'><strong>sine</strong></span> <span class='ocrx_word' id='word_1_244' title='bbox 986 4403 1153 4457; x_wconf 85' lang='lat' dir='ltr'><strong>trium</strong></span> <span class='ocrx_word' id='word_1_245' title='bbox 1181 4404 1436 4478; x_wconf 83' lang='lat' dir='ltr'><strong>abbatum</strong></span> <span class='ocrx_word' id='word_1_246' title='bbox 1494 4404 1742 4467; x_wconf 82' lang='lat' dir='ltr'><strong>consilio,</strong></span> <span class='ocrx_word' id='word_1_247' title='bbox 1778 4432 1821 4487; x_wconf 68' lang='grc' dir='ltr'><strong>Β</strong></span> 
     </span>
    </p>
   </div>
   <div class='ocr_carea' id='block_1_43' title="bbox 179 4487 1766 4562">
    <p class='ocr_par' dir='ltr' id='par_1_43' title="bbox 179 4487 1766 4562">
     <span class='ocr_line' id='line_1_43' title="bbox 179 4487 1766 4562; baseline 0 -16"><span class='ocrx_word' id='word_1_248' title='bbox 179 4499 330 4562; x_wconf 67' lang='lat' dir='ltr'><strong>quas</strong></span> <span class='ocrx_word' id='word_1_249' title='bbox 349 4487 711 4561; x_wconf 81' lang='lat' dir='ltr'><strong>religiosiores</strong></span> <span class='ocrx_word' id='word_1_250' title='bbox 731 4492 798 4546; x_wconf 91' lang='lat' dir='ltr'><strong>de</strong></span> <span class='ocrx_word' id='word_1_251' title='bbox 820 4493 1009 4545; x_wconf 74' lang='lat' dir='ltr'><strong>vicinis</strong></span> <span class='ocrx_word' id='word_1_252' title='bbox 1029 4493 1163 4546; x_wconf 89' lang='lat' dir='ltr'><strong>locis</strong></span> <span class='ocrx_word' id='word_1_253' title='bbox 1211 4490 1407 4545; x_wconf 85' lang='lat' dir='ltr'><strong>habere</strong></span> <span class='ocrx_word' id='word_1_254' title='bbox 1463 4500 1736 4560; x_wconf 82' lang='lat' dir='ltr'><strong>poterunt,</strong></span> <span class='ocrx_word' id='word_1_255' title='bbox 1761 4543 1766 4546; x_wconf 20' lang='grc' dir='ltr'><em>Α</em></span> 
     </span>
    </p>
   </div>
   <div class='ocr_carea' id='block_1_44' title="bbox 177 4580 1737 4652">
    <p class='ocr_par' dir='ltr' id='par_1_44' title="bbox 177 4580 1737 4652">
     <span class='ocr_line' id='line_1_44' title="bbox 177 4580 1737 4652; baseline 0.002 -18"><span class='ocrx_word' id='word_1_256' title='bbox 177 4580 406 4634; x_wconf 78' lang='lat' dir='ltr'><strong>Electus</strong></span> <span class='ocrx_word' id='word_1_257' title='bbox 432 4589 634 4648; x_wconf 86' lang='lat' dir='ltr'><strong>autem,</strong></span> <span class='ocrx_word' id='word_1_258' title='bbox 660 4597 727 4634; x_wconf 89' lang='lat' dir='ltr'><strong>ne</strong></span> <span class='ocrx_word' id='word_1_259' title='bbox 753 4581 934 4634; x_wconf 88' lang='lat' dir='ltr'><strong>statim</strong></span> <span class='ocrx_word' id='word_1_260' title='bbox 972 4580 1198 4635; x_wconf 77' lang='lat' dir='ltr'><strong>Romam</strong></span> <span class='ocrx_word' id='word_1_261' title='bbox 1247 4582 1429 4638; x_wconf 84' lang='lat' dir='ltr'><strong>venire</strong></span> <span class='ocrx_word' id='word_1_262' title='bbox 1469 4584 1737 4652; x_wconf 72' lang='lat' dir='ltr'><strong>latigetnr,</strong></span> 
     </span>
    </p>
   </div>
   <div class='ocr_carea' id='block_1_45' title="bbox 174 4670 1741 4742">
    <p class='ocr_par' dir='ltr' id='par_1_45' title="bbox 174 4670 1741 4742">
     <span class='ocr_line' id='line_1_45' title="bbox 174 4670 1741 4742; baseline 0.002 -18"><span class='ocrx_word' id='word_1_263' title='bbox 174 4685 218 4724; x_wconf 69' lang='grc' dir='ltr'><strong>ει</strong></span> <span class='ocrx_word' id='word_1_264' title='bbox 234 4684 577 4739; x_wconf 70' lang='lat' dir='ltr'><strong>quocunque</strong></span> <span class='ocrx_word' id='word_1_265' title='bbox 600 4670 830 4725; x_wconf 87' lang='lat' dir='ltr'><strong>voluerit</strong></span> <span class='ocrx_word' id='word_1_266' title='bbox 846 4672 1113 4728; x_wconf 88' lang='lat' dir='ltr'><strong>catholico</strong></span> <span class='ocrx_word' id='word_1_267' title='bbox 1151 4673 1406 4742; x_wconf 88' lang='lat' dir='ltr'><strong>episcopo</strong></span> <span class='ocrx_word' id='word_1_268' title='bbox 1457 4689 1741 4727; x_wconf 84' lang='lat' dir='ltr'><strong>consecra-</strong></span> 
     </span>
    </p>
   </div>
   <div class='ocr_carea' id='block_1_46' title="bbox 175 4755 1740 4845">
    <p class='ocr_par' dir='ltr' id='par_1_46' title="bbox 175 4755 1740 4845">
     <span class='ocr_line' id='line_1_46' title="bbox 175 4755 1740 4845; baseline 0.003 -31"><span class='ocrx_word' id='word_1_269' title='bbox 175 4761 386 4814; x_wconf 82' lang='lat' dir='ltr'><strong>tionem</strong></span> <span class='ocrx_word' id='word_1_270' title='bbox 413 4755 673 4830; x_wconf 82' lang='lat' dir='ltr'><strong>suscipiat</strong></span> <span class='ocrx_word' id='word_1_271' title='bbox 695 4779 709 4815; x_wconf 90' lang='lat'><strong>:</strong></span> <span class='ocrx_word' id='word_1_272' title='bbox 731 4762 923 4845; x_wconf 65' lang='lat' dir='ltr'><strong>electio</strong></span> <span class='ocrx_word' id='word_1_273' title='bbox 948 4779 1074 4816; x_wconf 88' lang='lat' dir='ltr'><strong>vero</strong></span> <span class='ocrx_word' id='word_1_274' title='bbox 1096 4764 1178 4816; x_wconf 86' lang='lat' dir='ltr'><strong>vel</strong></span> <span class='ocrx_word' id='word_1_275' title='bbox 1215 4762 1483 4815; x_wconf 87' lang='lat' dir='ltr'><strong>ordinatio</strong></span> <span class='ocrx_word' id='word_1_276' title='bbox 1510 4765 1740 4831; x_wconf 85' lang='lat' dir='ltr'><strong>qualiter</strong></span> 
     </span>
    </p>
   </div>
   <div class='ocr_carea' id='block_1_47' title="bbox 174 4850 1734 4938">
    <p class='ocr_par' dir='ltr' id='par_1_47' title="bbox 174 4850 1734 4938">
     <span class='ocr_line' id='line_1_47' title="bbox 174 4850 1734 4938; baseline 0.001 -32"><span class='ocrx_word' id='word_1_277' title='bbox 174 4850 326 4934; x_wconf 76' lang='lat' dir='ltr'><strong>faeta</strong></span> <span class='ocrx_word' id='word_1_278' title='bbox 360 4851 524 4906; x_wconf 86' lang='lat' dir='ltr'><strong>fuerit</strong></span> <span class='ocrx_word' id='word_1_279' title='bbox 544 4852 1057 4938; x_wconf 67' lang='lat' dir='ltr'><strong>studeantm&#39;pnaehi</strong></span> <span class='ocrx_word' id='word_1_280' title='bbox 1080 4869 1230 4922; x_wconf 74' lang='lat' dir='ltr'><strong>papa:</strong></span> <span class='ocrx_word' id='word_1_281' title='bbox 1255 4853 1447 4907; x_wconf 87' lang='lat' dir='ltr'><strong>litteris</strong></span> <span class='ocrx_word' id='word_1_282' title='bbox 1465 4854 1734 4918; x_wconf 80' lang='lat' dir='ltr'><strong>intimare,</strong></span> 
     </span>
    </p>
   </div>
   <div class='ocr_carea' id='block_1_48' title="bbox 172 4941 1737 5010">
    <p class='ocr_par' dir='ltr' id='par_1_48' title="bbox 172 4941 1737 5010">
     <span class='ocr_line' id='line_1_48' title="bbox 172 4941 1737 5010; baseline -0.001 -12"><span class='ocrx_word' id='word_1_283' title='bbox 172 4952 241 4998; x_wconf 85' lang='lat' dir='ltr'><strong>ut</strong></span> <span class='ocrx_word' id='word_1_284' title='bbox 272 4951 371 4996; x_wconf 86' lang='lat' dir='ltr'><strong>aut</strong></span> <span class='ocrx_word' id='word_1_285' title='bbox 387 4942 718 5006; x_wconf 87' lang='lat' dir='ltr'><strong>emendet,si</strong></span> <span class='ocrx_word' id='word_1_286' title='bbox 747 4958 886 5010; x_wconf 87' lang='lat' dir='ltr'><strong>opus</strong></span> <span class='ocrx_word' id='word_1_287' title='bbox 913 4941 1092 4996; x_wconf 72' lang='lat' dir='ltr'><strong>fuerit</strong></span> <span class='ocrx_word' id='word_1_288' title='bbox 1112 4943 1524 5008; x_wconf 88' lang='lat' dir='ltr'><strong>emendandum,</strong></span> <span class='ocrx_word' id='word_1_289' title='bbox 1552 4953 1644 4996; x_wconf 87' lang='lat' dir='ltr'><strong>aut</strong></span> <span class='ocrx_word' id='word_1_290' title='bbox 1689 4945 1737 4997; x_wconf 91' lang='lat' dir='ltr'><strong>si</strong></span> 
     </span>
    </p>
   </div>
   <div class='ocr_carea' id='block_1_49' title="bbox 171 5023 1731 5089">
    <p class='ocr_par' dir='ltr' id='par_1_49' title="bbox 171 5023 1731 5089">
     <span class='ocr_line' id='line_1_49' title="bbox 171 5023 1731 5089; baseline 0.001 -3"><span class='ocrx_word' id='word_1_291' title='bbox 171 5031 346 5086; x_wconf 78' lang='lat' dir='ltr'><strong>fuerit</strong></span> <span class='ocrx_word' id='word_1_292' title='bbox 387 5023 681 5087; x_wconf 73' lang='lat' dir='ltr'><strong>secandum</strong></span> <span class='ocrx_word' id='word_1_293' title='bbox 726 5024 896 5086; x_wconf 83' lang='lat' dir='ltr'><strong>Deum</strong></span> <span class='ocrx_word' id='word_1_294' title='bbox 931 5042 984 5086; x_wconf 87' lang='lat' dir='ltr'><strong>et</strong></span> <span class='ocrx_word' id='word_1_295' title='bbox 1006 5042 1249 5087; x_wconf 87' lang='lat' dir='ltr'><strong>nostrum</strong></span> <span class='ocrx_word' id='word_1_296' title='bbox 1289 5035 1560 5089; x_wconf 87' lang='lat' dir='ltr'><strong>decretum</strong></span> <span class='ocrx_word' id='word_1_297' title='bbox 1592 5033 1731 5088; x_wconf 83' lang='lat' dir='ltr'><strong>facta</strong></span> 
     </span>
    </p>
   </div>
   <div class='ocr_carea' id='block_1_50' title="bbox 169 5121 1733 5194">
    <p class='ocr_par' dir='ltr' id='par_1_50' title="bbox 169 5121 1733 5194">
     <span class='ocr_line' id='line_1_50' title="bbox 169 5121 1733 5194; baseline 0.003 -20"><span class='ocrx_word' id='word_1_298' title='bbox 169 5121 372 5175; x_wconf 85' lang='lat' dir='ltr'><strong>electio</strong></span> <span class='ocrx_word' id='word_1_299' title='bbox 393 5122 506 5176; x_wconf 80' lang='lat' dir='ltr'><strong>sive</strong></span> <span class='ocrx_word' id='word_1_300' title='bbox 541 5121 896 5191; x_wconf 87' lang='lat' dir='ltr'><strong>consecratio,</strong></span> <span class='ocrx_word' id='word_1_301' title='bbox 934 5124 1078 5178; x_wconf 90' lang='lat' dir='ltr'><strong>bono</strong></span> <span class='ocrx_word' id='word_1_302' title='bbox 1107 5123 1288 5177; x_wconf 87' lang='lat' dir='ltr'><strong>studio</strong></span> <span class='ocrx_word' id='word_1_303' title='bbox 1331 5125 1733 5194; x_wconf 80' lang='lat' dir='ltr'><strong>eongratuletur</strong></span> 
     </span>
    </p>
   </div>
   <div class='ocr_carea' id='block_1_51' title="bbox 169 5207 1731 5282">
    <p class='ocr_par' dir='ltr' id='par_1_51' title="bbox 169 5207 1731 5282">
     <span class='ocr_line' id='line_1_51' title="bbox 169 5207 1731 5282; baseline 0.004 -17"><span class='ocrx_word' id='word_1_304' title='bbox 169 5217 228 5265; x_wconf 80' lang='lat' dir='ltr'><strong>ct</strong></span> <span class='ocrx_word' id='word_1_305' title='bbox 249 5209 320 5263; x_wconf 89' lang='lat' dir='ltr'><strong>ab</strong></span> <span class='ocrx_word' id='word_1_306' title='bbox 337 5209 457 5278; x_wconf 87' lang='lat' dir='ltr'><strong>ipso</strong></span> <span class='ocrx_word' id='word_1_307' title='bbox 477 5207 846 5267; x_wconf 77' lang='lat' dir='ltr'><strong>confirmetur.</strong></span> <span class='ocrx_word' id='word_1_308' title='bbox 875 5207 1222 5282; x_wconf 60' lang='lat' dir='ltr'><strong>Praecipimus</strong></span> <span class='ocrx_word' id='word_1_309' title='bbox 1255 5213 1417 5268; x_wconf 90' lang='lat' dir='ltr'><strong>etiam</strong></span> <span class='ocrx_word' id='word_1_310' title='bbox 1457 5225 1515 5269; x_wconf 88' lang='lat' dir='ltr'><strong>ut</strong></span> <span class='ocrx_word' id='word_1_311' title='bbox 1564 5217 1731 5271; x_wconf 88' lang='lat' dir='ltr'><strong>abbas</strong></span> 
     </span>
    </p>
   </div>
   <div class='ocr_carea' id='block_1_52' title="bbox 169 5295 1730 5375">
    <p class='ocr_par' dir='ltr' id='par_1_52' title="bbox 169 5295 1730 5375">
     <span class='ocr_line' id='line_1_52' title="bbox 169 5295 1730 5375; baseline 0.004 -21"><span class='ocrx_word' id='word_1_312' title='bbox 169 5295 400 5372; x_wconf 83' lang='lat' dir='ltr'><strong>ipsequi</strong></span> <span class='ocrx_word' id='word_1_313' title='bbox 425 5300 717 5362; x_wconf 86' lang='lat' dir='ltr'><strong>alodiarius</strong></span> <span class='ocrx_word' id='word_1_314' title='bbox 740 5303 993 5358; x_wconf 62' lang='lat' dir='ltr'><strong>Romanae</strong></span> <span class='ocrx_word' id='word_1_315' title='bbox 1011 5304 1260 5359; x_wconf 74' lang='lat' dir='ltr'><strong>Ecclesia:</strong></span> <span class='ocrx_word' id='word_1_316' title='bbox 1283 5305 1634 5375; x_wconf 80' lang='lat' dir='ltr'><strong>dignoscitur,</strong></span> <span class='ocrx_word' id='word_1_317' title='bbox 1661 5307 1730 5360; x_wconf 90' lang='lat' dir='ltr'><strong>ab</strong></span> 
     </span>
    </p>
   </div>
   <div class='ocr_carea' id='block_1_53' title="bbox 167 5389 1728 5462">
    <p class='ocr_par' dir='ltr' id='par_1_53' title="bbox 167 5389 1728 5462">
     <span class='ocr_line' id='line_1_53' title="bbox 167 5389 1728 5462; baseline 0.003 -16"><span class='ocrx_word' id='word_1_318' title='bbox 167 5389 434 5460; x_wconf 80' lang='lat' dir='ltr'><strong>episeopo</strong></span> <span class='ocrx_word' id='word_1_319' title='bbox 457 5389 592 5444; x_wconf 88' lang='lat' dir='ltr'><strong>vela</strong></span> <span class='ocrx_word' id='word_1_320' title='bbox 627 5391 866 5458; x_wconf 91' lang='lat' dir='ltr'><strong>quolibet</strong></span> <span class='ocrx_word' id='word_1_321' title='bbox 896 5395 1202 5462; x_wconf 72' lang='lat' dir='ltr'><strong>apostolica:</strong></span> <span class='ocrx_word' id='word_1_322' title='bbox 1232 5395 1374 5450; x_wconf 83' lang='lat' dir='ltr'><strong>sedis</strong></span> <span class='ocrx_word' id='word_1_323' title='bbox 1420 5395 1619 5448; x_wconf 79' lang='lat' dir='ltr'><strong>vicario</strong></span> <span class='ocrx_word' id='word_1_324' title='bbox 1662 5397 1728 5450; x_wconf 85' lang='lat' dir='ltr'><strong>ad</strong></span> 
     </span>
    </p>
   </div>
   <div class='ocr_carea' id='block_1_54' title="bbox 170 5480 1726 5548">
    <p class='ocr_par' dir='ltr' id='par_1_54' title="bbox 170 5480 1726 5548">
     <span class='ocr_line' id='line_1_54' title="bbox 170 5480 1726 5548; baseline 0.005 -16"><span class='ocrx_word' id='word_1_325' title='bbox 170 5480 474 5534; x_wconf 81' lang='lat' dir='ltr'><strong>concilium</strong></span> <span class='ocrx_word' id='word_1_326' title='bbox 523 5495 631 5533; x_wconf 91' lang='lat' dir='ltr'><strong>non</strong></span> <span class='ocrx_word' id='word_1_327' title='bbox 676 5491 914 5548; x_wconf 88' lang='lat' dir='ltr'><strong>vocetur,</strong></span> <span class='ocrx_word' id='word_1_328' title='bbox 974 5499 1072 5539; x_wconf 90' lang='lat' dir='ltr'><strong>nec</strong></span> <span class='ocrx_word' id='word_1_329' title='bbox 1108 5486 1328 5540; x_wconf 81' lang='lat' dir='ltr'><strong>coactus</strong></span> <span class='ocrx_word' id='word_1_330' title='bbox 1394 5484 1590 5548; x_wconf 87' lang='lat' dir='ltr'><strong>veniat,</strong></span> <span class='ocrx_word' id='word_1_331' title='bbox 1632 5487 1726 5540; x_wconf 84' lang='lat' dir='ltr'><strong>sed</strong></span> 
     </span>
    </p>
   </div>
   <div class='ocr_carea' id='block_1_55' title="bbox 171 5568 1724 5645">
    <p class='ocr_par' dir='ltr' id='par_1_55' title="bbox 171 5568 1724 5645">
     <span class='ocr_line' id='line_1_55' title="bbox 171 5568 1724 5645; baseline 0.005 -23"><span class='ocrx_word' id='word_1_332' title='bbox 171 5568 483 5622; x_wconf 79' lang='lat' dir='ltr'><strong>Romanam</strong></span> <span class='ocrx_word' id='word_1_333' title='bbox 535 5569 826 5625; x_wconf 72' lang='lat' dir='ltr'><strong>Ecclesium”</strong></span> <span class='ocrx_word' id='word_1_334' title='bbox 892 5588 988 5642; x_wconf 89' lang='lat' dir='ltr'><strong>per</strong></span> <span class='ocrx_word' id='word_1_335' title='bbox 1047 5589 1105 5628; x_wconf 87' lang='lat' dir='ltr'><strong>se</strong></span> <span class='ocrx_word' id='word_1_336' title='bbox 1159 5586 1252 5629; x_wconf 85' lang='lat' dir='ltr'><strong>aut</strong></span> <span class='ocrx_word' id='word_1_337' title='bbox 1316 5585 1412 5645; x_wconf 81' lang='lat' dir='ltr'><strong>per</strong></span> <span class='ocrx_word' id='word_1_338' title='bbox 1487 5576 1724 5643; x_wconf 81' lang='lat' dir='ltr'><strong>legatum</strong></span> 
     </span>
    </p>
   </div>
   <div class='ocr_carea' id='block_1_56' title="bbox 168 5658 1724 5721">
    <p class='ocr_par' dir='ltr' id='par_1_56' title="bbox 168 5658 1724 5721">
     <span class='ocr_line' id='line_1_56' title="bbox 168 5658 1724 5721; baseline 0.004 -6"><span class='ocrx_word' id='word_1_339' title='bbox 168 5673 336 5715; x_wconf 87' lang='lat' dir='ltr'><strong>suum</strong></span> <span class='ocrx_word' id='word_1_340' title='bbox 371 5658 585 5712; x_wconf 88' lang='lat' dir='ltr'><strong>studeat</strong></span> <span class='ocrx_word' id='word_1_341' title='bbox 607 5660 1094 5719; x_wconf 82' lang='lat' dir='ltr'><strong>visitarc.Ccnsum</strong></span> <span class='ocrx_word' id='word_1_342' title='bbox 1140 5681 1265 5720; x_wconf 86' lang='lat' dir='ltr'><strong>vero</strong></span> <span class='ocrx_word' id='word_1_343' title='bbox 1313 5667 1377 5720; x_wconf 89' lang='lat' dir='ltr'><strong>ad</strong></span> <span class='ocrx_word' id='word_1_344' title='bbox 1409 5667 1724 5721; x_wconf 84' lang='lat' dir='ltr'><strong>memoriam</strong></span> 
     </span>
    </p>
   </div>
   <div class='ocr_carea' id='block_1_57' title="bbox 168 5747 1720 5830">
    <p class='ocr_par' dir='ltr' id='par_1_57' title="bbox 168 5747 1720 5830">
     <span class='ocr_line' id='line_1_57' title="bbox 168 5747 1720 5830; baseline 0.004 -24"><span class='ocrx_word' id='word_1_345' title='bbox 168 5747 624 5826; x_wconf 66' lang='lat' dir='ltr'><strong>etcognitioncm</strong></span> <span class='ocrx_word' id='word_1_346' title='bbox 670 5755 1047 5828; x_wconf 75' lang='lat' dir='ltr'><strong>sempiternam</strong></span> <span class='ocrx_word' id='word_1_347' title='bbox 1101 5756 1382 5813; x_wconf 79' lang='lat' dir='ltr'><strong>duodecim</strong></span> <span class='ocrx_word' id='word_1_348' title='bbox 1428 5757 1720 5830; x_wconf 66' lang='lat' dir='ltr'><strong>solidorum</strong></span> 
     </span>
    </p>
   </div>
   <div class='ocr_carea' id='block_1_58' title="bbox 1878 648 2913 716">
    <p class='ocr_par' dir='ltr' id='par_1_58' title="bbox 1878 648 2913 716">
     <span class='ocr_line' id='line_1_58' title="bbox 1878 648 2913 716; baseline 0.008 -17"><span class='ocrx_word' id='word_1_349' title='bbox 1878 653 1982 699; x_wconf 89' lang='lat' dir='ltr'><strong>tem</strong></span> <span class='ocrx_word' id='word_1_350' title='bbox 2019 656 2073 701; x_wconf 92' lang='lat' dir='ltr'><strong>ct</strong></span> <span class='ocrx_word' id='word_1_351' title='bbox 2097 648 2445 716; x_wconf 86' lang='lat' dir='ltr'><strong>apostolicam</strong></span> <span class='ocrx_word' id='word_1_352' title='bbox 2477 650 2913 707; x_wconf 73' lang='lat' dir='ltr'><strong>benedictionem.</strong></span> 
     </span>
    </p>
   </div>
   <div class='ocr_carea' id='block_1_59' title="bbox 1945 778 3420 856">
    <p class='ocr_par' dir='ltr' id='par_1_59' title="bbox 1945 778 3420 856">
     <span class='ocr_line' id='line_1_59' title="bbox 1945 778 3420 856; baseline 0.009 -25"><span class='ocrx_word' id='word_1_353' title='bbox 1945 778 2022 831; x_wconf 79' lang='lat' dir='ltr'><strong>Ex</strong></span> <span class='ocrx_word' id='word_1_354' title='bbox 2059 795 2170 849; x_wconf 90' lang='lat' dir='ltr'><strong>quo</strong></span> <span class='ocrx_word' id='word_1_355' title='bbox 2195 797 2222 834; x_wconf 89' lang='lat' dir='ltr'><strong>a</strong></span> <span class='ocrx_word' id='word_1_356' title='bbox 2256 782 2408 836; x_wconf 91' lang='lat' dir='ltr'><strong>nobis</strong></span> <span class='ocrx_word' id='word_1_357' title='bbox 2435 783 2724 852; x_wconf 84' lang='lat' dir='ltr'><strong>diccssisti,</strong></span> <span class='ocrx_word' id='word_1_358' title='bbox 2756 785 2918 854; x_wconf 80' lang='lat' dir='ltr'><strong>frater</strong></span> <span class='ocrx_word' id='word_1_359' title='bbox 2949 789 3284 856; x_wconf 86' lang='lat' dir='ltr'><strong>charissime,</strong></span> <span class='ocrx_word' id='word_1_360' title='bbox 3319 791 3420 844; x_wconf 81' lang='lat' dir='ltr'><strong>ali-</strong></span> 
     </span>
    </p>
   </div>
   <div class='ocr_carea' id='block_1_60' title="bbox 1879 868 3424 940">
    <p class='ocr_par' dir='ltr' id='par_1_60' title="bbox 1879 868 3424 940">
     <span class='ocr_line' id='line_1_60' title="bbox 1879 868 3424 940; baseline 0.01 -20"><span class='ocrx_word' id='word_1_361' title='bbox 1879 868 2092 936; x_wconf 83' lang='lat' dir='ltr'><strong>quoties</strong></span> <span class='ocrx_word' id='word_1_362' title='bbox 2125 870 2330 940; x_wconf 78' lang='lat' dir='ltr'><strong>legatus</strong></span> <span class='ocrx_word' id='word_1_363' title='bbox 2372 888 2435 925; x_wconf 74' lang='lat' dir='ltr'><strong>ex</strong></span> <span class='ocrx_word' id='word_1_364' title='bbox 2470 879 2563 926; x_wconf 84' lang='lat' dir='ltr'><strong>tuo</strong></span> <span class='ocrx_word' id='word_1_365' title='bbox 2599 877 2816 930; x_wconf 87' lang='lat' dir='ltr'><strong>nomine</strong></span> <span class='ocrx_word' id='word_1_366' title='bbox 2865 878 2929 931; x_wconf 91' lang='lat' dir='ltr'><strong>ad</strong></span> <span class='ocrx_word' id='word_1_367' title='bbox 2965 893 3061 933; x_wconf 82' lang='lat' dir='ltr'><strong>nos</strong></span> <span class='ocrx_word' id='word_1_368' title='bbox 3105 880 3310 936; x_wconf 81' lang='lat' dir='ltr'><strong>venisse</strong></span> <span class='ocrx_word' id='word_1_369' title='bbox 3335 897 3424 935; x_wconf 85' lang='lat' dir='ltr'><strong>ue-</strong></span> 
     </span>
    </p>
   </div>
   <div class='ocr_carea' id='block_1_61' title="bbox 1875 973 2198 1017">
    <p class='ocr_par' dir='ltr' id='par_1_61' title="bbox 1875 973 2198 1017">
     <span class='ocr_line' id='line_1_61' title="bbox 1875 973 2198 1017; baseline 0.019 -6"><span class='ocrx_word' id='word_1_370' title='bbox 1875 973 2198 1017; x_wconf 74' lang='lat' dir='ltr'><strong>minimus...</strong></span> 
     </span>
    </p>
   </div>
   <div class='ocr_carea' id='block_1_62' title="bbox 1624 1525 2020 1619">
    <p class='ocr_par' dir='ltr' id='par_1_62' title="bbox 1624 1525 2020 1619">
     <span class='ocr_line' id='line_1_62' title="bbox 1624 1525 2020 1619; baseline -0.013 -3"><span class='ocrx_word' id='word_1_371' title='bbox 1624 1525 2020 1619; x_wconf 83' lang='lat' dir='ltr'><strong>DUBIA.</strong></span> 
     </span>
    </p>
   </div>
   <div class='ocr_carea' id='block_1_63' title="bbox 1800 1795 3426 1869">
    <p class='ocr_par' dir='ltr' id='par_1_63' title="bbox 1800 1795 3426 1869">
     <span class='ocr_line' id='line_1_63' title="bbox 1800 1795 3426 1869; baseline 0.007 -19"><span class='ocrx_word' id='word_1_372' title='bbox 1800 1803 1842 1856; x_wconf 80' lang='grc' dir='ltr'><strong>Β</strong></span> <span class='ocrx_word' id='word_1_373' title='bbox 1867 1796 1934 1851; x_wconf 88' lang='lat' dir='ltr'><strong>de</strong></span> <span class='ocrx_word' id='word_1_374' title='bbox 1988 1804 2203 1850; x_wconf 89' lang='lat' dir='ltr'><strong>moneta</strong></span> <span class='ocrx_word' id='word_1_375' title='bbox 2247 1795 2486 1864; x_wconf 83' lang='lat' dir='ltr'><strong>ejusdem</strong></span> <span class='ocrx_word' id='word_1_376' title='bbox 2542 1796 2745 1864; x_wconf 53' lang='lat' dir='ltr'><strong>patriai,</strong></span> <span class='ocrx_word' id='word_1_377' title='bbox 2793 1799 2931 1852; x_wconf 80' lang='lat' dir='ltr'><strong>sicut</strong></span> <span class='ocrx_word' id='word_1_378' title='bbox 2961 1798 3241 1869; x_wconf 64' lang='lat' dir='ltr'><strong>:statntum</strong></span> <span class='ocrx_word' id='word_1_379' title='bbox 3276 1811 3358 1858; x_wconf 89' lang='lat' dir='ltr'><strong>est</strong></span> <span class='ocrx_word' id='word_1_380' title='bbox 3395 1821 3426 1861; x_wconf 90' lang='lat' dir='ltr'><strong>a</strong></span> 
     </span>
    </p>
   </div>
   <div class='ocr_carea' id='block_1_64' title="bbox 1869 1882 3427 1963">
    <p class='ocr_par' dir='ltr' id='par_1_64' title="bbox 1869 1882 3427 1963">
     <span class='ocr_line' id='line_1_64' title="bbox 1869 1882 3427 1963; baseline 0.005 -24"><span class='ocrx_word' id='word_1_381' title='bbox 1869 1887 2246 1941; x_wconf 85' lang='lat' dir='ltr'><strong>fundatoribus</strong></span> <span class='ocrx_word' id='word_1_382' title='bbox 2276 1887 2398 1951; x_wconf 89' lang='lat' dir='ltr'><strong>loci,</strong></span> <span class='ocrx_word' id='word_1_383' title='bbox 2423 1886 2480 1939; x_wconf 74' lang='lat' dir='ltr'><strong>ll.</strong></span> <span class='ocrx_word' id='word_1_384' title='bbox 2513 1886 2671 1940; x_wconf 74' lang='lat' dir='ltr'><strong>Petro</strong></span> <span class='ocrx_word' id='word_1_385' title='bbox 2700 1887 2846 1942; x_wconf 81' lang='lat' dir='ltr'><strong>reddi</strong></span> <span class='ocrx_word' id='word_1_386' title='bbox 2873 1904 2965 1957; x_wconf 85' lang='lat' dir='ltr'><strong>per</strong></span> <span class='ocrx_word' id='word_1_387' title='bbox 2987 1882 3427 1963; x_wconf 77' lang='lat' dir='ltr'><strong>unumquemque</strong></span> 
     </span>
    </p>
   </div>
   <div class='ocr_carea' id='block_1_65' title="bbox 1773 1977 3427 2049">
    <p class='ocr_par' dir='ltr' id='par_1_65' title="bbox 1773 1977 3427 2049">
     <span class='ocr_line' id='line_1_65' title="bbox 1773 1977 3427 2049; baseline 0.004 -19"><span class='ocrx_word' id='word_1_388' title='bbox 1773 2005 1780 2012; x_wconf 66' lang='grc' dir='ltr'><em>ν</em></span> <span class='ocrx_word' id='word_1_389' title='bbox 1868 1993 2070 2031; x_wconf 87' lang='lat' dir='ltr'><strong>annum</strong></span> <span class='ocrx_word' id='word_1_390' title='bbox 2095 1978 2366 2032; x_wconf 90' lang='lat' dir='ltr'><strong>volumus.</strong></span> <span class='ocrx_word' id='word_1_391' title='bbox 2393 1977 2548 2042; x_wconf 86' lang='lat' dir='ltr'><strong>Quod</strong></span> <span class='ocrx_word' id='word_1_392' title='bbox 2568 1979 2615 2032; x_wconf 89' lang='lat' dir='ltr'><strong>si</strong></span> <span class='ocrx_word' id='word_1_393' title='bbox 2637 1977 2776 2032; x_wconf 81' lang='lat' dir='ltr'><strong>forte</strong></span> <span class='ocrx_word' id='word_1_394' title='bbox 2805 1978 3014 2049; x_wconf 82' lang='lat' dir='ltr'><strong>legatus</strong></span> <span class='ocrx_word' id='word_1_395' title='bbox 3036 1979 3294 2036; x_wconf 81' lang='lat' dir='ltr'><strong>Romanae</strong></span> <span class='ocrx_word' id='word_1_396' title='bbox 3327 1983 3427 2037; x_wconf 49' lang='lat' dir='ltr'><strong>Eeu</strong></span> 
     </span>
    </p>
   </div>
   <div class='ocr_carea' id='block_1_66' title="bbox 1867 2065 3422 2138">
    <p class='ocr_par' dir='ltr' id='par_1_66' title="bbox 1867 2065 3422 2138">
     <span class='ocr_line' id='line_1_66' title="bbox 1867 2065 3422 2138; baseline 0.005 -20"><span class='ocrx_word' id='word_1_397' title='bbox 1867 2066 2043 2120; x_wconf 74' lang='lat' dir='ltr'><strong>elesia:</strong></span> <span class='ocrx_word' id='word_1_398' title='bbox 2063 2066 2427 2134; x_wconf 88' lang='lat' dir='ltr'><strong>supradictum</strong></span> <span class='ocrx_word' id='word_1_399' title='bbox 2460 2065 2516 2119; x_wconf 85' lang='grc' dir='ltr'><strong>Β.</strong></span> <span class='ocrx_word' id='word_1_400' title='bbox 2556 2066 2699 2120; x_wconf 88' lang='lat' dir='ltr'><strong>Petri</strong></span> <span class='ocrx_word' id='word_1_401' title='bbox 2721 2069 2901 2123; x_wconf 89' lang='lat' dir='ltr'><strong>locum</strong></span> <span class='ocrx_word' id='word_1_402' title='bbox 2923 2069 3142 2124; x_wconf 86' lang='lat' dir='ltr'><strong>visitare</strong></span> <span class='ocrx_word' id='word_1_403' title='bbox 3174 2071 3422 2138; x_wconf 84' lang='lat' dir='ltr'><strong>voluerit,</strong></span> 
     </span>
    </p>
   </div>
   <div class='ocr_carea' id='block_1_67' title="bbox 1867 2150 3427 2230">
    <p class='ocr_par' dir='ltr' id='par_1_67' title="bbox 1867 2150 3427 2230">
     <span class='ocr_line' id='line_1_67' title="bbox 1867 2150 3427 2230; baseline 0.006 -23"><span class='ocrx_word' id='word_1_404' title='bbox 1867 2150 1941 2209; x_wconf 91' lang='lat' dir='ltr'><strong>ibi</strong></span> <span class='ocrx_word' id='word_1_405' title='bbox 1962 2171 2085 2210; x_wconf 90' lang='lat' dir='ltr'><strong>cum</strong></span> <span class='ocrx_word' id='word_1_406' title='bbox 2110 2155 2372 2211; x_wconf 87' lang='lat' dir='ltr'><strong>eharitate</strong></span> <span class='ocrx_word' id='word_1_407' title='bbox 2398 2157 2744 2226; x_wconf 87' lang='lat' dir='ltr'><strong>suscipiatur,</strong></span> <span class='ocrx_word' id='word_1_408' title='bbox 2779 2167 2834 2212; x_wconf 88' lang='lat' dir='ltr'><strong>et</strong></span> <span class='ocrx_word' id='word_1_409' title='bbox 2873 2175 2994 2228; x_wconf 74' lang='lat' dir='ltr'><strong>qua:</strong></span> <span class='ocrx_word' id='word_1_410' title='bbox 3017 2162 3232 2230; x_wconf 89' lang='lat' dir='ltr'><strong>corpori</strong></span> <span class='ocrx_word' id='word_1_411' title='bbox 3265 2171 3427 2217; x_wconf 90' lang='lat' dir='ltr'><strong>erunt</strong></span> 
     </span>
    </p>
   </div>
   <div class='ocr_carea' id='block_1_68' title="bbox 1866 2245 3423 2321">
    <p class='ocr_par' dir='ltr' id='par_1_68' title="bbox 1866 2245 3423 2321">
     <span class='ocr_line' id='line_1_68' title="bbox 1866 2245 3423 2321; baseline 0.006 -23"><span class='ocrx_word' id='word_1_412' title='bbox 1866 2246 2169 2301; x_wconf 89' lang='lat' dir='ltr'><strong>necessaria</strong></span> <span class='ocrx_word' id='word_1_413' title='bbox 2197 2247 2246 2299; x_wconf 93' lang='lat' dir='ltr'><strong>ei</strong></span> <span class='ocrx_word' id='word_1_414' title='bbox 2281 2263 2311 2301; x_wconf 90' lang='lat' dir='ltr'><strong>a</strong></span> <span class='ocrx_word' id='word_1_415' title='bbox 2334 2245 2590 2301; x_wconf 83' lang='lat' dir='ltr'><strong>fratribus</strong></span> <span class='ocrx_word' id='word_1_416' title='bbox 2608 2248 2907 2318; x_wconf 81' lang='lat' dir='ltr'><strong>diligenter,</strong></span> <span class='ocrx_word' id='word_1_417' title='bbox 2933 2251 3087 2319; x_wconf 78' lang='lat' dir='ltr'><strong>juxta</strong></span> <span class='ocrx_word' id='word_1_418' title='bbox 3111 2251 3212 2306; x_wconf 87' lang='lat' dir='ltr'><strong>loci</strong></span> <span class='ocrx_word' id='word_1_419' title='bbox 3247 2251 3423 2321; x_wconf 85' lang='lat' dir='ltr'><strong>possi-</strong></span> 
     </span>
    </p>
   </div>
   <div class='ocr_carea' id='block_1_69' title="bbox 1864 2334 3416 2405">
    <p class='ocr_par' dir='ltr' id='par_1_69' title="bbox 1864 2334 3416 2405">
     <span class='ocr_line' id='line_1_69' title="bbox 1864 2334 3416 2405; baseline 0.005 -19"><span class='ocrx_word' id='word_1_420' title='bbox 1864 2334 2147 2400; x_wconf 89' lang='lat' dir='ltr'><strong>bilitatem,</strong></span> <span class='ocrx_word' id='word_1_421' title='bbox 2167 2336 2539 2389; x_wconf 87' lang='lat' dir='ltr'><strong>ministrentur</strong></span> <span class='ocrx_word' id='word_1_422' title='bbox 2572 2356 2584 2389; x_wconf 92' lang='lat'><strong>:</strong></span> <span class='ocrx_word' id='word_1_423' title='bbox 2620 2339 2732 2405; x_wconf 88' lang='lat' dir='ltr'><strong>ipse</strong></span> <span class='ocrx_word' id='word_1_424' title='bbox 2746 2354 2875 2392; x_wconf 88' lang='lat' dir='ltr'><strong>vero</strong></span> <span class='ocrx_word' id='word_1_425' title='bbox 2901 2339 2954 2391; x_wconf 93' lang='lat' dir='ltr'><strong>in</strong></span> <span class='ocrx_word' id='word_1_426' title='bbox 2971 2341 3158 2394; x_wconf 89' lang='lat' dir='ltr'><strong>eodem</strong></span> <span class='ocrx_word' id='word_1_427' title='bbox 3179 2342 3300 2395; x_wconf 90' lang='lat' dir='ltr'><strong>loco</strong></span> <span class='ocrx_word' id='word_1_428' title='bbox 3329 2343 3416 2394; x_wconf 88' lang='lat' dir='ltr'><strong>ni-</strong></span> 
     </span>
    </p>
   </div>
   <div class='ocr_carea' id='block_1_70' title="bbox 1863 2423 3422 2497">
    <p class='ocr_par' dir='ltr' id='par_1_70' title="bbox 1863 2423 3422 2497">
     <span class='ocr_line' id='line_1_70' title="bbox 1863 2423 3422 2497; baseline 0.006 -22"><span class='ocrx_word' id='word_1_429' title='bbox 1863 2423 1938 2476; x_wconf 91' lang='lat' dir='ltr'><strong>hil</strong></span> <span class='ocrx_word' id='word_1_430' title='bbox 1960 2439 2054 2493; x_wconf 90' lang='lat' dir='ltr'><strong>per</strong></span> <span class='ocrx_word' id='word_1_431' title='bbox 2083 2440 2140 2479; x_wconf 87' lang='lat' dir='ltr'><strong>se</strong></span> <span class='ocrx_word' id='word_1_432' title='bbox 2154 2425 2445 2493; x_wconf 84' lang='lat' dir='ltr'><strong>corrigere,</strong></span> <span class='ocrx_word' id='word_1_433' title='bbox 2482 2440 2657 2494; x_wconf 85' lang='lat' dir='ltr'><strong>neque</strong></span> <span class='ocrx_word' id='word_1_434' title='bbox 2676 2427 2962 2480; x_wconf 84' lang='lat' dir='ltr'><strong>occasione</strong></span> <span class='ocrx_word' id='word_1_435' title='bbox 3013 2428 3294 2497; x_wconf 83' lang='lat' dir='ltr'><strong>legationis</strong></span> <span class='ocrx_word' id='word_1_436' title='bbox 3333 2445 3422 2484; x_wconf 61' lang='lat' dir='ltr'><strong>re-</strong></span> 
     </span>
    </p>
   </div>
   <div class='ocr_carea' id='block_1_71' title="bbox 1863 2506 3416 2590">
    <p class='ocr_par' dir='ltr' id='par_1_71' title="bbox 1863 2506 3416 2590">
     <span class='ocr_line' id='line_1_71' title="bbox 1863 2506 3416 2590; baseline 0.004 -22"><span class='ocrx_word' id='word_1_437' title='bbox 1863 2523 2066 2568; x_wconf 86' lang='lat' dir='ltr'><strong>etorem</strong></span> <span class='ocrx_word' id='word_1_438' title='bbox 2095 2515 2199 2590; x_wconf 71' lang='lat' dir='ltr'><strong>loci</strong></span> <span class='ocrx_word' id='word_1_439' title='bbox 2242 2516 2326 2570; x_wconf 83' lang='lat' dir='ltr'><strong>vel</strong></span> <span class='ocrx_word' id='word_1_440' title='bbox 2365 2514 2561 2571; x_wconf 87' lang='lat' dir='ltr'><strong>fratres</strong></span> <span class='ocrx_word' id='word_1_441' title='bbox 2589 2506 2873 2570; x_wconf 82' lang='lat' dir='ltr'><strong>molestare</strong></span> <span class='ocrx_word' id='word_1_442' title='bbox 2899 2527 3220 2586; x_wconf 66' lang='lat' dir='ltr'><strong>puesumat;</strong></span> <span class='ocrx_word' id='word_1_443' title='bbox 3243 2520 3338 2574; x_wconf 87' lang='lat' dir='ltr'><strong>sed</strong></span> <span class='ocrx_word' id='word_1_444' title='bbox 3369 2521 3416 2573; x_wconf 89' lang='lat' dir='ltr'><strong>si</strong></span> 
     </span>
    </p>
   </div>
   <div class='ocr_carea' id='block_1_72' title="bbox 1862 2605 3422 2676">
    <p class='ocr_par' dir='ltr' id='par_1_72' title="bbox 1862 2605 3422 2676">
     <span class='ocr_line' id='line_1_72' title="bbox 1862 2605 3422 2676; baseline 0.004 -19"><span class='ocrx_word' id='word_1_445' title='bbox 1862 2605 1991 2672; x_wconf 88' lang='lat' dir='ltr'><strong>quid</strong></span> <span class='ocrx_word' id='word_1_446' title='bbox 2017 2606 2210 2658; x_wconf 81' lang='lat' dir='ltr'><strong>viderit</strong></span> <span class='ocrx_word' id='word_1_447' title='bbox 2232 2606 2634 2673; x_wconf 82' lang='lat' dir='ltr'><strong>corrigendum,</strong></span> <span class='ocrx_word' id='word_1_448' title='bbox 2672 2621 2822 2676; x_wconf 71' lang='lat' dir='ltr'><strong>papa:</strong></span> <span class='ocrx_word' id='word_1_449' title='bbox 2862 2607 3054 2662; x_wconf 85' lang='lat' dir='ltr'><strong>litteris</strong></span> <span class='ocrx_word' id='word_1_450' title='bbox 3081 2607 3333 2662; x_wconf 87' lang='lat' dir='ltr'><strong>intimare</strong></span> <span class='ocrx_word' id='word_1_451' title='bbox 3353 2610 3422 2663; x_wconf 90' lang='lat' dir='ltr'><strong>li-</strong></span> 
     </span>
    </p>
   </div>
   <div class='ocr_carea' id='block_1_73' title="bbox 1860 2693 3424 2761">
    <p class='ocr_par' dir='ltr' id='par_1_73' title="bbox 1860 2693 3424 2761">
     <span class='ocr_line' id='line_1_73' title="bbox 1860 2693 3424 2761; baseline 0.004 -14"><span class='ocrx_word' id='word_1_452' title='bbox 1860 2694 2016 2747; x_wconf 87' lang='lat' dir='ltr'><strong>cebit.</strong></span> <span class='ocrx_word' id='word_1_453' title='bbox 2043 2693 2175 2746; x_wconf 89' lang='lat' dir='ltr'><strong>lUud</strong></span> <span class='ocrx_word' id='word_1_454' title='bbox 2201 2693 2360 2747; x_wconf 80' lang='lat' dir='ltr'><strong>etiam</strong></span> <span class='ocrx_word' id='word_1_455' title='bbox 2385 2693 2788 2761; x_wconf 79' lang='lat' dir='ltr'><strong>confirmamus,</strong></span> <span class='ocrx_word' id='word_1_456' title='bbox 2809 2703 2869 2750; x_wconf 92' lang='lat' dir='ltr'><strong>ut</strong></span> <span class='ocrx_word' id='word_1_457' title='bbox 2897 2699 3049 2754; x_wconf 86' lang='lat' dir='ltr'><strong>locus</strong></span> <span class='ocrx_word' id='word_1_458' title='bbox 3080 2696 3267 2752; x_wconf 89' lang='lat' dir='ltr'><strong>Sancti</strong></span> <span class='ocrx_word' id='word_1_459' title='bbox 3305 2698 3424 2753; x_wconf 83' lang='lat' dir='ltr'><strong>Sal-</strong></span> 
     </span>
    </p>
   </div>
   <div class='ocr_carea' id='block_1_74' title="bbox 1861 2784 3425 2856">
    <p class='ocr_par' dir='ltr' id='par_1_74' title="bbox 1861 2784 3425 2856">
     <span class='ocr_line' id='line_1_74' title="bbox 1861 2784 3425 2856; baseline 0.004 -20"><span class='ocrx_word' id='word_1_460' title='bbox 1861 2784 2080 2847; x_wconf 87' lang='lat' dir='ltr'><strong>vatoris,</strong></span> <span class='ocrx_word' id='word_1_461' title='bbox 2115 2799 2280 2854; x_wconf 86' lang='lat' dir='ltr'><strong>prepe</strong></span> <span class='ocrx_word' id='word_1_462' title='bbox 2327 2801 2514 2840; x_wconf 88' lang='lat' dir='ltr'><strong>muros</strong></span> <span class='ocrx_word' id='word_1_463' title='bbox 2557 2784 2860 2856; x_wconf 81' lang='lat' dir='ltr'><strong>Andegavis</strong></span> <span class='ocrx_word' id='word_1_464' title='bbox 2899 2797 3274 2856; x_wconf 86' lang='lat' dir='ltr'><strong>constructus,</strong></span> <span class='ocrx_word' id='word_1_465' title='bbox 3321 2789 3425 2844; x_wconf 91' lang='lat' dir='ltr'><strong>sub</strong></span> 
     </span>
    </p>
   </div>
   <div class='ocr_carea' id='block_1_75' title="bbox 1861 2874 3423 2944">
    <p class='ocr_par' dir='ltr' id='par_1_75' title="bbox 1861 2874 3423 2944">
     <span class='ocr_line' id='line_1_75' title="bbox 1861 2874 3423 2944; baseline 0.004 -17"><span class='ocrx_word' id='word_1_466' title='bbox 1861 2875 2187 2928; x_wconf 90' lang='lat' dir='ltr'><strong>monasterio</strong></span> <span class='ocrx_word' id='word_1_467' title='bbox 2232 2874 2609 2930; x_wconf 79' lang='lat' dir='ltr'><strong>Vindocinensi</strong></span> <span class='ocrx_word' id='word_1_468' title='bbox 2656 2892 2869 2944; x_wconf 85' lang='lat' dir='ltr'><strong>semper</strong></span> <span class='ocrx_word' id='word_1_469' title='bbox 2921 2889 3154 2944; x_wconf 88' lang='lat' dir='ltr'><strong>maneat,</strong></span> <span class='ocrx_word' id='word_1_470' title='bbox 3184 2896 3281 2935; x_wconf 90' lang='lat' dir='ltr'><strong>nec</strong></span> <span class='ocrx_word' id='word_1_471' title='bbox 3324 2881 3423 2934; x_wconf 86' lang='lat' dir='ltr'><strong>ali-</strong></span> 
     </span>
    </p>
   </div>
   <div class='ocr_carea' id='block_1_76' title="bbox 1857 2963 3421 3036">
    <p class='ocr_par' dir='ltr' id='par_1_76' title="bbox 1857 2963 3421 3036">
     <span class='ocr_line' id='line_1_76' title="bbox 1857 2963 3421 3036; baseline 0.005 -21"><span class='ocrx_word' id='word_1_472' title='bbox 1857 2964 2074 3032; x_wconf 89' lang='lat' dir='ltr'><strong>quando</strong></span> <span class='ocrx_word' id='word_1_473' title='bbox 2099 2963 2169 3018; x_wconf 90' lang='lat' dir='ltr'><strong>ibi</strong></span> <span class='ocrx_word' id='word_1_474' title='bbox 2197 2963 2490 3018; x_wconf 80' lang='lat' dir='ltr'><strong>ordinetur</strong></span> <span class='ocrx_word' id='word_1_475' title='bbox 2523 2965 2720 3034; x_wconf 86' lang='lat' dir='ltr'><strong>aliquis</strong></span> <span class='ocrx_word' id='word_1_476' title='bbox 2749 2975 2926 3020; x_wconf 87' lang='lat' dir='ltr'><strong>reetor</strong></span> <span class='ocrx_word' id='word_1_477' title='bbox 2978 2969 3061 3021; x_wconf 91' lang='lat' dir='ltr'><strong>vel</strong></span> <span class='ocrx_word' id='word_1_478' title='bbox 3101 2970 3421 3036; x_wconf 71' lang='lat' dir='ltr'><strong>pnepositus</strong></span> 
     </span>
    </p>
   </div>
   <div class='ocr_carea' id='block_1_77' title="bbox 1859 3053 3416 3132">
    <p class='ocr_par' dir='ltr' id='par_1_77' title="bbox 1859 3053 3416 3132">
     <span class='ocr_line' id='line_1_77' title="bbox 1859 3053 3416 3132; baseline 0.004 -26"><span class='ocrx_word' id='word_1_479' title='bbox 1859 3053 1963 3108; x_wconf 67' lang='lat' dir='ltr'><strong>nisi</strong></span> <span class='ocrx_word' id='word_1_480' title='bbox 1986 3055 2261 3108; x_wconf 80' lang='lat' dir='ltr'><strong>voluntate</strong></span> <span class='ocrx_word' id='word_1_481' title='bbox 2298 3056 2509 3132; x_wconf 78' lang='lat' dir='ltr'><strong>abbatis</strong></span> <span class='ocrx_word' id='word_1_482' title='bbox 2535 3054 2968 3110; x_wconf 60' lang='lat' dir='ltr'><strong>Vindoeinensis;</strong></span> <span class='ocrx_word' id='word_1_483' title='bbox 2994 3056 3314 3129; x_wconf 75' lang='lat' dir='ltr'><strong>lloc&#39;etiam,</strong></span> <span class='ocrx_word' id='word_1_484' title='bbox 3333 3060 3416 3114; x_wconf 86' lang='lat' dir='ltr'><strong>di-</strong></span> 
     </span>
    </p>
   </div>
   <div class='ocr_carea' id='block_1_78' title="bbox 1857 3144 3417 3219">
    <p class='ocr_par' dir='ltr' id='par_1_78' title="bbox 1857 3144 3417 3219">
     <span class='ocr_line' id='line_1_78' title="bbox 1857 3144 3417 3219; baseline 0.006 -22"><span class='ocrx_word' id='word_1_485' title='bbox 1857 3145 1980 3198; x_wconf 87' lang='lat' dir='ltr'><strong>vina</strong></span> <span class='ocrx_word' id='word_1_486' title='bbox 2005 3144 2122 3198; x_wconf 86' lang='lat' dir='ltr'><strong>fulti</strong></span> <span class='ocrx_word' id='word_1_487' title='bbox 2155 3146 2366 3212; x_wconf 81' lang='lat' dir='ltr'><strong>fiducia,</strong></span> <span class='ocrx_word' id='word_1_488' title='bbox 2393 3147 2685 3215; x_wconf 89' lang='lat' dir='ltr'><strong>apostolica</strong></span> <span class='ocrx_word' id='word_1_489' title='bbox 2710 3148 3029 3204; x_wconf 86' lang='lat' dir='ltr'><strong>auctoritate</strong></span> <span class='ocrx_word' id='word_1_490' title='bbox 3047 3151 3417 3219; x_wconf 86' lang='lat' dir='ltr'><strong>prohibemus.</strong></span> 
     </span>
    </p>
   </div>
   <div class='ocr_carea' id='block_1_79' title="bbox 1857 3223 3419 3308">
    <p class='ocr_par' dir='ltr' id='par_1_79' title="bbox 1857 3223 3419 3308">
     <span class='ocr_line' id='line_1_79' title="bbox 1857 3223 3419 3308; baseline 0.005 -21"><span class='ocrx_word' id='word_1_491' title='bbox 1857 3250 1923 3288; x_wconf 90' lang='lat' dir='ltr'><strong>ne</strong></span> <span class='ocrx_word' id='word_1_492' title='bbox 1947 3235 2002 3288; x_wconf 88' lang='lat' dir='ltr'><strong>in</strong></span> <span class='ocrx_word' id='word_1_493' title='bbox 2039 3223 2418 3296; x_wconf 82' lang='lat' dir='ltr'><strong>Vindoeinensi</strong></span> <span class='ocrx_word' id='word_1_494' title='bbox 2440 3237 2710 3302; x_wconf 78' lang='lat' dir='ltr'><strong>cmuobio,</strong></span> <span class='ocrx_word' id='word_1_495' title='bbox 2742 3254 2836 3292; x_wconf 87' lang='lat' dir='ltr'><strong>seu</strong></span> <span class='ocrx_word' id='word_1_496' title='bbox 2869 3239 2922 3292; x_wconf 90' lang='lat' dir='ltr'><strong>in</strong></span> <span class='ocrx_word' id='word_1_497' title='bbox 2952 3239 3207 3308; x_wconf 79' lang='lat' dir='ltr'><strong>praedicta</strong></span> <span class='ocrx_word' id='word_1_498' title='bbox 3236 3239 3419 3296; x_wconf 88' lang='lat' dir='ltr'><strong>Sancti</strong></span> 
     </span>
    </p>
   </div>
   <div class='ocr_carea' id='block_1_80' title="bbox 1857 3323 3416 3395">
    <p class='ocr_par' dir='ltr' id='par_1_80' title="bbox 1857 3323 3416 3395">
     <span class='ocr_line' id='line_1_80' title="bbox 1857 3323 3416 3395; baseline 0.004 -19"><span class='ocrx_word' id='word_1_499' title='bbox 1857 3323 2150 3378; x_wconf 81' lang='lat' dir='ltr'><strong>Salvatoris</strong></span> <span class='ocrx_word' id='word_1_500' title='bbox 2177 3325 2423 3388; x_wconf 86' lang='lat' dir='ltr'><strong>ecclesia,</strong></span> <span class='ocrx_word' id='word_1_501' title='bbox 2473 3327 2605 3378; x_wconf 92' lang='lat' dir='ltr'><strong>nulli</strong></span> <span class='ocrx_word' id='word_1_502' title='bbox 2632 3342 2868 3395; x_wconf 87' lang='lat' dir='ltr'><strong>unquam</strong></span> <span class='ocrx_word' id='word_1_503' title='bbox 2900 3343 3145 3394; x_wconf 74' lang='lat' dir='ltr'><strong>persona:</strong></span> <span class='ocrx_word' id='word_1_504' title='bbox 3181 3329 3285 3384; x_wconf 89' lang='lat' dir='ltr'><strong>nisi</strong></span> <span class='ocrx_word' id='word_1_505' title='bbox 3315 3331 3416 3383; x_wconf 89' lang='lat' dir='ltr'><strong>soli</strong></span> 
     </span>
    </p>
   </div>
   <div class='ocr_carea' id='block_1_81' title="bbox 1854 3406 3418 3483">
    <p class='ocr_par' dir='ltr' id='par_1_81' title="bbox 1854 3406 3418 3483">
     <span class='ocr_line' id='line_1_81' title="bbox 1854 3406 3418 3483; baseline 0.004 -17"><span class='ocrx_word' id='word_1_506' title='bbox 1854 3428 2004 3482; x_wconf 65' lang='lat' dir='ltr'><strong>papae</strong></span> <span class='ocrx_word' id='word_1_507' title='bbox 2051 3413 2207 3467; x_wconf 85' lang='lat' dir='ltr'><strong>liceat</strong></span> <span class='ocrx_word' id='word_1_508' title='bbox 2231 3406 2555 3482; x_wconf 83' lang='lat' dir='ltr'><strong>potestatem</strong></span> <span class='ocrx_word' id='word_1_509' title='bbox 2582 3415 2818 3483; x_wconf 88' lang='lat' dir='ltr'><strong>aliquam</strong></span> <span class='ocrx_word' id='word_1_510' title='bbox 2858 3424 2952 3470; x_wconf 89' lang='lat' dir='ltr'><strong>aut</strong></span> <span class='ocrx_word' id='word_1_511' title='bbox 2992 3416 3418 3473; x_wconf 88' lang='lat' dir='ltr'><strong>dominationem</strong></span> 
     </span>
    </p>
   </div>
   <div class='ocr_carea' id='block_1_82' title="bbox 1851 3505 3416 3573">
    <p class='ocr_par' dir='ltr' id='par_1_82' title="bbox 1851 3505 3416 3573">
     <span class='ocr_line' id='line_1_82' title="bbox 1851 3505 3416 3573; baseline 0.004 -18"><span class='ocrx_word' id='word_1_512' title='bbox 1851 3518 2121 3570; x_wconf 80' lang='lat' dir='ltr'><strong>exercere,</strong></span> <span class='ocrx_word' id='word_1_513' title='bbox 2136 3511 2227 3557; x_wconf 88' lang='lat' dir='ltr'><strong>aut</strong></span> <span class='ocrx_word' id='word_1_514' title='bbox 2243 3505 2713 3560; x_wconf 79' lang='lat' dir='ltr'><strong>excommunicare</strong></span> <span class='ocrx_word' id='word_1_515' title='bbox 2733 3522 2826 3561; x_wconf 92' lang='lat' dir='ltr'><strong>seu</strong></span> <span class='ocrx_word' id='word_1_516' title='bbox 2851 3506 3190 3573; x_wconf 76' lang='lat' dir='ltr'><strong>interdicere,</strong></span> <span class='ocrx_word' id='word_1_517' title='bbox 3204 3508 3416 3562; x_wconf 85' lang='lat' dir='ltr'><strong>etiamsi</strong></span> 
     </span>
    </p>
   </div>
   <div class='ocr_carea' id='block_1_83' title="bbox 1851 3593 3416 3664">
    <p class='ocr_par' dir='ltr' id='par_1_83' title="bbox 1851 3593 3416 3664">
     <span class='ocr_line' id='line_1_83' title="bbox 1851 3593 3416 3664; baseline 0.005 -18"><span class='ocrx_word' id='word_1_518' title='bbox 1851 3593 2199 3648; x_wconf 83' lang='lat' dir='ltr'><strong>Carnotensis</strong></span> <span class='ocrx_word' id='word_1_519' title='bbox 2218 3594 2300 3648; x_wconf 90' lang='lat' dir='ltr'><strong>vel</strong></span> <span class='ocrx_word' id='word_1_520' title='bbox 2323 3594 2725 3664; x_wconf 79' lang='lat' dir='ltr'><strong>Andegavensis</strong></span> <span class='ocrx_word' id='word_1_521' title='bbox 2755 3597 2926 3664; x_wconf 86' lang='lat' dir='ltr'><strong>patria</strong></span> <span class='ocrx_word' id='word_1_522' title='bbox 2945 3599 3354 3655; x_wconf 73' lang='lat' dir='ltr'><strong>exeommuuica</strong></span> <span class='ocrx_word' id='word_1_523' title='bbox 3363 3607 3416 3654; x_wconf 83' lang='lat' dir='ltr'><strong>ta</strong></span> 
     </span>
    </p>
   </div>
   <div class='ocr_carea' id='block_1_84' title="bbox 1850 3678 3418 3746">
    <p class='ocr_par' dir='ltr' id='par_1_84' title="bbox 1850 3678 3418 3746">
     <span class='ocr_line' id='line_1_84' title="bbox 1850 3678 3418 3746; baseline 0.006 -12"><span class='ocrx_word' id='word_1_524' title='bbox 1850 3678 2013 3737; x_wconf 83' lang='lat' dir='ltr'><strong>fuerit</strong></span> <span class='ocrx_word' id='word_1_525' title='bbox 2040 3693 2132 3737; x_wconf 90' lang='lat' dir='ltr'><strong>aut</strong></span> <span class='ocrx_word' id='word_1_526' title='bbox 2153 3684 2466 3746; x_wconf 84' lang='lat' dir='ltr'><strong>interdicta;</strong></span> <span class='ocrx_word' id='word_1_527' title='bbox 2498 3687 2995 3740; x_wconf 80' lang='lat' dir='ltr'><strong>excommunicatos</strong></span> <span class='ocrx_word' id='word_1_528' title='bbox 3024 3696 3201 3742; x_wconf 87' lang='lat' dir='ltr'><strong>tamen</strong></span> <span class='ocrx_word' id='word_1_529' title='bbox 3233 3697 3418 3744; x_wconf 81' lang='lat' dir='ltr'><strong>mona-</strong></span> 
     </span>
    </p>
   </div>
   <div class='ocr_carea' id='block_1_85' title="bbox 1850 3766 3415 3848">
    <p class='ocr_par' dir='ltr' id='par_1_85' title="bbox 1850 3766 3415 3848">
     <span class='ocr_line' id='line_1_85' title="bbox 1850 3766 3415 3848; baseline 0.006 -23"><span class='ocrx_word' id='word_1_530' title='bbox 1850 3773 1936 3825; x_wconf 91' lang='lat' dir='ltr'><strong>chi</strong></span> <span class='ocrx_word' id='word_1_531' title='bbox 1960 3788 2066 3825; x_wconf 88' lang='lat' dir='ltr'><strong>non</strong></span> <span class='ocrx_word' id='word_1_532' title='bbox 2091 3773 2408 3840; x_wconf 87' lang='lat' dir='ltr'><strong>suscipiant.</strong></span> <span class='ocrx_word' id='word_1_533' title='bbox 2439 3772 2548 3828; x_wconf 84' lang='lat' dir='ltr'><strong>Nos</strong></span> <span class='ocrx_word' id='word_1_534' title='bbox 2569 3766 2751 3828; x_wconf 87' lang='lat' dir='ltr'><strong>autem</strong></span> <span class='ocrx_word' id='word_1_535' title='bbox 2776 3790 2841 3829; x_wconf 90' lang='lat' dir='ltr'><strong>ea</strong></span> <span class='ocrx_word' id='word_1_536' title='bbox 2863 3792 2983 3845; x_wconf 68' lang='lat' dir='ltr'><strong>quae</strong></span> <span class='ocrx_word' id='word_1_537' title='bbox 3009 3777 3078 3831; x_wconf 87' lang='lat' dir='ltr'><strong>ab</strong></span> <span class='ocrx_word' id='word_1_538' title='bbox 3128 3778 3260 3848; x_wconf 86' lang='lat' dir='ltr'><strong>ipsis</strong></span> <span class='ocrx_word' id='word_1_539' title='bbox 3293 3778 3415 3834; x_wconf 86' lang='lat' dir='ltr'><strong>fun-</strong></span> 
     </span>
    </p>
   </div>
   <div class='ocr_carea' id='block_1_86' title="bbox 1847 3863 3410 3936">
    <p class='ocr_par' dir='ltr' id='par_1_86' title="bbox 1847 3863 3410 3936">
     <span class='ocr_line' id='line_1_86' title="bbox 1847 3863 3410 3936; baseline 0.003 -19"><span class='ocrx_word' id='word_1_540' title='bbox 1847 3863 2126 3917; x_wconf 85' lang='lat' dir='ltr'><strong>datoribus</strong></span> <span class='ocrx_word' id='word_1_541' title='bbox 2156 3863 2238 3916; x_wconf 88' lang='lat' dir='ltr'><strong>vel</strong></span> <span class='ocrx_word' id='word_1_542' title='bbox 2258 3863 2327 3916; x_wconf 86' lang='lat' dir='ltr'><strong>ab</strong></span> <span class='ocrx_word' id='word_1_543' title='bbox 2349 3863 2470 3918; x_wconf 90' lang='lat' dir='ltr'><strong>aliis</strong></span> <span class='ocrx_word' id='word_1_544' title='bbox 2499 3865 2942 3936; x_wconf 45' lang='lat' dir='ltr'><strong>personis‘usque</strong></span> <span class='ocrx_word' id='word_1_545' title='bbox 2964 3868 3029 3920; x_wconf 86' lang='lat' dir='ltr'><strong>ad</strong></span> <span class='ocrx_word' id='word_1_546' title='bbox 3079 3869 3222 3924; x_wconf 87' lang='lat' dir='ltr'><strong>hunc</strong></span> <span class='ocrx_word' id='word_1_547' title='bbox 3263 3870 3410 3924; x_wconf 88' lang='lat' dir='ltr'><strong>diem</strong></span> 
     </span>
    </p>
   </div>
   <div class='ocr_carea' id='block_1_87' title="bbox 1847 3951 3410 4016">
    <p class='ocr_par' dir='ltr' id='par_1_87' title="bbox 1847 3951 3410 4016">
     <span class='ocr_line' id='line_1_87' title="bbox 1847 3951 3410 4016; baseline 0.002 -10"><span class='ocrx_word' id='word_1_548' title='bbox 1847 3952 2020 4006; x_wconf 88' lang='lat' dir='ltr'><strong>eidem</strong></span> <span class='ocrx_word' id='word_1_549' title='bbox 2047 3953 2168 4005; x_wconf 90' lang='lat' dir='ltr'><strong>loco</strong></span> <span class='ocrx_word' id='word_1_550' title='bbox 2195 3951 2377 4005; x_wconf 82' lang='lat' dir='ltr'><strong>oblata</strong></span> <span class='ocrx_word' id='word_1_551' title='bbox 2401 3959 2548 4016; x_wconf 89' lang='lat' dir='ltr'><strong>sunt,</strong></span> <span class='ocrx_word' id='word_1_552' title='bbox 2569 3961 2752 4006; x_wconf 89' lang='lat' dir='ltr'><strong>nostra</strong></span> <span class='ocrx_word' id='word_1_553' title='bbox 2777 3954 3096 4007; x_wconf 84' lang='lat' dir='ltr'><strong>auctoritate</strong></span> <span class='ocrx_word' id='word_1_554' title='bbox 3124 3957 3410 4009; x_wconf 78' lang='lat' dir='ltr'><strong>ﬁrmamus</strong></span> 
     </span>
    </p>
   </div>
   <div class='ocr_carea' id='block_1_88' title="bbox 1847 4041 3411 4110">
    <p class='ocr_par' dir='ltr' id='par_1_88' title="bbox 1847 4041 3411 4110">
     <span class='ocr_line' id='line_1_88' title="bbox 1847 4041 3411 4110; baseline 0.002 -15"><span class='ocrx_word' id='word_1_555' title='bbox 1847 4043 2323 4098; x_wconf 88' lang='lat' dir='ltr'><strong>etcorroboramus</strong></span> <span class='ocrx_word' id='word_1_556' title='bbox 2344 4041 2397 4092; x_wconf 92' lang='lat' dir='ltr'><strong>in</strong></span> <span class='ocrx_word' id='word_1_557' title='bbox 2419 4049 2733 4107; x_wconf 85' lang='lat' dir='ltr'><strong>perpetuum</strong></span> <span class='ocrx_word' id='word_1_558' title='bbox 2763 4041 2874 4108; x_wconf 89' lang='lat' dir='ltr'><strong>juri</strong></span> <span class='ocrx_word' id='word_1_559' title='bbox 2902 4042 3140 4110; x_wconf 87' lang='lat' dir='ltr'><strong>ejusdem</strong></span> <span class='ocrx_word' id='word_1_560' title='bbox 3168 4043 3270 4096; x_wconf 89' lang='lat' dir='ltr'><strong>loci</strong></span> <span class='ocrx_word' id='word_1_561' title='bbox 3293 4044 3411 4099; x_wconf 91' lang='lat' dir='ltr'><strong>sine</strong></span> 
     </span>
    </p>
   </div>
   <div class='ocr_carea' id='block_1_89' title="bbox 1846 4129 3408 4201">
    <p class='ocr_par' dir='ltr' id='par_1_89' title="bbox 1846 4129 3408 4201">
     <span class='ocr_line' id='line_1_89' title="bbox 1846 4129 3408 4201; baseline 0.002 -17"><span class='ocrx_word' id='word_1_562' title='bbox 1846 4131 2201 4184; x_wconf 89' lang='lat' dir='ltr'><strong>diminutione</strong></span> <span class='ocrx_word' id='word_1_563' title='bbox 2234 4130 2315 4182; x_wconf 90' lang='lat' dir='ltr'><strong>vel</strong></span> <span class='ocrx_word' id='word_1_564' title='bbox 2336 4129 2575 4198; x_wconf 82' lang='lat' dir='ltr'><strong>qualibet</strong></span> <span class='ocrx_word' id='word_1_565' title='bbox 2615 4130 2953 4186; x_wconf 84' lang='lat' dir='ltr'><strong>detractione</strong></span> <span class='ocrx_word' id='word_1_566' title='bbox 2981 4133 3309 4201; x_wconf 80' lang='lat' dir='ltr'><strong>-.persistaut.</strong></span> <span class='ocrx_word' id='word_1_567' title='bbox 3349 4133 3408 4188; x_wconf 91' lang='lat' dir='ltr'><strong>ln</strong></span> 
     </span>
    </p>
   </div>
   <div class='ocr_carea' id='block_1_90' title="bbox 1836 4219 3409 4289">
    <p class='ocr_par' dir='ltr' id='par_1_90' title="bbox 1836 4219 3409 4289">
     <span class='ocr_line' id='line_1_90' title="bbox 1836 4219 3409 4289; baseline 0.003 -16"><span class='ocrx_word' id='word_1_568' title='bbox 1836 4220 2043 4288; x_wconf 82' lang='lat' dir='ltr'><strong>quibus</strong></span> <span class='ocrx_word' id='word_1_569' title='bbox 2063 4221 2176 4275; x_wconf 62' lang='lat' dir='ltr'><strong>haec</strong></span> <span class='ocrx_word' id='word_1_570' title='bbox 2216 4219 2448 4289; x_wconf 85' lang='lat' dir='ltr'><strong>propriis</strong></span> <span class='ocrx_word' id='word_1_571' title='bbox 2486 4220 2602 4273; x_wconf 87' lang='lat' dir='ltr'><strong>visa</strong></span> <span class='ocrx_word' id='word_1_572' title='bbox 2637 4228 2764 4274; x_wconf 87' lang='lat' dir='ltr'><strong>sunt</strong></span> <span class='ocrx_word' id='word_1_573' title='bbox 2792 4221 3137 4288; x_wconf 73' lang='lat' dir='ltr'><strong>exprimenda</strong></span> <span class='ocrx_word' id='word_1_574' title='bbox 3174 4223 3409 4278; x_wconf 89' lang='lat' dir='ltr'><strong>nomini-</strong></span> 
     </span>
    </p>
   </div>
   <div class='ocr_carea' id='block_1_91' title="bbox 1847 4307 3406 4376">
    <p class='ocr_par' dir='ltr' id='par_1_91' title="bbox 1847 4307 3406 4376">
     <span class='ocr_line' id='line_1_91' title="bbox 1847 4307 3406 4376; baseline 0.003 -12"><span class='ocrx_word' id='word_1_575' title='bbox 1847 4311 1950 4364; x_wconf 87' lang='lat' dir='ltr'><strong>bus</strong></span> <span class='ocrx_word' id='word_1_576' title='bbox 1976 4329 1987 4363; x_wconf 95' lang='lat'>:</span> <span class='ocrx_word' id='word_1_577' title='bbox 2017 4310 2256 4366; x_wconf 84' lang='lat' dir='ltr'><strong>Ecclesia</strong></span> <span class='ocrx_word' id='word_1_578' title='bbox 2288 4309 2462 4364; x_wconf 89' lang='lat' dir='ltr'><strong>sancti</strong></span> <span class='ocrx_word' id='word_1_579' title='bbox 2485 4307 2958 4376; x_wconf 75' lang='lat' dir='ltr'><strong>GeorgiiOleronis</strong></span> <span class='ocrx_word' id='word_1_580' title='bbox 2983 4309 3035 4362; x_wconf 89' lang='lat' dir='ltr'><strong>in</strong></span> <span class='ocrx_word' id='word_1_581' title='bbox 3068 4311 3245 4367; x_wconf 87' lang='lat' dir='ltr'><strong>insula</strong></span> <span class='ocrx_word' id='word_1_582' title='bbox 3281 4329 3406 4369; x_wconf 85' lang='lat' dir='ltr'><strong>cunt</strong></span> 
     </span>
    </p>
   </div>
   <div class='ocr_carea' id='block_1_92' title="bbox 1847 4398 3406 4470">
    <p class='ocr_par' dir='ltr' id='par_1_92' title="bbox 1847 4398 3406 4470">
     <span class='ocr_line' id='line_1_92' title="bbox 1847 4398 3406 4470; baseline 0.003 -16"><span class='ocrx_word' id='word_1_583' title='bbox 1847 4417 2039 4470; x_wconf 69' lang='lat' dir='ltr'><strong>magna</strong></span> <span class='ocrx_word' id='word_1_584' title='bbox 2068 4409 2216 4469; x_wconf 89' lang='lat' dir='ltr'><strong>parte</strong></span> <span class='ocrx_word' id='word_1_585' title='bbox 2254 4399 2493 4467; x_wconf 87' lang='lat' dir='ltr'><strong>ejusdem</strong></span> <span class='ocrx_word' id='word_1_586' title='bbox 2530 4398 2740 4463; x_wconf 68' lang='lat' dir='ltr'><strong>insulaa,</strong></span> <span class='ocrx_word' id='word_1_587' title='bbox 2762 4402 2992 4456; x_wconf 87' lang='lat' dir='ltr'><strong>ecclesia</strong></span> <span class='ocrx_word' id='word_1_588' title='bbox 3018 4401 3194 4458; x_wconf 59' lang='lat' dir='ltr'><strong>Beate</strong></span> <span class='ocrx_word' id='word_1_589' title='bbox 3223 4400 3406 4458; x_wconf 76' lang='lat' dir='ltr'><strong>Maria:</strong></span> 
     </span>
    </p>
   </div>
   <div class='ocr_carea' id='block_1_93' title="bbox 1846 4488 3404 4552">
    <p class='ocr_par' dir='ltr' id='par_1_93' title="bbox 1846 4488 3404 4552">
     <span class='ocr_line' id='line_1_93' title="bbox 1846 4488 3404 4552; baseline 0.003 -9"><span class='ocrx_word' id='word_1_590' title='bbox 1846 4489 1913 4543; x_wconf 87' lang='lat' dir='ltr'><strong>de</strong></span> <span class='ocrx_word' id='word_1_591' title='bbox 1938 4490 2131 4544; x_wconf 83' lang='lat' dir='ltr'><strong>Castro</strong></span> <span class='ocrx_word' id='word_1_592' title='bbox 2153 4488 2417 4552; x_wconf 86' lang='lat' dir='ltr'><strong>Oleronis,</strong></span> <span class='ocrx_word' id='word_1_593' title='bbox 2474 4489 2704 4545; x_wconf 89' lang='lat' dir='ltr'><strong>ecclesia</strong></span> <span class='ocrx_word' id='word_1_594' title='bbox 2733 4493 2904 4546; x_wconf 88' lang='lat' dir='ltr'><strong>sancti</strong></span> <span class='ocrx_word' id='word_1_595' title='bbox 2952 4491 3157 4547; x_wconf 88' lang='lat' dir='ltr'><strong>Nicolai</strong></span> <span class='ocrx_word' id='word_1_596' title='bbox 3189 4494 3254 4548; x_wconf 90' lang='lat' dir='ltr'><strong>de</strong></span> <span class='ocrx_word' id='word_1_597' title='bbox 3283 4492 3404 4547; x_wconf 82' lang='lat' dir='ltr'><strong>Ole-</strong></span> 
     </span>
    </p>
   </div>
   <div class='ocr_carea' id='block_1_94' title="bbox 1845 4577 3403 4652">
    <p class='ocr_par' dir='ltr' id='par_1_94' title="bbox 1845 4577 3403 4652">
     <span class='ocr_line' id='line_1_94' title="bbox 1845 4577 3403 4652; baseline 0.004 -19"><span class='ocrx_word' id='word_1_598' title='bbox 1845 4596 1998 4646; x_wconf 86' lang='lat' dir='ltr'><strong>rone,</strong></span> <span class='ocrx_word' id='word_1_599' title='bbox 2042 4579 2266 4633; x_wconf 87' lang='lat' dir='ltr'><strong>ecclesia</strong></span> <span class='ocrx_word' id='word_1_600' title='bbox 2309 4577 2484 4634; x_wconf 75' lang='lat' dir='ltr'><strong>Beata:</strong></span> <span class='ocrx_word' id='word_1_601' title='bbox 2516 4579 2697 4634; x_wconf 75' lang='lat' dir='ltr'><strong>Maria:</strong></span> <span class='ocrx_word' id='word_1_602' title='bbox 2738 4582 2805 4636; x_wconf 91' lang='lat' dir='ltr'><strong>de</strong></span> <span class='ocrx_word' id='word_1_603' title='bbox 2848 4582 3135 4652; x_wconf 80' lang='lat' dir='ltr'><strong>Surgcriis,</strong></span> <span class='ocrx_word' id='word_1_604' title='bbox 3173 4582 3403 4640; x_wconf 81' lang='lat' dir='ltr'><strong>ecclesia</strong></span> 
     </span>
    </p>
   </div>
   <div class='ocr_carea' id='block_1_95' title="bbox 1841 4666 3402 4741">
    <p class='ocr_par' dir='ltr' id='par_1_95' title="bbox 1841 4666 3402 4741">
     <span class='ocr_line' id='line_1_95' title="bbox 1841 4666 3402 4741; baseline 0.004 -20"><span class='ocrx_word' id='word_1_605' title='bbox 1841 4668 2020 4721; x_wconf 91' lang='lat' dir='ltr'><strong>Sancti</strong></span> <span class='ocrx_word' id='word_1_606' title='bbox 2042 4666 2284 4735; x_wconf 89' lang='lat' dir='ltr'><strong>Sepuleri</strong></span> <span class='ocrx_word' id='word_1_607' title='bbox 2321 4669 2388 4723; x_wconf 88' lang='lat' dir='ltr'><strong>de</strong></span> <span class='ocrx_word' id='word_1_608' title='bbox 2418 4669 2780 4740; x_wconf 79' lang='lat' dir='ltr'><strong>Balgentiaco,</strong></span> <span class='ocrx_word' id='word_1_609' title='bbox 2810 4673 3031 4726; x_wconf 88' lang='lat' dir='ltr'><strong>ecclesia</strong></span> <span class='ocrx_word' id='word_1_610' title='bbox 3074 4672 3402 4741; x_wconf 86' lang='lat' dir='ltr'><strong>parochialis</strong></span> 
     </span>
    </p>
   </div>
   <div class='ocr_carea' id='block_1_96' title="bbox 1838 4757 3408 4822">
    <p class='ocr_par' dir='ltr' id='par_1_96' title="bbox 1838 4757 3408 4822">
     <span class='ocr_line' id='line_1_96' title="bbox 1838 4757 3408 4822; baseline 0.005 -11"><span class='ocrx_word' id='word_1_611' title='bbox 1838 4757 2018 4811; x_wconf 89' lang='lat' dir='ltr'><strong>Sancti</strong></span> <span class='ocrx_word' id='word_1_612' title='bbox 2051 4759 2345 4816; x_wconf 84' lang='lat' dir='ltr'><strong>Clementis</strong></span> <span class='ocrx_word' id='word_1_613' title='bbox 2391 4762 2458 4816; x_wconf 89' lang='lat' dir='ltr'><strong>de</strong></span> <span class='ocrx_word' id='word_1_614' title='bbox 2508 4762 2782 4822; x_wconf 85' lang='lat' dir='ltr'><strong>Credone;</strong></span> <span class='ocrx_word' id='word_1_615' title='bbox 2822 4771 2876 4813; x_wconf 92' lang='lat' dir='ltr'><strong>et</strong></span> <span class='ocrx_word' id='word_1_616' title='bbox 2923 4776 3115 4815; x_wconf 91' lang='lat' dir='ltr'><strong>omnes</strong></span> <span class='ocrx_word' id='word_1_617' title='bbox 3161 4765 3408 4820; x_wconf 72' lang='lat' dir='ltr'><strong>ecclesiae</strong></span> 
     </span>
    </p>
   </div>
   <div class='ocr_carea' id='block_1_97' title="bbox 1835 4849 3401 4921">
    <p class='ocr_par' dir='ltr' id='par_1_97' title="bbox 1835 4849 3401 4921">
     <span class='ocr_line' id='line_1_97' title="bbox 1835 4849 3401 4921; baseline 0.004 -21"><span class='ocrx_word' id='word_1_618' title='bbox 1835 4850 1954 4915; x_wconf 77' lang='lat' dir='ltr'><strong>qua:</strong></span> <span class='ocrx_word' id='word_1_619' title='bbox 1979 4849 2118 4905; x_wconf 82' lang='lat' dir='ltr'><strong>infra</strong></span> <span class='ocrx_word' id='word_1_620' title='bbox 2156 4853 2319 4921; x_wconf 88' lang='lat' dir='ltr'><strong>hujus</strong></span> <span class='ocrx_word' id='word_1_621' title='bbox 2354 4853 2555 4907; x_wconf 88' lang='lat' dir='ltr'><strong>decreti</strong></span> <span class='ocrx_word' id='word_1_622' title='bbox 2607 4851 2799 4920; x_wconf 78' lang='lat' dir='ltr'><strong>pagina</strong></span> <span class='ocrx_word' id='word_1_623' title='bbox 2847 4852 3110 4920; x_wconf 88' lang='lat' dir='ltr'><strong>continet,</strong></span> <span class='ocrx_word' id='word_1_624' title='bbox 3138 4863 3248 4908; x_wconf 88' lang='lat' dir='ltr'><strong>tam</strong></span> <span class='ocrx_word' id='word_1_625' title='bbox 3302 4853 3401 4906; x_wconf 87' lang='lat' dir='ltr'><strong>tibi</strong></span> 
     </span>
    </p>
   </div>
   <div class='ocr_carea' id='block_1_98' title="bbox 1832 4943 3396 5014">
    <p class='ocr_par' dir='ltr' id='par_1_98' title="bbox 1832 4943 3396 5014">
     <span class='ocr_line' id='line_1_98' title="bbox 1832 4943 3396 5014; baseline 0 -18"><span class='ocrx_word' id='word_1_626' title='bbox 1832 4958 1996 5012; x_wconf 89' lang='lat' dir='ltr'><strong>quam</strong></span> <span class='ocrx_word' id='word_1_627' title='bbox 2019 4946 2228 4999; x_wconf 89' lang='lat' dir='ltr'><strong>cunctis</strong></span> <span class='ocrx_word' id='word_1_628' title='bbox 2254 4947 2346 5014; x_wconf 88' lang='lat' dir='ltr'><strong>qui</strong></span> <span class='ocrx_word' id='word_1_629' title='bbox 2375 4946 2428 4998; x_wconf 89' lang='lat' dir='ltr'><strong>in</strong></span> <span class='ocrx_word' id='word_1_630' title='bbox 2457 4959 2524 4998; x_wconf 93' lang='lat' dir='ltr'><strong>eo</strong></span> <span class='ocrx_word' id='word_1_631' title='bbox 2544 4959 2654 5012; x_wconf 87' lang='lat' dir='ltr'><strong>quo</strong></span> <span class='ocrx_word' id='word_1_632' title='bbox 2700 4959 2761 4998; x_wconf 87' lang='lat' dir='ltr'><strong>es</strong></span> <span class='ocrx_word' id='word_1_633' title='bbox 2798 4945 2987 5000; x_wconf 87' lang='lat' dir='ltr'><strong>ordine</strong></span> <span class='ocrx_word' id='word_1_634' title='bbox 3014 4943 3396 5010; x_wconf 88' lang='lat' dir='ltr'><strong>successerint,</strong></span> 
     </span>
    </p>
   </div>
   <div class='ocr_carea' id='block_1_99' title="bbox 1834 5033 3398 5104">
    <p class='ocr_par' dir='ltr' id='par_1_99' title="bbox 1834 5033 3398 5104">
     <span class='ocr_line' id='line_1_99' title="bbox 1834 5033 3398 5104; baseline -0.001 -16"><span class='ocrx_word' id='word_1_635' title='bbox 1834 5035 1888 5088; x_wconf 90' lang='lat' dir='ltr'><strong>in</strong></span> <span class='ocrx_word' id='word_1_636' title='bbox 1935 5044 2249 5104; x_wconf 88' lang='lat' dir='ltr'><strong>perpetuum</strong></span> <span class='ocrx_word' id='word_1_637' title='bbox 2303 5034 2563 5088; x_wconf 89' lang='lat' dir='ltr'><strong>servanda</strong></span> <span class='ocrx_word' id='word_1_638' title='bbox 2607 5034 2970 5090; x_wconf 85' lang='lat' dir='ltr'><strong>decernimus.</strong></span> <span class='ocrx_word' id='word_1_639' title='bbox 2999 5035 3052 5087; x_wconf 89' lang='lat' dir='ltr'><strong>Si</strong></span> <span class='ocrx_word' id='word_1_640' title='bbox 3117 5033 3240 5100; x_wconf 84' lang='lat' dir='ltr'><strong>quis</strong></span> <span class='ocrx_word' id='word_1_641' title='bbox 3267 5049 3398 5087; x_wconf 83' lang='lat' dir='ltr'><strong>vero</strong></span> 
     </span>
    </p>
   </div>
   <div class='ocr_carea' id='block_1_100' title="bbox 1826 5124 3394 5193">
    <p class='ocr_par' dir='ltr' id='par_1_100' title="bbox 1826 5124 3394 5193">
     <span class='ocr_line' id='line_1_100' title="bbox 1826 5124 3394 5193; baseline 0.001 -19"><span class='ocrx_word' id='word_1_642' title='bbox 1826 5139 2038 5192; x_wconf 66' lang='lat' dir='ltr'><strong>regum,</strong></span> <span class='ocrx_word' id='word_1_643' title='bbox 2061 5124 2420 5190; x_wconf 83' lang='lat' dir='ltr'><strong>sacerdotum,</strong></span> <span class='ocrx_word' id='word_1_644' title='bbox 2450 5127 2792 5191; x_wconf 87' lang='lat' dir='ltr'><strong>clericorum,</strong></span> <span class='ocrx_word' id='word_1_645' title='bbox 2811 5126 3075 5193; x_wconf 81' lang='lat' dir='ltr'><strong>judieutn,</strong></span> <span class='ocrx_word' id='word_1_646' title='bbox 3101 5132 3194 5177; x_wconf 91' lang='lat' dir='ltr'><strong>aut</strong></span> <span class='ocrx_word' id='word_1_647' title='bbox 3220 5139 3394 5178; x_wconf 68' lang='lat' dir='ltr'><strong>smon-</strong></span> 
     </span>
    </p>
   </div>
   <div class='ocr_carea' id='block_1_101' title="bbox 1829 5213 3394 5284">
    <p class='ocr_par' dir='ltr' id='par_1_101' title="bbox 1829 5213 3394 5284">
     <span class='ocr_line' id='line_1_101' title="bbox 1829 5213 3394 5284; baseline 0.001 -17"><span class='ocrx_word' id='word_1_648' title='bbox 1829 5215 2019 5267; x_wconf 89' lang='lat' dir='ltr'><strong>larium</strong></span> <span class='ocrx_word' id='word_1_649' title='bbox 2075 5228 2452 5284; x_wconf 85' lang='lat' dir='ltr'><strong>personarum,</strong></span> <span class='ocrx_word' id='word_1_650' title='bbox 2499 5217 2637 5271; x_wconf 90' lang='lat' dir='ltr'><strong>hanc</strong></span> <span class='ocrx_word' id='word_1_651' title='bbox 2683 5213 3089 5271; x_wconf 80' lang='lat' dir='ltr'><strong>constitutionis</strong></span> <span class='ocrx_word' id='word_1_652' title='bbox 3142 5215 3394 5284; x_wconf 77' lang='lat' dir='ltr'><strong>paginam</strong></span> 
     </span>
    </p>
   </div>
   <div class='ocr_carea' id='block_1_102' title="bbox 1828 5304 3393 5374">
    <p class='ocr_par' dir='ltr' id='par_1_102' title="bbox 1828 5304 3393 5374">
     <span class='ocr_line' id='line_1_102' title="bbox 1828 5304 3393 5374; baseline 0 -18"><span class='ocrx_word' id='word_1_653' title='bbox 1828 5319 2144 5371; x_wconf 76' lang='lat' dir='ltr'><strong>agnoscens,</strong></span> <span class='ocrx_word' id='word_1_654' title='bbox 2179 5315 2367 5360; x_wconf 84' lang='lat' dir='ltr'><strong>contra</strong></span> <span class='ocrx_word' id='word_1_655' title='bbox 2398 5323 2516 5360; x_wconf 91' lang='lat' dir='ltr'><strong>eam</strong></span> <span class='ocrx_word' id='word_1_656' title='bbox 2555 5304 2861 5370; x_wconf 87' lang='lat' dir='ltr'><strong>tentaverit,</strong></span> <span class='ocrx_word' id='word_1_657' title='bbox 2894 5307 3175 5374; x_wconf 83' lang='lat' dir='ltr'><strong>potestatis</strong></span> <span class='ocrx_word' id='word_1_658' title='bbox 3221 5307 3393 5356; x_wconf 70' lang='lat' dir='ltr'><strong>hono-</strong></span> 
     </span>
    </p>
   </div>
   <div class='ocr_carea' id='block_1_103' title="bbox 1829 5394 3388 5464">
    <p class='ocr_par' dir='ltr' id='par_1_103' title="bbox 1829 5394 3388 5464">
     <span class='ocr_line' id='line_1_103' title="bbox 1829 5394 3388 5464; baseline -0.002 -17"><span class='ocrx_word' id='word_1_659' title='bbox 1829 5394 2011 5464; x_wconf 86' lang='lat' dir='ltr'><strong>risque</strong></span> <span class='ocrx_word' id='word_1_660' title='bbox 2054 5396 2140 5450; x_wconf 91' lang='lat' dir='ltr'><strong>sui</strong></span> <span class='ocrx_word' id='word_1_661' title='bbox 2166 5396 2422 5464; x_wconf 67' lang='lat' dir='ltr'><strong>dignitate</strong></span> <span class='ocrx_word' id='word_1_662' title='bbox 2456 5403 2655 5459; x_wconf 86' lang='lat' dir='ltr'><strong>careat,</strong></span> <span class='ocrx_word' id='word_1_663' title='bbox 2685 5411 2948 5464; x_wconf 83' lang='lat' dir='ltr'><strong>reumque</strong></span> <span class='ocrx_word' id='word_1_664' title='bbox 2985 5412 3041 5449; x_wconf 89' lang='lat' dir='ltr'><strong>se</strong></span> <span class='ocrx_word' id='word_1_665' title='bbox 3077 5394 3259 5448; x_wconf 83' lang='lat' dir='ltr'><strong>divino</strong></span> <span class='ocrx_word' id='word_1_666' title='bbox 3298 5394 3388 5462; x_wconf 85' lang='lat' dir='ltr'><strong>ju-</strong></span> 
     </span>
    </p>
   </div>
   <div class='ocr_carea' id='block_1_104' title="bbox 1826 5485 3386 5554">
    <p class='ocr_par' dir='ltr' id='par_1_104' title="bbox 1826 5485 3386 5554">
     <span class='ocr_line' id='line_1_104' title="bbox 1826 5485 3386 5554; baseline -0.003 -17"><span class='ocrx_word' id='word_1_667' title='bbox 1826 5485 1976 5538; x_wconf 85' lang='lat' dir='ltr'><strong>dicio.</strong></span> <span class='ocrx_word' id='word_1_668' title='bbox 2007 5485 2236 5538; x_wconf 84' lang='lat' dir='ltr'><strong>existere</strong></span> <span class='ocrx_word' id='word_1_669' title='bbox 2282 5485 2346 5536; x_wconf 88' lang='lat' dir='ltr'><strong>de</strong></span> <span class='ocrx_word' id='word_1_670' title='bbox 2401 5493 2732 5552; x_wconf 88' lang='lat' dir='ltr'><strong>perpetrata-</strong></span> <span class='ocrx_word' id='word_1_671' title='bbox 2761 5486 3033 5554; x_wconf 85' lang='lat' dir='ltr'><strong>impietate</strong></span> <span class='ocrx_word' id='word_1_672' title='bbox 3096 5489 3386 5552; x_wconf 81' lang='lat' dir='ltr'><strong>agnoscat;</strong></span> 
     </span>
    </p>
   </div>
   <div class='ocr_carea' id='block_1_105' title="bbox 1825 5571 3388 5642">
    <p class='ocr_par' dir='ltr' id='par_1_105' title="bbox 1825 5571 3388 5642">
     <span class='ocr_line' id='line_1_105' title="bbox 1825 5571 3388 5642; baseline -0.001 -17"><span class='ocrx_word' id='word_1_673' title='bbox 1825 5581 1878 5625; x_wconf 88' lang='lat' dir='ltr'><strong>et</strong></span> <span class='ocrx_word' id='word_1_674' title='bbox 1903 5574 2004 5626; x_wconf 87' lang='lat' dir='ltr'><strong>nisi</strong></span> <span class='ocrx_word' id='word_1_675' title='bbox 2035 5573 2172 5625; x_wconf 88' lang='lat' dir='ltr'><strong>male</strong></span> <span class='ocrx_word' id='word_1_676' title='bbox 2201 5573 2377 5626; x_wconf 83' lang='lat' dir='ltr'><strong>ablata</strong></span> <span class='ocrx_word' id='word_1_677' title='bbox 2403 5575 2721 5642; x_wconf 87' lang='lat' dir='ltr'><strong>restituerit,</strong></span> <span class='ocrx_word' id='word_1_678' title='bbox 2749 5577 2829 5629; x_wconf 89' lang='lat' dir='ltr'><strong>vel</strong></span> <span class='ocrx_word' id='word_1_679' title='bbox 2873 5575 3031 5642; x_wconf 69' lang='lat' dir='ltr'><strong>digna</strong></span> <span class='ocrx_word' id='word_1_680' title='bbox 3073 5571 3388 5641; x_wconf 62' lang='lat' dir='ltr'><strong>pmnitentia</strong></span> 
     </span>
    </p>
   </div>
   <div class='ocr_carea' id='block_1_106' title="bbox 1825 5661 3383 5731">
    <p class='ocr_par' dir='ltr' id='par_1_106' title="bbox 1825 5661 3383 5731">
     <span class='ocr_line' id='line_1_106' title="bbox 1825 5661 3383 5731; baseline -0.001 -17"><span class='ocrx_word' id='word_1_681' title='bbox 1825 5661 2096 5714; x_wconf 83' lang='lat' dir='ltr'><strong>delleverit</strong></span> <span class='ocrx_word' id='word_1_682' title='bbox 2127 5662 2270 5716; x_wconf 86' lang='lat' dir='ltr'><strong>illius</strong></span> <span class='ocrx_word' id='word_1_683' title='bbox 2297 5671 2438 5729; x_wconf 87' lang='lat' dir='ltr'><strong>aeta,</strong></span> <span class='ocrx_word' id='word_1_684' title='bbox 2465 5680 2492 5716; x_wconf 89' lang='lat' dir='ltr'><strong>a</strong></span> <span class='ocrx_word' id='word_1_685' title='bbox 2515 5666 2886 5722; x_wconf 80' lang='lat' dir='ltr'><strong>saeratissimo</strong></span> <span class='ocrx_word' id='word_1_686' title='bbox 2915 5679 3143 5731; x_wconf 84' lang='lat' dir='ltr'><strong>corpore</strong></span> <span class='ocrx_word' id='word_1_687' title='bbox 3179 5669 3243 5716; x_wconf 78' lang='lat' dir='ltr'><strong>et</strong></span> <span class='ocrx_word' id='word_1_688' title='bbox 3258 5676 3383 5716; x_wconf 80' lang='lat' dir='ltr'><strong>san~</strong></span> 
     </span>
    </p>
   </div>
   <div class='ocr_carea' id='block_1_107' title="bbox 1826 5757 3383 5835">
    <p class='ocr_par' dir='ltr' id='par_1_107' title="bbox 1826 5757 3383 5835">
     <span class='ocr_line' id='line_1_107' title="bbox 1826 5757 3383 5835; baseline 0 -26"><span class='ocrx_word' id='word_1_689' title='bbox 1826 5760 1982 5828; x_wconf 66' lang='lat' dir='ltr'><strong>gninc</strong></span> <span class='ocrx_word' id='word_1_690' title='bbox 2003 5757 2372 5835; x_wconf 58' lang='lat' dir='ltr'><strong>Redemptoris</strong></span> <span class='ocrx_word' id='word_1_691' title='bbox 2385 5763 2554 5816; x_wconf 77' lang='lat' dir='ltr'><strong>nostri</strong></span> <span class='ocrx_word' id='word_1_692' title='bbox 2578 5761 2699 5816; x_wconf 63' lang='lat' dir='ltr'><strong>Jesu</strong></span> <span class='ocrx_word' id='word_1_693' title='bbox 2713 5762 2914 5815; x_wconf 71' lang='lat' dir='ltr'><strong>Christi</strong></span> <span class='ocrx_word' id='word_1_694' title='bbox 2938 5761 3141 5816; x_wconf 64' lang='lat' dir='ltr'><strong>alienus</strong></span> <span class='ocrx_word' id='word_1_695' title='bbox 3164 5761 3276 5822; x_wconf 84' lang='lat' dir='ltr'><strong>liat,</strong></span> <span class='ocrx_word' id='word_1_696' title='bbox 3303 5763 3383 5808; x_wconf 79' lang='lat' dir='ltr'><strong>at-</strong></span> 
     </span>
    </p>
   </div>
  </div>
