  <div class='ocr_page' id='page_1' title='image "/cluster/home/n/w/nwhite01/storage/ocr_20150623/148/uva.x000829792/373.png"; bbox 0 0 3944 6432; ppageno 0'>
   <div class='ocr_carea' id='block_1_1' title="bbox 455 482 551 537">
    <p class='ocr_par' dir='ltr' id='par_1_1' title="bbox 455 482 551 537">
     <span class='ocr_line' id='line_1_1' title="bbox 455 482 551 537; baseline 0.021 -2"><span class='ocrx_word' id='word_1_1' title='bbox 455 482 551 537; x_wconf 77' lang='grc'><strong>731</strong></span> 
     </span>
    </p>
   </div>
   <div class='ocr_carea' id='block_1_2' title="bbox 1360 456 2784 529">
    <p class='ocr_par' dir='ltr' id='par_1_2' title="bbox 1360 456 2784 529">
     <span class='ocr_line' id='line_1_2' title="bbox 1360 456 2784 529; baseline -0.009 -1"><span class='ocrx_word' id='word_1_2' title='bbox 1360 473 1413 529; x_wconf 90' lang='lat' dir='ltr'><strong>S.</strong></span> <span class='ocrx_word' id='word_1_3' title='bbox 1454 469 1778 529; x_wconf 79' lang='lat' dir='ltr'><strong>GREGORII</strong></span> <span class='ocrx_word' id='word_1_4' title='bbox 1818 461 1923 523; x_wconf 77' lang='lat' dir='ltr'><strong>VII</strong></span> <span class='ocrx_word' id='word_1_5' title='bbox 1948 456 2152 524; x_wconf 76' lang='grc' dir='ltr'><strong>ΡΑΡιΕ</strong></span> <span class='ocrx_word' id='word_1_6' title='bbox 2187 460 2473 522; x_wconf 76' lang='lat' dir='ltr'><strong>OPERUM</strong></span> <span class='ocrx_word' id='word_1_7' title='bbox 2509 459 2690 515; x_wconf 72' lang='lat' dir='ltr'><strong>PARS</strong></span> <span class='ocrx_word' id='word_1_8' title='bbox 2724 457 2784 515; x_wconf 88' lang='grc'><strong>11.</strong></span> 
     </span>
    </p>
   </div>
   <div class='ocr_carea' id='block_1_3' title="bbox 3595 444 3703 501">
    <p class='ocr_par' dir='ltr' id='par_1_3' title="bbox 3595 444 3703 501">
     <span class='ocr_line' id='line_1_3' title="bbox 3595 444 3703 501; baseline 0.019 -2"><span class='ocrx_word' id='word_1_9' title='bbox 3595 444 3703 501; x_wconf 74' lang='lat'><strong>752</strong></span> 
     </span>
    </p>
   </div>
   <div class='ocr_carea' id='block_1_4' title="bbox 457 559 2068 684">
    <p class='ocr_par' dir='ltr' id='par_1_4' title="bbox 457 587 2068 684">
     <span class='ocr_line' id='line_1_4' title="bbox 457 587 2068 684; baseline -0.008 -16"><span class='ocrx_word' id='word_1_10' title='bbox 457 628 563 684; x_wconf 90' lang='lat' dir='ltr'><strong>que</strong></span> <span class='ocrx_word' id='word_1_11' title='bbox 585 612 641 667; x_wconf 90' lang='lat' dir='ltr'><strong>in</strong></span> <span class='ocrx_word' id='word_1_12' title='bbox 666 618 911 666; x_wconf 78' lang='lat' dir='ltr'><strong>extremo</strong></span> <span class='ocrx_word' id='word_1_13' title='bbox 939 587 1190 671; x_wconf 75' lang='lat' dir='ltr'><strong>examine</strong></span> <span class='ocrx_word' id='word_1_14' title='bbox 1224 606 1484 662; x_wconf 79' lang='lat' dir='ltr'><strong>districtae</strong></span> <span class='ocrx_word' id='word_1_15' title='bbox 1504 605 1698 662; x_wconf 77' lang='lat' dir='ltr'><strong>ultioni</strong></span> <span class='ocrx_word' id='word_1_16' title='bbox 1726 603 2022 673; x_wconf 87' lang='lat' dir='ltr'><strong>sultjaceat.</strong></span> <span class='ocrx_word' id='word_1_17' title='bbox 2054 599 2068 640; x_wconf 65' lang='grc' dir='ltr'><em>λ</em></span> 
     </span>
    </p>
   </div>
   <div class='ocr_carea' id='block_1_5' title="bbox 2169 559 3704 684">
    <p class='ocr_par' dir='ltr' id='par_1_5' title="bbox 2169 559 3704 684">
     <span class='ocr_line' id='line_1_5' title="bbox 2169 559 3704 644; baseline -0.012 -9"><span class='ocrx_word' id='word_1_18' title='bbox 2169 592 2380 634; x_wconf 84' lang='lat' dir='ltr'><strong>ecessor</strong></span> <span class='ocrx_word' id='word_1_19' title='bbox 2407 572 2773 644; x_wconf 75' lang='lat' dir='ltr'><strong>Lcodegarius</strong></span> <span class='ocrx_word' id='word_1_20' title='bbox 2810 577 2867 623; x_wconf 90' lang='lat' dir='ltr'><strong>et</strong></span> <span class='ocrx_word' id='word_1_21' title='bbox 2905 567 2999 622; x_wconf 82' lang='lat' dir='ltr'><strong>alii</strong></span> <span class='ocrx_word' id='word_1_22' title='bbox 3038 564 3464 636; x_wconf 53' lang='lat' dir='ltr'><strong>praedecessor“</strong></span> <span class='ocrx_word' id='word_1_23' title='bbox 3487 559 3704 616; x_wconf 79' lang='lat' dir='ltr'><strong>ﬁrmius</strong></span> 
     </span>
     <span class='ocr_line' id='line_1_6' title="bbox 2169 649 3704 684; baseline 0 0"><span class='ocrx_word' id='word_1_24' title='bbox 2169 669 2182 684; x_wconf 84' lang='lat'><strong>.</strong></span> <span class='ocrx_word' id='word_1_25' title='bbox 2207 668 2245 684; x_wconf 71' lang='grc' dir='ltr'><strong>,ο</strong></span> <span class='ocrx_word' id='word_1_26' title='bbox 2337 681 2348 684; x_wconf 70' lang='lat'><strong>-</strong></span> <span class='ocrx_word' id='word_1_27' title='bbox 2390 674 2479 684; x_wconf 60' lang='lat'><strong>,,_.</strong></span> <span class='ocrx_word' id='word_1_28' title='bbox 2535 664 2600 684; x_wconf 59' lang='lat'><strong>2.-</strong></span> <span class='ocrx_word' id='word_1_29' title='bbox 2642 662 2735 684; x_wconf 68' lang='lat'><strong>.21.:</strong></span> <span class='ocrx_word' id='word_1_30' title='bbox 2783 658 3000 684; x_wconf 67' lang='lat'><strong>...:........</strong></span> <span class='ocrx_word' id='word_1_31' title='bbox 3041 655 3448 684; x_wconf 64' lang='lat' dir='ltr'><strong>-................:I.....</strong></span> <span class='ocrx_word' id='word_1_32' title='bbox 3494 649 3704 684; x_wconf 65' lang='grc' dir='ltr'><strong>ιιῑιρηηρ</strong></span> 
     </span>
    </p>
   </div>
   <div class='ocr_carea' id='block_1_6' title="bbox 455 690 2028 765">
    <p class='ocr_par' dir='ltr' id='par_1_6' title="bbox 455 690 2028 765">
     <span class='ocr_line' id='line_1_7' title="bbox 455 690 2028 765; baseline -0.008 -9"><span class='ocrx_word' id='word_1_33' title='bbox 455 701 680 756; x_wconf 80' lang='lat' dir='ltr'><strong>Cunctis</strong></span> <span class='ocrx_word' id='word_1_34' title='bbox 703 707 883 754; x_wconf 89' lang='lat' dir='ltr'><strong>autem</strong></span> <span class='ocrx_word' id='word_1_35' title='bbox 917 697 1095 751; x_wconf 89' lang='lat' dir='ltr'><strong>eidem</strong></span> <span class='ocrx_word' id='word_1_36' title='bbox 1119 695 1402 765; x_wconf 86' lang='lat' dir='ltr'><strong>locojusta</strong></span> <span class='ocrx_word' id='word_1_37' title='bbox 1427 692 1769 748; x_wconf 91' lang='lat' dir='ltr'><strong>servantibus</strong></span> <span class='ocrx_word' id='word_1_38' title='bbox 1807 690 1879 744; x_wconf 90' lang='lat' dir='ltr'><strong>sit</strong></span> <span class='ocrx_word' id='word_1_39' title='bbox 1924 705 2028 759; x_wconf 79' lang='lat' dir='ltr'><strong>pax</strong></span> 
     </span>
    </p>
   </div>
   <div class='ocr_carea' id='block_1_7' title="bbox 459 780 2031 850">
    <p class='ocr_par' dir='ltr' id='par_1_7' title="bbox 459 780 2031 850">
     <span class='ocr_line' id='line_1_8' title="bbox 459 780 2031 850; baseline -0.006 -6"><span class='ocrx_word' id='word_1_40' title='bbox 459 790 673 846; x_wconf 86' lang='lat' dir='ltr'><strong>Domini</strong></span> <span class='ocrx_word' id='word_1_41' title='bbox 701 789 873 844; x_wconf 86' lang='lat' dir='ltr'><strong>nostri</strong></span> <span class='ocrx_word' id='word_1_42' title='bbox 904 786 1067 841; x_wconf 86' lang='lat' dir='ltr'><strong>Jesus</strong></span> <span class='ocrx_word' id='word_1_43' title='bbox 1101 785 1327 850; x_wconf 82' lang='lat' dir='ltr'><strong>Christi,</strong></span> <span class='ocrx_word' id='word_1_44' title='bbox 1352 794 1413 839; x_wconf 90' lang='lat' dir='ltr'><strong>ut</strong></span> <span class='ocrx_word' id='word_1_45' title='bbox 1452 783 1542 837; x_wconf 80' lang='lat' dir='ltr'><strong>hic</strong></span> <span class='ocrx_word' id='word_1_46' title='bbox 1588 780 1825 836; x_wconf 81' lang='lat' dir='ltr'><strong>fructum</strong></span> <span class='ocrx_word' id='word_1_47' title='bbox 1871 780 2031 835; x_wconf 69' lang='lat' dir='ltr'><strong>bona:</strong></span> 
     </span>
    </p>
   </div>
   <div class='ocr_carea' id='block_1_8' title="bbox 459 869 2030 949">
    <p class='ocr_par' dir='ltr' id='par_1_8' title="bbox 459 869 2030 949">
     <span class='ocr_line' id='line_1_9' title="bbox 459 869 2030 949; baseline -0.008 -12"><span class='ocrx_word' id='word_1_48' title='bbox 459 882 690 939; x_wconf 90' lang='lat' dir='ltr'><strong>actionis</strong></span> <span class='ocrx_word' id='word_1_49' title='bbox 748 878 1075 949; x_wconf 81' lang='lat' dir='ltr'><strong>percipiant,</strong></span> <span class='ocrx_word' id='word_1_50' title='bbox 1111 885 1168 931; x_wconf 92' lang='lat' dir='ltr'><strong>et</strong></span> <span class='ocrx_word' id='word_1_51' title='bbox 1212 875 1355 945; x_wconf 86' lang='lat' dir='ltr'><strong>apud</strong></span> <span class='ocrx_word' id='word_1_52' title='bbox 1408 872 1728 930; x_wconf 86' lang='lat' dir='ltr'><strong>clementem</strong></span> <span class='ocrx_word' id='word_1_53' title='bbox 1785 869 2030 927; x_wconf 82' lang='lat' dir='ltr'><strong>Judiceln</strong></span> 
     </span>
    </p>
   </div>
   <div class='ocr_carea' id='block_1_9' title="bbox 459 968 1411 1043">
    <p class='ocr_par' dir='ltr' id='par_1_9' title="bbox 459 968 1411 1043">
     <span class='ocr_line' id='line_1_10' title="bbox 459 968 1411 1043; baseline -0.007 -16"><span class='ocrx_word' id='word_1_54' title='bbox 459 970 680 1043; x_wconf 58' lang='lat' dir='ltr'><strong>praemia</strong></span> <span class='ocrx_word' id='word_1_55' title='bbox 704 980 918 1026; x_wconf 70' lang='lat' dir='ltr'><strong>reterns:</strong></span> <span class='ocrx_word' id='word_1_56' title='bbox 942 968 1092 1039; x_wconf 84' lang='lat' dir='ltr'><strong>pacis</strong></span> <span class='ocrx_word' id='word_1_57' title='bbox 1113 968 1411 1022; x_wconf 81' lang='lat' dir='ltr'><strong>inveniant.</strong></span> 
     </span>
    </p>
   </div>
   <div class='ocr_carea' id='block_1_10' title="bbox 532 1051 2034 1129">
    <p class='ocr_par' dir='ltr' id='par_1_10' title="bbox 532 1051 2034 1129">
     <span class='ocr_line' id='line_1_11' title="bbox 532 1051 2034 1129; baseline -0.006 -13"><span class='ocrx_word' id='word_1_58' title='bbox 532 1062 727 1116; x_wconf 84' lang='lat' dir='ltr'><strong>Datum</strong></span> <span class='ocrx_word' id='word_1_59' title='bbox 750 1060 1023 1125; x_wconf 80' lang='lat' dir='ltr'><strong>Laterani,</strong></span> <span class='ocrx_word' id='word_1_60' title='bbox 1042 1074 1137 1129; x_wconf 88' lang='lat' dir='ltr'><strong>per</strong></span> <span class='ocrx_word' id='word_1_61' title='bbox 1149 1073 1343 1113; x_wconf 89' lang='lat' dir='ltr'><strong>manus</strong></span> <span class='ocrx_word' id='word_1_62' title='bbox 1366 1055 1756 1123; x_wconf 75' lang='lat' dir='ltr'><strong>Petri,‘sanct:e</strong></span> <span class='ocrx_word' id='word_1_63' title='bbox 1776 1051 2034 1110; x_wconf 80' lang='lat' dir='ltr'><strong>Romana:</strong></span> 
     </span>
    </p>
   </div>
   <div class='ocr_carea' id='block_1_11' title="bbox 463 1148 1384 1224">
    <p class='ocr_par' dir='ltr' id='par_1_11' title="bbox 463 1148 1384 1224">
     <span class='ocr_line' id='line_1_12' title="bbox 463 1148 1384 1224; baseline -0.004 -18"><span class='ocrx_word' id='word_1_64' title='bbox 463 1152 716 1224; x_wconf 69' lang='lat' dir='ltr'><strong>Ecclesiae</strong></span> <span class='ocrx_word' id='word_1_65' title='bbox 737 1150 1032 1223; x_wconf 76' lang='lat' dir='ltr'><strong>presbyteri</strong></span> <span class='ocrx_word' id='word_1_66' title='bbox 1070 1148 1384 1205; x_wconf 86' lang='lat' dir='ltr'><strong>cardinalis.</strong></span> 
     </span>
    </p>
   </div>
   <div class='ocr_carea' id='block_1_12' title="bbox 1119 1280 1379 1336">
    <p class='ocr_par' dir='ltr' id='par_1_12' title="bbox 1119 1280 1379 1336">
     <span class='ocr_line' id='line_1_13' title="bbox 1119 1280 1379 1336; baseline -0.004 0"><span class='ocrx_word' id='word_1_67' title='bbox 1119 1280 1379 1336; x_wconf 70' lang='lat' dir='ltr'><strong>LXXXII.</strong></span> 
     </span>
    </p>
   </div>
   <div class='ocr_carea' id='block_1_13' title="bbox 465 1337 2037 1447">
    <p class='ocr_par' dir='ltr' id='par_1_13' title="bbox 465 1337 2037 1447">
     <span class='ocr_line' id='line_1_14' title="bbox 465 1337 2037 1447; baseline -0.011 -15"><span class='ocrx_word' id='word_1_68' title='bbox 465 1377 811 1447; x_wconf 81' lang='lat' dir='ltr'><strong>Couﬁrmatio</strong></span> <span class='ocrx_word' id='word_1_69' title='bbox 850 1376 1119 1447; x_wconf 68' lang='lat' dir='ltr'><strong>primum:</strong></span> <span class='ocrx_word' id='word_1_70' title='bbox 1162 1357 1417 1447; x_wconf 67' lang='lat' dir='ltr'><strong>Ecclesitc</strong></span> <span class='ocrx_word' id='word_1_71' title='bbox 1455 1368 1781 1447; x_wconf 57' lang='lat' dir='ltr'><strong>Viennensis,</strong></span> <span class='ocrx_word' id='word_1_72' title='bbox 1825 1374 1877 1420; x_wconf 76' lang='lat' dir='ltr'><strong>et</strong></span> <span class='ocrx_word' id='word_1_73' title='bbox 1910 1337 2037 1447; x_wconf 38' lang='lat' dir='ltr'><strong>colu;</strong></span> 
     </span>
    </p>
   </div>
   <div class='ocr_carea' id='block_1_14' title="bbox 534 1434 2037 1584">
    <p class='ocr_par' dir='ltr' id='par_1_14' title="bbox 534 1434 2037 1584">
     <span class='ocr_line' id='line_1_15' title="bbox 534 1434 2037 1527; baseline -0.009 -27"><span class='ocrx_word' id='word_1_74' title='bbox 534 1434 699 1501; x_wconf 62' lang='lat' dir='ltr'><strong>cessio</strong></span> <span class='ocrx_word' id='word_1_75' title='bbox 722 1434 1139 1527; x_wconf 56' lang='lat' dir='ltr'><strong>priri&#39;legiorum,</strong></span> <span class='ocrx_word' id='word_1_76' title='bbox 1175 1442 1502 1510; x_wconf 76' lang='lat' dir='ltr'><strong>conﬁrmatis</strong></span> <span class='ocrx_word' id='word_1_77' title='bbox 1526 1441 1592 1492; x_wconf 76' lang='lat' dir='ltr'><strong>iis</strong></span> <span class='ocrx_word' id='word_1_78' title='bbox 1626 1452 1743 1508; x_wconf 75' lang='lat' dir='ltr'><strong>qua:</strong></span> <span class='ocrx_word' id='word_1_79' title='bbox 1776 1452 1807 1488; x_wconf 88' lang='lat' dir='ltr'><strong>a</strong></span> <span class='ocrx_word' id='word_1_80' title='bbox 1831 1434 2037 1505; x_wconf 71' lang='lat' dir='ltr'><strong>pulule-</strong></span> 
     </span>
     <span class='ocr_line' id='line_1_16' title="bbox 541 1511 1839 1584; baseline -0.007 -16"><span class='ocrx_word' id='word_1_81' title='bbox 541 1516 831 1570; x_wconf 77' lang='lat' dir='ltr'><strong>cessorlblts</strong></span> <span class='ocrx_word' id='word_1_82' title='bbox 859 1512 1197 1584; x_wconf 78' lang='lat' dir='ltr'><strong>pontiﬁcibus</strong></span> <span class='ocrx_word' id='word_1_83' title='bbox 1225 1511 1395 1565; x_wconf 81' lang='lat' dir='ltr'><strong>eidem</strong></span> <span class='ocrx_word' id='word_1_84' title='bbox 1420 1523 1664 1563; x_wconf 75' lang='lat' dir='ltr'><strong>concessa</strong></span> <span class='ocrx_word' id='word_1_85' title='bbox 1697 1514 1839 1560; x_wconf 74' lang='lat' dir='ltr'><strong>sunt.</strong></span> 
     </span>
    </p>
   </div>
   <div class='ocr_carea' id='block_1_15' title="bbox 1001 1593 1489 1675">
    <p class='ocr_par' dir='ltr' id='par_1_15' title="bbox 1001 1593 1489 1675">
     <span class='ocr_line' id='line_1_17' title="bbox 1001 1593 1489 1675; baseline -0.008 -17"><span class='ocrx_word' id='word_1_86' title='bbox 1001 1604 1182 1675; x_wconf 79' lang='lat' dir='ltr'><strong>(Anno</strong></span> <span class='ocrx_word' id='word_1_87' title='bbox 1206 1593 1489 1670; x_wconf 71' lang='lat'><strong>1873-85.)</strong></span> 
     </span>
    </p>
   </div>
   <div class='ocr_carea' id='block_1_16' title="bbox 468 1682 2039 1832">
    <p class='ocr_par' dir='ltr' id='par_1_16' title="bbox 468 1682 2039 1832">
     <span class='ocr_line' id='line_1_18' title="bbox 468 1682 2039 1832; baseline -0.011 -77"><span class='ocrx_word' id='word_1_88' title='bbox 468 1699 875 1770; x_wconf 72' lang='lat' dir='ltr'><strong>ICOCQUELINES,</strong></span> <span class='ocrx_word' id='word_1_89' title='bbox 906 1694 1116 1749; x_wconf 82' lang='lat' dir='ltr'><strong>Bullar.</strong></span> <span class='ocrx_word' id='word_1_90' title='bbox 1134 1692 1486 1832; x_wconf 46' lang='grc' dir='ltr'><strong>ἐξιῗιι.ἇῖ›ι]ιιι.</strong></span> <span class='ocrx_word' id='word_1_91' title='bbox 1534 1687 1780 1753; x_wconf 59' lang='grc' dir='ltr'><strong>σοιιεεεη</strong></span> <span class='ocrx_word' id='word_1_92' title='bbox 1804 1694 1936 1740; x_wconf 84' lang='grc' dir='ltr'><strong>ιοιιι.</strong></span> <span class='ocrx_word' id='word_1_93' title='bbox 1972 1682 2039 1755; x_wconf 89' lang='lat' dir='ltr'><strong>II,</strong></span> 
     </span>
     <span class='ocr_line' id='line_1_19' title="bbox 1207 1801 1497 1832; baseline -0.01 -17"><span class='ocrx_word' id='word_1_94' title='bbox 1207 1801 1257 1832; x_wconf 71' lang='grc' dir='ltr'><strong>ο.</strong></span> <span class='ocrx_word' id='word_1_95' title='bbox 1368 1801 1382 1813; x_wconf 94' lang='grc'><strong>.</strong></span> <span class='ocrx_word' id='word_1_96' title='bbox 1494 1820 1497 1823; x_wconf 95' lang='lat'><em>_</em></span> 
     </span>
    </p>
   </div>
   <div class='ocr_carea' id='block_1_17' title="bbox 1207 1801 1497 1832">
    <p class='ocr_par' dir='ltr' id='par_1_17' title="bbox 1207 1801 1497 1832">
     <span class='ocr_line' id='line_1_20' title="bbox 1207 1801 1497 1832; baseline -0.007 0"><span class='ocrx_word' id='word_1_97' title='bbox 1207 1801 1257 1832; x_wconf 80' lang='grc' dir='ltr'><strong>ο·</strong></span> <span class='ocrx_word' id='word_1_98' title='bbox 1292 1801 1410 1831; x_wconf 70' lang='grc' dir='ltr'><strong>τυ]</strong></span> <span class='ocrx_word' id='word_1_99' title='bbox 1494 1820 1497 1823; x_wconf 89' lang='grc'><strong><em>-</em></strong></span> 
     </span>
    </p>
   </div>
   <div class='ocr_carea' id='block_1_18' title="bbox 536 1862 2042 1945">
    <p class='ocr_par' dir='ltr' id='par_1_18' title="bbox 536 1862 2042 1945">
     <span class='ocr_line' id='line_1_21' title="bbox 536 1862 2042 1945; baseline -0.011 -13"><span class='ocrx_word' id='word_1_100' title='bbox 536 1878 851 1932; x_wconf 69' lang='grc' dir='ltr'><strong>ϐκεοοιηυε</strong></span> <span class='ocrx_word' id='word_1_101' title='bbox 876 1874 1191 1945; x_wconf 84' lang='lat' dir='ltr'><strong>episcopus,</strong></span> <span class='ocrx_word' id='word_1_102' title='bbox 1227 1881 1418 1926; x_wconf 89' lang='lat' dir='ltr'><strong>servus</strong></span> <span class='ocrx_word' id='word_1_103' title='bbox 1446 1881 1728 1923; x_wconf 84' lang='lat' dir='ltr'><strong>servorum</strong></span> <span class='ocrx_word' id='word_1_104' title='bbox 1761 1864 1877 1929; x_wconf 90' lang='lat' dir='ltr'><strong>Dei,</strong></span> <span class='ocrx_word' id='word_1_105' title='bbox 1908 1862 2042 1917; x_wconf 69' lang='lat' dir='ltr'><strong>Wa-</strong></span> 
     </span>
    </p>
   </div>
   <div class='ocr_carea' id='block_1_19' title="bbox 2130 649 3707 741">
    <p class='ocr_par' dir='ltr' id='par_1_19' title="bbox 2130 649 3707 741">
     <span class='ocr_line' id='line_1_22' title="bbox 2130 649 3707 741; baseline -0.013 -16"><span class='ocrx_word' id='word_1_106' title='bbox 2130 664 2608 741; x_wconf 86' lang='lat' dir='ltr'><strong>obtinuerunt,ita</strong></span> <span class='ocrx_word' id='word_1_107' title='bbox 2642 662 2739 717; x_wconf 83' lang='lat' dir='ltr'><strong>tibi</strong></span> <span class='ocrx_word' id='word_1_108' title='bbox 2783 658 3002 728; x_wconf 76' lang='lat' dir='ltr'><strong>tuisque</strong></span> <span class='ocrx_word' id='word_1_109' title='bbox 3041 655 3450 713; x_wconf 88' lang='lat' dir='ltr'><strong>successoribus</strong></span> <span class='ocrx_word' id='word_1_110' title='bbox 3494 649 3707 722; x_wconf 83' lang='lat' dir='ltr'><strong>absque</strong></span> 
     </span>
    </p>
   </div>
   <div class='ocr_carea' id='block_1_20' title="bbox 2131 744 3703 829">
    <p class='ocr_par' dir='ltr' id='par_1_20' title="bbox 2131 744 3703 829">
     <span class='ocr_line' id='line_1_23' title="bbox 2131 744 3703 829; baseline -0.013 -14"><span class='ocrx_word' id='word_1_111' title='bbox 2131 759 2240 815; x_wconf 90' lang='lat' dir='ltr'><strong>ulla</strong></span> <span class='ocrx_word' id='word_1_112' title='bbox 2275 754 2668 829; x_wconf 90' lang='lat' dir='ltr'><strong>inquietatione</strong></span> <span class='ocrx_word' id='word_1_113' title='bbox 2721 766 2818 809; x_wconf 89' lang='lat' dir='ltr'><strong>seu</strong></span> <span class='ocrx_word' id='word_1_114' title='bbox 2864 746 3246 810; x_wconf 88' lang='lat' dir='ltr'><strong>diminutione,</strong></span> <span class='ocrx_word' id='word_1_115' title='bbox 3279 744 3527 799; x_wconf 84' lang='lat' dir='ltr'><strong>obtinere</strong></span> <span class='ocrx_word' id='word_1_116' title='bbox 3562 754 3703 795; x_wconf 88' lang='lat' dir='ltr'><strong>con-</strong></span> 
     </span>
    </p>
   </div>
   <div class='ocr_carea' id='block_1_21' title="bbox 2048 831 3705 916">
    <p class='ocr_par' dir='ltr' id='par_1_21' title="bbox 2048 831 3705 916">
     <span class='ocr_line' id='line_1_24' title="bbox 2048 831 3705 916; baseline -0.014 -10"><span class='ocrx_word' id='word_1_117' title='bbox 2048 868 2051 871; x_wconf 66' lang='lat'>‘</span> <span class='ocrx_word' id='word_1_118' title='bbox 2129 848 2408 916; x_wconf 88' lang='lat' dir='ltr'><strong>cedimus;</strong></span> <span class='ocrx_word' id='word_1_119' title='bbox 2451 844 2546 902; x_wconf 84' lang='lat' dir='ltr'><strong>sed</strong></span> <span class='ocrx_word' id='word_1_120' title='bbox 2572 852 2627 899; x_wconf 90' lang='lat' dir='ltr'><strong>et</strong></span> <span class='ocrx_word' id='word_1_121' title='bbox 2674 840 2949 898; x_wconf 88' lang='lat' dir='ltr'><strong>abbatiam</strong></span> <span class='ocrx_word' id='word_1_122' title='bbox 2976 837 3034 899; x_wconf 85' lang='lat' dir='ltr'><strong>S.</strong></span> <span class='ocrx_word' id='word_1_123' title='bbox 3098 833 3244 891; x_wconf 79' lang='lat' dir='ltr'><strong>Petri</strong></span> <span class='ocrx_word' id='word_1_124' title='bbox 3303 831 3439 888; x_wconf 82' lang='lat' dir='ltr'><strong>foris</strong></span> <span class='ocrx_word' id='word_1_125' title='bbox 3486 838 3705 900; x_wconf 86' lang='lat' dir='ltr'><strong>portam</strong></span> 
     </span>
    </p>
   </div>
   <div class='ocr_carea' id='block_1_22' title="bbox 2132 920 3707 1000">
    <p class='ocr_par' dir='ltr' id='par_1_22' title="bbox 2132 920 3707 1000">
     <span class='ocr_line' id='line_1_25' title="bbox 2132 920 3707 1000; baseline -0.013 -6"><span class='ocrx_word' id='word_1_126' title='bbox 2132 937 2356 993; x_wconf 62' lang='lat' dir='ltr'><strong>Viennae</strong></span> <span class='ocrx_word' id='word_1_127' title='bbox 2393 934 2577 1000; x_wconf 80' lang='lat' dir='ltr'><strong>sitam,</strong></span> <span class='ocrx_word' id='word_1_128' title='bbox 2611 941 2666 989; x_wconf 90' lang='lat' dir='ltr'><strong>et</strong></span> <span class='ocrx_word' id='word_1_129' title='bbox 2687 929 2829 986; x_wconf 78' lang='lat' dir='ltr'><strong>inira</strong></span> <span class='ocrx_word' id='word_1_130' title='bbox 2877 926 3124 984; x_wconf 83' lang='lat' dir='ltr'><strong>eamdem</strong></span> <span class='ocrx_word' id='word_1_131' title='bbox 3163 923 3355 980; x_wconf 72' lang='lat' dir='ltr'><strong>urbem</strong></span> <span class='ocrx_word' id='word_1_132' title='bbox 3383 920 3445 977; x_wconf 88' lang='lat' dir='ltr'><strong>S.</strong></span> <span class='ocrx_word' id='word_1_133' title='bbox 3474 920 3707 975; x_wconf 64' lang='lat' dir='ltr'><strong>Androm</strong></span> 
     </span>
    </p>
   </div>
   <div class='ocr_carea' id='block_1_23' title="bbox 2132 1009 3706 1092">
    <p class='ocr_par' dir='ltr' id='par_1_23' title="bbox 2132 1009 3706 1092">
     <span class='ocr_line' id='line_1_26' title="bbox 2132 1009 3706 1092; baseline -0.013 -8"><span class='ocrx_word' id='word_1_134' title='bbox 2132 1026 2396 1092; x_wconf 86' lang='lat' dir='ltr'><strong>abbatias,</strong></span> <span class='ocrx_word' id='word_1_135' title='bbox 2432 1038 2599 1080; x_wconf 89' lang='lat' dir='ltr'><strong>unam</strong></span> <span class='ocrx_word' id='word_1_136' title='bbox 2642 1018 3036 1076; x_wconf 84' lang='lat' dir='ltr'><strong>monachorum</strong></span> <span class='ocrx_word' id='word_1_137' title='bbox 3073 1023 3129 1070; x_wconf 89' lang='lat' dir='ltr'><strong>et</strong></span> <span class='ocrx_word' id='word_1_138' title='bbox 3147 1013 3374 1069; x_wconf 76' lang='lat' dir='ltr'><strong>alteram</strong></span> <span class='ocrx_word' id='word_1_139' title='bbox 3403 1009 3706 1068; x_wconf 78' lang='lat' dir='ltr'><strong>sanctimo-</strong></span> 
     </span>
    </p>
   </div>
   <div class='ocr_carea' id='block_1_24' title="bbox 2135 1101 3709 1185">
    <p class='ocr_par' dir='ltr' id='par_1_24' title="bbox 2135 1101 3709 1185">
     <span class='ocr_line' id='line_1_27' title="bbox 2135 1101 3709 1185; baseline -0.014 -11"><span class='ocrx_word' id='word_1_140' title='bbox 2135 1119 2358 1175; x_wconf 89' lang='lat' dir='ltr'><strong>nialium</strong></span> <span class='ocrx_word' id='word_1_141' title='bbox 2383 1135 2399 1185; x_wconf 87' lang='lat'><strong>;</strong></span> <span class='ocrx_word' id='word_1_142' title='bbox 2436 1129 2537 1170; x_wconf 90' lang='lat' dir='ltr'><strong>nec</strong></span> <span class='ocrx_word' id='word_1_143' title='bbox 2562 1127 2671 1167; x_wconf 90' lang='lat' dir='ltr'><strong>non</strong></span> <span class='ocrx_word' id='word_1_144' title='bbox 2696 1108 2969 1166; x_wconf 87' lang='lat' dir='ltr'><strong>abbatiam</strong></span> <span class='ocrx_word' id='word_1_145' title='bbox 2996 1103 3171 1162; x_wconf 82' lang='lat' dir='ltr'><strong>sancti</strong></span> <span class='ocrx_word' id='word_1_146' title='bbox 3204 1101 3516 1165; x_wconf 87' lang='lat' dir='ltr'><strong>Theuderii,</strong></span> <span class='ocrx_word' id='word_1_147' title='bbox 3538 1112 3709 1171; x_wconf 88' lang='lat' dir='ltr'><strong>quam</strong></span> 
     </span>
    </p>
   </div>
   <div class='ocr_carea' id='block_1_25' title="bbox 2136 1184 3709 1263">
    <p class='ocr_par' dir='ltr' id='par_1_25' title="bbox 2136 1184 3709 1263">
     <span class='ocr_line' id='line_1_28' title="bbox 2136 1184 3709 1263; baseline -0.017 0"><span class='ocrx_word' id='word_1_148' title='bbox 2136 1207 2277 1263; x_wconf 91' lang='lat' dir='ltr'><strong>idem</strong></span> <span class='ocrx_word' id='word_1_149' title='bbox 2306 1184 2632 1260; x_wconf 87' lang='lat' dir='ltr'><strong>venerabilis</strong></span> <span class='ocrx_word' id='word_1_150' title='bbox 2658 1196 2943 1254; x_wconf 77' lang='lat' dir='ltr'><strong>confessor</strong></span> <span class='ocrx_word' id='word_1_151' title='bbox 2972 1190 3276 1255; x_wconf 61' lang='lat' dir='ltr'><strong>aediﬁcavit,</strong></span> <span class='ocrx_word' id='word_1_152' title='bbox 3301 1187 3409 1257; x_wconf 82' lang='lat' dir='ltr'><strong>iuri</strong></span> <span class='ocrx_word' id='word_1_153' title='bbox 3433 1184 3709 1240; x_wconf 82' lang='lat' dir='ltr'><strong>Viennen-</strong></span> 
     </span>
    </p>
   </div>
   <div class='ocr_carea' id='block_1_26' title="bbox 2136 1273 3710 1361">
    <p class='ocr_par' dir='ltr' id='par_1_26' title="bbox 2136 1273 3710 1361">
     <span class='ocr_line' id='line_1_29' title="bbox 2136 1273 3710 1361; baseline -0.015 -8"><span class='ocrx_word' id='word_1_154' title='bbox 2136 1296 2213 1354; x_wconf 89' lang='lat' dir='ltr'><strong>sis</strong></span> <span class='ocrx_word' id='word_1_155' title='bbox 2246 1292 2503 1351; x_wconf 81' lang='lat' dir='ltr'><strong>Ecclesia:</strong></span> <span class='ocrx_word' id='word_1_156' title='bbox 2530 1305 2627 1361; x_wconf 92' lang='lat' dir='ltr'><strong>per</strong></span> <span class='ocrx_word' id='word_1_157' title='bbox 2644 1287 2835 1361; x_wconf 76' lang='lat' dir='ltr'><strong>,omnia</strong></span> <span class='ocrx_word' id='word_1_158' title='bbox 2864 1285 3138 1355; x_wconf 79' lang='lat' dir='ltr'><strong>subiectas</strong></span> <span class='ocrx_word' id='word_1_159' title='bbox 3165 1293 3290 1336; x_wconf 86' lang='lat' dir='ltr'><strong>esse</strong></span> <span class='ocrx_word' id='word_1_160' title='bbox 3328 1291 3439 1332; x_wconf 92' lang='lat' dir='ltr'><strong>non</strong></span> <span class='ocrx_word' id='word_1_161' title='bbox 3479 1273 3710 1330; x_wconf 84' lang='lat' dir='ltr'><strong>dubium</strong></span> 
     </span>
    </p>
   </div>
   <div class='ocr_carea' id='block_1_27' title="bbox 2135 1364 3712 1448">
    <p class='ocr_par' dir='ltr' id='par_1_27' title="bbox 2135 1364 3712 1448">
     <span class='ocr_line' id='line_1_30' title="bbox 2135 1364 3712 1448; baseline -0.015 -6"><span class='ocrx_word' id='word_1_162' title='bbox 2135 1396 2239 1444; x_wconf 89' lang='lat' dir='ltr'><strong>est.</strong></span> <span class='ocrx_word' id='word_1_163' title='bbox 2293 1383 2353 1438; x_wconf 88' lang='lat' dir='ltr'><strong>In</strong></span> <span class='ocrx_word' id='word_1_164' title='bbox 2417 1364 2749 1436; x_wconf 71' lang='lat' dir='ltr'><strong>Rolnanénsi</strong></span> <span class='ocrx_word' id='word_1_165' title='bbox 2800 1389 3020 1448; x_wconf 88' lang='lat' dir='ltr'><strong>quoque</strong></span> <span class='ocrx_word' id='word_1_166' title='bbox 3058 1369 3320 1437; x_wconf 82' lang='lat' dir='ltr'><strong>Ecclesia,</strong></span> <span class='ocrx_word' id='word_1_167' title='bbox 3363 1364 3615 1439; x_wconf 80' lang='lat' dir='ltr'><strong>quamvis</strong></span> <span class='ocrx_word' id='word_1_168' title='bbox 3652 1378 3712 1420; x_wconf 89' lang='lat' dir='ltr'><strong>se</strong></span> 
     </span>
    </p>
   </div>
   <div class='ocr_carea' id='block_1_28' title="bbox 2138 1459 3711 1533">
    <p class='ocr_par' dir='ltr' id='par_1_28' title="bbox 2138 1459 3711 1533">
     <span class='ocr_line' id='line_1_31' title="bbox 2138 1459 3711 1533; baseline -0.015 -1"><span class='ocrx_word' id='word_1_169' title='bbox 2138 1475 2328 1533; x_wconf 85' lang='lat' dir='ltr'><strong>fulciat</strong></span> <span class='ocrx_word' id='word_1_170' title='bbox 2360 1480 2560 1528; x_wconf 76' lang='lat' dir='ltr'><strong>nostra:</strong></span> <span class='ocrx_word' id='word_1_171' title='bbox 2594 1466 2879 1533; x_wconf 85' lang='lat' dir='ltr'><strong>libertatis,</strong></span> <span class='ocrx_word' id='word_1_172' title='bbox 2926 1463 3062 1520; x_wconf 86' lang='lat' dir='ltr'><strong>visis</strong></span> <span class='ocrx_word' id='word_1_173' title='bbox 3096 1470 3277 1519; x_wconf 84' lang='lat' dir='ltr'><strong>tamen</strong></span> <span class='ocrx_word' id='word_1_174' title='bbox 3318 1459 3711 1530; x_wconf 80' lang='lat' dir='ltr'><strong>imperatorum</strong></span> 
     </span>
    </p>
   </div>
   <div class='ocr_carea' id='block_1_29' title="bbox 2137 1546 3717 1641">
    <p class='ocr_par' dir='ltr' id='par_1_29' title="bbox 2137 1546 3717 1641">
     <span class='ocr_line' id='line_1_32' title="bbox 2137 1546 3717 1641; baseline -0.014 -17"><span class='ocrx_word' id='word_1_175' title='bbox 2137 1565 2436 1641; x_wconf 74' lang='lat' dir='ltr'><strong>prmeeptis,</strong></span> <span class='ocrx_word' id='word_1_176' title='bbox 2471 1572 2579 1619; x_wconf 86' lang='lat' dir='ltr'><strong>tam</strong></span> <span class='ocrx_word' id='word_1_177' title='bbox 2614 1562 2669 1616; x_wconf 92' lang='lat' dir='ltr'><strong>in</strong></span> <span class='ocrx_word' id='word_1_178' title='bbox 2695 1557 3047 1616; x_wconf 72' lang='lat' dir='ltr'><strong>smcularilnls</strong></span> <span class='ocrx_word' id='word_1_179' title='bbox 3069 1568 3234 1626; x_wconf 90' lang='lat' dir='ltr'><strong>quam</strong></span> <span class='ocrx_word' id='word_1_180' title='bbox 3275 1552 3331 1605; x_wconf 88' lang='lat' dir='ltr'><strong>in</strong></span> <span class='ocrx_word' id='word_1_181' title='bbox 3372 1546 3717 1620; x_wconf 77' lang='lat' dir='ltr'><strong>regularibus</strong></span> 
     </span>
    </p>
   </div>
   <div class='ocr_carea' id='block_1_30' title="bbox 2139 1636 3718 1726">
    <p class='ocr_par' dir='ltr' id='par_1_30' title="bbox 2139 1636 3718 1726">
     <span class='ocr_line' id='line_1_33' title="bbox 2139 1636 3718 1726; baseline -0.017 -9"><span class='ocrx_word' id='word_1_182' title='bbox 2139 1636 2438 1722; x_wconf 87' lang='lat' dir='ltr'><strong>canonicis,</strong></span> <span class='ocrx_word' id='word_1_183' title='bbox 2463 1670 2559 1726; x_wconf 88' lang='lat' dir='ltr'><strong>per</strong></span> <span class='ocrx_word' id='word_1_184' title='bbox 2578 1651 2869 1708; x_wconf 90' lang='lat' dir='ltr'><strong>consilium</strong></span> <span class='ocrx_word' id='word_1_185' title='bbox 2880 1645 3069 1703; x_wconf 88' lang='lat' dir='ltr'><strong>vicarii</strong></span> <span class='ocrx_word' id='word_1_186' title='bbox 3093 1642 3266 1700; x_wconf 89' lang='lat' dir='ltr'><strong>nostri</strong></span> <span class='ocrx_word' id='word_1_187' title='bbox 3285 1638 3531 1712; x_wconf 69' lang='lat' dir='ltr'><strong>[lagonis</strong></span> <span class='ocrx_word' id='word_1_188' title='bbox 3550 1636 3718 1692; x_wconf 84' lang='lat' dir='ltr'><strong>Dien—</strong></span> 
     </span>
    </p>
   </div>
   <div class='ocr_carea' id='block_1_31' title="bbox 2139 1727 3720 1821">
    <p class='ocr_par' dir='ltr' id='par_1_31' title="bbox 2139 1727 3720 1821">
     <span class='ocr_line' id='line_1_34' title="bbox 2139 1727 3720 1821; baseline -0.017 -12"><span class='ocrx_word' id='word_1_189' title='bbox 2139 1754 2218 1809; x_wconf 88' lang='lat' dir='ltr'><strong>sis</strong></span> <span class='ocrx_word' id='word_1_190' title='bbox 2243 1749 2503 1821; x_wconf 86' lang='lat' dir='ltr'><strong>episcopi,</strong></span> <span class='ocrx_word' id='word_1_191' title='bbox 2537 1744 2668 1801; x_wconf 88' lang='lat' dir='ltr'><strong>inibi</strong></span> <span class='ocrx_word' id='word_1_192' title='bbox 2703 1743 2969 1800; x_wconf 83' lang='lat' dir='ltr'><strong>ordinatis</strong></span> <span class='ocrx_word' id='word_1_193' title='bbox 2999 1738 3099 1794; x_wconf 88' lang='lat' dir='ltr'><strong>tibi</strong></span> <span class='ocrx_word' id='word_1_194' title='bbox 3130 1736 3350 1805; x_wconf 87' lang='lat' dir='ltr'><strong>tuisque</strong></span> <span class='ocrx_word' id='word_1_195' title='bbox 3382 1727 3720 1788; x_wconf 88' lang='lat' dir='ltr'><strong>successori-</strong></span> 
     </span>
    </p>
   </div>
   <div class='ocr_carea' id='block_1_32' title="bbox 2142 1825 3717 1908">
    <p class='ocr_par' dir='ltr' id='par_1_32' title="bbox 2142 1825 3717 1908">
     <span class='ocr_line' id='line_1_35' title="bbox 2142 1825 3717 1908; baseline -0.015 -11"><span class='ocrx_word' id='word_1_196' title='bbox 2142 1844 2266 1908; x_wconf 85' lang='lat' dir='ltr'><strong>bus,</strong></span> <span class='ocrx_word' id='word_1_197' title='bbox 2290 1842 2344 1895; x_wconf 90' lang='lat' dir='ltr'><strong>ill</strong></span> <span class='ocrx_word' id='word_1_198' title='bbox 2374 1838 2629 1894; x_wconf 89' lang='lat' dir='ltr'><strong>omnibus</strong></span> <span class='ocrx_word' id='word_1_199' title='bbox 2653 1849 2871 1890; x_wconf 88' lang='lat' dir='ltr'><strong>omnem</strong></span> <span class='ocrx_word' id='word_1_200' title='bbox 2906 1837 3231 1903; x_wconf 87' lang='lat' dir='ltr'><strong>potestatem</strong></span> <span class='ocrx_word' id='word_1_201' title='bbox 3263 1825 3463 1896; x_wconf 76' lang='lat' dir='ltr'><strong>habere</strong></span> <span class='ocrx_word' id='word_1_202' title='bbox 3488 1828 3717 1892; x_wconf 88' lang='lat' dir='ltr'><strong>aposto-</strong></span> 
     </span>
    </p>
   </div>
   <div class='ocr_carea' id='block_1_33' title="bbox 466 1910 2068 2026">
    <p class='ocr_par' dir='ltr' id='par_1_33' title="bbox 466 1910 2042 2026">
     <span class='ocr_line' id='line_1_36' title="bbox 536 1910 2011 1945; baseline -0.011 -13"><span class='ocrx_word' id='word_1_203' title='bbox 536 1910 851 1932; x_wconf 68' lang='grc' dir='ltr'><strong>υηιυυιιιιδ</strong></span> <span class='ocrx_word' id='word_1_204' title='bbox 876 1910 1191 1945; x_wconf 61' lang='grc' dir='ltr'><strong>ιζγιδιυιιυσ.</strong></span> <span class='ocrx_word' id='word_1_205' title='bbox 1228 1910 1306 1926; x_wconf 67' lang='grc' dir='ltr'><strong>σι.-</strong></span> <span class='ocrx_word' id='word_1_206' title='bbox 1327 1910 1340 1923; x_wconf 73' lang='grc' dir='ltr'><strong><em>π</em></strong></span> <span class='ocrx_word' id='word_1_207' title='bbox 1355 1910 1418 1924; x_wconf 67' lang='grc' dir='ltr'><strong>ιι..</strong></span> <span class='ocrx_word' id='word_1_208' title='bbox 1447 1910 1524 1923; x_wconf 72' lang='grc' dir='ltr'><strong>..ν-</strong></span> <span class='ocrx_word' id='word_1_209' title='bbox 1545 1910 1623 1922; x_wconf 65' lang='grc' dir='ltr'><strong>ιν.</strong></span> <span class='ocrx_word' id='word_1_210' title='bbox 1638 1910 1728 1921; x_wconf 67' lang='grc' dir='ltr'><strong>π...</strong></span> <span class='ocrx_word' id='word_1_211' title='bbox 1764 1910 1877 1929; x_wconf 55' lang='grc' dir='ltr'><strong>..ν-τ</strong></span> <span class='ocrx_word' id='word_1_212' title='bbox 1927 1910 1937 1917; x_wconf 89' lang='grc'>.</span> <span class='ocrx_word' id='word_1_213' title='bbox 1953 1910 1962 1916; x_wconf 81' lang='grc'>.</span> <span class='ocrx_word' id='word_1_214' title='bbox 1979 1910 2011 1916; x_wconf 86' lang='grc'><strong>,-</strong></span> 
     </span>
     <span class='ocr_line' id='line_1_37' title="bbox 466 1955 2042 2026; baseline -0.011 -3"><span class='ocrx_word' id='word_1_215' title='bbox 466 1983 716 2023; x_wconf 66' lang='lat' dir='ltr'><strong>aususve</strong></span> <span class='ocrx_word' id='word_1_216' title='bbox 755 1964 1050 2021; x_wconf 80' lang='lat' dir='ltr'><strong>venerabili</strong></span> <span class='ocrx_word' id='word_1_217' title='bbox 1078 1957 1565 2026; x_wconf 82' lang='lat' dir='ltr'><strong>fratri,Viennensi</strong></span> <span class='ocrx_word' id='word_1_218' title='bbox 1613 1955 2042 2024; x_wconf 81' lang='lat' dir='ltr'><strong>archiepiscopo,</strong></span> 
     </span>
    </p>
   </div>
   <div class='ocr_carea' id='block_1_34' title="bbox 2169 1910 3723 2026">
    <p class='ocr_par' dir='ltr' id='par_1_34' title="bbox 2169 1910 3723 2026">
     <span class='ocr_line' id='line_1_38' title="bbox 2169 1910 3723 1990; baseline -0.015 0"><span class='ocrx_word' id='word_1_219' title='bbox 2169 1935 2248 1990; x_wconf 87' lang='lat' dir='ltr'><strong>ica</strong></span> <span class='ocrx_word' id='word_1_220' title='bbox 2294 1929 2615 1988; x_wconf 86' lang='lat' dir='ltr'><strong>auctoritate</strong></span> <span class='ocrx_word' id='word_1_221' title='bbox 2642 1924 3005 1983; x_wconf 88' lang='lat' dir='ltr'><strong>decernimus.</strong></span> <span class='ocrx_word' id='word_1_222' title='bbox 3039 1918 3310 1988; x_wconf 85' lang='lat' dir='ltr'><strong>Quoniam</strong></span> <span class='ocrx_word' id='word_1_223' title='bbox 3355 1915 3543 1985; x_wconf 77' lang='lat' dir='ltr'><strong>igitur,</strong></span> <span class='ocrx_word' id='word_1_224' title='bbox 3586 1910 3723 1967; x_wconf 63' lang='lat' dir='ltr'><strong>dileo</strong></span> 
     </span>
     <span class='ocr_line' id='line_1_39' title="bbox 2203 2002 3717 2026; baseline -0.016 24"><span class='ocrx_word' id='word_1_225' title='bbox 2203 2024 2211 2026; x_wconf 48' lang='grc' dir='ltr'>λ</span> <span class='ocrx_word' id='word_1_226' title='bbox 2282 2023 2292 2026; x_wconf 62' lang='grc'><strong>⁸</strong></span> <span class='ocrx_word' id='word_1_227' title='bbox 2444 2019 2464 2026; x_wconf 70' lang='grc'><strong>⁸</strong></span> <span class='ocrx_word' id='word_1_228' title='bbox 2763 2015 2777 2026; x_wconf 91' lang='grc'>·</span> <span class='ocrx_word' id='word_1_229' title='bbox 2853 2014 2886 2026; x_wconf 79' lang='grc' dir='ltr'><strong>ι·</strong></span> <span class='ocrx_word' id='word_1_230' title='bbox 2929 2013 2941 2025; x_wconf 82' lang='grc'><strong>-</strong></span> <span class='ocrx_word' id='word_1_231' title='bbox 3087 2010 3119 2026; x_wconf 79' lang='grc' dir='ltr'><strong>ιο</strong></span> <span class='ocrx_word' id='word_1_232' title='bbox 3172 2007 3419 2026; x_wconf 48' lang='lat' dir='ltr'><strong>“AA---</strong></span> <span class='ocrx_word' id='word_1_233' title='bbox 3478 2002 3717 2026; x_wconf 74' lang='lat' dir='ltr'><strong>-s-.-.a.....</strong></span> 
     </span>
    </p>
   </div>
   <div class='ocr_carea' id='block_1_35' title="bbox 468 2041 2046 2125">
    <p class='ocr_par' dir='ltr' id='par_1_35' title="bbox 468 2041 2046 2125">
     <span class='ocr_line' id='line_1_40' title="bbox 468 2041 2046 2125; baseline -0.009 -15"><span class='ocrx_word' id='word_1_234' title='bbox 468 2065 525 2110; x_wconf 87' lang='lat' dir='ltr'><strong>et</strong></span> <span class='ocrx_word' id='word_1_235' title='bbox 549 2071 646 2125; x_wconf 90' lang='lat' dir='ltr'><strong>per</strong></span> <span class='ocrx_word' id='word_1_236' title='bbox 674 2070 799 2109; x_wconf 88' lang='lat' dir='ltr'><strong>eum</strong></span> <span class='ocrx_word' id='word_1_237' title='bbox 824 2054 997 2124; x_wconf 88' lang='lat' dir='ltr'><strong>ipsius</strong></span> <span class='ocrx_word' id='word_1_238' title='bbox 1019 2048 1451 2115; x_wconf 89' lang='lat' dir='ltr'><strong>successoribus,</strong></span> <span class='ocrx_word' id='word_1_239' title='bbox 1469 2056 1524 2102; x_wconf 88' lang='lat' dir='ltr'><strong>et</strong></span> <span class='ocrx_word' id='word_1_240' title='bbox 1548 2044 1843 2103; x_wconf 72' lang='lat' dir='ltr'><strong>Viennensi</strong></span> <span class='ocrx_word' id='word_1_241' title='bbox 1874 2041 2046 2099; x_wconf 85' lang='lat' dir='ltr'><strong>cccle-</strong></span> 
     </span>
    </p>
   </div>
   <div class='ocr_carea' id='block_1_36' title="bbox 467 2146 1037 2215">
    <p class='ocr_par' dir='ltr' id='par_1_36' title="bbox 467 2146 1037 2215">
     <span class='ocr_line' id='line_1_41' title="bbox 467 2146 1037 2215; baseline -0.009 -13"><span class='ocrx_word' id='word_1_242' title='bbox 467 2147 587 2211; x_wconf 66' lang='lat' dir='ltr'><strong>sire,</strong></span> <span class='ocrx_word' id='word_1_243' title='bbox 615 2146 669 2199; x_wconf 92' lang='lat' dir='ltr'><strong>in</strong></span> <span class='ocrx_word' id='word_1_244' title='bbox 692 2154 1037 2215; x_wconf 86' lang='lat' dir='ltr'><strong>perpetuum.</strong></span> 
     </span>
    </p>
   </div>
   <div class='ocr_carea' id='block_1_37' title="bbox 538 2220 2048 2303">
    <p class='ocr_par' dir='ltr' id='par_1_37' title="bbox 538 2220 2048 2303">
     <span class='ocr_line' id='line_1_42' title="bbox 538 2220 2048 2303; baseline -0.009 -13"><span class='ocrx_word' id='word_1_245' title='bbox 538 2235 679 2290; x_wconf 84' lang='lat' dir='ltr'><strong>Cum</strong></span> <span class='ocrx_word' id='word_1_246' title='bbox 725 2250 793 2289; x_wconf 77' lang='lat' dir='ltr'><strong>ex</strong></span> <span class='ocrx_word' id='word_1_247' title='bbox 840 2230 1153 2303; x_wconf 61' lang='lat' dir='ltr'><strong>apostolicae</strong></span> <span class='ocrx_word' id='word_1_248' title='bbox 1197 2228 1343 2285; x_wconf 81' lang='lat' dir='ltr'><strong>sedis</strong></span> <span class='ocrx_word' id='word_1_249' title='bbox 1390 2225 1783 2290; x_wconf 87' lang='lat' dir='ltr'><strong>moderamine,</strong></span> <span class='ocrx_word' id='word_1_250' title='bbox 1824 2222 1913 2279; x_wconf 92' lang='lat' dir='ltr'><strong>cui</strong></span> <span class='ocrx_word' id='word_1_251' title='bbox 1938 2220 2048 2276; x_wconf 85' lang='lat' dir='ltr'><strong>Deo</strong></span> 
     </span>
    </p>
   </div>
   <div class='ocr_carea' id='block_1_38' title="bbox 468 2316 2051 2392">
    <p class='ocr_par' dir='ltr' id='par_1_38' title="bbox 468 2316 2051 2392">
     <span class='ocr_line' id='line_1_43' title="bbox 468 2316 2051 2392; baseline -0.011 -12"><span class='ocrx_word' id='word_1_252' title='bbox 468 2332 694 2380; x_wconf 88' lang='lat' dir='ltr'><strong>auctore</strong></span> <span class='ocrx_word' id='word_1_253' title='bbox 744 2321 1121 2392; x_wconf 71' lang='lat' dir='ltr'><strong>priesidelnus,</strong></span> <span class='ocrx_word' id='word_1_254' title='bbox 1172 2318 1419 2373; x_wconf 90' lang='lat' dir='ltr'><strong>omnium</strong></span> <span class='ocrx_word' id='word_1_255' title='bbox 1467 2330 1590 2384; x_wconf 76' lang='lat' dir='ltr'><strong>qua:</strong></span> <span class='ocrx_word' id='word_1_256' title='bbox 1641 2327 1872 2382; x_wconf 89' lang='lat' dir='ltr'><strong>usquam</strong></span> <span class='ocrx_word' id='word_1_257' title='bbox 1922 2316 2051 2365; x_wconf 91' lang='lat' dir='ltr'><strong>sunt</strong></span> 
     </span>
    </p>
   </div>
   <div class='ocr_carea' id='block_1_39' title="bbox 471 2404 2051 2481">
    <p class='ocr_par' dir='ltr' id='par_1_39' title="bbox 471 2404 2051 2481">
     <span class='ocr_line' id='line_1_44' title="bbox 471 2404 2051 2481; baseline -0.011 -11"><span class='ocrx_word' id='word_1_258' title='bbox 471 2414 838 2470; x_wconf 79' lang='lat' dir='ltr'><strong>Ecclesiarum</strong></span> <span class='ocrx_word' id='word_1_259' title='bbox 864 2425 1051 2466; x_wconf 90' lang='lat' dir='ltr'><strong>curam</strong></span> <span class='ocrx_word' id='word_1_260' title='bbox 1080 2424 1287 2481; x_wconf 83' lang='lat' dir='ltr'><strong>gerere,</strong></span> <span class='ocrx_word' id='word_1_261' title='bbox 1321 2416 1375 2462; x_wconf 90' lang='lat' dir='ltr'><strong>et</strong></span> <span class='ocrx_word' id='word_1_262' title='bbox 1400 2416 1579 2461; x_wconf 87' lang='lat' dir='ltr'><strong>tamen</strong></span> <span class='ocrx_word' id='word_1_263' title='bbox 1601 2404 1709 2458; x_wconf 90' lang='lat' dir='ltr'><strong>illis</strong></span> <span class='ocrx_word' id='word_1_264' title='bbox 1730 2418 1831 2457; x_wconf 90' lang='lat' dir='ltr'><strong>nos</strong></span> <span class='ocrx_word' id='word_1_265' title='bbox 1852 2414 2051 2456; x_wconf 87' lang='lat' dir='ltr'><strong>conve—</strong></span> 
     </span>
    </p>
   </div>
   <div class='ocr_carea' id='block_1_40' title="bbox 470 2489 2052 2577">
    <p class='ocr_par' dir='ltr' id='par_1_40' title="bbox 470 2489 2052 2577">
     <span class='ocr_line' id='line_1_45' title="bbox 470 2489 2052 2577; baseline -0.013 -14"><span class='ocrx_word' id='word_1_266' title='bbox 470 2508 554 2563; x_wconf 83' lang='lat' dir='ltr'><strong>nit</strong></span> <span class='ocrx_word' id='word_1_267' title='bbox 578 2506 881 2577; x_wconf 78' lang='lat' dir='ltr'><strong>invigilare,</strong></span> <span class='ocrx_word' id='word_1_268' title='bbox 911 2512 972 2557; x_wconf 91' lang='lat' dir='ltr'><strong>ut</strong></span> <span class='ocrx_word' id='word_1_269' title='bbox 1012 2502 1157 2557; x_wconf 87' lang='lat' dir='ltr'><strong>etde</strong></span> <span class='ocrx_word' id='word_1_270' title='bbox 1201 2501 1443 2569; x_wconf 88' lang='lat' dir='ltr'><strong>ipsarum</strong></span> <span class='ocrx_word' id='word_1_271' title='bbox 1473 2496 1689 2567; x_wconf 91' lang='lat' dir='ltr'><strong>juribus</strong></span> <span class='ocrx_word' id='word_1_272' title='bbox 1709 2491 1856 2563; x_wconf 89' lang='lat' dir='ltr'><strong>quod</strong></span> <span class='ocrx_word' id='word_1_273' title='bbox 1890 2489 2052 2545; x_wconf 92' lang='lat' dir='ltr'><strong>modo</strong></span> 
     </span>
    </p>
   </div>
   <div class='ocr_carea' id='block_1_41' title="bbox 470 2583 2053 2659">
    <p class='ocr_par' dir='ltr' id='par_1_41' title="bbox 470 2583 2053 2659">
     <span class='ocr_line' id='line_1_46' title="bbox 470 2583 2053 2659; baseline -0.011 -8"><span class='ocrx_word' id='word_1_274' title='bbox 470 2597 612 2653; x_wconf 80' lang='lat' dir='ltr'><strong>forte</strong></span> <span class='ocrx_word' id='word_1_275' title='bbox 630 2596 959 2651; x_wconf 84' lang='lat' dir='ltr'><strong>diminutum</strong></span> <span class='ocrx_word' id='word_1_276' title='bbox 983 2591 1144 2646; x_wconf 90' lang='lat' dir='ltr'><strong>estin</strong></span> <span class='ocrx_word' id='word_1_277' title='bbox 1168 2589 1437 2659; x_wconf 89' lang='lat' dir='ltr'><strong>reliquum</strong></span> <span class='ocrx_word' id='word_1_278' title='bbox 1466 2583 1847 2640; x_wconf 86' lang='lat' dir='ltr'><strong>inviolabiliter</strong></span> <span class='ocrx_word' id='word_1_279' title='bbox 1863 2587 2053 2636; x_wconf 78' lang='lat' dir='ltr'><strong>custo-</strong></span> 
     </span>
    </p>
   </div>
   <div class='ocr_carea' id='block_1_42' title="bbox 474 2670 2057 2751">
    <p class='ocr_par' dir='ltr' id='par_1_42' title="bbox 474 2670 2057 2751">
     <span class='ocr_line' id='line_1_47' title="bbox 474 2670 2057 2751; baseline -0.011 -9"><span class='ocrx_word' id='word_1_280' title='bbox 474 2687 683 2751; x_wconf 87' lang='lat' dir='ltr'><strong>diatur,</strong></span> <span class='ocrx_word' id='word_1_281' title='bbox 714 2699 935 2739; x_wconf 90' lang='lat' dir='ltr'><strong>omnem</strong></span> <span class='ocrx_word' id='word_1_282' title='bbox 966 2690 1211 2737; x_wconf 88' lang='lat' dir='ltr'><strong>nostram</strong></span> <span class='ocrx_word' id='word_1_283' title='bbox 1235 2676 1657 2734; x_wconf 87' lang='lat' dir='ltr'><strong>sollicitudinem</strong></span> <span class='ocrx_word' id='word_1_284' title='bbox 1694 2673 1762 2729; x_wconf 90' lang='lat' dir='ltr'><strong>iis</strong></span> <span class='ocrx_word' id='word_1_285' title='bbox 1798 2670 2057 2727; x_wconf 74' lang='lat' dir='ltr'><strong>exhibere</strong></span> 
     </span>
    </p>
   </div>
   <div class='ocr_carea' id='block_1_43' title="bbox 471 2762 2056 2848">
    <p class='ocr_par' dir='ltr' id='par_1_43' title="bbox 471 2762 2056 2848">
     <span class='ocr_line' id='line_1_48' title="bbox 471 2762 2056 2848; baseline -0.011 -16"><span class='ocrx_word' id='word_1_286' title='bbox 471 2792 596 2848; x_wconf 66' lang='lat' dir='ltr'><strong>quae</strong></span> <span class='ocrx_word' id='word_1_287' title='bbox 622 2775 953 2847; x_wconf 85' lang='lat' dir='ltr'><strong>principales</strong></span> <span class='ocrx_word' id='word_1_288' title='bbox 999 2788 1064 2827; x_wconf 92' lang='lat' dir='ltr'><strong>ac</strong></span> <span class='ocrx_word' id='word_1_289' title='bbox 1096 2769 1360 2841; x_wconf 78' lang='lat' dir='ltr'><strong>Speeiales</strong></span> <span class='ocrx_word' id='word_1_290' title='bbox 1386 2768 1510 2823; x_wconf 74' lang='lat' dir='ltr'><strong>ﬁlia:</strong></span> <span class='ocrx_word' id='word_1_291' title='bbox 1530 2773 1732 2822; x_wconf 69' lang='lat' dir='ltr'><strong>sancta:</strong></span> <span class='ocrx_word' id='word_1_292' title='bbox 1752 2762 1895 2819; x_wconf 87' lang='lat' dir='ltr'><strong>sedis</strong></span> <span class='ocrx_word' id='word_1_293' title='bbox 1924 2776 2056 2831; x_wconf 52' lang='lat' dir='ltr'><strong>apo.</strong></span> 
     </span>
    </p>
   </div>
   <div class='ocr_carea' id='block_1_44' title="bbox 473 2850 2055 2934">
    <p class='ocr_par' dir='ltr' id='par_1_44' title="bbox 473 2850 2055 2934">
     <span class='ocr_line' id='line_1_49' title="bbox 473 2850 2055 2934; baseline -0.015 -9"><span class='ocrx_word' id='word_1_294' title='bbox 473 2869 682 2926; x_wconf 73' lang='lat' dir='ltr'><strong>stolica:</strong></span> <span class='ocrx_word' id='word_1_295' title='bbox 722 2876 778 2922; x_wconf 91' lang='lat' dir='ltr'><strong>et</strong></span> <span class='ocrx_word' id='word_1_296' title='bbox 814 2864 1157 2934; x_wconf 86' lang='lat' dir='ltr'><strong>appellantur</strong></span> <span class='ocrx_word' id='word_1_297' title='bbox 1184 2869 1240 2915; x_wconf 86' lang='lat' dir='ltr'><strong>et</strong></span> <span class='ocrx_word' id='word_1_298' title='bbox 1283 2859 1525 2914; x_wconf 75' lang='lat' dir='ltr'><strong>existunt</strong></span> <span class='ocrx_word' id='word_1_299' title='bbox 1546 2897 1562 2922; x_wconf 92' lang='lat'><strong>,</strong></span> <span class='ocrx_word' id='word_1_300' title='bbox 1593 2863 1647 2910; x_wconf 87' lang='lat' dir='ltr'><strong>et</strong></span> <span class='ocrx_word' id='word_1_301' title='bbox 1675 2853 1906 2908; x_wconf 88' lang='lat' dir='ltr'><strong>aliarum</strong></span> <span class='ocrx_word' id='word_1_302' title='bbox 1940 2850 2055 2921; x_wconf 83' lang='lat' dir='ltr'><strong>pri-</strong></span> 
     </span>
    </p>
   </div>
   <div class='ocr_carea' id='block_1_45' title="bbox 475 2942 2060 3015">
    <p class='ocr_par' dir='ltr' id='par_1_45' title="bbox 475 2942 2060 3015">
     <span class='ocr_line' id='line_1_50' title="bbox 475 2942 2060 3015; baseline -0.012 0"><span class='ocrx_word' id='word_1_303' title='bbox 475 2968 685 3015; x_wconf 89' lang='lat' dir='ltr'><strong>matum</strong></span> <span class='ocrx_word' id='word_1_304' title='bbox 724 2955 1010 3013; x_wconf 84' lang='lat' dir='ltr'><strong>continent</strong></span> <span class='ocrx_word' id='word_1_305' title='bbox 1057 2949 1447 3007; x_wconf 88' lang='lat' dir='ltr'><strong>Ecclesiarum.</strong></span> <span class='ocrx_word' id='word_1_306' title='bbox 1496 2945 1720 3002; x_wconf 85' lang='lat' dir='ltr'><strong>Certum</strong></span> <span class='ocrx_word' id='word_1_307' title='bbox 1757 2942 1955 3015; x_wconf 86' lang='lat' dir='ltr'><strong>quippe</strong></span> <span class='ocrx_word' id='word_1_308' title='bbox 1975 2949 2060 2997; x_wconf 86' lang='lat' dir='ltr'><strong>est</strong></span> 
     </span>
    </p>
   </div>
   <div class='ocr_carea' id='block_1_46' title="bbox 478 3034 2057 3111">
    <p class='ocr_par' dir='ltr' id='par_1_46' title="bbox 478 3034 2057 3111">
     <span class='ocr_line' id='line_1_51' title="bbox 478 3034 2057 3111; baseline -0.011 -9"><span class='ocrx_word' id='word_1_309' title='bbox 478 3049 843 3105; x_wconf 75' lang='lat' dir='ltr'><strong>Viennensem</strong></span> <span class='ocrx_word' id='word_1_310' title='bbox 865 3044 1169 3101; x_wconf 87' lang='lat' dir='ltr'><strong>Ecclesialn</strong></span> <span class='ocrx_word' id='word_1_311' title='bbox 1205 3041 1370 3111; x_wconf 91' lang='lat' dir='ltr'><strong>hujus</strong></span> <span class='ocrx_word' id='word_1_312' title='bbox 1392 3038 1539 3095; x_wconf 87' lang='lat' dir='ltr'><strong>sedis</strong></span> <span class='ocrx_word' id='word_1_313' title='bbox 1571 3034 1928 3092; x_wconf 88' lang='lat' dir='ltr'><strong>concessione</strong></span> <span class='ocrx_word' id='word_1_314' title='bbox 1960 3047 2057 3087; x_wconf 87' lang='lat' dir='ltr'><strong>su-</strong></span> 
     </span>
    </p>
   </div>
   <div class='ocr_carea' id='block_1_47' title="bbox 475 3124 2060 3210">
    <p class='ocr_par' dir='ltr' id='par_1_47' title="bbox 475 3124 2060 3210">
     <span class='ocr_line' id='line_1_52' title="bbox 475 3124 2060 3210; baseline -0.013 -14"><span class='ocrx_word' id='word_1_315' title='bbox 475 3156 574 3210; x_wconf 87' lang='lat' dir='ltr'><strong>per</strong></span> <span class='ocrx_word' id='word_1_316' title='bbox 629 3147 835 3209; x_wconf 85' lang='lat' dir='ltr'><strong>septem</strong></span> <span class='ocrx_word' id='word_1_317' title='bbox 893 3134 1204 3207; x_wconf 88' lang='lat' dir='ltr'><strong>provincias</strong></span> <span class='ocrx_word' id='word_1_318' title='bbox 1260 3130 1556 3201; x_wconf 90' lang='lat' dir='ltr'><strong>primatum</strong></span> <span class='ocrx_word' id='word_1_319' title='bbox 1616 3135 1822 3191; x_wconf 89' lang='lat' dir='ltr'><strong>tencre,</strong></span> <span class='ocrx_word' id='word_1_320' title='bbox 1883 3124 2060 3193; x_wconf 86' lang='lat' dir='ltr'><strong>ipsam</strong></span> 
     </span>
    </p>
   </div>
   <div class='ocr_carea' id='block_1_48' title="bbox 477 3216 2131 3309">
    <p class='ocr_par' dir='ltr' id='par_1_48' title="bbox 477 3216 2131 3309">
     <span class='ocr_line' id='line_1_53' title="bbox 477 3216 2131 3309; baseline -0.011 -25"><span class='ocrx_word' id='word_1_321' title='bbox 477 3229 873 3296; x_wconf 86' lang='lat' dir='ltr'><strong>Viennensem,</strong></span> <span class='ocrx_word' id='word_1_322' title='bbox 888 3226 1207 3291; x_wconf 86' lang='lat' dir='ltr'><strong>Bituricam,</strong></span> <span class='ocrx_word' id='word_1_323' title='bbox 1235 3219 1616 3292; x_wconf 79' lang='lat' dir='ltr'><strong>Burdegalam,</strong></span> <span class='ocrx_word' id='word_1_324' title='bbox 1637 3216 2059 3280; x_wconf 82' lang='lat' dir='ltr'><strong>Auxionensem,</strong></span> <span class='ocrx_word' id='word_1_325' title='bbox 2088 3251 2131 3309; x_wconf 64' lang='grc' dir='ltr'>ο</span> 
     </span>
    </p>
   </div>
   <div class='ocr_carea' id='block_1_49' title="bbox 477 3304 2065 3393">
    <p class='ocr_par' dir='ltr' id='par_1_49' title="bbox 477 3304 2065 3393">
     <span class='ocr_line' id='line_1_54' title="bbox 477 3304 2065 3393; baseline -0.013 -17"><span class='ocrx_word' id='word_1_326' title='bbox 477 3337 603 3393; x_wconf 72' lang='lat' dir='ltr'><strong>qua:</strong></span> <span class='ocrx_word' id='word_1_327' title='bbox 617 3320 920 3392; x_wconf 87' lang='lat' dir='ltr'><strong>appellatur</strong></span> <span class='ocrx_word' id='word_1_328' title='bbox 932 3314 1468 3383; x_wconf 83' lang='lat' dir='ltr'><strong>Novem-Populana,</strong></span> <span class='ocrx_word' id='word_1_329' title='bbox 1493 3309 1828 3374; x_wconf 75' lang='lat' dir='ltr'><strong>Narbonem,</strong></span> <span class='ocrx_word' id='word_1_330' title='bbox 1852 3304 2065 3374; x_wconf 80' lang='lat' dir='ltr'><strong>Aqucn-</strong></span> 
     </span>
    </p>
   </div>
   <div class='ocr_carea' id='block_1_50' title="bbox 479 3395 2063 3477">
    <p class='ocr_par' dir='ltr' id='par_1_50' title="bbox 479 3395 2063 3477">
     <span class='ocr_line' id='line_1_55' title="bbox 479 3395 2063 3477; baseline -0.013 -8"><span class='ocrx_word' id='word_1_331' title='bbox 479 3428 598 3469; x_wconf 79' lang='lat' dir='ltr'><strong>sein</strong></span> <span class='ocrx_word' id='word_1_332' title='bbox 619 3421 675 3467; x_wconf 90' lang='lat' dir='ltr'><strong>et</strong></span> <span class='ocrx_word' id='word_1_333' title='bbox 699 3410 1081 3474; x_wconf 86' lang='lat' dir='ltr'><strong>Ebrudunum,</strong></span> <span class='ocrx_word' id='word_1_334' title='bbox 1128 3407 1183 3462; x_wconf 93' lang='lat' dir='ltr'><strong>in</strong></span> <span class='ocrx_word' id='word_1_335' title='bbox 1226 3405 1428 3477; x_wconf 88' lang='lat' dir='ltr'><strong>quibus</strong></span> <span class='ocrx_word' id='word_1_336' title='bbox 1467 3398 1763 3456; x_wconf 85' lang='lat' dir='ltr'><strong>Viennensi</strong></span> <span class='ocrx_word' id='word_1_337' title='bbox 1794 3395 2063 3465; x_wconf 84' lang='lat' dir='ltr'><strong>archiepi-</strong></span> 
     </span>
    </p>
   </div>
   <div class='ocr_carea' id='block_1_51' title="bbox 481 3485 2067 3573">
    <p class='ocr_par' dir='ltr' id='par_1_51' title="bbox 481 3485 2067 3573">
     <span class='ocr_line' id='line_1_56' title="bbox 481 3485 2067 3573; baseline -0.011 -14"><span class='ocrx_word' id='word_1_338' title='bbox 481 3519 543 3559; x_wconf 86' lang='lat' dir='ltr'><strong>sc</strong></span> <span class='ocrx_word' id='word_1_339' title='bbox 568 3517 673 3572; x_wconf 36' lang='lat' dir='ltr'><strong>‘po,</strong></span> <span class='ocrx_word' id='word_1_340' title='bbox 719 3502 875 3573; x_wconf 75' lang='lat' dir='ltr'><strong>juxta</strong></span> <span class='ocrx_word' id='word_1_341' title='bbox 922 3498 1132 3555; x_wconf 81' lang='lat' dir='ltr'><strong>Nicolai</strong></span> <span class='ocrx_word' id='word_1_342' title='bbox 1175 3487 1475 3560; x_wconf 80' lang='lat' dir='ltr'><strong>decretum,</strong></span> <span class='ocrx_word' id='word_1_343' title='bbox 1516 3489 1749 3545; x_wconf 78' lang='lat' dir='ltr'><strong>Romani</strong></span> <span class='ocrx_word' id='word_1_344' title='bbox 1795 3485 2067 3559; x_wconf 88' lang='lat' dir='ltr'><strong>pontiﬁcis</strong></span> 
     </span>
    </p>
   </div>
   <div class='ocr_carea' id='block_1_52' title="bbox 479 3576 2065 3665">
    <p class='ocr_par' dir='ltr' id='par_1_52' title="bbox 479 3576 2065 3665">
     <span class='ocr_line' id='line_1_57' title="bbox 479 3576 2065 3665; baseline -0.011 -15"><span class='ocrx_word' id='word_1_345' title='bbox 479 3594 631 3650; x_wconf 87' lang='lat' dir='ltr'><strong>vices</strong></span> <span class='ocrx_word' id='word_1_346' title='bbox 651 3607 833 3665; x_wconf 82' lang='lat' dir='ltr'><strong>agere,</strong></span> <span class='ocrx_word' id='word_1_347' title='bbox 882 3598 1186 3647; x_wconf 90' lang='lat' dir='ltr'><strong>conventus</strong></span> <span class='ocrx_word' id='word_1_348' title='bbox 1226 3586 1435 3643; x_wconf 91' lang='lat' dir='ltr'><strong>scilicet</strong></span> <span class='ocrx_word' id='word_1_349' title='bbox 1475 3580 1764 3655; x_wconf 78' lang='lat' dir='ltr'><strong>synodales</strong></span> <span class='ocrx_word' id='word_1_350' title='bbox 1806 3576 2065 3644; x_wconf 86' lang='lat' dir='ltr'><strong>indicere,</strong></span> 
     </span>
    </p>
   </div>
   <div class='ocr_carea' id='block_1_53' title="bbox 480 3666 2068 3755">
    <p class='ocr_par' dir='ltr' id='par_1_53' title="bbox 480 3666 2068 3755">
     <span class='ocr_line' id='line_1_58' title="bbox 480 3666 2068 3755; baseline -0.012 -15"><span class='ocrx_word' id='word_1_351' title='bbox 480 3694 538 3740; x_wconf 85' lang='lat' dir='ltr'><strong>et</strong></span> <span class='ocrx_word' id='word_1_352' title='bbox 557 3684 683 3755; x_wconf 84' lang='lat' dir='ltr'><strong>jura</strong></span> <span class='ocrx_word' id='word_1_353' title='bbox 725 3681 1097 3737; x_wconf 89' lang='lat' dir='ltr'><strong>ecclesiastica</strong></span> <span class='ocrx_word' id='word_1_354' title='bbox 1140 3678 1290 3747; x_wconf 90' lang='lat' dir='ltr'><strong>juste</strong></span> <span class='ocrx_word' id='word_1_355' title='bbox 1332 3691 1397 3731; x_wconf 92' lang='lat' dir='ltr'><strong>ac</strong></span> <span class='ocrx_word' id='word_1_356' title='bbox 1425 3670 1747 3744; x_wconf 80' lang='lat' dir='ltr'><strong>regulariter</strong></span> <span class='ocrx_word' id='word_1_357' title='bbox 1771 3666 2068 3737; x_wconf 89' lang='lat' dir='ltr'><strong>apostolica</strong></span> 
     </span>
    </p>
   </div>
   <div class='ocr_carea' id='block_1_54' title="bbox 485 3759 2072 3831">
    <p class='ocr_par' dir='ltr' id='par_1_54' title="bbox 485 3759 2072 3831">
     <span class='ocr_line' id='line_1_59' title="bbox 485 3759 2072 3831; baseline -0.01 -2"><span class='ocrx_word' id='word_1_358' title='bbox 485 3772 814 3830; x_wconf 89' lang='lat' dir='ltr'><strong>auctoritate</strong></span> <span class='ocrx_word' id='word_1_359' title='bbox 834 3775 1168 3828; x_wconf 81' lang='lat' dir='ltr'><strong>concessum</strong></span> <span class='ocrx_word' id='word_1_360' title='bbox 1209 3775 1296 3824; x_wconf 89' lang='lat' dir='ltr'><strong>est</strong></span> <span class='ocrx_word' id='word_1_361' title='bbox 1346 3764 1593 3822; x_wconf 89' lang='lat' dir='ltr'><strong>deﬁnire.</strong></span> <span class='ocrx_word' id='word_1_362' title='bbox 1643 3761 1759 3817; x_wconf 84' lang='lat' dir='ltr'><strong>Iloc</strong></span> <span class='ocrx_word' id='word_1_363' title='bbox 1800 3761 1989 3831; x_wconf 81' lang='lat' dir='ltr'><strong>utique</strong></span> <span class='ocrx_word' id='word_1_364' title='bbox 2014 3759 2072 3814; x_wconf 91' lang='lat' dir='ltr'><strong>in</strong></span> 
     </span>
    </p>
   </div>
   <div class='ocr_carea' id='block_1_55' title="bbox 486 3849 2073 3938">
    <p class='ocr_par' dir='ltr' id='par_1_55' title="bbox 486 3849 2073 3938">
     <span class='ocr_line' id='line_1_60' title="bbox 486 3849 2073 3938; baseline -0.01 -17"><span class='ocrx_word' id='word_1_365' title='bbox 486 3863 782 3938; x_wconf 76' lang='lat' dir='ltr'><strong>privilegiis</strong></span> <span class='ocrx_word' id='word_1_366' title='bbox 824 3862 1001 3918; x_wconf 90' lang='lat' dir='ltr'><strong>eidem</strong></span> <span class='ocrx_word' id='word_1_367' title='bbox 1060 3858 1319 3915; x_wconf 67' lang='lat' dir='ltr'><strong>Ecclesiae</strong></span> <span class='ocrx_word' id='word_1_368' title='bbox 1369 3872 1402 3911; x_wconf 90' lang='lat' dir='ltr'><strong>a</strong></span> <span class='ocrx_word' id='word_1_369' title='bbox 1459 3852 1823 3929; x_wconf 78' lang='lat' dir='ltr'><strong>sanctissimis</strong></span> <span class='ocrx_word' id='word_1_370' title='bbox 1866 3849 2073 3922; x_wconf 63' lang='lat' dir='ltr'><strong>prede-</strong></span> 
     </span>
    </p>
   </div>
   <div class='ocr_carea' id='block_1_56' title="bbox 485 3940 2073 4014">
    <p class='ocr_par' dir='ltr' id='par_1_56' title="bbox 485 3940 2073 4014">
     <span class='ocr_line' id='line_1_61' title="bbox 485 3940 2073 4014; baseline -0.012 -1"><span class='ocrx_word' id='word_1_371' title='bbox 485 3956 800 4014; x_wconf 84' lang='lat' dir='ltr'><strong>cessoribus</strong></span> <span class='ocrx_word' id='word_1_372' title='bbox 838 3951 1045 4007; x_wconf 88' lang='lat' dir='ltr'><strong>nostris</strong></span> <span class='ocrx_word' id='word_1_373' title='bbox 1069 3948 1283 4005; x_wconf 90' lang='lat' dir='ltr'><strong>collatis</strong></span> <span class='ocrx_word' id='word_1_374' title='bbox 1324 3946 1597 4012; x_wconf 88' lang='lat' dir='ltr'><strong>habetur;</strong></span> <span class='ocrx_word' id='word_1_375' title='bbox 1636 3944 1740 3999; x_wconf 90' lang='lat' dir='ltr'><strong>hoc</strong></span> <span class='ocrx_word' id='word_1_376' title='bbox 1775 3956 1995 4013; x_wconf 81' lang='lat' dir='ltr'><strong>quoque</strong></span> <span class='ocrx_word' id='word_1_377' title='bbox 2016 3940 2073 3994; x_wconf 93' lang='lat' dir='ltr'><strong>in</strong></span> 
     </span>
    </p>
   </div>
   <div class='ocr_carea' id='block_1_57' title="bbox 488 4032 2071 4118">
    <p class='ocr_par' dir='ltr' id='par_1_57' title="bbox 488 4032 2071 4118">
     <span class='ocr_line' id='line_1_62' title="bbox 488 4032 2071 4118; baseline -0.012 -16"><span class='ocrx_word' id='word_1_378' title='bbox 488 4045 771 4118; x_wconf 64' lang='lat' dir='ltr'><strong>privilegio</strong></span> <span class='ocrx_word' id='word_1_379' title='bbox 801 4044 971 4099; x_wconf 84' lang='lat' dir='ltr'><strong>beatae</strong></span> <span class='ocrx_word' id='word_1_380' title='bbox 1013 4038 1292 4096; x_wconf 73' lang='lat' dir='ltr'><strong>memoria:</strong></span> <span class='ocrx_word' id='word_1_381' title='bbox 1318 4036 1520 4092; x_wconf 88' lang='lat' dir='ltr'><strong>Leonis</strong></span> <span class='ocrx_word' id='word_1_382' title='bbox 1561 4049 1714 4105; x_wconf 68' lang='lat' dir='ltr'><strong>papa:</strong></span> <span class='ocrx_word' id='word_1_383' title='bbox 1740 4032 2071 4088; x_wconf 89' lang='lat' dir='ltr'><strong>continetur.</strong></span> 
     </span>
    </p>
   </div>
   <div class='ocr_carea' id='block_1_58' title="bbox 491 4121 2077 4207">
    <p class='ocr_par' dir='ltr' id='par_1_58' title="bbox 491 4121 2077 4207">
     <span class='ocr_line' id='line_1_63' title="bbox 491 4121 2077 4207; baseline -0.009 -15"><span class='ocrx_word' id='word_1_384' title='bbox 491 4137 572 4192; x_wconf 72' lang='lat' dir='ltr'><strong>Ex</strong></span> <span class='ocrx_word' id='word_1_385' title='bbox 595 4152 704 4207; x_wconf 90' lang='lat' dir='ltr'><strong>quo</strong></span> <span class='ocrx_word' id='word_1_386' title='bbox 726 4137 898 4205; x_wconf 77' lang='lat' dir='ltr'><strong>liquet</strong></span> <span class='ocrx_word' id='word_1_387' title='bbox 918 4131 1221 4204; x_wconf 81' lang='lat' dir='ltr'><strong>privilegio,</strong></span> <span class='ocrx_word' id='word_1_388' title='bbox 1248 4138 1304 4183; x_wconf 86' lang='lat' dir='ltr'><strong>et</strong></span> <span class='ocrx_word' id='word_1_389' title='bbox 1329 4129 1452 4183; x_wconf 90' lang='lat' dir='ltr'><strong>aliis</strong></span> <span class='ocrx_word' id='word_1_390' title='bbox 1480 4123 1895 4197; x_wconf 88' lang='lat' dir='ltr'><strong>quampluribus</strong></span> <span class='ocrx_word' id='word_1_391' title='bbox 1917 4130 1973 4177; x_wconf 90' lang='lat' dir='ltr'><strong>et</strong></span> <span class='ocrx_word' id='word_1_392' title='bbox 1992 4121 2077 4177; x_wconf 89' lang='lat' dir='ltr'><strong>his</strong></span> 
     </span>
    </p>
   </div>
   <div class='ocr_carea' id='block_1_59' title="bbox 491 4212 2077 4292">
    <p class='ocr_par' dir='ltr' id='par_1_59' title="bbox 491 4212 2077 4292">
     <span class='ocr_line' id='line_1_64' title="bbox 491 4212 2077 4292; baseline -0.01 -10"><span class='ocrx_word' id='word_1_393' title='bbox 491 4226 847 4289; x_wconf 86' lang='lat' dir='ltr'><strong>authenticis,</strong></span> <span class='ocrx_word' id='word_1_394' title='bbox 882 4222 1228 4292; x_wconf 84' lang='lat' dir='ltr'><strong>supradictas</strong></span> <span class='ocrx_word' id='word_1_395' title='bbox 1258 4236 1331 4274; x_wconf 94' lang='lat' dir='ltr'><strong>vll</strong></span> <span class='ocrx_word' id='word_1_396' title='bbox 1354 4217 1668 4289; x_wconf 89' lang='lat' dir='ltr'><strong>provincias</strong></span> <span class='ocrx_word' id='word_1_397' title='bbox 1703 4215 1771 4270; x_wconf 91' lang='lat' dir='ltr'><strong>ad</strong></span> <span class='ocrx_word' id='word_1_398' title='bbox 1806 4212 2077 4269; x_wconf 78' lang='lat' dir='ltr'><strong>Viennen—</strong></span> 
     </span>
    </p>
   </div>
   <div class='ocr_carea' id='block_1_60' title="bbox 494 4304 2083 4384">
    <p class='ocr_par' dir='ltr' id='par_1_60' title="bbox 494 4304 2083 4384">
     <span class='ocr_line' id='line_1_65' title="bbox 494 4304 2083 4384; baseline -0.012 -8"><span class='ocrx_word' id='word_1_399' title='bbox 494 4319 573 4376; x_wconf 85' lang='lat' dir='ltr'><strong>sis</strong></span> <span class='ocrx_word' id='word_1_400' title='bbox 594 4316 851 4373; x_wconf 74' lang='lat' dir='ltr'><strong>Ecclesia:</strong></span> <span class='ocrx_word' id='word_1_401' title='bbox 889 4311 1256 4384; x_wconf 79' lang='lat' dir='ltr'><strong>privilegium,</strong></span> <span class='ocrx_word' id='word_1_402' title='bbox 1293 4317 1483 4379; x_wconf 82' lang='lat' dir='ltr'><strong>utpote</strong></span> <span class='ocrx_word' id='word_1_403' title='bbox 1524 4324 1557 4363; x_wconf 88' lang='lat' dir='ltr'><strong>a</strong></span> <span class='ocrx_word' id='word_1_404' title='bbox 1594 4304 1925 4363; x_wconf 88' lang='lat' dir='ltr'><strong>beatissimis</strong></span> <span class='ocrx_word' id='word_1_405' title='bbox 1949 4318 2083 4374; x_wconf 80' lang='lat' dir='ltr'><strong>apo-</strong></span> 
     </span>
    </p>
   </div>
   <div class='ocr_carea' id='block_1_61' title="bbox 495 4394 2083 4469">
    <p class='ocr_par' dir='ltr' id='par_1_61' title="bbox 495 4394 2083 4469">
     <span class='ocr_line' id='line_1_66' title="bbox 495 4394 2083 4469; baseline -0.012 -3"><span class='ocrx_word' id='word_1_406' title='bbox 495 4409 656 4465; x_wconf 89' lang='lat' dir='ltr'><strong>stolis</strong></span> <span class='ocrx_word' id='word_1_407' title='bbox 676 4406 837 4462; x_wconf 84' lang='lat' dir='ltr'><strong>Petro</strong></span> <span class='ocrx_word' id='word_1_408' title='bbox 864 4417 919 4460; x_wconf 90' lang='lat' dir='ltr'><strong>et</strong></span> <span class='ocrx_word' id='word_1_409' title='bbox 939 4402 1110 4459; x_wconf 82' lang='lat' dir='ltr'><strong>Paulo</strong></span> <span class='ocrx_word' id='word_1_410' title='bbox 1142 4401 1403 4467; x_wconf 73' lang='lat' dir='ltr'><strong>fundatm,</strong></span> <span class='ocrx_word' id='word_1_411' title='bbox 1425 4398 1573 4469; x_wconf 88' lang='lat' dir='ltr'><strong>juste</strong></span> <span class='ocrx_word' id='word_1_412' title='bbox 1602 4406 1660 4452; x_wconf 87' lang='lat' dir='ltr'><strong>et</strong></span> <span class='ocrx_word' id='word_1_413' title='bbox 1686 4394 2083 4450; x_wconf 86' lang='lat' dir='ltr'><strong>rationabiliter</strong></span> 
     </span>
    </p>
   </div>
   <div class='ocr_carea' id='block_1_62' title="bbox 497 4486 2084 4573">
    <p class='ocr_par' dir='ltr' id='par_1_62' title="bbox 497 4486 2084 4573">
     <span class='ocr_line' id='line_1_67' title="bbox 497 4486 2084 4573; baseline -0.009 -18"><span class='ocrx_word' id='word_1_414' title='bbox 497 4499 790 4573; x_wconf 82' lang='lat' dir='ltr'><strong>pertinere.</strong></span> <span class='ocrx_word' id='word_1_415' title='bbox 822 4495 889 4550; x_wconf 90' lang='lat' dir='ltr'><strong>Et</strong></span> <span class='ocrx_word' id='word_1_416' title='bbox 938 4494 1004 4549; x_wconf 90' lang='lat' dir='ltr'><strong>ad</strong></span> <span class='ocrx_word' id='word_1_417' title='bbox 1036 4499 1361 4564; x_wconf 85' lang='lat' dir='ltr'><strong>potestatem</strong></span> <span class='ocrx_word' id='word_1_418' title='bbox 1389 4490 1634 4560; x_wconf 85' lang='lat' dir='ltr'><strong>ejusdem</strong></span> <span class='ocrx_word' id='word_1_419' title='bbox 1685 4486 1949 4554; x_wconf 66' lang='lat' dir='ltr'><strong>ecclesiae,</strong></span> <span class='ocrx_word' id='word_1_420' title='bbox 1998 4499 2084 4541; x_wconf 55' lang='lat' dir='ltr'><strong>se.</strong></span> 
     </span>
    </p>
   </div>
   <div class='ocr_carea' id='block_1_63' title="bbox 2145 2002 3721 2087">
    <p class='ocr_par' dir='ltr' id='par_1_63' title="bbox 2145 2002 3721 2087">
     <span class='ocr_line' id='line_1_68' title="bbox 2145 2002 3721 2087; baseline -0.016 -8"><span class='ocrx_word' id='word_1_421' title='bbox 2145 2023 2387 2081; x_wconf 89' lang='lat' dir='ltr'><strong>ctissime</strong></span> <span class='ocrx_word' id='word_1_422' title='bbox 2439 2019 2623 2084; x_wconf 76' lang='lat' dir='ltr'><strong>frater,</strong></span> <span class='ocrx_word' id='word_1_423' title='bbox 2686 2015 2781 2087; x_wconf 91' lang='lat' dir='ltr'><strong>qui</strong></span> <span class='ocrx_word' id='word_1_424' title='bbox 2834 2013 3018 2069; x_wconf 87' lang='lat' dir='ltr'><strong>divina</strong></span> <span class='ocrx_word' id='word_1_425' title='bbox 3068 2007 3424 2079; x_wconf 88' lang='lat' dir='ltr'><strong>dispositione</strong></span> <span class='ocrx_word' id='word_1_426' title='bbox 3473 2002 3721 2073; x_wconf 79' lang='lat' dir='ltr'><strong>ejusdem</strong></span> 
     </span>
    </p>
   </div>
   <div class='ocr_carea' id='block_1_64' title="bbox 2147 2090 3725 2178">
    <p class='ocr_par' dir='ltr' id='par_1_64' title="bbox 2147 2090 3725 2178">
     <span class='ocr_line' id='line_1_69' title="bbox 2147 2090 3725 2178; baseline -0.014 -11"><span class='ocrx_word' id='word_1_427' title='bbox 2147 2110 2402 2167; x_wconf 62' lang='lat' dir='ltr'><strong>Ecclesiae</strong></span> <span class='ocrx_word' id='word_1_428' title='bbox 2423 2104 2672 2178; x_wconf 79' lang='lat' dir='ltr'><strong>regimini</strong></span> <span class='ocrx_word' id='word_1_429' title='bbox 2704 2118 2896 2176; x_wconf 73' lang='lat' dir='ltr'><strong>prices,</strong></span> <span class='ocrx_word' id='word_1_430' title='bbox 2940 2109 3034 2155; x_wconf 91' lang='lat' dir='ltr'><strong>tua</strong></span> <span class='ocrx_word' id='word_1_431' title='bbox 3056 2095 3366 2154; x_wconf 90' lang='lat' dir='ltr'><strong>veneranda</strong></span> <span class='ocrx_word' id='word_1_432' title='bbox 3393 2090 3725 2162; x_wconf 70' lang='lat' dir='ltr'><strong>religiosius</strong></span> 
     </span>
    </p>
   </div>
   <div class='ocr_carea' id='block_1_65' title="bbox 2148 2179 3727 2267">
    <p class='ocr_par' dir='ltr' id='par_1_65' title="bbox 2148 2179 3727 2267">
     <span class='ocr_line' id='line_1_70' title="bbox 2148 2179 3727 2267; baseline -0.015 -12"><span class='ocrx_word' id='word_1_433' title='bbox 2148 2199 2219 2255; x_wconf 90' lang='lat' dir='ltr'><strong>ab</strong></span> <span class='ocrx_word' id='word_1_434' title='bbox 2238 2195 2533 2267; x_wconf 89' lang='lat' dir='ltr'><strong>apostolica</strong></span> <span class='ocrx_word' id='word_1_435' title='bbox 2580 2192 2707 2251; x_wconf 88' lang='lat' dir='ltr'><strong>sede</strong></span> <span class='ocrx_word' id='word_1_436' title='bbox 2750 2189 3029 2246; x_wconf 89' lang='lat' dir='ltr'><strong>humiliter</strong></span> <span class='ocrx_word' id='word_1_437' title='bbox 3072 2183 3368 2257; x_wconf 87' lang='lat' dir='ltr'><strong>postulavit</strong></span> <span class='ocrx_word' id='word_1_438' title='bbox 3394 2188 3456 2241; x_wconf 83' lang='lat' dir='ltr'><strong>ut</strong></span> <span class='ocrx_word' id='word_1_439' title='bbox 3496 2179 3727 2249; x_wconf 80' lang='lat' dir='ltr'><strong>antiqua</strong></span> 
     </span>
    </p>
   </div>
   <div class='ocr_carea' id='block_1_66' title="bbox 2149 2271 3731 2360">
    <p class='ocr_par' dir='ltr' id='par_1_66' title="bbox 2149 2271 3731 2360">
     <span class='ocr_line' id='line_1_71' title="bbox 2149 2271 3731 2360; baseline -0.014 -15"><span class='ocrx_word' id='word_1_440' title='bbox 2149 2286 2426 2360; x_wconf 81' lang='lat' dir='ltr'><strong>privilegia</strong></span> <span class='ocrx_word' id='word_1_441' title='bbox 2469 2301 2502 2343; x_wconf 92' lang='lat' dir='ltr'><strong>a</strong></span> <span class='ocrx_word' id='word_1_442' title='bbox 2544 2283 2752 2340; x_wconf 87' lang='lat' dir='ltr'><strong>sanctis</strong></span> <span class='ocrx_word' id='word_1_443' title='bbox 2792 2276 3284 2352; x_wconf 67' lang='lat' dir='ltr'><strong>pmleccssoribus</strong></span> <span class='ocrx_word' id='word_1_444' title='bbox 3326 2271 3530 2328; x_wconf 88' lang='lat' dir='ltr'><strong>nostris</strong></span> <span class='ocrx_word' id='word_1_445' title='bbox 3553 2283 3731 2326; x_wconf 68' lang='lat' dir='ltr'><strong>saera:</strong></span> 
     </span>
    </p>
   </div>
   <div class='ocr_carea' id='block_1_67' title="bbox 2152 2357 3731 2434">
    <p class='ocr_par' dir='ltr' id='par_1_67' title="bbox 2152 2357 3731 2434">
     <span class='ocr_line' id='line_1_72' title="bbox 2152 2357 3731 2434; baseline -0.015 -1"><span class='ocrx_word' id='word_1_446' title='bbox 2152 2357 2266 2434; x_wconf 77' lang='lat' dir='ltr'><strong>sedi</strong></span> <span class='ocrx_word' id='word_1_447' title='bbox 2297 2357 2519 2430; x_wconf 68' lang='lat' dir='ltr'><strong>Vienna:</strong></span> <span class='ocrx_word' id='word_1_448' title='bbox 2560 2370 2756 2427; x_wconf 90' lang='lat' dir='ltr'><strong>tradita</strong></span> <span class='ocrx_word' id='word_1_449' title='bbox 2782 2367 3274 2429; x_wconf 88' lang='lat' dir='ltr'><strong>eonﬁrmaremus;</strong></span> <span class='ocrx_word' id='word_1_450' title='bbox 3326 2357 3588 2431; x_wconf 79' lang='lat' dir='ltr'><strong>quoniam</strong></span> <span class='ocrx_word' id='word_1_451' title='bbox 3639 2370 3731 2412; x_wconf 86' lang='lat' dir='ltr'><strong>res</strong></span> 
     </span>
    </p>
   </div>
   <div class='ocr_carea' id='block_1_68' title="bbox 2151 2446 3735 2539">
    <p class='ocr_par' dir='ltr' id='par_1_68' title="bbox 2151 2446 3735 2539">
     <span class='ocr_line' id='line_1_73' title="bbox 2151 2446 3735 2539; baseline -0.015 -14"><span class='ocrx_word' id='word_1_452' title='bbox 2151 2468 2314 2539; x_wconf 82' lang='lat' dir='ltr'><strong>digna</strong></span> <span class='ocrx_word' id='word_1_453' title='bbox 2346 2464 2648 2536; x_wconf 89' lang='lat' dir='ltr'><strong>petebatur,</strong></span> <span class='ocrx_word' id='word_1_454' title='bbox 2673 2462 2753 2519; x_wconf 84' lang='lat' dir='ltr'><strong>tui</strong></span> <span class='ocrx_word' id='word_1_455' title='bbox 2783 2457 3071 2516; x_wconf 88' lang='lat' dir='ltr'><strong>dilectione</strong></span> <span class='ocrx_word' id='word_1_456' title='bbox 3104 2469 3230 2511; x_wconf 90' lang='lat' dir='ltr'><strong>cum</strong></span> <span class='ocrx_word' id='word_1_457' title='bbox 3262 2450 3523 2539; x_wconf 81' lang='lat' dir='ltr'><strong>ejusdem</strong></span> <span class='ocrx_word' id='word_1_458' title='bbox 3540 2446 3735 2539; x_wconf 82' lang='lat' dir='ltr'><strong>Eccle-</strong></span> 
     </span>
    </p>
   </div>
   <div class='ocr_carea' id='block_1_69' title="bbox 2154 2536 3734 2616">
    <p class='ocr_par' dir='ltr' id='par_1_69' title="bbox 2154 2536 3734 2616">
     <span class='ocr_line' id='line_1_74' title="bbox 2154 2536 3734 2616; baseline -0.015 -1"><span class='ocrx_word' id='word_1_459' title='bbox 2154 2536 2250 2616; x_wconf 67' lang='lat' dir='ltr'><strong>siae</strong></span> <span class='ocrx_word' id='word_1_460' title='bbox 2287 2557 2465 2613; x_wconf 88' lang='lat' dir='ltr'><strong>debita</strong></span> <span class='ocrx_word' id='word_1_461' title='bbox 2518 2540 2783 2614; x_wconf 82' lang='lat' dir='ltr'><strong>charitate</strong></span> <span class='ocrx_word' id='word_1_462' title='bbox 2815 2550 3047 2604; x_wconf 85' lang='lat' dir='ltr'><strong>libenter</strong></span> <span class='ocrx_word' id='word_1_463' title='bbox 3087 2543 3402 2606; x_wconf 82' lang='lat' dir='ltr'><strong>annuimus.</strong></span> <span class='ocrx_word' id='word_1_464' title='bbox 3438 2536 3734 2608; x_wconf 72' lang='lat' dir='ltr'><strong>Privilegia</strong></span> 
     </span>
    </p>
   </div>
   <div class='ocr_carea' id='block_1_70' title="bbox 2155 2634 3734 2721">
    <p class='ocr_par' dir='ltr' id='par_1_70' title="bbox 2155 2634 3734 2721">
     <span class='ocr_line' id='line_1_75' title="bbox 2155 2634 3734 2721; baseline -0.009 -16"><span class='ocrx_word' id='word_1_465' title='bbox 2155 2650 2322 2721; x_wconf 77' lang='lat' dir='ltr'><strong>igitur</strong></span> <span class='ocrx_word' id='word_1_466' title='bbox 2348 2655 2404 2703; x_wconf 89' lang='lat' dir='ltr'><strong>et</strong></span> <span class='ocrx_word' id='word_1_467' title='bbox 2449 2643 2671 2716; x_wconf 71' lang='lat' dir='ltr'><strong>priedia,</strong></span> <span class='ocrx_word' id='word_1_468' title='bbox 2698 2641 2784 2697; x_wconf 87' lang='lat' dir='ltr'><strong>vel</strong></span> <span class='ocrx_word' id='word_1_469' title='bbox 2821 2640 2965 2696; x_wconf 88' lang='lat' dir='ltr'><strong>bona</strong></span> <span class='ocrx_word' id='word_1_470' title='bbox 3014 2652 3137 2707; x_wconf 73' lang='lat' dir='ltr'><strong>qua:</strong></span> <span class='ocrx_word' id='word_1_471' title='bbox 3164 2650 3197 2690; x_wconf 89' lang='lat' dir='ltr'><strong>a</strong></span> <span class='ocrx_word' id='word_1_472' title='bbox 3235 2634 3402 2690; x_wconf 88' lang='lat' dir='ltr'><strong>beato</strong></span> <span class='ocrx_word' id='word_1_473' title='bbox 3441 2634 3734 2700; x_wconf 82' lang='lat' dir='ltr'><strong>Silvestre,</strong></span> 
     </span>
    </p>
   </div>
   <div class='ocr_carea' id='block_1_71' title="bbox 2156 2723 3738 2805">
    <p class='ocr_par' dir='ltr' id='par_1_71' title="bbox 2156 2723 3738 2805">
     <span class='ocr_line' id='line_1_76' title="bbox 2156 2723 3738 2805; baseline -0.009 -9"><span class='ocrx_word' id='word_1_474' title='bbox 2156 2741 2335 2796; x_wconf 88' lang='lat' dir='ltr'><strong>Leone</strong></span> <span class='ocrx_word' id='word_1_475' title='bbox 2367 2734 2685 2805; x_wconf 74' lang='lat' dir='ltr'><strong>etNicolao,</strong></span> <span class='ocrx_word' id='word_1_476' title='bbox 2715 2739 2772 2788; x_wconf 91' lang='lat' dir='ltr'><strong>et</strong></span> <span class='ocrx_word' id='word_1_477' title='bbox 2798 2730 2868 2785; x_wconf 88' lang='lat' dir='ltr'><strong>ab</strong></span> <span class='ocrx_word' id='word_1_478' title='bbox 2891 2742 3084 2784; x_wconf 88' lang='lat' dir='ltr'><strong>eorum</strong></span> <span class='ocrx_word' id='word_1_479' title='bbox 3118 2723 3550 2788; x_wconf 83' lang='lat' dir='ltr'><strong>successoribus,</strong></span> <span class='ocrx_word' id='word_1_480' title='bbox 3585 2724 3677 2778; x_wconf 80' lang='lat' dir='ltr'><strong>vel</strong></span> <span class='ocrx_word' id='word_1_481' title='bbox 3704 2739 3738 2781; x_wconf 85' lang='lat' dir='ltr'><strong>a</strong></span> 
     </span>
    </p>
   </div>
   <div class='ocr_carea' id='block_1_72' title="bbox 2157 2810 3743 2889">
    <p class='ocr_par' dir='ltr' id='par_1_72' title="bbox 2157 2810 3743 2889">
     <span class='ocr_line' id='line_1_77' title="bbox 2157 2810 3743 2889; baseline -0.013 -6"><span class='ocrx_word' id='word_1_482' title='bbox 2157 2828 2529 2883; x_wconf 86' lang='lat' dir='ltr'><strong>Romanorum</strong></span> <span class='ocrx_word' id='word_1_483' title='bbox 2592 2816 3035 2889; x_wconf 88' lang='lat' dir='ltr'><strong>imperatoribus,</strong></span> <span class='ocrx_word' id='word_1_484' title='bbox 3098 2829 3194 2870; x_wconf 87' lang='lat' dir='ltr'><strong>seu</strong></span> <span class='ocrx_word' id='word_1_485' title='bbox 3253 2810 3594 2866; x_wconf 84' lang='lat' dir='ltr'><strong>Francorum</strong></span> <span class='ocrx_word' id='word_1_486' title='bbox 3650 2810 3743 2866; x_wconf 82' lang='lat' dir='ltr'><strong>vel</strong></span> 
     </span>
    </p>
   </div>
   <div class='ocr_carea' id='block_1_73' title="bbox 2158 2900 3745 2989">
    <p class='ocr_par' dir='ltr' id='par_1_73' title="bbox 2158 2900 3745 2989">
     <span class='ocr_line' id='line_1_78' title="bbox 2158 2900 3745 2989; baseline -0.013 -15"><span class='ocrx_word' id='word_1_487' title='bbox 2158 2914 2484 2989; x_wconf 75' lang='lat' dir='ltr'><strong>Burgundia:</strong></span> <span class='ocrx_word' id='word_1_488' title='bbox 2533 2911 2774 2983; x_wconf 76' lang='lat' dir='ltr'><strong>regibus,</strong></span> <span class='ocrx_word' id='word_1_489' title='bbox 2825 2904 3081 2963; x_wconf 67' lang='lat' dir='ltr'><strong>Ecclesia:</strong></span> <span class='ocrx_word' id='word_1_490' title='bbox 3133 2912 3240 2959; x_wconf 73' lang='lat' dir='ltr'><strong>tuae</strong></span> <span class='ocrx_word' id='word_1_491' title='bbox 3290 2910 3420 2959; x_wconf 92' lang='lat' dir='ltr'><strong>sunt</strong></span> <span class='ocrx_word' id='word_1_492' title='bbox 3473 2901 3602 2956; x_wconf 80' lang='lat' dir='ltr'><strong>data</strong></span> <span class='ocrx_word' id='word_1_493' title='bbox 3651 2900 3745 2955; x_wconf 84' lang='lat' dir='ltr'><strong>vel</strong></span> 
     </span>
    </p>
   </div>
   <div class='ocr_carea' id='block_1_74' title="bbox 2161 2991 3745 3073">
    <p class='ocr_par' dir='ltr' id='par_1_74' title="bbox 2161 2991 3745 3073">
     <span class='ocr_line' id='line_1_79' title="bbox 2161 2991 3745 3073; baseline -0.017 -8"><span class='ocrx_word' id='word_1_494' title='bbox 2161 3008 2395 3073; x_wconf 88' lang='lat' dir='ltr'><strong>reddita,</strong></span> <span class='ocrx_word' id='word_1_495' title='bbox 2417 3004 2808 3067; x_wconf 85' lang='lat' dir='ltr'><strong>conﬁrmamus</strong></span> <span class='ocrx_word' id='word_1_496' title='bbox 2840 3005 2896 3053; x_wconf 91' lang='lat' dir='ltr'><strong>et</strong></span> <span class='ocrx_word' id='word_1_497' title='bbox 2918 2993 3214 3066; x_wconf 86' lang='lat' dir='ltr'><strong>apostolica</strong></span> <span class='ocrx_word' id='word_1_498' title='bbox 3244 2991 3569 3073; x_wconf 74' lang='lat' dir='ltr'><strong>auctoritate</strong></span> <span class='ocrx_word' id='word_1_499' title='bbox 3594 3004 3745 3059; x_wconf 63' lang='lat' dir='ltr'><strong>prm-</strong></span> 
     </span>
    </p>
   </div>
   <div class='ocr_carea' id='block_1_75' title="bbox 2161 3064 3747 3165">
    <p class='ocr_par' dir='ltr' id='par_1_75' title="bbox 2161 3064 3747 3165">
     <span class='ocr_line' id='line_1_80' title="bbox 2161 3064 3747 3165; baseline -0.011 -12"><span class='ocrx_word' id='word_1_500' title='bbox 2161 3064 2302 3155; x_wconf 87' lang='lat' dir='ltr'><strong>senti</strong></span> <span class='ocrx_word' id='word_1_501' title='bbox 2348 3064 2627 3165; x_wconf 71' lang='lat' dir='ltr'><strong>privilegio</strong></span> <span class='ocrx_word' id='word_1_502' title='bbox 2676 3064 3142 3151; x_wconf 76' lang='lat' dir='ltr'><strong>corroboramus;</strong></span> <span class='ocrx_word' id='word_1_503' title='bbox 3197 3097 3267 3139; x_wconf 79' lang='lat' dir='ltr'><strong>ex</strong></span> <span class='ocrx_word' id='word_1_504' title='bbox 3317 3064 3582 3152; x_wconf 73' lang='lat' dir='ltr'><strong>parteqire</strong></span> <span class='ocrx_word' id='word_1_505' title='bbox 3642 3078 3747 3155; x_wconf 49' lang='lat' dir='ltr'><strong>Dei</strong></span> 
     </span>
    </p>
   </div>
   <div class='ocr_carea' id='block_1_76' title="bbox 2162 3169 3748 3256">
    <p class='ocr_par' dir='ltr' id='par_1_76' title="bbox 2162 3169 3748 3256">
     <span class='ocr_line' id='line_1_81' title="bbox 2162 3169 3748 3256; baseline -0.013 -11"><span class='ocrx_word' id='word_1_506' title='bbox 2162 3182 2550 3256; x_wconf 89' lang='lat' dir='ltr'><strong>omnipotentis</strong></span> <span class='ocrx_word' id='word_1_507' title='bbox 2595 3188 2651 3237; x_wconf 92' lang='lat' dir='ltr'><strong>et</strong></span> <span class='ocrx_word' id='word_1_508' title='bbox 2680 3178 2827 3235; x_wconf 87' lang='lat' dir='ltr'><strong>beati</strong></span> <span class='ocrx_word' id='word_1_509' title='bbox 2873 3176 3019 3232; x_wconf 85' lang='lat' dir='ltr'><strong>Petri</strong></span> <span class='ocrx_word' id='word_1_510' title='bbox 3067 3173 3442 3245; x_wconf 88' lang='lat' dir='ltr'><strong>apostolorum</strong></span> <span class='ocrx_word' id='word_1_511' title='bbox 3477 3169 3748 3242; x_wconf 73' lang='lat' dir='ltr'><strong>principi-</strong></span> 
     </span>
    </p>
   </div>
   <div class='ocr_carea' id='block_1_77' title="bbox 2164 3257 3752 3348">
    <p class='ocr_par' dir='ltr' id='par_1_77' title="bbox 2164 3257 3752 3348">
     <span class='ocr_line' id='line_1_82' title="bbox 2164 3257 3752 3348; baseline -0.01 -17"><span class='ocrx_word' id='word_1_512' title='bbox 2164 3275 2508 3348; x_wconf 66' lang='lat' dir='ltr'><strong>praecipimus</strong></span> <span class='ocrx_word' id='word_1_513' title='bbox 2536 3276 2598 3325; x_wconf 89' lang='lat' dir='ltr'><strong>ut</strong></span> <span class='ocrx_word' id='word_1_514' title='bbox 2622 3267 2823 3323; x_wconf 79' lang='lat' dir='ltr'><strong>futuris</strong></span> <span class='ocrx_word' id='word_1_515' title='bbox 2861 3262 3197 3334; x_wconf 85' lang='lat' dir='ltr'><strong>temporibus</strong></span> <span class='ocrx_word' id='word_1_516' title='bbox 3223 3260 3477 3348; x_wconf 83' lang='lat' dir='ltr'><strong>deinceps</strong></span> <span class='ocrx_word' id='word_1_517' title='bbox 3506 3257 3670 3315; x_wconf 75' lang='lat' dir='ltr'><strong>ﬁrma</strong></span> <span class='ocrx_word' id='word_1_518' title='bbox 3693 3263 3752 3315; x_wconf 77' lang='lat' dir='ltr'><strong>et</strong></span> 
     </span>
    </p>
   </div>
   <div class='ocr_carea' id='block_1_78' title="bbox 2163 3347 3751 3431">
    <p class='ocr_par' dir='ltr' id='par_1_78' title="bbox 2163 3347 3751 3431">
     <span class='ocr_line' id='line_1_83' title="bbox 2163 3347 3751 3431; baseline -0.015 -10"><span class='ocrx_word' id='word_1_519' title='bbox 2163 3347 2485 3422; x_wconf 84' lang='lat' dir='ltr'><strong>inconvulsa</strong></span> <span class='ocrx_word' id='word_1_520' title='bbox 2526 3363 2885 3431; x_wconf 86' lang='lat' dir='ltr'><strong>permaneant</strong></span> <span class='ocrx_word' id='word_1_521' title='bbox 2941 3362 2997 3409; x_wconf 90' lang='lat' dir='ltr'><strong>et</strong></span> <span class='ocrx_word' id='word_1_522' title='bbox 3040 3347 3560 3407; x_wconf 85' lang='lat' dir='ltr'><strong>incommutabiliter</strong></span> <span class='ocrx_word' id='word_1_523' title='bbox 3607 3361 3751 3408; x_wconf 47' lang='lat' dir='ltr'><strong>eone.</strong></span> 
     </span>
    </p>
   </div>
   <div class='ocr_carea' id='block_1_79' title="bbox 2166 3436 3755 3522">
    <p class='ocr_par' dir='ltr' id='par_1_79' title="bbox 2166 3436 3755 3522">
     <span class='ocr_line' id='line_1_84' title="bbox 2166 3436 3755 3522; baseline -0.015 -9"><span class='ocrx_word' id='word_1_524' title='bbox 2166 3459 2380 3513; x_wconf 84' lang='lat' dir='ltr'><strong>sistant.</strong></span> <span class='ocrx_word' id='word_1_525' title='bbox 2426 3452 2486 3508; x_wconf 89' lang='lat' dir='ltr'><strong>Si</strong></span> <span class='ocrx_word' id='word_1_526' title='bbox 2528 3450 2654 3522; x_wconf 86' lang='lat' dir='ltr'><strong>quis</strong></span> <span class='ocrx_word' id='word_1_527' title='bbox 2678 3452 2859 3505; x_wconf 89' lang='lat' dir='ltr'><strong>autem</strong></span> <span class='ocrx_word' id='word_1_528' title='bbox 2892 3443 3057 3515; x_wconf 85' lang='lat' dir='ltr'><strong>hujus</strong></span> <span class='ocrx_word' id='word_1_529' title='bbox 3100 3439 3366 3513; x_wconf 73' lang='lat' dir='ltr'><strong>privilegii</strong></span> <span class='ocrx_word' id='word_1_530' title='bbox 3396 3436 3572 3497; x_wconf 87' lang='lat' dir='ltr'><strong>nostri</strong></span> <span class='ocrx_word' id='word_1_531' title='bbox 3619 3450 3755 3491; x_wconf 65' lang='grc' dir='ltr'><strong>ειυς</strong></span> 
     </span>
    </p>
   </div>
   <div class='ocr_carea' id='block_1_80' title="bbox 2167 3523 3758 3606">
    <p class='ocr_par' dir='ltr' id='par_1_80' title="bbox 2167 3523 3758 3606">
     <span class='ocr_line' id='line_1_85' title="bbox 2167 3523 3758 3606; baseline -0.016 -2"><span class='ocrx_word' id='word_1_532' title='bbox 2167 3548 2402 3605; x_wconf 86' lang='lat' dir='ltr'><strong>ctionem</strong></span> <span class='ocrx_word' id='word_1_533' title='bbox 2435 3540 2737 3604; x_wconf 88' lang='lat' dir='ltr'><strong>violaverit,</strong></span> <span class='ocrx_word' id='word_1_534' title='bbox 2773 3536 2877 3593; x_wconf 88' lang='lat' dir='ltr'><strong>nisi</strong></span> <span class='ocrx_word' id='word_1_535' title='bbox 2912 3531 3204 3606; x_wconf 88' lang='lat' dir='ltr'><strong>resipuerit</strong></span> <span class='ocrx_word' id='word_1_536' title='bbox 3249 3538 3305 3584; x_wconf 89' lang='lat' dir='ltr'><strong>et</strong></span> <span class='ocrx_word' id='word_1_537' title='bbox 3343 3527 3507 3599; x_wconf 76' lang='lat' dir='ltr'><strong>digna</strong></span> <span class='ocrx_word' id='word_1_538' title='bbox 3529 3523 3758 3581; x_wconf 74' lang='lat' dir='ltr'><strong>satisfa-</strong></span> 
     </span>
    </p>
   </div>
   <div class='ocr_carea' id='block_1_81' title="bbox 2169 3615 3760 3699">
    <p class='ocr_par' dir='ltr' id='par_1_81' title="bbox 2169 3615 3760 3699">
     <span class='ocr_line' id='line_1_86' title="bbox 2169 3615 3760 3699; baseline -0.018 -1"><span class='ocrx_word' id='word_1_539' title='bbox 2169 3641 2348 3699; x_wconf 82' lang='lat' dir='ltr'><strong>ctione</strong></span> <span class='ocrx_word' id='word_1_540' title='bbox 2370 3631 2760 3698; x_wconf 88' lang='lat' dir='ltr'><strong>emendaverit,</strong></span> <span class='ocrx_word' id='word_1_541' title='bbox 2778 3628 2850 3685; x_wconf 88' lang='lat' dir='ltr'><strong>sit</strong></span> <span class='ocrx_word' id='word_1_542' title='bbox 2871 3624 3103 3682; x_wconf 81' lang='lat' dir='ltr'><strong>extorris</strong></span> <span class='ocrx_word' id='word_1_543' title='bbox 3136 3637 3168 3679; x_wconf 89' lang='lat' dir='ltr'><strong>a</strong></span> <span class='ocrx_word' id='word_1_544' title='bbox 3193 3634 3361 3693; x_wconf 72' lang='lat' dir='ltr'><strong>regno</strong></span> <span class='ocrx_word' id='word_1_545' title='bbox 3376 3618 3496 3685; x_wconf 89' lang='lat' dir='ltr'><strong>Dei,</strong></span> <span class='ocrx_word' id='word_1_546' title='bbox 3509 3625 3566 3673; x_wconf 89' lang='lat' dir='ltr'><strong>et</strong></span> <span class='ocrx_word' id='word_1_547' title='bbox 3586 3615 3760 3687; x_wconf 76' lang='lat' dir='ltr'><strong>digne</strong></span> 
     </span>
    </p>
   </div>
   <div class='ocr_carea' id='block_1_82' title="bbox 2169 3705 3760 3787">
    <p class='ocr_par' dir='ltr' id='par_1_82' title="bbox 2169 3705 3760 3787">
     <span class='ocr_line' id='line_1_87' title="bbox 2169 3705 3760 3787; baseline -0.017 0"><span class='ocrx_word' id='word_1_548' title='bbox 2169 3723 2729 3787; x_wconf 74' lang='lat' dir='ltr'><strong>excommunicatione</strong></span> <span class='ocrx_word' id='word_1_549' title='bbox 2781 3712 3073 3776; x_wconf 84' lang='lat' dir='ltr'><strong>damnatus</strong></span> <span class='ocrx_word' id='word_1_550' title='bbox 3105 3714 3175 3770; x_wconf 81' lang='lat' dir='ltr'><strong>ab</strong></span> <span class='ocrx_word' id='word_1_551' title='bbox 3217 3708 3461 3767; x_wconf 86' lang='lat' dir='ltr'><strong>Ecclesia</strong></span> <span class='ocrx_word' id='word_1_552' title='bbox 3505 3706 3603 3763; x_wconf 89' lang='lat' dir='ltr'><strong>Dei</strong></span> <span class='ocrx_word' id='word_1_553' title='bbox 3635 3705 3760 3761; x_wconf 82' lang='lat' dir='ltr'><strong>em-</strong></span> 
     </span>
    </p>
   </div>
   <div class='ocr_carea' id='block_1_83' title="bbox 2172 3796 3761 3881">
    <p class='ocr_par' dir='ltr' id='par_1_83' title="bbox 2172 3796 3761 3881">
     <span class='ocr_line' id='line_1_88' title="bbox 2172 3796 3761 3881; baseline -0.016 -5"><span class='ocrx_word' id='word_1_554' title='bbox 2172 3821 2348 3877; x_wconf 86' lang='lat' dir='ltr'><strong>ciatur</strong></span> <span class='ocrx_word' id='word_1_555' title='bbox 2398 3824 2712 3880; x_wconf 79' lang='lat' dir='ltr'><strong>extraneus,</strong></span> <span class='ocrx_word' id='word_1_556' title='bbox 2755 3815 3137 3881; x_wconf 71' lang='lat' dir='ltr'><strong>perpetuaeque</strong></span> <span class='ocrx_word' id='word_1_557' title='bbox 3193 3802 3472 3874; x_wconf 77' lang='lat' dir='ltr'><strong>subiaceat</strong></span> <span class='ocrx_word' id='word_1_558' title='bbox 3522 3796 3761 3854; x_wconf 85' lang='lat' dir='ltr'><strong>maledi-</strong></span> 
     </span>
    </p>
   </div>
   <div class='ocr_carea' id='block_1_84' title="bbox 2173 3909 2361 3967">
    <p class='ocr_par' dir='ltr' id='par_1_84' title="bbox 2173 3909 2361 3967">
     <span class='ocr_line' id='line_1_89' title="bbox 2173 3909 2361 3967; baseline -0.032 0"><span class='ocrx_word' id='word_1_559' title='bbox 2173 3909 2361 3967; x_wconf 86' lang='lat' dir='ltr'><strong>ctioni.</strong></span> 
     </span>
    </p>
   </div>
   <div class='ocr_carea' id='block_1_85' title="bbox 2244 3975 3762 4065">
    <p class='ocr_par' dir='ltr' id='par_1_85' title="bbox 2244 3975 3762 4065">
     <span class='ocr_line' id='line_1_90' title="bbox 2244 3975 3762 4065; baseline -0.015 -13"><span class='ocrx_word' id='word_1_560' title='bbox 2244 3997 2379 4051; x_wconf 85' lang='lat' dir='ltr'><strong>Data</strong></span> <span class='ocrx_word' id='word_1_561' title='bbox 2400 4010 2497 4065; x_wconf 88' lang='lat' dir='ltr'><strong>per</strong></span> <span class='ocrx_word' id='word_1_562' title='bbox 2527 4004 2751 4048; x_wconf 90' lang='lat' dir='ltr'><strong>manum</strong></span> <span class='ocrx_word' id='word_1_563' title='bbox 2777 3986 2923 4043; x_wconf 83' lang='lat' dir='ltr'><strong>Petri</strong></span> <span class='ocrx_word' id='word_1_564' title='bbox 2938 3983 3271 4049; x_wconf 86' lang='lat' dir='ltr'><strong>caneellarii,</strong></span> <span class='ocrx_word' id='word_1_565' title='bbox 3285 3998 3324 4036; x_wconf 78' lang='grc' dir='ltr'>ιι</span> <span class='ocrx_word' id='word_1_566' title='bbox 3345 3978 3531 4037; x_wconf 80' lang='lat' dir='ltr'><strong>Nonas</strong></span> <span class='ocrx_word' id='word_1_567' title='bbox 3551 3975 3762 4041; x_wconf 75' lang='lat' dir='ltr'><strong>Martii,</strong></span> 
     </span>
    </p>
   </div>
   <div class='ocr_carea' id='block_1_86' title="bbox 2177 4070 3764 4141">
    <p class='ocr_par' dir='ltr' id='par_1_86' title="bbox 2177 4070 3764 4141">
     <span class='ocr_line' id='line_1_91' title="bbox 2177 4070 3764 4141; baseline -0.014 0"><span class='ocrx_word' id='word_1_568' title='bbox 2177 4100 2321 4141; x_wconf 91' lang='lat' dir='ltr'><strong>anno</strong></span> <span class='ocrx_word' id='word_1_569' title='bbox 2344 4080 2556 4137; x_wconf 89' lang='lat' dir='ltr'><strong>Domini</strong></span> <span class='ocrx_word' id='word_1_570' title='bbox 2577 4076 2976 4134; x_wconf 88' lang='lat' dir='ltr'><strong>lucarnationis</strong></span> <span class='ocrx_word' id='word_1_571' title='bbox 2997 4074 3157 4139; x_wconf 70' lang='lat'><strong>{077,</strong></span> <span class='ocrx_word' id='word_1_572' title='bbox 3182 4070 3478 4126; x_wconf 86' lang='lat' dir='ltr'><strong>indictione</strong></span> <span class='ocrx_word' id='word_1_573' title='bbox 3497 4081 3590 4132; x_wconf 76' lang='lat' dir='ltr'><strong>xv,</strong></span> <span class='ocrx_word' id='word_1_574' title='bbox 3611 4078 3764 4120; x_wconf 85' lang='lat' dir='ltr'><strong>anno</strong></span> 
     </span>
    </p>
   </div>
   <div class='ocr_carea' id='block_1_87' title="bbox 2178 4157 3363 4248">
    <p class='ocr_par' dir='ltr' id='par_1_87' title="bbox 2178 4157 3363 4248">
     <span class='ocr_line' id='line_1_92' title="bbox 2178 4157 3363 4248; baseline -0.015 -19"><span class='ocrx_word' id='word_1_575' title='bbox 2178 4175 2524 4248; x_wconf 88' lang='lat' dir='ltr'><strong>pontiﬁcatus</strong></span> <span class='ocrx_word' id='word_1_576' title='bbox 2544 4167 2729 4225; x_wconf 85' lang='lat' dir='ltr'><strong>domui</strong></span> <span class='ocrx_word' id='word_1_577' title='bbox 2749 4162 2995 4236; x_wconf 76' lang='lat' dir='ltr'><strong>Gregorii</strong></span> <span class='ocrx_word' id='word_1_578' title='bbox 3029 4159 3122 4215; x_wconf 81' lang='lat' dir='ltr'><strong>VII</strong></span> <span class='ocrx_word' id='word_1_579' title='bbox 3150 4157 3255 4214; x_wconf 87' lang='lat' dir='ltr'><strong>PP.</strong></span> <span class='ocrx_word' id='word_1_580' title='bbox 3286 4172 3363 4212; x_wconf 85' lang='lat' dir='ltr'><strong>lv.</strong></span> 
     </span>
    </p>
   </div>
   <div class='ocr_carea' id='block_1_88' title="bbox 2824 4268 3555 4333">
    <p class='ocr_par' dir='ltr' id='par_1_88' title="bbox 2824 4268 3555 4333">
     <span class='ocr_line' id='line_1_93' title="bbox 2824 4268 3555 4333; baseline -0.022 0"><span class='ocrx_word' id='word_1_581' title='bbox 2824 4268 3109 4333; x_wconf 75' lang='lat' dir='ltr'><strong>LXXXIII.</strong></span> <span class='ocrx_word' id='word_1_582' title='bbox 3547 4286 3555 4295; x_wconf 75' lang='grc' dir='ltr'><strong>ο</strong></span> 
     </span>
    </p>
   </div>
   <div class='ocr_carea' id='block_1_89' title="bbox 2184 4350 3770 4442">
    <p class='ocr_par' dir='ltr' id='par_1_89' title="bbox 2184 4350 3770 4442">
     <span class='ocr_line' id='line_1_94' title="bbox 2184 4350 3770 4442; baseline -0.015 -13"><span class='ocrx_word' id='word_1_583' title='bbox 2184 4371 2426 4442; x_wconf 69' lang='lat' dir='ltr'><strong>Epistula</strong></span> <span class='ocrx_word' id='word_1_584' title='bbox 2458 4366 2696 4442; x_wconf 63' lang='lat' dir='ltr'><strong>gregarii</strong></span> <span class='ocrx_word' id='word_1_585' title='bbox 2730 4359 3173 4442; x_wconf 42' lang='lat' dir='ltr'><strong>“had-flerunt</strong></span> <span class='ocrx_word' id='word_1_586' title='bbox 3204 4364 3257 4442; x_wconf 64' lang='lat' dir='ltr'><strong>et</strong></span> <span class='ocrx_word' id='word_1_587' title='bbox 3305 4350 3770 4442; x_wconf 25' lang='lat' dir='ltr'><strong>rapuistis-Vien-</strong></span> 
     </span>
    </p>
   </div>
   <div class='ocr_carea' id='block_1_90' title="bbox 2253 4422 3771 4495">
    <p class='ocr_par' dir='ltr' id='par_1_90' title="bbox 2253 4422 3771 4495">
     <span class='ocr_line' id='line_1_95' title="bbox 2253 4422 3771 4495; baseline -0.014 0"><span class='ocrx_word' id='word_1_588' title='bbox 2253 4422 2428 4495; x_wconf 47' lang='lat' dir='ltr'><strong>tibi;</strong></span> <span class='ocrx_word' id='word_1_589' title='bbox 2454 4422 2726 4494; x_wconf 57' lang='lat' dir='ltr'><strong>Ecclesia.</strong></span> <span class='ocrx_word' id='word_1_590' title='bbox 2748 4431 2908 4487; x_wconf 82' lang='lat' dir='ltr'><strong>—-De</strong></span> <span class='ocrx_word' id='word_1_591' title='bbox 2933 4426 3249 4485; x_wconf 71' lang='lat' dir='ltr'><strong>Wamumdi</strong></span> <span class='ocrx_word' id='word_1_592' title='bbox 3270 4422 3522 4482; x_wconf 68' lang='lat' dir='ltr'><strong>electione</strong></span> <span class='ocrx_word' id='word_1_593' title='bbox 3551 4422 3608 4475; x_wconf 75' lang='lat' dir='ltr'><strong>in</strong></span> <span class='ocrx_word' id='word_1_594' title='bbox 3627 4422 3771 4491; x_wconf 78' lang='lat' dir='ltr'><strong>ipso-</strong></span> 
     </span>
    </p>
   </div>
   <div class='ocr_carea' id='block_1_91' title="bbox 2257 4495 3772 4575">
    <p class='ocr_par' dir='ltr' id='par_1_91' title="bbox 2257 4495 3772 4575">
     <span class='ocr_line' id='line_1_96' title="bbox 2257 4495 3772 4575; baseline -0.016 -10"><span class='ocrx_word' id='word_1_595' title='bbox 2257 4526 2376 4565; x_wconf 85' lang='lat' dir='ltr'><strong>rum</strong></span> <span class='ocrx_word' id='word_1_596' title='bbox 2423 4506 2870 4575; x_wconf 73' lang='lat' dir='ltr'><strong>archiepiscopum</strong></span> <span class='ocrx_word' id='word_1_597' title='bbox 2920 4495 3255 4575; x_wconf 61' lang='grc' dir='ltr'><strong>ειυίιειιζςιιιιιι2</strong></span> <span class='ocrx_word' id='word_1_598' title='bbox 3308 4496 3655 4575; x_wconf 56' lang='lat' dir='ltr'><strong>hortaturque</strong></span> <span class='ocrx_word' id='word_1_599' title='bbox 3712 4498 3772 4542; x_wconf 79' lang='lat' dir='ltr'><strong>ut</strong></span> 
     </span>
    </p>
   </div>
   <div class='ocr_carea' id='block_1_92' title="bbox 500 4559 3768 4660">
    <p class='ocr_par' dir='ltr' id='par_1_92' title="bbox 500 4559 3768 4660">
     <span class='ocr_line' id='line_1_97' title="bbox 500 4559 3768 4660; baseline -0.012 -10"><span class='ocrx_word' id='word_1_600' title='bbox 500 4594 741 4652; x_wconf 85' lang='lat' dir='ltr'><strong>cundum</strong></span> <span class='ocrx_word' id='word_1_601' title='bbox 783 4591 1063 4660; x_wconf 89' lang='lat' dir='ltr'><strong>antiquam</strong></span> <span class='ocrx_word' id='word_1_602' title='bbox 1106 4559 1486 4641; x_wconf 85' lang='lat' dir='ltr'><strong>auctoritatem</strong></span> <span class='ocrx_word' id='word_1_603' title='bbox 1525 4581 1757 4653; x_wconf 79' lang='lat' dir='ltr'><strong>catalogi</strong></span> <span class='ocrx_word' id='word_1_604' title='bbox 1799 4597 1835 4635; x_wconf 71' lang='grc' dir='ltr'><strong>ι</strong></span> <span class='ocrx_word' id='word_1_605' title='bbox 1882 4588 2086 4649; x_wconf 83' lang='lat' dir='ltr'><strong>etvlll,</strong></span> <span class='ocrx_word' id='word_1_606' title='bbox 2123 4573 2165 4627; x_wconf 89' lang='lat' dir='ltr'><strong>D</strong></span> <span class='ocrx_word' id='word_1_607' title='bbox 2258 4559 2389 4660; x_wconf 36' lang='lat' dir='ltr'><strong>iniit.</strong></span> <span class='ocrx_word' id='word_1_608' title='bbox 2410 4559 2655 4660; x_wconf 59' lang='lat' dir='ltr'><strong>ddjttpe&#39;nt</strong></span> <span class='ocrx_word' id='word_1_609' title='bbox 2684 4559 3139 4641; x_wconf 58' lang='lat' dir='ltr'><strong>in&#39;reoup&#39;érandis</strong></span> <span class='ocrx_word' id='word_1_610' title='bbox 3173 4559 3326 4621; x_wconf 71' lang='lat' dir='ltr'><strong>rebus</strong></span> <span class='ocrx_word' id='word_1_611' title='bbox 3375 4559 3653 4617; x_wconf 76' lang='lat' dir='ltr'><strong>Viennensi</strong></span> <span class='ocrx_word' id='word_1_612' title='bbox 3679 4575 3768 4615; x_wconf 79' lang='lat' dir='ltr'><strong>ec-</strong></span> 
     </span>
    </p>
   </div>
   <div class='ocr_carea' id='block_1_93' title="bbox 502 4667 2088 4755">
    <p class='ocr_par' dir='ltr' id='par_1_93' title="bbox 502 4667 2088 4755">
     <span class='ocr_line' id='line_1_98' title="bbox 502 4667 2088 4755; baseline -0.013 -16"><span class='ocrx_word' id='word_1_613' title='bbox 502 4683 809 4755; x_wconf 87' lang='lat' dir='ltr'><strong>pertineant</strong></span> <span class='ocrx_word' id='word_1_614' title='bbox 836 4697 851 4745; x_wconf 92' lang='lat'><strong>;</strong></span> <span class='ocrx_word' id='word_1_615' title='bbox 881 4678 1160 4733; x_wconf 78' lang='lat' dir='ltr'><strong>deﬁnitum</strong></span> <span class='ocrx_word' id='word_1_616' title='bbox 1196 4684 1281 4731; x_wconf 91' lang='lat' dir='ltr'><strong>est</strong></span> <span class='ocrx_word' id='word_1_617' title='bbox 1306 4683 1366 4729; x_wconf 91' lang='lat' dir='ltr'><strong>ut</strong></span> <span class='ocrx_word' id='word_1_618' title='bbox 1390 4687 1466 4727; x_wconf 89' lang='lat' dir='ltr'><strong>vll</strong></span> <span class='ocrx_word' id='word_1_619' title='bbox 1497 4670 1694 4742; x_wconf 88' lang='lat' dir='ltr'><strong>oppida</strong></span> <span class='ocrx_word' id='word_1_620' title='bbox 1716 4669 1800 4724; x_wconf 92' lang='lat' dir='ltr'><strong>vel</strong></span> <span class='ocrx_word' id='word_1_621' title='bbox 1820 4667 2088 4732; x_wconf 80' lang='lat' dir='ltr'><strong>civitates,</strong></span> 
     </span>
    </p>
   </div>
   <div class='ocr_carea' id='block_1_94' title="bbox 505 4754 2088 4842">
    <p class='ocr_par' dir='ltr' id='par_1_94' title="bbox 505 4754 2088 4842">
     <span class='ocr_line' id='line_1_99' title="bbox 505 4754 2088 4842; baseline -0.015 -12"><span class='ocrx_word' id='word_1_622' title='bbox 505 4754 915 4842; x_wconf 64' lang='lat' dir='ltr'><strong>Gratianopolis</strong></span> <span class='ocrx_word' id='word_1_623' title='bbox 941 4766 1211 4831; x_wconf 86' lang='lat' dir='ltr'><strong>videlicet,</strong></span> <span class='ocrx_word' id='word_1_624' title='bbox 1240 4763 1509 4829; x_wconf 85' lang='lat' dir='ltr'><strong>Valentia,</strong></span> <span class='ocrx_word' id='word_1_625' title='bbox 1543 4769 1598 4816; x_wconf 90' lang='lat' dir='ltr'><strong>et</strong></span> <span class='ocrx_word' id='word_1_626' title='bbox 1617 4758 1739 4828; x_wconf 84' lang='lat' dir='ltr'><strong>Dia,</strong></span> <span class='ocrx_word' id='word_1_627' title='bbox 1766 4757 1901 4812; x_wconf 85' lang='lat' dir='ltr'><strong>Alba</strong></span> <span class='ocrx_word' id='word_1_628' title='bbox 1924 4754 2088 4809; x_wconf 89' lang='lat' dir='ltr'><strong>Viva-</strong></span> 
     </span>
    </p>
   </div>
   <div class='ocr_carea' id='block_1_95' title="bbox 509 4845 2089 4936">
    <p class='ocr_par' dir='ltr' id='par_1_95' title="bbox 509 4845 2089 4936">
     <span class='ocr_line' id='line_1_100' title="bbox 509 4845 2089 4936; baseline -0.011 -18"><span class='ocrx_word' id='word_1_629' title='bbox 509 4865 676 4928; x_wconf 78' lang='lat' dir='ltr'><strong>riuln,</strong></span> <span class='ocrx_word' id='word_1_630' title='bbox 725 4859 1067 4936; x_wconf 76' lang='lat' dir='ltr'><strong>Tarcntasia,</strong></span> <span class='ocrx_word' id='word_1_631' title='bbox 1119 4856 1359 4922; x_wconf 80' lang='lat' dir='ltr'><strong>Geneva,</strong></span> <span class='ocrx_word' id='word_1_632' title='bbox 1403 4853 1745 4919; x_wconf 86' lang='lat' dir='ltr'><strong>Maurienna,</strong></span> <span class='ocrx_word' id='word_1_633' title='bbox 1798 4845 2089 4904; x_wconf 78' lang='lat' dir='ltr'><strong>Viennensi</strong></span> 
     </span>
    </p>
   </div>
   <div class='ocr_carea' id='block_1_96' title="bbox 511 4942 2092 5019">
    <p class='ocr_par' dir='ltr' id='par_1_96' title="bbox 511 4942 2092 5019">
     <span class='ocr_line' id='line_1_101' title="bbox 511 4942 2092 5019; baseline -0.011 -8"><span class='ocrx_word' id='word_1_634' title='bbox 511 4955 766 5011; x_wconf 80' lang='lat' dir='ltr'><strong>Ecclesia:</strong></span> <span class='ocrx_word' id='word_1_635' title='bbox 791 5007 794 5009; x_wconf 16' lang='grc' dir='ltr'><strong>Α</strong></span> <span class='ocrx_word' id='word_1_636' title='bbox 819 4951 1037 5007; x_wconf 89' lang='lat' dir='ltr'><strong>interim</strong></span> <span class='ocrx_word' id='word_1_637' title='bbox 1069 4949 1329 5019; x_wconf 77' lang='lat' dir='ltr'><strong>subjecta:</strong></span> <span class='ocrx_word' id='word_1_638' title='bbox 1358 4952 1734 5018; x_wconf 84' lang='lat' dir='ltr'><strong>permaneant,</strong></span> <span class='ocrx_word' id='word_1_639' title='bbox 1763 4942 1936 4997; x_wconf 85' lang='lat' dir='ltr'><strong>donec</strong></span> <span class='ocrx_word' id='word_1_640' title='bbox 1967 4954 2092 5009; x_wconf 75' lang='lat' dir='ltr'><strong>qua:</strong></span> 
     </span>
    </p>
   </div>
   <div class='ocr_carea' id='block_1_97' title="bbox 511 5028 2090 5109">
    <p class='ocr_par' dir='ltr' id='par_1_97' title="bbox 511 5028 2090 5109">
     <span class='ocr_line' id='line_1_102' title="bbox 511 5028 2090 5109; baseline -0.013 -7"><span class='ocrx_word' id='word_1_641' title='bbox 511 5044 745 5101; x_wconf 79' lang='lat' dir='ltr'><strong>residua:</strong></span> <span class='ocrx_word' id='word_1_642' title='bbox 767 5028 915 5109; x_wconf 87' lang='lat' dir='ltr'><strong>sunt,</strong></span> <span class='ocrx_word' id='word_1_643' title='bbox 958 5040 1161 5097; x_wconf 89' lang='lat' dir='ltr'><strong>certius</strong></span> <span class='ocrx_word' id='word_1_644' title='bbox 1190 5038 1452 5094; x_wconf 73' lang='lat' dir='ltr'><strong>discussa:</strong></span> <span class='ocrx_word' id='word_1_645' title='bbox 1479 5044 1535 5092; x_wconf 92' lang='lat' dir='ltr'><strong>et</strong></span> <span class='ocrx_word' id='word_1_646' title='bbox 1561 5032 1775 5105; x_wconf 90' lang='lat' dir='ltr'><strong>plenius</strong></span> <span class='ocrx_word' id='word_1_647' title='bbox 1799 5031 2090 5095; x_wconf 66' lang='lat' dir='ltr'><strong>ventilatis,</strong></span> 
     </span>
    </p>
   </div>
   <div class='ocr_carea' id='block_1_98' title="bbox 511 5117 2095 5203">
    <p class='ocr_par' dir='ltr' id='par_1_98' title="bbox 511 5117 2095 5203">
     <span class='ocr_line' id='line_1_103' title="bbox 511 5117 2095 5203; baseline -0.013 -14"><span class='ocrx_word' id='word_1_648' title='bbox 511 5134 618 5190; x_wconf 88' lang='lat' dir='ltr'><strong>sub</strong></span> <span class='ocrx_word' id='word_1_649' title='bbox 645 5138 914 5203; x_wconf 85' lang='lat' dir='ltr'><strong>potestate</strong></span> <span class='ocrx_word' id='word_1_650' title='bbox 939 5128 1268 5189; x_wconf 78' lang='lat' dir='ltr'><strong>Viennensis</strong></span> <span class='ocrx_word' id='word_1_651' title='bbox 1287 5124 1544 5180; x_wconf 63' lang='lat' dir='ltr'><strong>Ecclesiae</strong></span> <span class='ocrx_word' id='word_1_652' title='bbox 1566 5121 1899 5192; x_wconf 81' lang='lat' dir='ltr'><strong>redigantur.</strong></span> <span class='ocrx_word' id='word_1_653' title='bbox 1923 5117 2095 5171; x_wconf 86' lang='lat' dir='ltr'><strong>Porro</strong></span> 
     </span>
    </p>
   </div>
   <div class='ocr_carea' id='block_1_99' title="bbox 513 5205 2097 5295">
    <p class='ocr_par' dir='ltr' id='par_1_99' title="bbox 513 5205 2097 5295">
     <span class='ocr_line' id='line_1_104' title="bbox 513 5205 2097 5295; baseline -0.011 -17"><span class='ocrx_word' id='word_1_654' title='bbox 513 5223 891 5295; x_wconf 87' lang='lat' dir='ltr'><strong>Tarentasiam</strong></span> <span class='ocrx_word' id='word_1_655' title='bbox 948 5220 1023 5275; x_wconf 90' lang='lat' dir='ltr'><strong>ita</strong></span> <span class='ocrx_word' id='word_1_656' title='bbox 1074 5233 1287 5288; x_wconf 90' lang='lat' dir='ltr'><strong>semper</strong></span> <span class='ocrx_word' id='word_1_657' title='bbox 1342 5215 1447 5272; x_wconf 89' lang='lat' dir='ltr'><strong>sub</strong></span> <span class='ocrx_word' id='word_1_658' title='bbox 1486 5213 1722 5284; x_wconf 85' lang='lat' dir='ltr'><strong>primatu</strong></span> <span class='ocrx_word' id='word_1_659' title='bbox 1773 5205 2097 5264; x_wconf 85' lang='lat' dir='ltr'><strong>Viennensis</strong></span> 
     </span>
    </p>
   </div>
   <div class='ocr_carea' id='block_1_100' title="bbox 517 5295 2149 5381">
    <p class='ocr_par' dir='ltr' id='par_1_100' title="bbox 517 5295 2149 5381">
     <span class='ocr_line' id='line_1_105' title="bbox 517 5295 2149 5381; baseline -0.013 -12"><span class='ocrx_word' id='word_1_660' title='bbox 517 5312 773 5369; x_wconf 77' lang='lat' dir='ltr'><strong>Ecclesia:</strong></span> <span class='ocrx_word' id='word_1_661' title='bbox 795 5324 1112 5381; x_wconf 86' lang='lat' dir='ltr'><strong>permanere</strong></span> <span class='ocrx_word' id='word_1_662' title='bbox 1138 5306 1505 5368; x_wconf 83' lang='lat' dir='ltr'><strong>decernimus,</strong></span> <span class='ocrx_word' id='word_1_663' title='bbox 1538 5301 1681 5357; x_wconf 91' lang='lat' dir='ltr'><strong>sicut</strong></span> <span class='ocrx_word' id='word_1_664' title='bbox 1711 5314 1743 5352; x_wconf 88' lang='lat' dir='ltr'><strong>a</strong></span> <span class='ocrx_word' id='word_1_665' title='bbox 1777 5297 1980 5353; x_wconf 90' lang='lat' dir='ltr'><strong>sanctis</strong></span> <span class='ocrx_word' id='word_1_666' title='bbox 2000 5295 2099 5349; x_wconf 86' lang='lat' dir='ltr'><strong>Pa—</strong></span> <span class='ocrx_word' id='word_1_667' title='bbox 2138 5300 2149 5309; x_wconf 86' lang='lat'><strong><em>‘</em></strong></span> 
     </span>
    </p>
   </div>
   <div class='ocr_carea' id='block_1_101' title="bbox 520 5382 2100 5456">
    <p class='ocr_par' dir='ltr' id='par_1_101' title="bbox 520 5382 2100 5456">
     <span class='ocr_line' id='line_1_106' title="bbox 520 5382 2100 5456; baseline -0.013 0"><span class='ocrx_word' id='word_1_668' title='bbox 520 5402 696 5456; x_wconf 86' lang='lat' dir='ltr'><strong>tribus</strong></span> <span class='ocrx_word' id='word_1_669' title='bbox 731 5398 912 5454; x_wconf 84' lang='lat' dir='ltr'><strong>Leone</strong></span> <span class='ocrx_word' id='word_1_670' title='bbox 929 5405 984 5450; x_wconf 89' lang='lat' dir='ltr'><strong>et</strong></span> <span class='ocrx_word' id='word_1_671' title='bbox 1004 5394 1228 5450; x_wconf 88' lang='lat' dir='ltr'><strong>Nicolao</strong></span> <span class='ocrx_word' id='word_1_672' title='bbox 1256 5390 1503 5447; x_wconf 90' lang='lat' dir='ltr'><strong>noscitur</strong></span> <span class='ocrx_word' id='word_1_673' title='bbox 1521 5387 1924 5444; x_wconf 85' lang='lat' dir='ltr'><strong>conﬁrmatum.</strong></span> <span class='ocrx_word' id='word_1_674' title='bbox 1952 5382 2100 5436; x_wconf 70' lang='lat' dir='ltr'><strong>Prte-</strong></span> 
     </span>
    </p>
   </div>
   <div class='ocr_carea' id='block_1_102' title="bbox 521 5472 2099 5547">
    <p class='ocr_par' dir='ltr' id='par_1_102' title="bbox 521 5472 2099 5547">
     <span class='ocr_line' id='line_1_107' title="bbox 521 5472 2099 5547; baseline -0.012 -1"><span class='ocrx_word' id='word_1_675' title='bbox 521 5502 671 5547; x_wconf 89' lang='lat' dir='ltr'><strong>terea</strong></span> <span class='ocrx_word' id='word_1_676' title='bbox 710 5491 776 5545; x_wconf 91' lang='lat' dir='ltr'><strong>de</strong></span> <span class='ocrx_word' id='word_1_677' title='bbox 817 5483 1237 5543; x_wconf 82' lang='lat' dir='ltr'><strong>Salutariacensi</strong></span> <span class='ocrx_word' id='word_1_678' title='bbox 1272 5479 1678 5537; x_wconf 87' lang='lat' dir='ltr'><strong>archidiaconia</strong></span> <span class='ocrx_word' id='word_1_679' title='bbox 1734 5492 1904 5532; x_wconf 91' lang='lat' dir='ltr'><strong>unum</strong></span> <span class='ocrx_word' id='word_1_680' title='bbox 1940 5472 2099 5528; x_wconf 84' lang='lat' dir='ltr'><strong>nobis</strong></span> 
     </span>
    </p>
   </div>
   <div class='ocr_carea' id='block_1_103' title="bbox 522 5562 2101 5636">
    <p class='ocr_par' dir='ltr' id='par_1_103' title="bbox 522 5562 2101 5636">
     <span class='ocr_line' id='line_1_108' title="bbox 522 5562 2101 5636; baseline -0.014 0"><span class='ocrx_word' id='word_1_681' title='bbox 522 5579 807 5636; x_wconf 89' lang='lat' dir='ltr'><strong>intimasti.</strong></span> <span class='ocrx_word' id='word_1_682' title='bbox 840 5574 1296 5633; x_wconf 82' lang='lat' dir='ltr'><strong>Consecrationes</strong></span> <span class='ocrx_word' id='word_1_683' title='bbox 1328 5572 1413 5625; x_wconf 89' lang='lat' dir='ltr'><strong>vel</strong></span> <span class='ocrx_word' id='word_1_684' title='bbox 1442 5567 1840 5630; x_wconf 88' lang='lat' dir='ltr'><strong>ordinationes,</strong></span> <span class='ocrx_word' id='word_1_685' title='bbox 1863 5573 1917 5619; x_wconf 91' lang='lat' dir='ltr'><strong>et</strong></span> <span class='ocrx_word' id='word_1_686' title='bbox 1938 5562 2101 5633; x_wconf 88' lang='lat' dir='ltr'><strong>quid-</strong></span> 
     </span>
    </p>
   </div>
   <div class='ocr_carea' id='block_1_104' title="bbox 526 5652 2102 5732">
    <p class='ocr_par' dir='ltr' id='par_1_104' title="bbox 526 5652 2102 5732">
     <span class='ocr_line' id='line_1_109' title="bbox 526 5652 2102 5732; baseline -0.01 -17"><span class='ocrx_word' id='word_1_687' title='bbox 526 5665 655 5732; x_wconf 83' lang='lat' dir='ltr'><strong>quid</strong></span> <span class='ocrx_word' id='word_1_688' title='bbox 680 5663 746 5718; x_wconf 87' lang='lat' dir='ltr'><strong>ad</strong></span> <span class='ocrx_word' id='word_1_689' title='bbox 774 5660 1082 5732; x_wconf 86' lang='lat' dir='ltr'><strong>pontiﬁcale</strong></span> <span class='ocrx_word' id='word_1_690' title='bbox 1112 5657 1347 5718; x_wconf 79' lang='lat' dir='ltr'><strong>pertinet</strong></span> <span class='ocrx_word' id='word_1_691' title='bbox 1364 5654 1621 5719; x_wconf 84' lang='lat' dir='ltr'><strong>ollicium,</strong></span> <span class='ocrx_word' id='word_1_692' title='bbox 1644 5652 1785 5707; x_wconf 89' lang='lat' dir='ltr'><strong>sicut</strong></span> <span class='ocrx_word' id='word_1_693' title='bbox 1815 5659 1940 5704; x_wconf 89' lang='lat' dir='ltr'><strong>tuus</strong></span> <span class='ocrx_word' id='word_1_694' title='bbox 1963 5661 2102 5717; x_wconf 69' lang='lat' dir='ltr'><strong>prte-</strong></span> 
     </span>
    </p>
   </div>
   <div class='ocr_carea' id='block_1_105' title="bbox 601 5758 2104 5841">
    <p class='ocr_par' dir='ltr' id='par_1_105' title="bbox 601 5758 2104 5841">
     <span class='ocr_line' id='line_1_110' title="bbox 601 5758 2104 5841; baseline -0.015 -14"><span class='ocrx_word' id='word_1_695' title='bbox 601 5772 749 5841; x_wconf 57' lang='lat'><strong>(4‘3‘3)</strong></span> <span class='ocrx_word' id='word_1_696' title='bbox 787 5773 846 5826; x_wconf 85' lang='lat' dir='ltr'><strong>ltl</strong></span> <span class='ocrx_word' id='word_1_697' title='bbox 893 5768 1127 5841; x_wconf 84' lang='lat' dir='ltr'><strong>llistoria</strong></span> <span class='ocrx_word' id='word_1_698' title='bbox 1151 5761 1749 5841; x_wconf 49' lang='lat' dir='ltr'><strong>Y_IttllIICIISIS_I;_L&#39;ClCSl{U</strong></span> <span class='ocrx_word' id='word_1_699' title='bbox 1781 5758 2104 5841; x_wconf 53' lang='grc' dir='ltr'><strong>(Σ.ϐΙιιιι’¹ιρ(τι2</strong></span> 
     </span>
    </p>
   </div>
   <div class='ocr_carea' id='block_1_106' title="bbox 2261 4645 2678 4703">
    <p class='ocr_par' dir='ltr' id='par_1_106' title="bbox 2261 4645 2678 4703">
     <span class='ocr_line' id='line_1_111' title="bbox 2261 4645 2678 4703; baseline -0.01 1"><span class='ocrx_word' id='word_1_700' title='bbox 2261 4649 2438 4703; x_wconf 73' lang='lat' dir='ltr'><strong>etesia:</strong></span> <span class='ocrx_word' id='word_1_701' title='bbox 2459 4645 2678 4700; x_wconf 74' lang='lat' dir='ltr'><strong>oblatis.</strong></span> 
     </span>
    </p>
   </div>
   <div class='ocr_carea' id='block_1_107' title="bbox 2691 4723 3262 4803">
    <p class='ocr_par' dir='ltr' id='par_1_107' title="bbox 2691 4723 3262 4803">
     <span class='ocr_line' id='line_1_112' title="bbox 2691 4723 3262 4803; baseline -0.019 -14"><span class='ocrx_word' id='word_1_702' title='bbox 2691 4733 2873 4803; x_wconf 76' lang='lat' dir='ltr'><strong>(Anno</strong></span> <span class='ocrx_word' id='word_1_703' title='bbox 2904 4723 3262 4793; x_wconf 72' lang='lat' dir='ltr'><strong>teis—loss.)</strong></span> 
     </span>
    </p>
   </div>
   <div class='ocr_carea' id='block_1_108' title="bbox 2342 4806 3618 4902">
    <p class='ocr_par' dir='ltr' id='par_1_108' title="bbox 2342 4806 3618 4902">
     <span class='ocr_line' id='line_1_113' title="bbox 2342 4806 3618 4902; baseline -0.018 -18"><span class='ocrx_word' id='word_1_704' title='bbox 2342 4829 2439 4902; x_wconf 85' lang='lat' dir='ltr'><strong>[D.</strong></span> <span class='ocrx_word' id='word_1_705' title='bbox 2462 4827 2738 4891; x_wconf 76' lang='lat' dir='ltr'><strong>Bouous&#39;r,</strong></span> <span class='ocrx_word' id='word_1_706' title='bbox 2772 4817 3003 4886; x_wconf 77' lang='lat' dir='ltr'><strong>Recueil,</strong></span> <span class='ocrx_word' id='word_1_707' title='bbox 3032 4826 3166 4874; x_wconf 90' lang='lat' dir='ltr'><strong>tom.</strong></span> <span class='ocrx_word' id='word_1_708' title='bbox 3188 4811 3332 4879; x_wconf 81' lang='lat' dir='ltr'><strong>XIV,</strong></span> <span class='ocrx_word' id='word_1_709' title='bbox 3360 4825 3416 4882; x_wconf 89' lang='lat' dir='ltr'><strong>p.</strong></span> <span class='ocrx_word' id='word_1_710' title='bbox 3452 4806 3618 4880; x_wconf 83' lang='lat'><strong>609.]</strong></span> 
     </span>
    </p>
   </div>
   <div class='ocr_carea' id='block_1_109' title="bbox 2262 4895 3773 4983">
    <p class='ocr_par' dir='ltr' id='par_1_109' title="bbox 2262 4895 3773 4983">
     <span class='ocr_line' id='line_1_114' title="bbox 2262 4895 3773 4983; baseline -0.016 -9"><span class='ocrx_word' id='word_1_711' title='bbox 2262 4895 2569 4975; x_wconf 60' lang='lat' dir='ltr'><strong>Gnsconlus</strong></span> <span class='ocrx_word' id='word_1_712' title='bbox 2597 4909 3075 4983; x_wconf 62' lang='lat' dir='ltr'><strong>(422)episcopus,</strong></span> <span class='ocrx_word' id='word_1_713' title='bbox 3116 4916 3310 4960; x_wconf 85' lang='lat' dir='ltr'><strong>servus</strong></span> <span class='ocrx_word' id='word_1_714' title='bbox 3339 4913 3625 4955; x_wconf 84' lang='lat' dir='ltr'><strong>servon</strong></span> <span class='ocrx_word' id='word_1_715' title='bbox 3652 4895 3773 4963; x_wconf 85' lang='lat' dir='ltr'><strong>Dei,</strong></span> 
     </span>
    </p>
   </div>
   <div class='ocr_carea' id='block_1_110' title="bbox 2193 4986 3777 5076">
    <p class='ocr_par' dir='ltr' id='par_1_110' title="bbox 2193 4986 3777 5076">
     <span class='ocr_line' id='line_1_115' title="bbox 2193 4986 3777 5076; baseline -0.018 -12"><span class='ocrx_word' id='word_1_716' title='bbox 2193 5009 2342 5065; x_wconf 88' lang='lat' dir='ltr'><strong>clero</strong></span> <span class='ocrx_word' id='word_1_717' title='bbox 2377 5014 2433 5062; x_wconf 91' lang='lat' dir='ltr'><strong>et</strong></span> <span class='ocrx_word' id='word_1_718' title='bbox 2473 5002 2675 5076; x_wconf 89' lang='lat' dir='ltr'><strong>populo</strong></span> <span class='ocrx_word' id='word_1_719' title='bbox 2722 4996 3049 5061; x_wconf 79' lang='lat' dir='ltr'><strong>Viennensis</strong></span> <span class='ocrx_word' id='word_1_720' title='bbox 3095 4988 3371 5056; x_wconf 63' lang='lat' dir='ltr'><strong>Ecclesiae,</strong></span> <span class='ocrx_word' id='word_1_721' title='bbox 3422 4986 3628 5076; x_wconf 76' lang='lat' dir='ltr'><strong>quibus</strong></span> <span class='ocrx_word' id='word_1_722' title='bbox 3676 4997 3777 5053; x_wconf 86' lang='lat' dir='ltr'><strong>pro</strong></span> 
     </span>
    </p>
   </div>
   <div class='ocr_carea' id='block_1_111' title="bbox 2196 5075 3776 5153">
    <p class='ocr_par' dir='ltr' id='par_1_111' title="bbox 2196 5075 3776 5153">
     <span class='ocr_line' id='line_1_116' title="bbox 2196 5075 3776 5153; baseline -0.016 0"><span class='ocrx_word' id='word_1_723' title='bbox 2196 5096 2404 5153; x_wconf 87' lang='lat' dir='ltr'><strong>meritis</strong></span> <span class='ocrx_word' id='word_1_724' title='bbox 2422 5075 2485 5150; x_wconf 84' lang='lat' dir='ltr'><strong>et</strong></span> <span class='ocrx_word' id='word_1_725' title='bbox 2496 5091 2782 5149; x_wconf 89' lang='lat' dir='ltr'><strong>devotione</strong></span> <span class='ocrx_word' id='word_1_726' title='bbox 2803 5086 3049 5153; x_wconf 86' lang='lat' dir='ltr'><strong>debetur,</strong></span> <span class='ocrx_word' id='word_1_727' title='bbox 3077 5082 3308 5139; x_wconf 87' lang='lat' dir='ltr'><strong>salutem</strong></span> <span class='ocrx_word' id='word_1_728' title='bbox 3333 5087 3388 5135; x_wconf 89' lang='lat' dir='ltr'><strong>et</strong></span> <span class='ocrx_word' id='word_1_729' title='bbox 3416 5075 3776 5149; x_wconf 81' lang='lat' dir='ltr'><strong>appstolicam</strong></span> 
     </span>
    </p>
   </div>
   <div class='ocr_carea' id='block_1_112' title="bbox 2197 5187 2651 5248">
    <p class='ocr_par' dir='ltr' id='par_1_112' title="bbox 2197 5187 2651 5248">
     <span class='ocr_line' id='line_1_117' title="bbox 2197 5187 2651 5248; baseline -0.026 1"><span class='ocrx_word' id='word_1_730' title='bbox 2197 5187 2651 5248; x_wconf 82' lang='lat' dir='ltr'><strong>benedictionem.</strong></span> 
     </span>
    </p>
   </div>
   <div class='ocr_carea' id='block_1_113' title="bbox 2268 5253 3777 5338">
    <p class='ocr_par' dir='ltr' id='par_1_113' title="bbox 2268 5253 3777 5338">
     <span class='ocr_line' id='line_1_118' title="bbox 2268 5253 3777 5338; baseline -0.017 -4"><span class='ocrx_word' id='word_1_731' title='bbox 2268 5278 2388 5334; x_wconf 83' lang='lat' dir='ltr'><strong>Non</strong></span> <span class='ocrx_word' id='word_1_732' title='bbox 2415 5268 2591 5333; x_wconf 81' lang='lat' dir='ltr'><strong>selum</strong></span> <span class='ocrx_word' id='word_1_733' title='bbox 2619 5272 2797 5338; x_wconf 85' lang='lat' dir='ltr'><strong>vobis,</strong></span> <span class='ocrx_word' id='word_1_734' title='bbox 2826 5267 2923 5325; x_wconf 89' lang='lat' dir='ltr'><strong>sed</strong></span> <span class='ocrx_word' id='word_1_735' title='bbox 2950 5274 3005 5322; x_wconf 89' lang='lat' dir='ltr'><strong>et</strong></span> <span class='ocrx_word' id='word_1_736' title='bbox 3031 5264 3184 5321; x_wconf 90' lang='lat' dir='ltr'><strong>omni</strong></span> <span class='ocrx_word' id='word_1_737' title='bbox 3206 5273 3348 5334; x_wconf 81' lang='lat' dir='ltr'><strong>pene</strong></span> <span class='ocrx_word' id='word_1_738' title='bbox 3366 5255 3576 5315; x_wconf 90' lang='lat' dir='ltr'><strong>mundo</strong></span> <span class='ocrx_word' id='word_1_739' title='bbox 3599 5253 3777 5312; x_wconf 55' lang='lat' dir='ltr'><strong>mania</strong></span> 
     </span>
    </p>
   </div>
   <div class='ocr_carea' id='block_1_114' title="bbox 2201 5347 3779 5427">
    <p class='ocr_par' dir='ltr' id='par_1_114' title="bbox 2201 5347 3779 5427">
     <span class='ocr_line' id='line_1_119' title="bbox 2201 5347 3779 5427; baseline -0.02 0"><span class='ocrx_word' id='word_1_740' title='bbox 2201 5369 2494 5427; x_wconf 79' lang='lat' dir='ltr'><strong>festissime</strong></span> <span class='ocrx_word' id='word_1_741' title='bbox 2522 5372 2713 5419; x_wconf 89' lang='lat' dir='ltr'><strong>notum</strong></span> <span class='ocrx_word' id='word_1_742' title='bbox 2734 5368 2821 5415; x_wconf 90' lang='lat' dir='ltr'><strong>est</strong></span> <span class='ocrx_word' id='word_1_743' title='bbox 2852 5356 3000 5427; x_wconf 89' lang='lat' dir='ltr'><strong>quod</strong></span> <span class='ocrx_word' id='word_1_744' title='bbox 3039 5370 3135 5427; x_wconf 88' lang='lat' dir='ltr'><strong>per</strong></span> <span class='ocrx_word' id='word_1_745' title='bbox 3176 5351 3348 5410; x_wconf 86' lang='lat' dir='ltr'><strong>multa</strong></span> <span class='ocrx_word' id='word_1_746' title='bbox 3380 5347 3498 5420; x_wconf 86' lang='lat' dir='ltr'><strong>jam</strong></span> <span class='ocrx_word' id='word_1_747' title='bbox 3530 5354 3779 5414; x_wconf 84' lang='lat' dir='ltr'><strong>tempora</strong></span> 
     </span>
    </p>
   </div>
   <div class='ocr_carea' id='block_1_115' title="bbox 2205 5435 3777 5516">
    <p class='ocr_par' dir='ltr' id='par_1_115' title="bbox 2205 5435 3777 5516">
     <span class='ocr_line' id='line_1_120' title="bbox 2205 5435 3777 5516; baseline -0.017 0"><span class='ocrx_word' id='word_1_748' title='bbox 2205 5458 2517 5516; x_wconf 85' lang='lat' dir='ltr'><strong>Simoniaca</strong></span> <span class='ocrx_word' id='word_1_749' title='bbox 2542 5451 2768 5508; x_wconf 61' lang='lat' dir='ltr'><strong>haeresis</strong></span> <span class='ocrx_word' id='word_1_750' title='bbox 2795 5447 3091 5504; x_wconf 87' lang='lat' dir='ltr'><strong>Ecclesiam</strong></span> <span class='ocrx_word' id='word_1_751' title='bbox 3129 5440 3227 5497; x_wconf 87' lang='lat' dir='ltr'><strong>Dei</strong></span> <span class='ocrx_word' id='word_1_752' title='bbox 3271 5441 3386 5497; x_wconf 89' lang='lat' dir='ltr'><strong>suis</strong></span> <span class='ocrx_word' id='word_1_753' title='bbox 3413 5435 3633 5494; x_wconf 80' lang='lat' dir='ltr'><strong>callidis</strong></span> <span class='ocrx_word' id='word_1_754' title='bbox 3660 5447 3777 5490; x_wconf 76' lang='lat' dir='ltr'><strong>ma-</strong></span> 
     </span>
    </p>
   </div>
   <div class='ocr_carea' id='block_1_116' title="bbox 2207 5524 3778 5613">
    <p class='ocr_par' dir='ltr' id='par_1_116' title="bbox 2207 5524 3778 5613">
     <span class='ocr_line' id='line_1_121' title="bbox 2207 5524 3778 5613; baseline -0.018 -8"><span class='ocrx_word' id='word_1_755' title='bbox 2207 5545 2614 5607; x_wconf 86' lang='lat' dir='ltr'><strong>chinationibus</strong></span> <span class='ocrx_word' id='word_1_756' title='bbox 2661 5537 3021 5613; x_wconf 87' lang='lat' dir='ltr'><strong>perturbavit,</strong></span> <span class='ocrx_word' id='word_1_757' title='bbox 3076 5541 3134 5588; x_wconf 89' lang='lat' dir='ltr'><strong>et</strong></span> <span class='ocrx_word' id='word_1_758' title='bbox 3172 5531 3306 5588; x_wconf 90' lang='lat' dir='ltr'><strong>adeo</strong></span> <span class='ocrx_word' id='word_1_759' title='bbox 3352 5530 3410 5584; x_wconf 91' lang='lat' dir='ltr'><strong>in</strong></span> <span class='ocrx_word' id='word_1_760' title='bbox 3448 5540 3571 5580; x_wconf 88' lang='lat' dir='ltr'><strong>eam</strong></span> <span class='ocrx_word' id='word_1_761' title='bbox 3631 5524 3778 5578; x_wconf 85' lang='lat' dir='ltr'><strong>inva-</strong></span> 
     </span>
    </p>
   </div>
   <div class='ocr_carea' id='block_1_117' title="bbox 2208 5612 3779 5700">
    <p class='ocr_par' dir='ltr' id='par_1_117' title="bbox 2208 5612 3779 5700">
     <span class='ocr_line' id='line_1_122' title="bbox 2208 5612 3779 5700; baseline -0.019 -3"><span class='ocrx_word' id='word_1_762' title='bbox 2208 5639 2310 5696; x_wconf 89' lang='lat' dir='ltr'><strong>luit</strong></span> <span class='ocrx_word' id='word_1_763' title='bbox 2338 5636 2624 5699; x_wconf 87' lang='lat' dir='ltr'><strong>violenter,</strong></span> <span class='ocrx_word' id='word_1_764' title='bbox 2662 5612 2733 5686; x_wconf 18' lang='lat' dir='ltr'><strong>iut</strong></span> <span class='ocrx_word' id='word_1_765' title='bbox 2776 5626 2935 5700; x_wconf 86' lang='lat' dir='ltr'><strong>quasi</strong></span> <span class='ocrx_word' id='word_1_766' title='bbox 2976 5623 3089 5679; x_wconf 81' lang='lat' dir='ltr'><strong>fera</strong></span> <span class='ocrx_word' id='word_1_767' title='bbox 3132 5621 3311 5677; x_wconf 86' lang='lat' dir='ltr'><strong>bellua</strong></span> <span class='ocrx_word' id='word_1_768' title='bbox 3332 5614 3503 5688; x_wconf 86' lang='lat' dir='ltr'><strong>(quod</strong></span> <span class='ocrx_word' id='word_1_769' title='bbox 3528 5612 3779 5685; x_wconf 83' lang='lat' dir='ltr'><strong>equidem</strong></span> 
     </span>
    </p>
   </div>
   <div class='ocr_carea' id='block_1_118' title="bbox 2215 5726 3782 5812">
    <p class='ocr_par' dir='ltr' id='par_1_118' title="bbox 2215 5726 3782 5812">
     <span class='ocr_line' id='line_1_123' title="bbox 2215 5726 3782 5812; baseline -0.019 -7"><span class='ocrx_word' id='word_1_770' title='bbox 2215 5748 2503 5807; x_wconf 78' lang='lat' dir='ltr'><strong>Alexandri</strong></span> <span class='ocrx_word' id='word_1_771' title='bbox 2540 5745 2605 5811; x_wconf 92' lang='lat' dir='ltr'><strong>ll,</strong></span> <span class='ocrx_word' id='word_1_772' title='bbox 2632 5752 2687 5797; x_wconf 88' lang='lat' dir='ltr'><strong>at</strong></span> <span class='ocrx_word' id='word_1_773' title='bbox 2715 5754 3017 5812; x_wconf 77' lang='lat' dir='ltr'><strong>perperam,</strong></span> <span class='ocrx_word' id='word_1_774' title='bbox 3057 5744 3118 5794; x_wconf 88' lang='lat' dir='ltr'><strong>ut</strong></span> <span class='ocrx_word' id='word_1_775' title='bbox 3143 5748 3267 5791; x_wconf 77' lang='lat' dir='ltr'><strong>mox</strong></span> <span class='ocrx_word' id='word_1_776' title='bbox 3298 5744 3366 5789; x_wconf 75' lang='lat' dir='ltr'><strong>ex</strong></span> <span class='ocrx_word' id='word_1_777' title='bbox 3397 5726 3632 5785; x_wconf 80' lang='lat' dir='ltr'><strong>sinceris</strong></span> <span class='ocrx_word' id='word_1_778' title='bbox 3670 5736 3782 5781; x_wconf 73' lang='lat' dir='ltr'><strong>mo-</strong></span> 
     </span>
    </p>
   </div>
   <div class='ocr_carea' id='block_1_119' title="bbox 532 5815 2787 5913">
    <p class='ocr_par' dir='ltr' id='par_1_119' title="bbox 532 5815 2787 5913">
     <span class='ocr_line' id='line_1_124' title="bbox 532 5815 2787 5913; baseline -0.014 -15"><span class='ocrx_word' id='word_1_779' title='bbox 532 5815 867 5913; x_wconf 42' lang='lat' dir='ltr'><strong>p.“:.’9,-Ilt:.clc</strong></span> <span class='ocrx_word' id='word_1_780' title='bbox 893 5815 1131 5910; x_wconf 53' lang='lat' dir='ltr'><strong>rpistola</strong></span> <span class='ocrx_word' id='word_1_781' title='bbox 1165 5815 1614 5895; x_wconf 51' lang='lat' dir='ltr'><strong>C&#39;A‘l&#39;iitiﬁ&#39;éaaita</strong></span> <span class='ocrx_word' id='word_1_782' title='bbox 1660 5847 1854 5886; x_wconf 79' lang='lat' dir='ltr'><strong>nomen</strong></span> <span class='ocrx_word' id='word_1_783' title='bbox 1891 5815 2109 5898; x_wconf 64' lang='lat' dir='ltr'><strong>praefert</strong></span> <span class='ocrx_word' id='word_1_784' title='bbox 2217 5820 2493 5879; x_wconf 84' lang='lat' dir='ltr'><strong>numentis</strong></span> <span class='ocrx_word' id='word_1_785' title='bbox 2525 5815 2787 5874; x_wconf 80' lang='lat' dir='ltr'><strong>dicemus.</strong></span> 
     </span>
    </p>
   </div>
  </div>
