3944 6436
494 512 602 570 759

1419 514 1477 569 S.
1518 511 1848 572 GREGORII
1882 512 1974 567 VII
2006 511 2209 570 ΡΑΡΑΞ
2246 510 2533 569 OPERUM
2567 512 2745 570 PARS
2778 514 2838 570 ll.

3630 106 3893 389 ,Ἴ

3643 524 3746 581 ne
3813 504 3820 509 ’

495 624 869 698 pmnitcndum
924 634 1066 681 esset
1125 625 1300 695 longze
1351 626 1453 681 vite
1509 634 1565 681 et
1603 626 1787 698 magni
1834 626 2069 692 laboris;
2101 630 2281 686 Anon
2304 624 2774 697 execdatjustitize
2807 641 3082 682 mensura.
3119 629 3344 686 Sacrum
3375 636 3744 702 apestolatum

494 706 694 788 quippe
715 715 839 771 inde
864 715 1172 787 proveniret
1199 714 1410 770 fructus
1430 731 1641 787 magna:
1661 715 1871 772 salutis.
1896 713 2066 770 Maxi-

494 824 615 864 mas
646 817 824 861 autent
856 815 1039 877 grates
1059 822 1183 861 cum
1210 806 1401 860 humili
1424 806 1649 861 inclinio
1668 815 1861 884 vestrae
1889 804 2066 861 refero

492 898 767 956 sanctitati
801 897 946 967 quod
981 896 1236 968 legationi
1263 905 1465 952 nostra:
1498 905 1610 951 tam
1641 896 1936 951 clementer
1963 910 2066 949 au-

493 1003 610 1045 rem
637 987 960 1053 inclinastis,
994 987 1256 1062 ipsosque
1290 988 1496 1057 legatos
1524 985 1663 1041 bene
1696 985 1995 1041 admisistis
2014 995 2067 1040 et

492 1080 689 1137 melius
714 1077 1023 1145 dimisistis,
1046 1076 1300 1148 quodque
1335 1075 1536 1146 placuit
1563 1083 1757 1130 vestrae
1793 1070 2073 1129 sanctitati

491 1170 731 1240 antiqua:
766 1168 1076 1242 dilectionis
1110 1176 1164 1222 et
1207 1182 1479 1238 germana:
1519 1165 1819 1220 affectionis
1866 1174 2068 1221 nostra!

489 1272 603 1318 tam
633 1261 864 1332 benigne
894 1258 1191 1323 reminisci,
1216 1274 1315 1312 nec
1346 1258 1399 1311 in
1425 1254 1639 1312 sumina
1679 1255 2066 1326 spcculationis

489 1340 638 1418 arce,
674 1350 805 1405 etin
846 1350 964 1420 ipsa
1008 1347 1253 1403 omnium
1294 1346 1659 1402 Ecclesiarum
1703 1344 2068 1401 sollicitudine

462 1440 722 1511 duxistis
760 1438 1196 1510 praetereundum
1239 1437 1383 1507 quod
1437 1436 1592 1502 olim,
1638 1434 1818 1489 adhuc
1857 1433 1912 1488 in
1947 1433 2065 1504 ipsa

490 1529 700 1599 privata
716 1526 1150 1592 conversatione,
1166 1525 1367 1579 Christi
1396 1523 1537 1577 inter
1556 1538 1658 1579 nos
1685 1520 1861 1578 fuerat
1881 1522 2064 1577 chari-

492 1629 599 1676 tate
632 1619 1005 1688 cenjunctum.
1049 1615 1293 1670 Primum
1334 1614 1659 1685 multiplices
1686 1629 1813 1684 erga
1847 1629 1935 1667 me
1968 1612 2064 1667 be-

491 1709 771 1782 nignitatis
804 1718 997 1764 vestra:
1031 1708 1234 1778 gratias
1256 1707 1404 1761 nulla
1427 1715 1733 1776 temporum
1756 1703 2067 1774 longinqui-

488 1797 600 1857 tate
650 1800 840 1866 deleri,
896 1800 1045 1854 nulla
1102 1806 1348 1867 unquam
1400 1786 1584 1853 rerum
1636 1795 1721 1850 vel
1774 1803 2066 1849 eventuum

490 1889 853 1962 inaequalitate
874 1889 1072 1959 poterit
1087 1869 1417 1952 oblitterari;
1442 1886 1535 1940 sed
1550 1885 1617 1940 ad
1640 1885 1744 1940 hoc
1767 1883 2063 1939 remedium

491 1991 679 2035 nostra
712 1979 902 2034 scdulo
944 1977 1187 2049 vigilabit
1231 1974 1519 2041 industria,
1569 1973 1703 2030 utin
1740 1973 1843 2028 hac
1884 1966 2067 2042 perse-

452 2068 455 2071 ’
490 2083 679 2126 verarc
726 2076 906 2123 vestra
941 2066 1194 2137 dignetur
1232 2061 1629 2118 benevolentia.
1685 2059 1842 2127 Quod
1882 2071 2065 2115 autem

488 2166 545 2220 in
579 2160 998 2220 commonitorio
1028 2168 1209 2214 vestro
1241 2157 1522 2228 posuistis,
1561 2170 1647 2210 me
1670 2165 1865 2209 vestrae
1887 2164 2067 2226 pater-

488 2252 646 2307 nitati
671 2260 1029 2314 secretorum,
1045 2246 1169 2301 .imo
1190 2246 1381 2302 salutis
1405 2259 1539 2300 mea:
1568 2244 1909 2299 commisisse
1929 2257 2065 2298 con-

487 2341 703 2407 silium;
748 2338 894 2409 quod
940 2336 1346 2408 aliaquaedam
1381 2342 1444 2390 ‘et
1490 2333 1847 2390 correctionis
1880 2333 2065 2387 limam

486 2428 773 2489 addidistis
834 2429 903 2484 ad
953 2426 1363 2497 castigationem
1411 2425 1536 2480 vitae
1568 2434 1623 2480 et
1667 2440 1912 2491 morum;
1963 2424 2067 2478 hoc

486 2535 703 2592 semper
753 2518 858 2576 feci
908 2529 963 2574 et
999 2532 1212 2589 semper
1257 2516 1478 2584 faciam,
1525 2532 1625 2572 nec
1666 2516 1735 2572 ab
1770 2516 1875 2571 hoc
1906 2530 2067 2587 opere

487 2628 731 2684 unquam
780 2612 891 2668 vita
920 2610 1122 2667 comite
1160 2610 1456 2677 desistam;
1486 2618 1540 2663 et
1559 2606 1706 2679 quod
1739 2606 1814 2662 ibi
1844 2613 2064 2662 cautum

485 2713 590 2771 est,
619 2702 935 2759 cautissime
959 2703 1183 2768 cavebo,
1214 2710 1270 2757 et
1305 2699 1453 2770 quod
1486 2694 1563 2754 ibi
1595 2706 1924 2769 prmeeptum
1959 2704 2063 2763 est,

485 2801 651 2863 prout
682 2792 828 2847 vires
856 2790 1067 2847 dederit
1109 2788 1273 2857 Deus,
1300 2789 1531 2861 pleniter
1562 2787 1889 2858 adimplebo.
1930 2784 1996 2841 Et
2018 2785 2065 2841 si

484 2885 645 2940 aliter
669 2885 736 2940 dc
773 2899 859 2939 me
898 2884 1133 2954 alicujus
1163 2881 1503 2938 adversantis
1527 2881 1680 2937 vobis
1700 2889 1952 2952 suggeret
1980 2896 2065 2935 re-

484 2977 637 3041 latio,
652 2976 864 3030 noverit
884 2976 1144 3030 sanctitas
1167 2982 1349 3028 vestra
1371 2973 1517 3044 quod
1534 2973 1797 3027 unitatem
1819 2972 2065 3026 scindere

482 3077 539 3123 et
571 3068 894 3123 charitatcm
941 3080 1293 3135 corrumpere
1338 3079 1440 3121 suo
1489 3063 1771 3120 mendacio
1816 3072 2062 3128 conetur,

485 3158 591 3215 nisi
623 3157 762 3212 forte
797 3158 901 3212 hoc
925 3165 1149 3213 accuset
1167 3156 1319 3227 quod
1339 3155 1633 3228 aliquando
1656 3155 1808 3223 illud,
1837 3169 1947 3224 quo
1978 3167 2065 3206 me

483 3247 942 3319 castigo,frcnum
961 3247 1260 3316 disciplina:
1272 3247 1613 3317 aliquantum
1632 3246 1817 3300 laxare
1837 3242 2065 3297 consilio

483 3337 714 3393 fratrum
751 3336 1049 3407 compellor
1073 3350 1241 3391 causa
1262 3336 1564 3392 medicinas.
1602 3332 1774 3389 Porro
1799 3332 1968 3402 quod,
1995 3331 2062 3386 de

482 3426 861 3481 examinandis
907 3424 1177 3495 episcopis
1206 3438 1348 3494 quos
1375 3424 1508 3477 mihi
1530 3423 1875 3487 nominastis,
1901 3430 1955 3475 ct
1980 3421 2063 3474 in-

485 3516 709 3571 troitum
766 3530 955 3569 eorum
1010 3522 1065 3568 et
1120 3513 1593 3568 conversationem
1652 3509 2063 3581 diligentissime

482 3605 780 3676 inquirere,
828 3613 883 3658 et
925 3619 1019 3673 per
1065 3603 1288 3658 nuntios
1332 3610 1550 3657 nostros
1595 3600 1750 3655 vobis
1792 3599 2060 3654 insinuari

485 3694 805 3759 mandastis,
832 3690 1130 3763 perpendat
1155 3692 1387 3763 vigilans
1422 3692 1512 3746 ille
1550 3691 1744 3746 oculus
1780 3688 2062 3759 sapientia:

483 3794 675 3839 vestra:
706 3785 874 3854 quod,
914 3799 943 3835 a
982 3784 1156 3836 rcdittt
1198 3784 1501 3853 legatorum
1542 3790 1857 3835 nostrorum
1890 3794 2063 3848 usque

481 3873 551 3929 ad
578 3873 715 3926 hanc
739 3872 989 3926 iteratam
1017 3871 1364 3942 legationem,
1392 3885 1503 3924 non
1536 3876 1749 3925 tantum
1779 3877 1896 3924 erat
1921 3876 2059 3922 tem-

483 3962 634 4033 poris
681 3962 1035 4016 interstitium
1081 3969 1141 4013 ut
1177 3960 1261 4013 vel
1302 3958 1500 4015 fratres
1528 3958 1781 4029 colligere
1819 3958 1902 4012 vel
1927 3972 2060 4012 exa-

482 4051 802 4107 minatiouis
822 4051 986 4106 etiam
1008 4040 1226 4120 possem
1257 4050 1457 4105 habere
1476 4048 1761 4119 judicium,
1782 4062 1890 4102 non
1913 4036 2061 4105 aliud

463 4151 655 4212 'supcr
706 4143 807 4196 hac
856 4157 915 4195 re
966 4141 1144 4195 adhuc
1174 4138 1329 4195 vobis
1369 4141 1435 4194 de
1464 4141 1550 4195 his
1589 4122 1842 4194 intimare
1883 4141 2057 4207 valeo,

482 4250 647 4306 quam
671 4232 816 4303 quod
840 4232 921 4287 vel
945 4246 1043 4287 vos
1061 4231 1213 4287 scitis
1235 4231 1316 4286 vel
1337 4231 1644 4286 communis
1667 4231 1830 4286 habet
1852 4231 2056 4301 opinio.

484 4323 682 4377 Verum
706 4324 914 4377 litteras
949 4330 1160 4377 vestras
1194 4322 1301 4377 illis
1334 4323 1663 4392 quantocius
1689 4322 1893 4393 direxi,
1912 4331 1965 4378 et
2001 4331 2060 4377 ut

483 4414 798 4470 mandatum
844 4420 1088 4467 vestrum
1123 4414 1379 4483 impleant
1406 4416 1570 4468 etiam
1616 4416 1821 4470 nostris
1865 4416 2059 4471 litteris

480 4507 765 4576 diligenter
790 4497 1101 4560 submonui.
1128 4502 1202 4559 De
1223 4504 1540 4574 poenitentia
1562 4513 1742 4561 autem
1776 4504 2059 4561 Strasbur-

470 4596 668 4669 .gensis
695 4595 935 4665 episcopi
968 4595 1106 4648 nihil
1131 4597 1262 4649 certi
1299 4611 1596 4665 possumus
1636 4598 1791 4654 vobis
1826 4614 2056 4668 respon-

480 4688 627 4751 dere,
657 4677 804 4756 quod
841 4701 960 4753 nec,
997 4684 1042 4741 si
1067 4685 1117 4741 ei
1153 4685 1396 4756 injuncta
1434 4694 1598 4763 esset,
1622 4688 2051 4754 antehaC'scivi,

483 4792 602 4842 nec,
639 4776 827 4829 sicam
850 4776 1122 4840 observet,
1152 4785 1371 4844 propter
1391 4776 1649 4847 temporis
1674 4776 2054 4847 compendium

482 4866 756 4936 inquirere
796 4865 967 4936 potui.
1004 4863 1078 4920 De
1110 4864 1357 4938 castitate
1390 4881 1521 4921 vero
1547 4857 2055 4937 clericorum'ctde

485 4955 796 5010 Simoniaca
831 4954 1043 5019 haeresi,
1080 4957 1147 5009 ad
1192 4971 1463 5010 summam
1507 4956 1574 5011 de
1604 4955 1857 5011 omnibus
1890 4972 2054 5025 quam

483 5045 617 5099 mihi
641 5044 961 5110 mandastis,
999 5058 1233 5114 semper,
1261 5054 1423 5114 prout
1456 5046 1571 5114 ipse
1607 5045 1892 5114 adjuverit,
1922 5045 2055 5099 obc-

481 5134 628 5188 diam
651 5133 763 5188 Deo
801 5142 855 5188 et
880 5134 1053 5190 vobis.
1080 5128 1194 5189 Erit
1233 5143 1413 5189 autem
1447 5136 1757 5204 apostolica:
1795 5151 2054 5202 mansuc-

484 5222 689 5279 tudinis
711 5231 766 5278 et
782 5250 785 5253 ν
799 5231 1038 5294 paternae
1061 5224 1387 5293 dilectionis,
1420 5225 1466 5280 si
1492 5224 1559 5280 ad
1583 5222 1781 5293 fratres
1800 5225 2054 5281 mandata

483 5314 719 5383 dirigere
736 5313 1121 5379 ecclesiastica,
1144 5324 1206 5368 ut
1227 5324 1283 5369 et
1293 5312 2055 5386 temporum'opportunitates

482 5415 539 5462 ct
584 5393 942 5476 singulorum
976 5405 1393 5477 possibilitatem
1408 5385 1721 5478 dignemini
1765 5405 2051 5476 inspicere,

484 5506 545 5550 ut
580 5494 998 5551 etdcviantibus
1030 5504 1084 5549 ct
1125 5494 1362 5567 dyscolis
1418 5494 1740 5549 adhibeatur
1771 5494 2054 5563 disciplina

456 5597 459 5601 ‘
484 5601 607 5654 qua:
621 5586 866 5651 debetur,
880 5592 934 5639 et
960 5583 1209 5652 infirmis,
1233 5595 1287 5640 et
1311 5600 1449 5655 opus
1475 5583 1801 5647 habentibus
1821 5584 2049 5648 medico,

485 5679 794 5748 eompassio
825 5676 1107 5733 charitatis
1151 5692 1259 5730 non
1295 5685 1537 5747 negetur,
1569 5688 1820 5746 saepeque
1843 5674 2051 5727 exami-

488 5766 628 5822 natis
652 5768 989 5837 negotiorum
1022 5764 1205 5820 causis
1230 5764 1550 5819 adhibeatur
1572 5763 1761 5836 judicii
1797 5777 2048 5828 censura,

488 5866 545 5911 ut
567 5856 879 5930 apostolica:
891 5854 1231 5913 discretionis
1254 5864 1303 5911 et
1325 5863 1563 5928 paternae
1586 5854 1803 5927 pietatis
1827 5851 2046 5909 modum

2091 3305 2131 3361 C

2166 723 2411 771 vestrum
2456 728 2557 786 pro
2599 715 2758 770 nobis
2797 725 3043 770 orantem
3088 717 3383 776 Samarites
3417 721 3507 777 ille
3549 733 3741 780 custo-

2165 804 2299 873 diat,
2325 804 2422 874 qui
2454 804 2509 858 in
2531 804 2888 859 custodiendo
2909 821 3068 861 suum
3090 804 3257 862 Israel
3276 824 3387 865 non
3410 810 3617 867 dormit
3639 828 3742 869 ne-

2165 908 2273 963 que
2289 893 2567 960 dormitat,
2597 902 2653 950 et
2672 894 2969 952 divisiones
2993 893 3315 968 gratiarum,
3344 916 3484 971 quas
3502 901 3561 958 in
3584 904 3744 961 clave

2165 980 2309 1038 Petri
2342 984 2620 1050 adunavit,
2677 984 2794 1054 ipse
2837 984 2894 1038 in
2947 983 3102 1042 vobis
3154 988 3339 1046 unitas
3387 990 3742 1064 integr-asque

2164 1080 2468 1139 conservet,
2492 1072 2587 1143 qui
2622 1072 2796 1144 ipsam
2827 1074 3033 1129 clavem
3054 1076 3208 1134 vobis
3226 1078 3519 1137 commisit.

2300 1185 2307 1193 δ
2885 1155 2997 1220 νη.

2622 1251 2876 1323 Ejusdem
2907 1255 2977 1308 ad
3009 1257 3267 1315 eumdem.
3289 1278 3297 1286 ’

2554 1331 2728 1396 Μαηεὶ
2749 1339 2963 1418 τ(Σοηεει.
2986 1342 3104 1413 XX,
3132 1361 3189 1418 p.
3206 1346 3353 1407 ,435.

2236 1430 2498 1502 Specialis
2529 1416 2848 1489 reverentia:
2882 1436 3025 1503 patri
3047 1416 3556 1509 Caesonio,_prim:e
3583 1441 3736 1502 sedis

2164 1521 2393 1577 antistiti
2417 1521 2473 1574 S.
2505 1520 2854 1601 Mogqntinus
2884 1525 2937 1579 id
2970 1525 3114 1596 quod
3140 1533 3227 1581 est
3246 1525 3341 1583 Dei
3365 1529 3560 1597 gratia,
3582 1529 3732 1601 quod

2165 1612 2305 1681 patri
2336 1611 2498 1679 filius,
2531 1611 2677 1683 quod
2720 1614 2943 1684 praelato
2985 1615 3282 1686 subjectus.

2234 1702 2489 1759 Adhibito
2513 1703 2733 1760 desidia:
2764 1714 3045 1775 pastorum
3091 1714 3146 1762 et
3182 1707 3518 1779 negligentiae
3562 1726 3736 1767 sacra:

2164 1794 2557 1849 exhortationis
2588 1803 2642 1849 ct
2660 1795 3065 1852 ammonitionis
3098 1796 3468 1863 incitamento,
3501 1798 3732 1871 vigilan-

2168 1884 2239 1939 tia
2262 1886 2550 1954 pastoralis
2579 1885 2744 1941 ofticii
2777 1886 2963 1954 vestri,
2997 1886 3071 1942 mi
3105 1887 3397 1943 reverende
3414 1886 3597 1956 Pater,
3631 1905 3735 1946 nos

2098 1978 2141 2033 Β
2166 1976 2323 2046 quasi
2358 1976 2426 2031 dc
2449 1991 2641 2031 somno
2662 1975 2937 2043 excitavit,
2960 1985 3015 2031 et
3055 1984 3115 2030 ut
3142 1990 3281 2047 opus
3318 1975 3619 2049 Evangelii,
3666 1979 3736 2034 ad

2164 2065 2310 2135 quod
2331 2065 2471 2120 servi
2496 2063 2910 2120 Patrtsfa'ntilias
2926 2066 3165 2136 deputati
3188 2080 3403 2135 sumus,
3422 2067 3735 2125 indesinen-

2165 2166 2248 2212 ter
2265 2170 2517 2213 curemus
2543 2157 2785 2228 implere,
2797 2173 2963 2229 quam
2986 2158 3224 2215 studiose
3251 2158 3589 2226 incitat,tam
3602 2159 3737 2214 reli-

2165 2247 2314 2315 giose
2336 2246 2545 2303 invitat.
2571 2246 2738 2304 Sacra
2760 2263 2994 2319 namque
3003 2257 3084 2303 cst
3096 2248 3183 2319 pia
3196 2248 3504 2305 sollicitudo
3523 2248 3741 2320 providi

2163 2338 2416 2409 pastoris,
2435 2340 2588 2395 beata
2619 2347 2671 2395 et
2696 2339 3109 2394 renumerabilis
3142 2339 3421 2394 exsecutio
3459 2336 3628 2409 hujus
3650 2338 3740 2393 di-

2165 2428 2275 2482 vini
2289 2429 2596 2498 operis,sed
2619 2430 2724 2484 heu
2739 2431 2752 2484 !
2770 2429 3002 2483 multum
3023 2429 3285 2483 reclamat
3297 2442 3479 2482 rerum
3501 2428 3741 2498 vertigo,

2164 2530 2218 2575 ct
2231 2519 2487 2590 iniquitas
2509 2517 2788 2591 temporis.
2806 2517 2875 2573 At
2888 2534 3017 2574 vero
3045 2517 3092 2574 si
3116 2515 3233 2573 dies
3248 2515 3376 2573 mali
3392 2525 3539 2584 sunt,
3554 2525 3741 2573 tamen

2164 2609 2441 2666 admonita
2454 2619 2633 2668 vestra
2648 2611 2889 2683 vigilanti
2904 2609 3113 2667 cautela
3124 2618 3337 2681 tempus
3360 2609 3740 2665 redimendum

2164 2707 2269 2765 cst,
2295 2715 2384 2766 ne,
2405 2699 2454 2756 si
2479 2709 2700 2772 propter
2720 2716 2870 2756 aura:
2884 2699 3256 2771 intemperiem
3274 2698 3489 2754 vineam
3516 2696 3741 2754 Domini

2163 2792 2438 2849 culturare
2464 2794 2713 2861 desistat,
2747 2794 2815 2850 de
2847 2792 3171 2866 negligentia
3195 2791 3586 2847 condemnetur
3610 2790 3739 2861 qui-

2163 2886 2294 2941 libet
2318 2885 2526 2942 inutilis
2546 2886 2850 2957 operarius,
2870 2893 2947 2951 et,
2961 2883 3009 2939 si
3026 2886 3323 2953 tempestas
3347 2881 3509 2937 hodie
3535 2882 3743 2953 ingruit

2163 2993 2286 3050 quae
2300 2991 2411 3054 nos
2439 2975 2509 3031 ab
2539 2989 2705 3046 opere
2738 2972 2981 3046 repellat,
3011 2989 3135 3030 cras
3164 2972 3381 3029 etelitus
3413 2972 3627 3029 reddita
3651 2988 3741 3028 se-

2164 3049 2394 3122 renitate
2426 3065 2667 3120 studium
2717 3064 2978 3118 nimirum
3020 3063 3078 3118 in
3126 3063 3184 3119 id
3235 3062 3413 3134 ipsum
3466 3072 3735 3119 recurrat.

2164 3155 2349 3231 itaque
2374 3155 2566 3211 indixit
2593 3155 2892 3211 auctoritas
2924 3162 3119 3210 vestra:
3156 3162 3358 3210 sancta:
3391 3155 3741 3224 paternitatis

2167 3256 2228 3301 ut
2250 3255 2448 3302 statuta
2484 3247 2591 3314 die,
2616 3245 2856 3302 collectis
2884 3244 3143 3301 fratribus
3168 3259 3234 3300 ex
3256 3244 3566 3315 apostolicae
3584 3245 3738 3318 lega-

2166 3334 2330 3391 tionis
2372 3334 2964 3402 mandato,eoneilium
3005 3334 3301 3390 debeamus
3343 3334 3642 3402 celebrare,
3683 3343 3741 3390 et

2162 3422 2424 3492 quidquid
2450 3422 2506 3477 in
2540 3421 2816 3492 provincia
2857 3430 2953 3476 aut
2990 3422 3045 3475 iu
3076 3437 3242 3492 regno
3284 3430 3473 3477 nostro
3510 3424 3595 3478 vel
3639 3438 3741 3493 per

2165 3512 2527 3567 Simoniacam
2550 3511 2779 3566 haeresin
2804 3511 2887 3567 vel
2914 3512 3403 3583 quomodoeunque
3429 3522 3621 3570 contra
3644 3527 3737 3568 ne-

2161 3602 2340 3673 gulam
2388 3600 2765 3677 ecclesiasticae
2808 3601 3143 3657 rectitudinis
3184 3616 3463 3671 perperam
3518 3613 3736 3675 gestum

2162 3701 2256 3747 aut
2278 3693 2420 3747 male
2449 3699 2771 3761 usurpatum
2794 3691 2878 3746 vel
2906 3700 3106 3746 temere
3125 3700 3512 3762 praesumptum
3538 3709 3740 3750 occur-

2162 3784 2315 3848 rcrit,
2340 3783 2546 3853 judicio
2590 3781 2818 3836 fratrum
2845 3782 3083 3837 recidere
3111 3797 3219 3835 non
3252 3782 3568 3839 differamus
3597 3783 3739 3841 falce

2155 3876 2397 3947 justitite.
2430 3874 2583 3942 Quod
2614 3875 2904 3945 praecipitis
2932 3875 3085 3941 mihi,
3112 3874 3292 3942 Pater,
3325 3891 3543 3946 equum
3566 3886 3654 3933 est
3681 3887 3739 3931 ct

2154 3964 2384 4035 justum,
2413 3974 2466 4020 et
2491 3965 2594 4020 hoc
2626 3980 2723 4035 per
2748 3965 3058 4036 provincias
3079 3966 3162 4022 bis
3188 3968 3242 4021 in
3264 3981 3408 4021 anno
3433 3966 3550 4022 ﬁeri
3576 3982 3739 4021 man-

2160 4058 2292 4113 dant
2323 4058 2537 4113 decreta
2578 4071 2863 4113 sacrorum
2898 4072 3200 4132 canonum;
3234 4058 3328 4112 sed
3368 4058 3437 4111 ad
3461 4056 3611 4127 quod
3638 4057 3736 4112 de—

2159 4155 2434 4201 crctorum
2463 4141 2784 4202 auctoritas
2824 4155 2881 4202 et
2933 4155 3111 4222 vestra
3146 4145 3442 4216 paternitas
3482 4146 3731 4218 impellit,

2159 4237 2230 4293 ab
2250 4238 2355 4294 hoc
2383 4247 2436 4293 et
2455 4237 3009 4307 rcrnm'inzequalitas
3037 4246 3091 4292 et
3120 4236 3285 4307 hujus
3323 4237 3547 4309 maligni
3590 4245 3733 4292 tem-

2158 4328 2307 4398 poris
2330 4326 2715 4398 importunitas
2760 4343 2862 4383 nos
2892 4328 3051 4397 longe
3091 4326 3316 4397 repellit.
3352 4326 3598 4396 Denique
3640 4343 3738 4382 au-

2158 4419 2330 4473 ditum
2364 4418 2638 4474 credimus
2662 4427 2854 4474 vestra:
2873 4415 3204 4486 pa‘ternitati,
3221 4423 3456 4486 quantus
3481 4415 3540 4470 in
3561 4432 3735 4489 regno

2146 4517 2347 4564 nostro
2376 4516 2579 4577 motus,
2616 4516 2820 4580 quanta
2850 4507 2922 4562 sit
2943 4507 3297 4577 perturbatio,
3323 4507 3735 4577 quam-pericu-

2086 4633 2132 4687 Β
2158 4598 2272 4653 lose
2297 4597 2433 4654 bella
2463 4604 2781 4687 grassantur
2812 4603 2867 4651 et
2901 4595 3212 4687 seditiones,
3253 4595 3394 4687 sicut
3416 4590 3734 4650 audivimus

2158 4689 2213 4742 in
2235 4689 2569 4759 evangelico.
2602 4686 2884 4752 Auditum,
2913 4684 3157 4755 inquam,
3187 4683 3458 4739 credimus
3480 4684 3644 4740 vobis
3664 4685 3734 4740 de

2144 4777 2319 4845 bello,
2345 4778 2493 4848 quod
2522 4793 2552 4832 a
2581 4776 2811 4832 Domino
2834 4784 3022 4832 nostro
3056 4790 3179 4843 rege
3203 4772 3405 4829 factum
3426 4781 3512 4829 est
3534 4783 3733 4830 contra

2160 4866 2406 4923 Saxones
2432 4875 2487 4922 et
2523 4867 2852 4937 Thuringos,
2884 4873 2939 4920 et
2968 4863 3240 4935 quomodo
3272 4861 3463 4919 dextra
3507 4862 3734 4918 Domini

2157 4960 2512 5030 prostraverit
2532 4968 2588 5013 et
2609 4955 2875 5028 fugaverit
2892 4954 3117 5012 rebelles
3142 4963 3196 5011 et
3216 4952 3442 5024 impios;
3465 4960 3521 5007 et
3542 4960 3731 5008 tamen

2158 5051 2335 5104 adhuc
2364 5050 2417 5102 in
2442 5049 2631 5103 eadem
2659 5045 3023 5101 obstinatione
3051 5046 3347 5117 perdurant
3376 5043 3544 5098 etiam
3572 5043 3729 5111 victi,

2155 5148 2210 5193 et
2240 5138 2435 5193 iterum
2462 5138 2699 5208 perﬁdiae
2722 5146 2885 5207 caput
2907 5138 3107 5202 levant,
3136 5150 3203 5189 ac
3237 5133 3404 5190 totius
3427 5135 3583 5207 regni
3611 5136 3731 5206 gla-

2155 5227 2275 5284 dios
2296 5237 2484 5284 contra
2511 5244 2570 5284 se
2591 5224 2847 5301 acuentes
2873 5227 3069 5281 iterum
3097 5225 3316 5281 recidua
3334 5220 3475 5280 bella
3502 5234 3725 5294 parant.

2157 5316 2335 5372 Unum
2349 5319 2623 5383 timemus,
2637 5317 2780 5388 (ιυοὰ
2791 5331 2891 5385 pro
2902 5326 3123 5386 peccato
3135 5315 3318 5387 populi
3329 5315 3396 5369 de
3411 5314 3610 5385 vagina
3623 5332 3729 5374 sua

2152 5409 2378 5464 eductus
2395 5408 2465 5462 sit
2478 5407 2686 5477 gladius
2696 5405 2931 5473 Domini,
2944 5416 2997 5462 et
3010 5416 3188 5461 tamen
3200 5402 3356 5503 [nisi]
3367 5415 3729 5475 pernostram

2155 5499 2493 5565 aliorumque
2534 5505 2848 5552 sanctorum
2891 5495 3210 5566 propitietur
3246 5492 3726 5562 intercessionem,

2155 5586 2381 5640 forsitan
2431 5585 2686 5639 desaeviet
2725 5598 2900 5653 usque
2943 5582 3013 5637 ad
3044 5582 3487 5641 internecionem.
3527 5580 3730 5639 Soluto

2153 5688 2387 5744 namque
2407 5675 2553 5745 pacis
2576 5675 2790 5729 vinculo
2812 5682 2868 5727 ct
2893 5682 3052 5743 rupto
3072 5673 3369 5744 disciplina:
3383 5670 3564 5739 freno,
3589 5688 3730 5744 gens

2153 5765 2384 5836 insurgit
2413 5772 2600 5819 contra
2647 5770 2857 5833 gentem
2893 5763 2958 5817 de
2993 5762 3234 5817 terminis
3268 5759 3441 5830 regni.
3491 5757 3729 5817 Hostilis

2149 5855 2360 5932 gladius
2399 5854 2773 5913 exterminavit
2824 5854 3168 5912 concordiam
3218 5859 3272 5908 et
3318 5866 3532 5925 pacem,
3564 5861 3622 5911 et
3648 5852 3728 5909 ita
