  <div class='ocr_page' id='page_1' title='image "/cluster/home/n/w/nwhite01/storage/ocr_20150623/148/uva.x000829792/379.png"; bbox 0 0 3944 6424; ppageno 0'>
   <div class='ocr_carea' id='block_1_1' title="bbox 500 484 602 562">
    <p class='ocr_par' dir='ltr' id='par_1_1' title="bbox 500 484 602 562">
     <span class='ocr_line' id='line_1_1' title="bbox 500 484 602 562; baseline 0 -1"><span class='ocrx_word' id='word_1_1' title='bbox 500 484 602 562; x_wconf 61' lang='grc' dir='ltr'><strong>’ῖεὰ</strong></span> 
     </span>
    </p>
   </div>
   <div class='ocr_carea' id='block_1_2' title="bbox 1405 454 2803 549">
    <p class='ocr_par' dir='ltr' id='par_1_2' title="bbox 1405 454 2803 549">
     <span class='ocr_line' id='line_1_2' title="bbox 1405 454 2803 549; baseline -0.007 -1"><span class='ocrx_word' id='word_1_2' title='bbox 1405 494 1456 548; x_wconf 89' lang='lat' dir='ltr'><strong>s.</strong></span> <span class='ocrx_word' id='word_1_3' title='bbox 1498 490 1820 549; x_wconf 72' lang='lat' dir='ltr'><strong>GnliGOllll</strong></span> <span class='ocrx_word' id='word_1_4' title='bbox 1856 490 1951 545; x_wconf 81' lang='lat' dir='ltr'><strong>vn</strong></span> <span class='ocrx_word' id='word_1_5' title='bbox 1972 485 2180 544; x_wconf 66' lang='lat' dir='ltr'><strong>rara:</strong></span> <span class='ocrx_word' id='word_1_6' title='bbox 2214 484 2497 542; x_wconf 62' lang='lat' dir='ltr'><strong>orsum:</strong></span> <span class='ocrx_word' id='word_1_7' title='bbox 2530 454 2708 542; x_wconf 59' lang='lat' dir='ltr'><strong>eius</strong></span> <span class='ocrx_word' id='word_1_8' title='bbox 2744 486 2803 540; x_wconf 81' lang='grc' dir='ltr'><strong>ιι.</strong></span> 
     </span>
    </p>
   </div>
   <div class='ocr_carea' id='block_1_3' title="bbox 3678 64 3875 105">
    <p class='ocr_par' dir='ltr' id='par_1_3' title="bbox 3678 64 3875 105">
     <span class='ocr_line' id='line_1_3' title="bbox 3678 64 3875 105; baseline -0.005 -32"><span class='ocrx_word' id='word_1_9' title='bbox 3678 64 3875 105; x_wconf 43' lang='grc' dir='ltr'>..ιυ-</span> 
     </span>
    </p>
   </div>
   <div class='ocr_carea' id='block_1_4' title="bbox 3619 496 3726 555">
    <p class='ocr_par' dir='ltr' id='par_1_4' title="bbox 3619 496 3726 555">
     <span class='ocr_line' id='line_1_4' title="bbox 3619 496 3726 555; baseline -0.019 0"><span class='ocrx_word' id='word_1_10' title='bbox 3619 496 3726 555; x_wconf 67' lang='grc'><strong>734</strong></span> 
     </span>
    </p>
   </div>
   <div class='ocr_carea' id='block_1_5' title="bbox 498 598 3723 691">
    <p class='ocr_par' dir='ltr' id='par_1_5' title="bbox 498 598 3723 691">
     <span class='ocr_line' id='line_1_5' title="bbox 498 598 3723 691; baseline -0.004 -17"><span class='ocrx_word' id='word_1_11' title='bbox 498 616 774 691; x_wconf 77' lang='lat' dir='ltr'><strong>pudendas</strong></span> <span class='ocrx_word' id='word_1_12' title='bbox 817 598 1263 682; x_wconf 72' lang='lat' dir='ltr'><strong>reprelurnsioues</strong></span> <span class='ocrx_word' id='word_1_13' title='bbox 1307 618 1363 663; x_wconf 90' lang='lat' dir='ltr'><strong>et</strong></span> <span class='ocrx_word' id='word_1_14' title='bbox 1400 609 1740 671; x_wconf 84' lang='lat' dir='ltr'><strong>vocationes,</strong></span> <span class='ocrx_word' id='word_1_15' title='bbox 1786 605 1921 659; x_wconf 89' lang='lat' dir='ltr'><strong>mibi</strong></span> <span class='ocrx_word' id='word_1_16' title='bbox 1960 604 2053 674; x_wconf 87' lang='lat' dir='ltr'><strong>qui</strong></span> <span class='ocrx_word' id='word_1_17' title='bbox 2083 605 2128 661; x_wconf 73' lang='grc' dir='ltr'><strong>Α</strong></span> <span class='ocrx_word' id='word_1_18' title='bbox 2154 601 2258 675; x_wconf 88' lang='lat' dir='ltr'><strong>boc</strong></span> <span class='ocrx_word' id='word_1_19' title='bbox 2311 614 2441 675; x_wconf 83' lang='lat' dir='ltr'><strong>ergo</strong></span> <span class='ocrx_word' id='word_1_20' title='bbox 2490 616 2520 654; x_wconf 89' lang='lat' dir='ltr'><strong>a</strong></span> <span class='ocrx_word' id='word_1_21' title='bbox 2567 600 2720 655; x_wconf 87' lang='lat' dir='ltr'><strong>vobis</strong></span> <span class='ocrx_word' id='word_1_22' title='bbox 2764 598 3010 653; x_wconf 84' lang='lat' dir='ltr'><strong>veniente</strong></span> <span class='ocrx_word' id='word_1_23' title='bbox 3054 601 3332 658; x_wconf 79' lang='lat' dir='ltr'><strong>missatico</strong></span> <span class='ocrx_word' id='word_1_24' title='bbox 3376 609 3644 663; x_wconf 88' lang='lat' dir='ltr'><strong>remansit</strong></span> <span class='ocrx_word' id='word_1_25' title='bbox 3687 625 3723 663; x_wconf 87' lang='lat' dir='ltr'><strong>a</strong></span> 
     </span>
    </p>
   </div>
   <div class='ocr_carea' id='block_1_6' title="bbox 499 695 2057 770">
    <p class='ocr_par' dir='ltr' id='par_1_6' title="bbox 499 695 2057 770">
     <span class='ocr_line' id='line_1_6' title="bbox 499 695 2057 770; baseline -0.012 -6"><span class='ocrx_word' id='word_1_26' title='bbox 499 708 667 764; x_wconf 93' lang='lat' dir='ltr'><strong>totius</strong></span> <span class='ocrx_word' id='word_1_27' title='bbox 688 702 871 759; x_wconf 65' lang='lat' dir='ltr'><strong>Galliae</strong></span> <span class='ocrx_word' id='word_1_28' title='bbox 897 703 1180 770; x_wconf 61' lang='lat' dir='ltr'><strong>episcopos</strong></span> <span class='ocrx_word' id='word_1_29' title='bbox 1204 698 1390 763; x_wconf 19' lang='lat' dir='ltr'><strong>debeo,</strong></span> <span class='ocrx_word' id='word_1_30' title='bbox 1404 710 1723 760; x_wconf 84' lang='lat' dir='ltr'><strong>convocare,</strong></span> <span class='ocrx_word' id='word_1_31' title='bbox 1748 695 1906 748; x_wconf 87' lang='lat' dir='ltr'><strong>liccat</strong></span> <span class='ocrx_word' id='word_1_32' title='bbox 1926 707 2057 747; x_wconf 89' lang='lat' dir='ltr'><strong>con-</strong></span> 
     </span>
    </p>
   </div>
   <div class='ocr_carea' id='block_1_7' title="bbox 501 780 2057 856">
    <p class='ocr_par' dir='ltr' id='par_1_7' title="bbox 501 780 2057 856">
     <span class='ocr_line' id='line_1_7' title="bbox 501 780 2057 856; baseline -0.01 -6"><span class='ocrx_word' id='word_1_33' title='bbox 501 794 663 850; x_wconf 83' lang='lat' dir='ltr'><strong>lidere</strong></span> <span class='ocrx_word' id='word_1_34' title='bbox 691 792 757 846; x_wconf 93' lang='lat' dir='ltr'><strong>de</strong></span> <span class='ocrx_word' id='word_1_35' title='bbox 786 790 942 845; x_wconf 90' lang='lat' dir='ltr'><strong>vobis</strong></span> <span class='ocrx_word' id='word_1_36' title='bbox 965 788 1083 843; x_wconf 90' lang='lat' dir='ltr'><strong>sine</strong></span> <span class='ocrx_word' id='word_1_37' title='bbox 1122 782 1755 856; x_wconf 78' lang='lat' dir='ltr'><strong>legatorumvocatione,</strong></span> <span class='ocrx_word' id='word_1_38' title='bbox 1792 781 1964 836; x_wconf 89' lang='lat' dir='ltr'><strong>donec</strong></span> <span class='ocrx_word' id='word_1_39' title='bbox 1989 780 2057 834; x_wconf 87' lang='lat' dir='ltr'><strong>ad</strong></span> 
     </span>
    </p>
   </div>
   <div class='ocr_carea' id='block_1_8' title="bbox 498 868 2060 941">
    <p class='ocr_par' dir='ltr' id='par_1_8' title="bbox 498 868 2060 941">
     <span class='ocr_line' id='line_1_8' title="bbox 498 868 2060 941; baseline -0.012 -1"><span class='ocrx_word' id='word_1_40' title='bbox 498 883 707 940; x_wconf 76' lang='lat' dir='ltr'><strong>Pascha</strong></span> <span class='ocrx_word' id='word_1_41' title='bbox 733 879 946 936; x_wconf 88' lang='lat' dir='ltr'><strong>veniam</strong></span> <span class='ocrx_word' id='word_1_42' title='bbox 976 875 1041 930; x_wconf 87' lang='lat' dir='ltr'><strong>ad</strong></span> <span class='ocrx_word' id='word_1_43' title='bbox 1084 890 1203 941; x_wconf 90' lang='lat' dir='ltr'><strong>vos,</strong></span> <span class='ocrx_word' id='word_1_44' title='bbox 1224 874 1336 928; x_wconf 85' lang='lat' dir='ltr'><strong>Deo</strong></span> <span class='ocrx_word' id='word_1_45' title='bbox 1368 873 1599 928; x_wconf 89' lang='lat' dir='ltr'><strong>volente.</strong></span> <span class='ocrx_word' id='word_1_46' title='bbox 1638 870 1901 925; x_wconf 65' lang='lat' dir='ltr'><strong>Prmterea</strong></span> <span class='ocrx_word' id='word_1_47' title='bbox 1933 868 2060 922; x_wconf 82' lang='lat' dir='ltr'><strong>volo</strong></span> 
     </span>
    </p>
   </div>
   <div class='ocr_carea' id='block_1_9' title="bbox 499 957 2057 1040">
    <p class='ocr_par' dir='ltr' id='par_1_9' title="bbox 499 957 2057 1040">
     <span class='ocr_line' id='line_1_9' title="bbox 499 957 2057 1040; baseline -0.012 -11"><span class='ocrx_word' id='word_1_48' title='bbox 499 973 697 1029; x_wconf 79' lang='lat' dir='ltr'><strong>obnixe</strong></span> <span class='ocrx_word' id='word_1_49' title='bbox 721 970 1020 1040; x_wconf 88' lang='lat' dir='ltr'><strong>supplicare</strong></span> <span class='ocrx_word' id='word_1_50' title='bbox 1048 974 1102 1021; x_wconf 87' lang='lat' dir='ltr'><strong>ct</strong></span> <span class='ocrx_word' id='word_1_51' title='bbox 1131 964 1497 1035; x_wconf 61' lang='lat' dir='ltr'><strong>praenuntiam</strong></span> <span class='ocrx_word' id='word_1_52' title='bbox 1522 961 1678 1016; x_wconf 90' lang='lat' dir='ltr'><strong>vobis</strong></span> <span class='ocrx_word' id='word_1_53' title='bbox 1708 969 1784 1027; x_wconf 92' lang='lat' dir='ltr'><strong>ut,</strong></span> <span class='ocrx_word' id='word_1_54' title='bbox 1800 957 2057 1029; x_wconf 87' lang='lat' dir='ltr'><strong>quoniam</strong></span> 
     </span>
    </p>
   </div>
   <div class='ocr_carea' id='block_1_10' title="bbox 500 1049 2060 1126">
    <p class='ocr_par' dir='ltr' id='par_1_10' title="bbox 500 1049 2060 1126">
     <span class='ocr_line' id='line_1_10' title="bbox 500 1049 2060 1126; baseline -0.009 -8"><span class='ocrx_word' id='word_1_55' title='bbox 500 1065 557 1119; x_wconf 91' lang='lat' dir='ltr'><strong>in</strong></span> <span class='ocrx_word' id='word_1_56' title='bbox 581 1062 823 1118; x_wconf 76' lang='lat' dir='ltr'><strong>absentia</strong></span> <span class='ocrx_word' id='word_1_57' title='bbox 846 1059 972 1125; x_wconf 90' lang='lat' dir='ltr'><strong>mei,</strong></span> <span class='ocrx_word' id='word_1_58' title='bbox 989 1072 1161 1126; x_wconf 80' lang='lat' dir='ltr'><strong>nuper</strong></span> <span class='ocrx_word' id='word_1_59' title='bbox 1182 1055 1322 1125; x_wconf 89' lang='lat' dir='ltr'><strong>apud</strong></span> <span class='ocrx_word' id='word_1_60' title='bbox 1343 1069 1442 1109; x_wconf 68' lang='lat' dir='ltr'><strong>vss</strong></span> <span class='ocrx_word' id='word_1_61' title='bbox 1470 1049 2060 1116; x_wconf 87' lang='lat' dir='ltr'><strong>commorantis,multa</strong></span> 
     </span>
    </p>
   </div>
   <div class='ocr_carea' id='block_1_11' title="bbox 498 1140 2061 1223">
    <p class='ocr_par' dir='ltr' id='par_1_11' title="bbox 498 1140 2061 1223">
     <span class='ocr_line' id='line_1_11' title="bbox 498 1140 2061 1223; baseline -0.008 -15"><span class='ocrx_word' id='word_1_62' title='bbox 498 1167 665 1223; x_wconf 84' lang='lat' dir='ltr'><strong>prave</strong></span> <span class='ocrx_word' id='word_1_63' title='bbox 683 1159 737 1205; x_wconf 87' lang='lat' dir='ltr'><strong>et</strong></span> <span class='ocrx_word' id='word_1_64' title='bbox 766 1148 1070 1203; x_wconf 80' lang='lat' dir='ltr'><strong>inordinate</strong></span> <span class='ocrx_word' id='word_1_65' title='bbox 1101 1154 1222 1201; x_wconf 88' lang='lat' dir='ltr'><strong>acta</strong></span> <span class='ocrx_word' id='word_1_66' title='bbox 1255 1146 1383 1200; x_wconf 80' lang='lat' dir='ltr'><strong>sunt</strong></span> <span class='ocrx_word' id='word_1_67' title='bbox 1408 1143 1464 1197; x_wconf 91' lang='lat' dir='ltr'><strong>in</strong></span> <span class='ocrx_word' id='word_1_68' title='bbox 1498 1143 1747 1213; x_wconf 88' lang='lat' dir='ltr'><strong>partibus</strong></span> <span class='ocrx_word' id='word_1_69' title='bbox 1770 1156 1902 1196; x_wconf 69' lang='lat' dir='ltr'><strong>mete</strong></span> <span class='ocrx_word' id='word_1_70' title='bbox 1923 1140 2061 1195; x_wconf 73' lang='lat' dir='ltr'><strong>dim-</strong></span> 
     </span>
    </p>
   </div>
   <div class='ocr_carea' id='block_1_12' title="bbox 500 1229 2062 1310">
    <p class='ocr_par' dir='ltr' id='par_1_12' title="bbox 500 1229 2062 1310">
     <span class='ocr_line' id='line_1_12' title="bbox 500 1229 2062 1310; baseline -0.009 -12"><span class='ocrx_word' id='word_1_71' title='bbox 500 1244 662 1307; x_wconf 86' lang='lat' dir='ltr'><strong>cesis,</strong></span> <span class='ocrx_word' id='word_1_72' title='bbox 687 1255 787 1310; x_wconf 90' lang='lat' dir='ltr'><strong>ego</strong></span> <span class='ocrx_word' id='word_1_73' title='bbox 808 1254 937 1292; x_wconf 91' lang='lat' dir='ltr'><strong>vero</strong></span> <span class='ocrx_word' id='word_1_74' title='bbox 957 1252 1065 1291; x_wconf 92' lang='lat' dir='ltr'><strong>non</strong></span> <span class='ocrx_word' id='word_1_75' title='bbox 1108 1246 1295 1306; x_wconf 86' lang='lat' dir='ltr'><strong>potero</strong></span> <span class='ocrx_word' id='word_1_76' title='bbox 1319 1234 1569 1289; x_wconf 82' lang='lat' dir='ltr'><strong>omittere</strong></span> <span class='ocrx_word' id='word_1_77' title='bbox 1595 1232 1728 1304; x_wconf 90' lang='lat' dir='ltr'><strong>quin</strong></span> <span class='ocrx_word' id='word_1_78' title='bbox 1759 1229 2062 1302; x_wconf 83' lang='lat' dir='ltr'><strong>ministerio</strong></span> 
     </span>
    </p>
   </div>
   <div class='ocr_carea' id='block_1_13' title="bbox 500 1317 2062 1393">
    <p class='ocr_par' dir='ltr' id='par_1_13' title="bbox 500 1317 2062 1393">
     <span class='ocr_line' id='line_1_13' title="bbox 500 1317 2062 1393; baseline -0.008 -8"><span class='ocrx_word' id='word_1_79' title='bbox 500 1340 683 1387; x_wconf 87' lang='lat' dir='ltr'><strong>vestro</strong></span> <span class='ocrx_word' id='word_1_80' title='bbox 706 1338 828 1384; x_wconf 92' lang='lat' dir='ltr'><strong>utar</strong></span> <span class='ocrx_word' id='word_1_81' title='bbox 851 1327 905 1381; x_wconf 92' lang='lat' dir='ltr'><strong>in</strong></span> <span class='ocrx_word' id='word_1_82' title='bbox 930 1326 1016 1380; x_wconf 89' lang='lat' dir='ltr'><strong>bis</strong></span> <span class='ocrx_word' id='word_1_83' title='bbox 1038 1324 1401 1381; x_wconf 88' lang='lat' dir='ltr'><strong>ecclesiastice</strong></span> <span class='ocrx_word' id='word_1_84' title='bbox 1433 1321 1786 1393; x_wconf 77' lang='lat' dir='ltr'><strong>corrigendis.</strong></span> <span class='ocrx_word' id='word_1_85' title='bbox 1832 1319 1890 1374; x_wconf 90' lang='lat' dir='ltr'><strong>Si</strong></span> <span class='ocrx_word' id='word_1_86' title='bbox 1931 1317 2062 1389; x_wconf 90' lang='lat' dir='ltr'><strong>quid</strong></span> 
     </span>
    </p>
   </div>
   <div class='ocr_carea' id='block_1_14' title="bbox 499 1407 2060 1492">
    <p class='ocr_par' dir='ltr' id='par_1_14' title="bbox 499 1407 2060 1492">
     <span class='ocr_line' id='line_1_14' title="bbox 499 1407 2060 1492; baseline -0.01 -14"><span class='ocrx_word' id='word_1_87' title='bbox 499 1435 601 1492; x_wconf 83' lang='lat' dir='ltr'><strong>pro</strong></span> <span class='ocrx_word' id='word_1_88' title='bbox 629 1422 738 1476; x_wconf 81' lang='lat' dir='ltr'><strong>hoc</strong></span> <span class='ocrx_word' id='word_1_89' title='bbox 764 1420 829 1475; x_wconf 87' lang='lat' dir='ltr'><strong>de</strong></span> <span class='ocrx_word' id='word_1_90' title='bbox 861 1433 948 1473; x_wconf 90' lang='lat' dir='ltr'><strong>me</strong></span> <span class='ocrx_word' id='word_1_91' title='bbox 982 1414 1348 1472; x_wconf 86' lang='lat' dir='ltr'><strong>accusationis</strong></span> <span class='ocrx_word' id='word_1_92' title='bbox 1375 1413 1643 1484; x_wconf 89' lang='lat' dir='ltr'><strong>perlatum</strong></span> <span class='ocrx_word' id='word_1_93' title='bbox 1684 1410 1847 1465; x_wconf 89' lang='lat' dir='ltr'><strong>fuerit</strong></span> <span class='ocrx_word' id='word_1_94' title='bbox 1885 1407 2060 1474; x_wconf 89' lang='lat' dir='ltr'><strong>vobis,</strong></span> 
     </span>
    </p>
   </div>
   <div class='ocr_carea' id='block_1_15' title="bbox 480 1498 2106 1583">
    <p class='ocr_par' dir='ltr' id='par_1_15' title="bbox 480 1498 2106 1583">
     <span class='ocr_line' id='line_1_15' title="bbox 480 1498 2106 1583; baseline -0.009 -17"><span class='ocrx_word' id='word_1_95' title='bbox 480 1527 572 1568; x_wconf 87' lang='lat' dir='ltr'><strong>.ne</strong></span> <span class='ocrx_word' id='word_1_96' title='bbox 594 1511 699 1565; x_wconf 89' lang='lat' dir='ltr'><strong>hoc</strong></span> <span class='ocrx_word' id='word_1_97' title='bbox 738 1510 822 1564; x_wconf 90' lang='lat' dir='ltr'><strong>vel</strong></span> <span class='ocrx_word' id='word_1_98' title='bbox 855 1509 964 1583; x_wconf 79' lang='lat' dir='ltr'><strong>cito</strong></span> <span class='ocrx_word' id='word_1_99' title='bbox 985 1504 1219 1561; x_wconf 83' lang='lat' dir='ltr'><strong>credatis</strong></span> <span class='ocrx_word' id='word_1_100' title='bbox 1250 1504 1335 1558; x_wconf 84' lang='lat' dir='ltr'><strong>vel</strong></span> <span class='ocrx_word' id='word_1_101' title='bbox 1373 1503 1598 1557; x_wconf 85' lang='lat' dir='ltr'><strong>moleste</strong></span> <span class='ocrx_word' id='word_1_102' title='bbox 1634 1516 1760 1571; x_wconf 82' lang='lat' dir='ltr'><strong>erga</strong></span> <span class='ocrx_word' id='word_1_103' title='bbox 1797 1513 1884 1554; x_wconf 91' lang='lat' dir='ltr'><strong>me</strong></span> <span class='ocrx_word' id='word_1_104' title='bbox 1914 1498 2061 1554; x_wconf 90' lang='lat' dir='ltr'><strong>acci-</strong></span> <span class='ocrx_word' id='word_1_105' title='bbox 2103 1505 2106 1509; x_wconf 85' lang='lat'>‘</span> 
     </span>
    </p>
   </div>
   <div class='ocr_carea' id='block_1_16' title="bbox 503 1588 2064 1673">
    <p class='ocr_par' dir='ltr' id='par_1_16' title="bbox 503 1588 2064 1673">
     <span class='ocr_line' id='line_1_16' title="bbox 503 1588 2064 1673; baseline -0.008 -18"><span class='ocrx_word' id='word_1_106' title='bbox 503 1600 693 1673; x_wconf 84' lang='lat' dir='ltr'><strong>piatis;</strong></span> <span class='ocrx_word' id='word_1_107' title='bbox 731 1599 824 1655; x_wconf 88' lang='lat' dir='ltr'><strong>sed</strong></span> <span class='ocrx_word' id='word_1_108' title='bbox 867 1589 997 1653; x_wconf 77' lang='lat' dir='ltr'><strong>illud</strong></span> <span class='ocrx_word' id='word_1_109' title='bbox 1039 1597 1093 1652; x_wconf 92' lang='lat' dir='ltr'><strong>in</strong></span> <span class='ocrx_word' id='word_1_110' title='bbox 1131 1594 1417 1668; x_wconf 71' lang='lat' dir='ltr'><strong>pmsentia</strong></span> <span class='ocrx_word' id='word_1_111' title='bbox 1459 1601 1644 1649; x_wconf 88' lang='lat' dir='ltr'><strong>nostra</strong></span> <span class='ocrx_word' id='word_1_112' title='bbox 1688 1599 1814 1647; x_wconf 86' lang='lat' dir='ltr'><strong>ante</strong></span> <span class='ocrx_word' id='word_1_113' title='bbox 1848 1604 1949 1644; x_wconf 86' lang='lat' dir='ltr'><strong>vos</strong></span> <span class='ocrx_word' id='word_1_114' title='bbox 1980 1588 2064 1643; x_wconf 84' lang='lat' dir='ltr'><strong>di-</strong></span> 
     </span>
    </p>
   </div>
   <div class='ocr_carea' id='block_1_17' title="bbox 503 1681 2064 1756">
    <p class='ocr_par' dir='ltr' id='par_1_17' title="bbox 503 1681 2064 1756">
     <span class='ocr_line' id='line_1_17' title="bbox 503 1681 2064 1756; baseline -0.006 -12"><span class='ocrx_word' id='word_1_115' title='bbox 503 1690 752 1753; x_wconf 78' lang='lat' dir='ltr'><strong>mittatis,</strong></span> <span class='ocrx_word' id='word_1_116' title='bbox 789 1682 917 1756; x_wconf 81' lang='lat' dir='ltr'><strong>quia</strong></span> <span class='ocrx_word' id='word_1_117' title='bbox 957 1701 1057 1756; x_wconf 79' lang='lat' dir='ltr'><strong>ego</strong></span> <span class='ocrx_word' id='word_1_118' title='bbox 1096 1685 1403 1739; x_wconf 91' lang='lat' dir='ltr'><strong>nullatenus</strong></span> <span class='ocrx_word' id='word_1_119' title='bbox 1441 1684 1567 1738; x_wconf 91' lang='lat' dir='ltr'><strong>volo</strong></span> <span class='ocrx_word' id='word_1_120' title='bbox 1600 1681 1856 1737; x_wconf 72' lang='lat' dir='ltr'><strong>excedere</strong></span> <span class='ocrx_word' id='word_1_121' title='bbox 1891 1687 2064 1735; x_wconf 82' lang='lat' dir='ltr'><strong>metas</strong></span> 
     </span>
    </p>
   </div>
   <div class='ocr_carea' id='block_1_18' title="bbox 502 1769 2105 1843">
    <p class='ocr_par' dir='ltr' id='par_1_18' title="bbox 502 1769 2105 1843">
     <span class='ocr_line' id='line_1_18' title="bbox 502 1769 2105 1843; baseline -0.006 -9"><span class='ocrx_word' id='word_1_122' title='bbox 502 1775 866 1834; x_wconf 72' lang='lat' dir='ltr'><strong>auctoritatis.</strong></span> <span class='ocrx_word' id='word_1_123' title='bbox 911 1773 1359 1843; x_wconf 78' lang='lat' dir='ltr'><strong>Quandoquidem</strong></span> <span class='ocrx_word' id='word_1_124' title='bbox 1398 1772 1544 1827; x_wconf 89' lang='lat' dir='ltr'><strong>enim</strong></span> <span class='ocrx_word' id='word_1_125' title='bbox 1586 1771 1695 1825; x_wconf 89' lang='lat' dir='ltr'><strong>illis</strong></span> <span class='ocrx_word' id='word_1_126' title='bbox 1717 1770 1810 1840; x_wconf 90' lang='lat' dir='ltr'><strong>qui</strong></span> <span class='ocrx_word' id='word_1_127' title='bbox 1857 1769 2064 1841; x_wconf 87' lang='lat' dir='ltr'><strong>legatos</strong></span> <span class='ocrx_word' id='word_1_128' title='bbox 2102 1786 2105 1789; x_wconf 72' lang='lat'>‘</span> 
     </span>
    </p>
   </div>
   <div class='ocr_carea' id='block_1_19' title="bbox 2157 687 3761 756">
    <p class='ocr_par' dir='ltr' id='par_1_19' title="bbox 2157 687 3761 756">
     <span class='ocr_line' id='line_1_19' title="bbox 2157 687 3761 756; baseline 0.006 -14"><span class='ocrx_word' id='word_1_129' title='bbox 2157 695 2339 742; x_wconf 89' lang='lat' dir='ltr'><strong>nostra</strong></span> <span class='ocrx_word' id='word_1_130' title='bbox 2390 696 2543 756; x_wconf 85' lang='lat' dir='ltr'><strong>parte</strong></span> <span class='ocrx_word' id='word_1_131' title='bbox 2605 687 2873 755; x_wconf 66' lang='lat' dir='ltr'><strong>praxlictze</strong></span> <span class='ocrx_word' id='word_1_132' title='bbox 2934 688 3294 756; x_wconf 83' lang='lat' dir='ltr'><strong>expeditionis</strong></span> <span class='ocrx_word' id='word_1_133' title='bbox 3349 696 3761 752; x_wconf 77' lang='lat' dir='ltr'><strong>transmissio..</strong></span> 
     </span>
    </p>
   </div>
   <div class='ocr_carea' id='block_1_20' title="bbox 2156 762 3498 851">
    <p class='ocr_par' dir='ltr' id='par_1_20' title="bbox 2156 762 3498 851">
     <span class='ocr_line' id='line_1_20' title="bbox 2156 762 3498 851; baseline 0.005 -23"><span class='ocrx_word' id='word_1_134' title='bbox 2156 773 2344 829; x_wconf 80' lang='lat' dir='ltr'><strong>Valeat</strong></span> <span class='ocrx_word' id='word_1_135' title='bbox 2367 762 2625 832; x_wconf 82' lang='lat' dir='ltr'><strong>sanctitas</strong></span> <span class='ocrx_word' id='word_1_136' title='bbox 2650 784 2826 829; x_wconf 81' lang='lat' dir='ltr'><strong>vestra</strong></span> <span class='ocrx_word' id='word_1_137' title='bbox 2858 782 3009 843; x_wconf 89' lang='lat' dir='ltr'><strong>pater</strong></span> <span class='ocrx_word' id='word_1_138' title='bbox 3031 778 3498 851; x_wconf 80' lang='lat' dir='ltr'><strong>reverendissime.</strong></span> 
     </span>
    </p>
   </div>
   <div class='ocr_carea' id='block_1_21' title="bbox 2372 862 2999 919">
    <p class='ocr_par' dir='ltr' id='par_1_21' title="bbox 2372 862 2999 919">
     <span class='ocr_line' id='line_1_21' title="bbox 2372 862 2999 919; baseline 0.002 -2"><span class='ocrx_word' id='word_1_139' title='bbox 2372 916 2377 917; x_wconf 63' lang='lat'><strong>,</strong></span> <span class='ocrx_word' id='word_1_140' title='bbox 2864 862 2999 919; x_wconf 81' lang='lat' dir='ltr'><strong>Vill.</strong></span> 
     </span>
    </p>
   </div>
   <div class='ocr_carea' id='block_1_22' title="bbox 2266 946 3614 1031">
    <p class='ocr_par' dir='ltr' id='par_1_22' title="bbox 2266 946 3614 1031">
     <span class='ocr_line' id='line_1_22' title="bbox 2266 946 3614 1031; baseline 0.009 -26"><span class='ocrx_word' id='word_1_141' title='bbox 2266 952 2506 1021; x_wconf 79' lang='lat' dir='ltr'><strong>Epistola</strong></span> <span class='ocrx_word' id='word_1_142' title='bbox 2536 952 2775 1023; x_wconf 77' lang='lat' dir='ltr'><strong>Hugonis</strong></span> <span class='ocrx_word' id='word_1_143' title='bbox 2806 952 3019 1008; x_wconf 69' lang='lat' dir='ltr'><strong>Dianai:</strong></span> <span class='ocrx_word' id='word_1_144' title='bbox 3045 956 3276 1027; x_wconf 72' lang='lat' dir='ltr'><strong>episcopi</strong></span> <span class='ocrx_word' id='word_1_145' title='bbox 3304 946 3373 1013; x_wconf 77' lang='lat' dir='ltr'><strong>ad</strong></span> <span class='ocrx_word' id='word_1_146' title='bbox 3399 977 3614 1031; x_wconf 75' lang='lat' dir='ltr'><strong>papam.</strong></span> 
     </span>
    </p>
   </div>
   <div class='ocr_carea' id='block_1_23' title="bbox 2534 1041 3334 1120">
    <p class='ocr_par' dir='ltr' id='par_1_23' title="bbox 2534 1041 3334 1120">
     <span class='ocr_line' id='line_1_23' title="bbox 2534 1041 3334 1120; baseline 0.008 -25"><span class='ocrx_word' id='word_1_147' title='bbox 2534 1042 2724 1113; x_wconf 69' lang='grc' dir='ltr'><strong>[Μλιςει</strong></span> <span class='ocrx_word' id='word_1_148' title='bbox 2760 1041 2990 1110; x_wconf 74' lang='grc' dir='ltr'><strong>ϐοηείι.,</strong></span> <span class='ocrx_word' id='word_1_149' title='bbox 3019 1052 3152 1099; x_wconf 85' lang='lat' dir='ltr'><strong>tom.</strong></span> <span class='ocrx_word' id='word_1_150' title='bbox 3188 1045 3334 1120; x_wconf 56' lang='lat' dir='ltr'><strong>XX]</strong></span> 
     </span>
    </p>
   </div>
   <div class='ocr_carea' id='block_1_24' title="bbox 2232 1131 3726 1210">
    <p class='ocr_par' dir='ltr' id='par_1_24' title="bbox 2232 1131 3726 1210">
     <span class='ocr_line' id='line_1_24' title="bbox 2232 1131 3726 1210; baseline 0.009 -25"><span class='ocrx_word' id='word_1_151' title='bbox 2232 1131 2701 1187; x_wconf 77' lang='lat' dir='ltr'><strong>Reverendissimo</strong></span> <span class='ocrx_word' id='word_1_152' title='bbox 2738 1133 2878 1201; x_wconf 80' lang='lat' dir='ltr'><strong>patri</strong></span> <span class='ocrx_word' id='word_1_153' title='bbox 2913 1140 2969 1189; x_wconf 88' lang='lat' dir='ltr'><strong>et</strong></span> <span class='ocrx_word' id='word_1_154' title='bbox 3000 1132 3223 1190; x_wconf 90' lang='lat' dir='ltr'><strong>domino</strong></span> <span class='ocrx_word' id='word_1_155' title='bbox 3254 1151 3408 1209; x_wconf 48' lang='lat' dir='ltr'><strong>papae</strong></span> <span class='ocrx_word' id='word_1_156' title='bbox 3444 1139 3726 1210; x_wconf 66' lang='lat' dir='ltr'><strong>Caesonio</strong></span> 
     </span>
    </p>
   </div>
   <div class='ocr_carea' id='block_1_25' title="bbox 2160 1220 3811 1298">
    <p class='ocr_par' dir='ltr' id='par_1_25' title="bbox 2160 1220 3811 1298">
     <span class='ocr_line' id='line_1_25' title="bbox 2160 1220 3811 1298; baseline 0.007 -22"><span class='ocrx_word' id='word_1_157' title='bbox 2160 1228 2272 1276; x_wconf 70' lang='lat' dir='ltr'><strong>suat</strong></span> <span class='ocrx_word' id='word_1_158' title='bbox 2321 1220 2596 1277; x_wconf 89' lang='lat' dir='ltr'><strong>sanctitati</strong></span> <span class='ocrx_word' id='word_1_159' title='bbox 2646 1222 3028 1280; x_wconf 84' lang='lat' dir='ltr'><strong>inutilissimus</strong></span> <span class='ocrx_word' id='word_1_160' title='bbox 3069 1238 3279 1295; x_wconf 84' lang='lat' dir='ltr'><strong>servus,</strong></span> <span class='ocrx_word' id='word_1_161' title='bbox 3304 1225 3476 1298; x_wconf 82' lang='lat' dir='ltr'><strong>Buco,</strong></span> <span class='ocrx_word' id='word_1_162' title='bbox 3500 1230 3731 1287; x_wconf 76' lang='lat' dir='ltr'><strong>humilis</strong></span> <span class='ocrx_word' id='word_1_163' title='bbox 3806 1257 3811 1261; x_wconf 58' lang='grc' dir='ltr'><em>η</em></span> 
     </span>
    </p>
   </div>
   <div class='ocr_carea' id='block_1_26' title="bbox 2160 1310 2982 1383">
    <p class='ocr_par' dir='ltr' id='par_1_26' title="bbox 2160 1310 2982 1383">
     <span class='ocr_line' id='line_1_26' title="bbox 2160 1310 2982 1383; baseline 0.001 -16"><span class='ocrx_word' id='word_1_164' title='bbox 2160 1312 2443 1383; x_wconf 77' lang='lat' dir='ltr'><strong>presbyter</strong></span> <span class='ocrx_word' id='word_1_165' title='bbox 2466 1310 2701 1379; x_wconf 89' lang='lat' dir='ltr'><strong>Diensis,</strong></span> <span class='ocrx_word' id='word_1_166' title='bbox 2732 1313 2982 1369; x_wconf 87' lang='lat' dir='ltr'><strong>salutem.</strong></span> 
     </span>
    </p>
   </div>
   <div class='ocr_carea' id='block_1_27' title="bbox 2229 1394 3731 1475">
    <p class='ocr_par' dir='ltr' id='par_1_27' title="bbox 2229 1394 3731 1475">
     <span class='ocr_line' id='line_1_27' title="bbox 2229 1394 3731 1475; baseline 0.008 -20"><span class='ocrx_word' id='word_1_167' title='bbox 2229 1402 2498 1475; x_wconf 80' lang='lat' dir='ltr'><strong>Quoniam</strong></span> <span class='ocrx_word' id='word_1_168' title='bbox 2534 1394 2823 1458; x_wconf 85' lang='lat' dir='ltr'><strong>didicimus</strong></span> <span class='ocrx_word' id='word_1_169' title='bbox 2854 1402 2921 1458; x_wconf 83' lang='lat' dir='ltr'><strong>R.</strong></span> <span class='ocrx_word' id='word_1_170' title='bbox 2965 1412 3208 1461; x_wconf 89' lang='lat' dir='ltr'><strong>vestrum</strong></span> <span class='ocrx_word' id='word_1_171' title='bbox 3241 1403 3608 1465; x_wconf 84' lang='lat' dir='ltr'><strong>Parisiensem</strong></span> <span class='ocrx_word' id='word_1_172' title='bbox 3636 1425 3731 1466; x_wconf 81' lang='lat' dir='ltr'><strong>re—</strong></span> 
     </span>
    </p>
   </div>
   <div class='ocr_carea' id='block_1_28' title="bbox 2160 1490 3732 1569">
    <p class='ocr_par' dir='ltr' id='par_1_28' title="bbox 2160 1490 3732 1569">
     <span class='ocr_line' id='line_1_28' title="bbox 2160 1490 3732 1569; baseline 0.006 -22"><span class='ocrx_word' id='word_1_173' title='bbox 2160 1491 2345 1560; x_wconf 87' lang='lat' dir='ltr'><strong>diissc,</strong></span> <span class='ocrx_word' id='word_1_174' title='bbox 2371 1492 2460 1546; x_wconf 90' lang='lat' dir='ltr'><strong>cui</strong></span> <span class='ocrx_word' id='word_1_175' title='bbox 2490 1490 2898 1562; x_wconf 72' lang='lat' dir='ltr'><strong>iniunxeramus</strong></span> <span class='ocrx_word' id='word_1_176' title='bbox 2921 1502 2983 1550; x_wconf 87' lang='lat' dir='ltr'><strong>ut</strong></span> <span class='ocrx_word' id='word_1_177' title='bbox 3006 1494 3252 1569; x_wconf 80' lang='lat' dir='ltr'><strong>fideliter,</strong></span> <span class='ocrx_word' id='word_1_178' title='bbox 3287 1497 3432 1552; x_wconf 87' lang='lat' dir='ltr'><strong>sicut</strong></span> <span class='ocrx_word' id='word_1_179' title='bbox 3458 1498 3606 1554; x_wconf 78' lang='lat' dir='ltr'><strong>ﬁlius</strong></span> <span class='ocrx_word' id='word_1_180' title='bbox 3631 1514 3732 1556; x_wconf 68' lang='lat' dir='ltr'><strong>vc—</strong></span> 
     </span>
    </p>
   </div>
   <div class='ocr_carea' id='block_1_29' title="bbox 2163 1581 3730 1664">
    <p class='ocr_par' dir='ltr' id='par_1_29' title="bbox 2163 1581 3730 1664">
     <span class='ocr_line' id='line_1_29' title="bbox 2163 1581 3730 1664; baseline 0.006 -28"><span class='ocrx_word' id='word_1_181' title='bbox 2163 1587 2295 1647; x_wconf 88' lang='lat' dir='ltr'><strong>ster,</strong></span> <span class='ocrx_word' id='word_1_182' title='bbox 2327 1582 2483 1638; x_wconf 88' lang='lat' dir='ltr'><strong>vobis</strong></span> <span class='ocrx_word' id='word_1_183' title='bbox 2507 1581 2735 1639; x_wconf 81' lang='lat' dir='ltr'><strong>referret</strong></span> <span class='ocrx_word' id='word_1_184' title='bbox 2759 1591 2906 1652; x_wconf 84' lang='lat' dir='ltr'><strong>gesta</strong></span> <span class='ocrx_word' id='word_1_185' title='bbox 2942 1584 3453 1664; x_wconf 81' lang='lat' dir='ltr'><strong>Augustodunensis</strong></span> <span class='ocrx_word' id='word_1_186' title='bbox 3479 1589 3730 1658; x_wconf 82' lang='lat' dir='ltr'><strong>concilii,</strong></span> 
     </span>
    </p>
   </div>
   <div class='ocr_carea' id='block_1_30' title="bbox 2163 1668 3734 1755">
    <p class='ocr_par' dir='ltr' id='par_1_30' title="bbox 2163 1668 3734 1755">
     <span class='ocr_line' id='line_1_30' title="bbox 2163 1668 3734 1755; baseline 0.005 -28"><span class='ocrx_word' id='word_1_187' title='bbox 2163 1672 2253 1727; x_wconf 90' lang='lat' dir='ltr'><strong>cui</strong></span> <span class='ocrx_word' id='word_1_188' title='bbox 2286 1670 2549 1750; x_wconf 71' lang='lat' dir='ltr'><strong>interfuit,</strong></span> <span class='ocrx_word' id='word_1_189' title='bbox 2578 1673 2673 1744; x_wconf 88' lang='lat' dir='ltr'><strong>qui</strong></span> <span class='ocrx_word' id='word_1_190' title='bbox 2706 1687 2883 1743; x_wconf 88' lang='lat' dir='ltr'><strong>neque</strong></span> <span class='ocrx_word' id='word_1_191' title='bbox 2906 1688 3007 1755; x_wconf 84' lang='lat' dir='ltr'><strong>per</strong></span> <span class='ocrx_word' id='word_1_192' title='bbox 3020 1681 3123 1729; x_wconf 87' lang='lat' dir='ltr'><strong>nos</strong></span> <span class='ocrx_word' id='word_1_193' title='bbox 3154 1668 3333 1743; x_wconf 88' lang='lat' dir='ltr'><strong>rediit,</strong></span> <span class='ocrx_word' id='word_1_194' title='bbox 3360 1692 3539 1748; x_wconf 87' lang='lat' dir='ltr'><strong>neque</strong></span> <span class='ocrx_word' id='word_1_195' title='bbox 3568 1680 3734 1749; x_wconf 53' lang='lat' dir='ltr'><strong>quide</strong></span> 
     </span>
    </p>
   </div>
   <div class='ocr_carea' id='block_1_31' title="bbox 2162 1762 3737 1839">
    <p class='ocr_par' dir='ltr' id='par_1_31' title="bbox 2162 1762 3737 1839">
     <span class='ocr_line' id='line_1_31' title="bbox 2162 1762 3737 1839; baseline 0.008 -24"><span class='ocrx_word' id='word_1_196' title='bbox 2162 1776 2325 1832; x_wconf 87' lang='lat' dir='ltr'><strong>quam</strong></span> <span class='ocrx_word' id='word_1_197' title='bbox 2348 1762 2418 1817; x_wconf 90' lang='lat' dir='ltr'><strong>de</strong></span> <span class='ocrx_word' id='word_1_198' title='bbox 2440 1770 2582 1818; x_wconf 89' lang='lat' dir='ltr'><strong>statu</strong></span> <span class='ocrx_word' id='word_1_199' title='bbox 2603 1770 2785 1818; x_wconf 89' lang='lat' dir='ltr'><strong>vestro</strong></span> <span class='ocrx_word' id='word_1_200' title='bbox 2807 1762 2966 1819; x_wconf 86' lang='lat' dir='ltr'><strong>nobis</strong></span> <span class='ocrx_word' id='word_1_201' title='bbox 2995 1762 3239 1834; x_wconf 89' lang='lat' dir='ltr'><strong>scripsit;</strong></span> <span class='ocrx_word' id='word_1_202' title='bbox 3268 1780 3529 1837; x_wconf 75' lang='lat' dir='ltr'><strong>regamus</strong></span> <span class='ocrx_word' id='word_1_203' title='bbox 3547 1779 3737 1839; x_wconf 68' lang='lat' dir='ltr'><strong>paten-</strong></span> 
     </span>
    </p>
   </div>
   <div class='ocr_carea' id='block_1_32' title="bbox 506 1852 3736 1932">
    <p class='ocr_par' dir='ltr' id='par_1_32' title="bbox 506 1852 3736 1932">
     <span class='ocr_line' id='line_1_32' title="bbox 506 1852 3736 1932; baseline -0.004 -9"><span class='ocrx_word' id='word_1_204' title='bbox 506 1877 715 1925; x_wconf 82' lang='lat' dir='ltr'><strong>vestros</strong></span> <span class='ocrx_word' id='word_1_205' title='bbox 762 1881 819 1922; x_wconf 87' lang='lat' dir='ltr'><strong>se</strong></span> <span class='ocrx_word' id='word_1_206' title='bbox 853 1864 1059 1920; x_wconf 82' lang='lat' dir='ltr'><strong>faciunt</strong></span> <span class='ocrx_word' id='word_1_207' title='bbox 1093 1864 1265 1918; x_wconf 89' lang='lat' dir='ltr'><strong>multo</strong></span> <span class='ocrx_word' id='word_1_208' title='bbox 1282 1862 1484 1932; x_wconf 85' lang='lat' dir='ltr'><strong>justius</strong></span> <span class='ocrx_word' id='word_1_209' title='bbox 1511 1876 1611 1932; x_wconf 85' lang='lat' dir='ltr'><strong>ego</strong></span> <span class='ocrx_word' id='word_1_210' title='bbox 1644 1861 1813 1915; x_wconf 85' lang='lat' dir='ltr'><strong>debeo</strong></span> <span class='ocrx_word' id='word_1_211' title='bbox 1841 1874 1939 1930; x_wconf 91' lang='lat' dir='ltr'><strong>per</strong></span> <span class='ocrx_word' id='word_1_212' title='bbox 1965 1873 2065 1914; x_wconf 88' lang='lat' dir='ltr'><strong>vos</strong></span> <span class='ocrx_word' id='word_1_213' title='bbox 2095 1924 2135 1932; x_wconf 81' lang='lat'><em>_</em></span> <span class='ocrx_word' id='word_1_214' title='bbox 2164 1852 2388 1907; x_wconf 70' lang='lat' dir='ltr'><strong>nitatem</strong></span> <span class='ocrx_word' id='word_1_215' title='bbox 2414 1860 2737 1908; x_wconf 80' lang='lat' dir='ltr'><strong>vestram&#39;ut</strong></span> <span class='ocrx_word' id='word_1_216' title='bbox 2757 1852 3079 1909; x_wconf 82' lang='lat' dir='ltr'><strong>sententiam</strong></span> <span class='ocrx_word' id='word_1_217' title='bbox 3108 1856 3266 1909; x_wconf 77' lang='lat' dir='ltr'><strong>suam</strong></span> <span class='ocrx_word' id='word_1_218' title='bbox 3290 1856 3449 1912; x_wconf 86' lang='lat' dir='ltr'><strong>nobis</strong></span> <span class='ocrx_word' id='word_1_219' title='bbox 3475 1858 3736 1930; x_wconf 80' lang='lat' dir='ltr'><strong>dignetur</strong></span> 
     </span>
    </p>
   </div>
   <div class='ocr_carea' id='block_1_33' title="bbox 504 1924 3735 2026">
    <p class='ocr_par' dir='ltr' id='par_1_33' title="bbox 504 1924 3735 2026">
     <span class='ocr_line' id='line_1_33' title="bbox 504 1924 3735 2026; baseline -0.003 -13"><span class='ocrx_word' id='word_1_220' title='bbox 504 1973 571 2013; x_wconf 84' lang='lat' dir='ltr'><strong>ea</strong></span> <span class='ocrx_word' id='word_1_221' title='bbox 613 1970 736 2026; x_wconf 66' lang='lat' dir='ltr'><strong>quae</strong></span> <span class='ocrx_word' id='word_1_222' title='bbox 777 1963 905 2010; x_wconf 88' lang='lat' dir='ltr'><strong>sunt</strong></span> <span class='ocrx_word' id='word_1_223' title='bbox 943 1924 1302 2022; x_wconf 50' lang='lat' dir='ltr'><strong>providentia:-</strong></span> <span class='ocrx_word' id='word_1_224' title='bbox 1326 1958 1526 2006; x_wconf 70' lang='lat' dir='ltr'><strong>nostra:</strong></span> <span class='ocrx_word' id='word_1_225' title='bbox 1544 1924 1860 2020; x_wconf 44' lang='lat' dir='ltr'><strong>corrigere,—</strong></span> <span class='ocrx_word' id='word_1_226' title='bbox 1899 1963 2063 2019; x_wconf 88' lang='lat' dir='ltr'><strong>quam</strong></span> <span class='ocrx_word' id='word_1_227' title='bbox 2095 1924 2139 1979; x_wconf 71' lang='grc' dir='ltr'><strong>Β</strong></span> <span class='ocrx_word' id='word_1_228' title='bbox 2163 1943 2403 2013; x_wconf 77' lang='lat' dir='ltr'><strong>scribere</strong></span> <span class='ocrx_word' id='word_1_229' title='bbox 2440 1957 2611 2012; x_wconf 87' lang='lat' dir='ltr'><strong>super</strong></span> <span class='ocrx_word' id='word_1_230' title='bbox 2639 1941 2982 1997; x_wconf 86' lang='lat' dir='ltr'><strong>ordinatione</strong></span> <span class='ocrx_word' id='word_1_231' title='bbox 3023 1941 3326 2012; x_wconf 87' lang='lat' dir='ltr'><strong>Remensis,</strong></span> <span class='ocrx_word' id='word_1_232' title='bbox 3370 1924 3735 2006; x_wconf 70' lang='lat' dir='ltr'><strong>Bituricensie</strong></span> 
     </span>
    </p>
   </div>
   <div class='ocr_carea' id='block_1_34' title="bbox 504 2035 2066 2125">
    <p class='ocr_par' dir='ltr' id='par_1_34' title="bbox 504 2035 2066 2125">
     <span class='ocr_line' id='line_1_34' title="bbox 504 2035 2066 2125; baseline -0.006 -26"><span class='ocrx_word' id='word_1_233' title='bbox 504 2045 802 2125; x_wconf 69' lang='lat' dir='ltr'><strong>quisquam</strong></span> <span class='ocrx_word' id='word_1_234' title='bbox 843 2042 1019 2097; x_wconf 90' lang='lat' dir='ltr'><strong>aliena</strong></span> <span class='ocrx_word' id='word_1_235' title='bbox 1066 2048 1315 2095; x_wconf 86' lang='lat' dir='ltr'><strong>tractare.</strong></span> <span class='ocrx_word' id='word_1_236' title='bbox 1367 2038 1443 2093; x_wconf 87' lang='lat' dir='ltr'><strong>De</strong></span> <span class='ocrx_word' id='word_1_237' title='bbox 1482 2038 1679 2094; x_wconf 89' lang='lat' dir='ltr'><strong>comite</strong></span> <span class='ocrx_word' id='word_1_238' title='bbox 1711 2035 1935 2103; x_wconf 66' lang='lat' dir='ltr'><strong>(libato,</strong></span> <span class='ocrx_word' id='word_1_239' title='bbox 1969 2035 2066 2105; x_wconf 88' lang='lat' dir='ltr'><strong>qui</strong></span> 
     </span>
    </p>
   </div>
   <div class='ocr_carea' id='block_1_35' title="bbox 509 2127 2067 2205">
    <p class='ocr_par' dir='ltr' id='par_1_35' title="bbox 509 2127 2067 2205">
     <span class='ocr_line' id='line_1_35' title="bbox 509 2127 2067 2205; baseline -0.004 -15"><span class='ocrx_word' id='word_1_240' title='bbox 509 2149 596 2190; x_wconf 88' lang='lat' dir='ltr'><strong>me</strong></span> <span class='ocrx_word' id='word_1_241' title='bbox 636 2134 693 2187; x_wconf 90' lang='lat' dir='ltr'><strong>in</strong></span> <span class='ocrx_word' id='word_1_242' title='bbox 732 2131 1022 2202; x_wconf 71' lang='lat' dir='ltr'><strong>przescntia</strong></span> <span class='ocrx_word' id='word_1_243' title='bbox 1068 2140 1246 2186; x_wconf 87' lang='lat' dir='ltr'><strong>vestra</strong></span> <span class='ocrx_word' id='word_1_244' title='bbox 1296 2144 1553 2205; x_wconf 78' lang='lat' dir='ltr'><strong>accusare</strong></span> <span class='ocrx_word' id='word_1_245' title='bbox 1603 2127 1861 2192; x_wconf 77' lang='lat' dir='ltr'><strong>tentabat,</strong></span> <span class='ocrx_word' id='word_1_246' title='bbox 1912 2135 1983 2181; x_wconf 44' lang='lat' dir='ltr'><strong>ct&#39;</strong></span> <span class='ocrx_word' id='word_1_247' title='bbox 2007 2141 2067 2183; x_wconf 87' lang='lat' dir='ltr'><strong>sc</strong></span> 
     </span>
    </p>
   </div>
   <div class='ocr_carea' id='block_1_36' title="bbox 452 2209 2068 2294">
    <p class='ocr_par' dir='ltr' id='par_1_36' title="bbox 452 2209 2068 2294">
     <span class='ocr_line' id='line_1_36' title="bbox 452 2209 2068 2294; baseline -0.006 -15"><span class='ocrx_word' id='word_1_248' title='bbox 452 2270 461 2271; x_wconf 38' lang='grc' dir='ltr'><em>κ</em></span> <span class='ocrx_word' id='word_1_249' title='bbox 506 2235 774 2294; x_wconf 71' lang='lat' dir='ltr'><strong>metuque</strong></span> <span class='ocrx_word' id='word_1_250' title='bbox 796 2221 1100 2275; x_wconf 80' lang='lat' dir='ltr'><strong>ﬁdelitatem</strong></span> <span class='ocrx_word' id='word_1_251' title='bbox 1125 2209 1281 2274; x_wconf 87' lang='lat' dir='ltr'><strong>vobis</strong></span> <span class='ocrx_word' id='word_1_252' title='bbox 1309 2219 1489 2274; x_wconf 86' lang='lat' dir='ltr'><strong>verbis</strong></span> <span class='ocrx_word' id='word_1_253' title='bbox 1513 2217 1895 2274; x_wconf 87' lang='lat' dir='ltr'><strong>simulantibus</strong></span> <span class='ocrx_word' id='word_1_254' title='bbox 1917 2230 2068 2270; x_wconf 87' lang='lat' dir='ltr'><strong>com-</strong></span> 
     </span>
    </p>
   </div>
   <div class='ocr_carea' id='block_1_37' title="bbox 509 2307 2069 2379">
    <p class='ocr_par' dir='ltr' id='par_1_37' title="bbox 509 2307 2069 2379">
     <span class='ocr_line' id='line_1_37' title="bbox 509 2307 2069 2379; baseline -0.006 -11"><span class='ocrx_word' id='word_1_255' title='bbox 509 2313 826 2377; x_wconf 81' lang='lat' dir='ltr'><strong>rnendabat,</strong></span> <span class='ocrx_word' id='word_1_256' title='bbox 873 2311 1007 2366; x_wconf 85' lang='lat' dir='ltr'><strong>satis</strong></span> <span class='ocrx_word' id='word_1_257' title='bbox 1058 2310 1115 2364; x_wconf 91' lang='lat' dir='ltr'><strong>in</strong></span> <span class='ocrx_word' id='word_1_258' title='bbox 1164 2317 1417 2379; x_wconf 87' lang='lat' dir='ltr'><strong>promptu</strong></span> <span class='ocrx_word' id='word_1_259' title='bbox 1472 2307 1683 2374; x_wconf 88' lang='lat' dir='ltr'><strong>habetis</strong></span> <span class='ocrx_word' id='word_1_260' title='bbox 1744 2310 2069 2377; x_wconf 72' lang='lat' dir='ltr'><strong>Cognoscere</strong></span> 
     </span>
    </p>
   </div>
   <div class='ocr_carea' id='block_1_38' title="bbox 484 2392 2071 2472">
    <p class='ocr_par' dir='ltr' id='par_1_38' title="bbox 484 2392 2071 2472">
     <span class='ocr_line' id='line_1_38' title="bbox 484 2392 2071 2472; baseline -0.008 -14"><span class='ocrx_word' id='word_1_261' title='bbox 484 2403 669 2472; x_wconf 78' lang='lat' dir='ltr'><strong>‘wjus</strong></span> <span class='ocrx_word' id='word_1_262' title='bbox 698 2402 879 2472; x_wconf 85' lang='lat' dir='ltr'><strong>potius</strong></span> <span class='ocrx_word' id='word_1_263' title='bbox 906 2398 1192 2455; x_wconf 85' lang='lat' dir='ltr'><strong>sinceritas</strong></span> <span class='ocrx_word' id='word_1_264' title='bbox 1233 2397 1506 2453; x_wconf 84' lang='lat' dir='ltr'><strong>fidelitatis</strong></span> <span class='ocrx_word' id='word_1_265' title='bbox 1534 2410 1661 2464; x_wconf 77' lang='lat' dir='ltr'><strong>erga</strong></span> <span class='ocrx_word' id='word_1_266' title='bbox 1699 2410 1796 2449; x_wconf 89' lang='lat' dir='ltr'><strong>vos</strong></span> <span class='ocrx_word' id='word_1_267' title='bbox 1828 2392 2071 2447; x_wconf 87' lang='lat' dir='ltr'><strong>videatur</strong></span> 
     </span>
    </p>
   </div>
   <div class='ocr_carea' id='block_1_39' title="bbox 512 2485 2070 2557">
    <p class='ocr_par' dir='ltr' id='par_1_39' title="bbox 512 2485 2070 2557">
     <span class='ocr_line' id='line_1_39' title="bbox 512 2485 2070 2557; baseline -0.006 -10"><span class='ocrx_word' id='word_1_268' title='bbox 512 2492 777 2547; x_wconf 73' lang='lat' dir='ltr'><strong>existere:</strong></span> <span class='ocrx_word' id='word_1_269' title='bbox 810 2500 992 2545; x_wconf 87' lang='lat' dir='ltr'><strong>utrum</strong></span> <span class='ocrx_word' id='word_1_270' title='bbox 1013 2487 1263 2557; x_wconf 89' lang='lat' dir='ltr'><strong>mea,qui</strong></span> <span class='ocrx_word' id='word_1_271' title='bbox 1299 2487 1408 2541; x_wconf 82' lang='lat' dir='ltr'><strong>Deo</strong></span> <span class='ocrx_word' id='word_1_272' title='bbox 1437 2495 1491 2540; x_wconf 91' lang='lat' dir='ltr'><strong>et</strong></span> <span class='ocrx_word' id='word_1_273' title='bbox 1520 2485 1673 2540; x_wconf 89' lang='lat' dir='ltr'><strong>vobis</strong></span> <span class='ocrx_word' id='word_1_274' title='bbox 1700 2492 1920 2553; x_wconf 85' lang='lat' dir='ltr'><strong>paratus</strong></span> <span class='ocrx_word' id='word_1_275' title='bbox 1949 2497 2070 2538; x_wconf 90' lang='lat' dir='ltr'><strong>sum</strong></span> 
     </span>
    </p>
   </div>
   <div class='ocr_carea' id='block_1_40' title="bbox 513 2572 2073 2655">
    <p class='ocr_par' dir='ltr' id='par_1_40' title="bbox 513 2572 2073 2655">
     <span class='ocr_line' id='line_1_40' title="bbox 513 2572 2073 2655; baseline -0.007 -20"><span class='ocrx_word' id='word_1_276' title='bbox 513 2594 610 2655; x_wconf 63' lang='lat' dir='ltr'><strong>per</strong></span> <span class='ocrx_word' id='word_1_277' title='bbox 639 2579 823 2634; x_wconf 78' lang='lat' dir='ltr'><strong>omnia“</strong></span> <span class='ocrx_word' id='word_1_278' title='bbox 865 2577 1102 2643; x_wconf 86' lang='lat' dir='ltr'><strong>obedire,</strong></span> <span class='ocrx_word' id='word_1_279' title='bbox 1147 2592 1217 2630; x_wconf 87' lang='lat' dir='ltr'><strong>an</strong></span> <span class='ocrx_word' id='word_1_280' title='bbox 1232 2576 1405 2640; x_wconf 83' lang='lat' dir='ltr'><strong>illius,</strong></span> <span class='ocrx_word' id='word_1_281' title='bbox 1432 2573 1527 2644; x_wconf 84' lang='lat' dir='ltr'><strong>qui</strong></span> <span class='ocrx_word' id='word_1_282' title='bbox 1570 2581 1627 2627; x_wconf 88' lang='lat' dir='ltr'><strong>et</strong></span> <span class='ocrx_word' id='word_1_283' title='bbox 1662 2572 1804 2643; x_wconf 88' lang='lat' dir='ltr'><strong>apud</strong></span> <span class='ocrx_word' id='word_1_284' title='bbox 1840 2585 1938 2627; x_wconf 81' lang='lat' dir='ltr'><strong>vos</strong></span> <span class='ocrx_word' id='word_1_285' title='bbox 1975 2584 2073 2640; x_wconf 90' lang='lat' dir='ltr'><strong>per</strong></span> 
     </span>
    </p>
   </div>
   <div class='ocr_carea' id='block_1_41' title="bbox 514 2659 2071 2742">
    <p class='ocr_par' dir='ltr' id='par_1_41' title="bbox 514 2659 2071 2742">
     <span class='ocr_line' id='line_1_41' title="bbox 514 2659 2071 2742; baseline -0.008 -17"><span class='ocrx_word' id='word_1_286' title='bbox 514 2668 862 2737; x_wconf 84' lang='lat' dir='ltr'><strong>semetipsum</strong></span> <span class='ocrx_word' id='word_1_287' title='bbox 888 2666 1166 2742; x_wconf 74' lang='lat' dir='ltr'><strong>impugnat</strong></span> <span class='ocrx_word' id='word_1_288' title='bbox 1183 2665 1328 2719; x_wconf 85' lang='lat' dir='ltr'><strong>beati</strong></span> <span class='ocrx_word' id='word_1_289' title='bbox 1350 2664 1495 2717; x_wconf 80' lang='lat' dir='ltr'><strong>Petri</strong></span> <span class='ocrx_word' id='word_1_290' title='bbox 1517 2661 1832 2726; x_wconf 84' lang='lat' dir='ltr'><strong>Ecclesiam,</strong></span> <span class='ocrx_word' id='word_1_291' title='bbox 1853 2669 1907 2715; x_wconf 92' lang='lat' dir='ltr'><strong>et</strong></span> <span class='ocrx_word' id='word_1_292' title='bbox 1931 2659 2071 2728; x_wconf 90' lang='lat' dir='ltr'><strong>apud</strong></span> 
     </span>
    </p>
   </div>
   <div class='ocr_carea' id='block_1_42' title="bbox 516 2750 2075 2826">
    <p class='ocr_par' dir='ltr' id='par_1_42' title="bbox 516 2750 2075 2826">
     <span class='ocr_line' id='line_1_42' title="bbox 516 2750 2075 2826; baseline -0.006 -14"><span class='ocrx_word' id='word_1_293' title='bbox 516 2772 620 2812; x_wconf 87' lang='lat' dir='ltr'><strong>uos</strong></span> <span class='ocrx_word' id='word_1_294' title='bbox 653 2754 1084 2826; x_wconf 76' lang='lat' dir='ltr'><strong>perManassem</strong></span> <span class='ocrx_word' id='word_1_295' title='bbox 1117 2762 1171 2808; x_wconf 89' lang='lat' dir='ltr'><strong>et</strong></span> <span class='ocrx_word' id='word_1_296' title='bbox 1209 2768 1341 2807; x_wconf 91' lang='lat' dir='ltr'><strong>suos</strong></span> <span class='ocrx_word' id='word_1_297' title='bbox 1369 2765 1628 2820; x_wconf 80' lang='lat' dir='ltr'><strong>sequaces</strong></span> <span class='ocrx_word' id='word_1_298' title='bbox 1667 2750 1722 2803; x_wconf 91' lang='lat' dir='ltr'><strong>in</strong></span> <span class='ocrx_word' id='word_1_299' title='bbox 1763 2763 1862 2804; x_wconf 87' lang='lat' dir='ltr'><strong>suo</strong></span> <span class='ocrx_word' id='word_1_300' title='bbox 1894 2756 2075 2803; x_wconf 90' lang='lat' dir='ltr'><strong>castro</strong></span> 
     </span>
    </p>
   </div>
   <div class='ocr_carea' id='block_1_43' title="bbox 457 2836 2077 2915">
    <p class='ocr_par' dir='ltr' id='par_1_43' title="bbox 457 2836 2077 2915">
     <span class='ocr_line' id='line_1_43' title="bbox 457 2836 2077 2915; baseline -0.003 -18"><span class='ocrx_word' id='word_1_301' title='bbox 457 2893 461 2897; x_wconf 84' lang='lat'><strong>.</strong></span> <span class='ocrx_word' id='word_1_302' title='bbox 518 2838 762 2915; x_wconf 75' lang='lat' dir='ltr'><strong>receptos</strong></span> <span class='ocrx_word' id='word_1_303' title='bbox 825 2841 1165 2912; x_wconf 89' lang='lat' dir='ltr'><strong>persequitur</strong></span> <span class='ocrx_word' id='word_1_304' title='bbox 1221 2841 1433 2896; x_wconf 84' lang='lat' dir='ltr'><strong>beatam</strong></span> <span class='ocrx_word' id='word_1_305' title='bbox 1494 2838 1737 2893; x_wconf 80' lang='lat' dir='ltr'><strong>Mariam.</strong></span> <span class='ocrx_word' id='word_1_306' title='bbox 1801 2836 2077 2894; x_wconf 82' lang='lat' dir='ltr'><strong>Manasses</strong></span> 
     </span>
    </p>
   </div>
   <div class='ocr_carea' id='block_1_44' title="bbox 519 2926 2073 3006">
    <p class='ocr_par' dir='ltr' id='par_1_44' title="bbox 519 2926 2073 3006">
     <span class='ocr_line' id='line_1_44' title="bbox 519 2926 2073 3006; baseline -0.006 -17"><span class='ocrx_word' id='word_1_307' title='bbox 519 2934 667 2989; x_wconf 87' lang='lat' dir='ltr'><strong>enim</strong></span> <span class='ocrx_word' id='word_1_308' title='bbox 689 2933 755 2987; x_wconf 91' lang='lat' dir='ltr'><strong>de</strong></span> <span class='ocrx_word' id='word_1_309' title='bbox 778 2947 888 3001; x_wconf 86' lang='lat' dir='ltr'><strong>quo</strong></span> <span class='ocrx_word' id='word_1_310' title='bbox 910 2932 1168 3003; x_wconf 82' lang='lat' dir='ltr'><strong>diximus,</strong></span> <span class='ocrx_word' id='word_1_311' title='bbox 1200 2930 1288 2984; x_wconf 88' lang='lat' dir='ltr'><strong>cui</strong></span> <span class='ocrx_word' id='word_1_312' title='bbox 1321 2944 1422 3006; x_wconf 87' lang='lat' dir='ltr'><strong>nos</strong></span> <span class='ocrx_word' id='word_1_313' title='bbox 1442 2928 1600 2998; x_wconf 81' lang='lat' dir='ltr'><strong>jussu</strong></span> <span class='ocrx_word' id='word_1_314' title='bbox 1627 2937 1807 2982; x_wconf 89' lang='lat' dir='ltr'><strong>vestro</strong></span> <span class='ocrx_word' id='word_1_315' title='bbox 1844 2926 1989 2997; x_wconf 88' lang='lat' dir='ltr'><strong>quod</strong></span> <span class='ocrx_word' id='word_1_316' title='bbox 2020 2927 2073 2980; x_wconf 92' lang='lat' dir='ltr'><strong>in</strong></span> 
     </span>
    </p>
   </div>
   <div class='ocr_carea' id='block_1_45' title="bbox 520 3006 2075 3086">
    <p class='ocr_par' dir='ltr' id='par_1_45' title="bbox 520 3006 2075 3086">
     <span class='ocr_line' id='line_1_45' title="bbox 520 3006 2075 3086; baseline -0.006 -5"><span class='ocrx_word' id='word_1_317' title='bbox 520 3031 624 3081; x_wconf 74' lang='lat' dir='ltr'><strong>nos</strong></span> <span class='ocrx_word' id='word_1_318' title='bbox 647 3006 1407 3086; x_wconf 80' lang='lat' dir='ltr'><strong>admiserat,siadEcclesiam</strong></span> <span class='ocrx_word' id='word_1_319' title='bbox 1428 3027 1654 3073; x_wconf 81' lang='lat' dir='ltr'><strong>matrem</strong></span> <span class='ocrx_word' id='word_1_320' title='bbox 1677 3033 1830 3072; x_wconf 88' lang='lat' dir='ltr'><strong>suam</strong></span> <span class='ocrx_word' id='word_1_321' title='bbox 1854 3017 2075 3082; x_wconf 88' lang='lat' dir='ltr'><strong>rediret,</strong></span> 
     </span>
    </p>
   </div>
   <div class='ocr_carea' id='block_1_46' title="bbox 484 3096 2079 3177">
    <p class='ocr_par' dir='ltr' id='par_1_46' title="bbox 484 3096 2079 3177">
     <span class='ocr_line' id='line_1_46' title="bbox 484 3096 2079 3177; baseline -0.006 -9"><span class='ocrx_word' id='word_1_322' title='bbox 484 3108 488 3112; x_wconf 17' lang='grc' dir='ltr'><strong>Α</strong></span> <span class='ocrx_word' id='word_1_323' title='bbox 522 3112 868 3177; x_wconf 88' lang='lat' dir='ltr'><strong>indulsimus,</strong></span> <span class='ocrx_word' id='word_1_324' title='bbox 915 3096 1248 3165; x_wconf 81' lang='lat' dir='ltr'><strong>conscientia</strong></span> <span class='ocrx_word' id='word_1_325' title='bbox 1276 3106 1504 3161; x_wconf 83' lang='lat' dir='ltr'><strong>sceleris</strong></span> <span class='ocrx_word' id='word_1_326' title='bbox 1535 3106 1620 3161; x_wconf 87' lang='lat' dir='ltr'><strong>sui</strong></span> <span class='ocrx_word' id='word_1_327' title='bbox 1662 3104 1950 3175; x_wconf 89' lang='lat' dir='ltr'><strong>depressus</strong></span> <span class='ocrx_word' id='word_1_328' title='bbox 1978 3119 2079 3159; x_wconf 89' lang='lat' dir='ltr'><strong>nec</strong></span> 
     </span>
    </p>
   </div>
   <div class='ocr_carea' id='block_1_47' title="bbox 522 3193 2074 3279">
    <p class='ocr_par' dir='ltr' id='par_1_47' title="bbox 522 3193 2074 3279">
     <span class='ocr_line' id='line_1_47' title="bbox 522 3193 2074 3279; baseline -0.006 -23"><span class='ocrx_word' id='word_1_329' title='bbox 522 3200 592 3257; x_wconf 88' lang='lat' dir='ltr'><strong>ad</strong></span> <span class='ocrx_word' id='word_1_330' title='bbox 633 3216 738 3279; x_wconf 82' lang='lat' dir='ltr'><strong>nos</strong></span> <span class='ocrx_word' id='word_1_331' title='bbox 761 3199 878 3253; x_wconf 82' lang='lat' dir='ltr'><strong>vult</strong></span> <span class='ocrx_word' id='word_1_332' title='bbox 910 3198 1105 3263; x_wconf 88' lang='lat' dir='ltr'><strong>redire,</strong></span> <span class='ocrx_word' id='word_1_333' title='bbox 1136 3212 1239 3253; x_wconf 91' lang='lat' dir='ltr'><strong>nec</strong></span> <span class='ocrx_word' id='word_1_334' title='bbox 1280 3211 1401 3266; x_wconf 71' lang='lat' dir='ltr'><strong>paen</strong></span> <span class='ocrx_word' id='word_1_335' title='bbox 1421 3195 1683 3263; x_wconf 72' lang='lat' dir='ltr'><strong>Ecclesia:</strong></span> <span class='ocrx_word' id='word_1_336' title='bbox 1715 3193 2074 3259; x_wconf 87' lang='lat' dir='ltr'><strong>concordare;</strong></span> 
     </span>
    </p>
   </div>
   <div class='ocr_carea' id='block_1_48' title="bbox 522 3286 2078 3370">
    <p class='ocr_par' dir='ltr' id='par_1_48' title="bbox 522 3286 2078 3370">
     <span class='ocr_line' id='line_1_48' title="bbox 522 3286 2078 3370; baseline -0.003 -25"><span class='ocrx_word' id='word_1_337' title='bbox 522 3290 874 3370; x_wconf 77' lang='lat' dir='ltr'><strong>quiupotius</strong></span> <span class='ocrx_word' id='word_1_338' title='bbox 913 3307 1038 3346; x_wconf 86' lang='lat' dir='ltr'><strong>cum</strong></span> <span class='ocrx_word' id='word_1_339' title='bbox 1078 3292 1186 3347; x_wconf 88' lang='lat' dir='ltr'><strong>illis</strong></span> <span class='ocrx_word' id='word_1_340' title='bbox 1228 3291 1344 3347; x_wconf 88' lang='lat' dir='ltr'><strong>suis</strong></span> <span class='ocrx_word' id='word_1_341' title='bbox 1377 3290 1725 3361; x_wconf 79' lang='lat' dir='ltr'><strong>sequacibus,</strong></span> <span class='ocrx_word' id='word_1_342' title='bbox 1766 3288 1893 3358; x_wconf 85' lang='lat' dir='ltr'><strong>quia</strong></span> <span class='ocrx_word' id='word_1_343' title='bbox 1922 3286 2078 3342; x_wconf 83' lang='lat' dir='ltr'><strong>factis</strong></span> 
     </span>
    </p>
   </div>
   <div class='ocr_carea' id='block_1_49' title="bbox 526 3377 2082 3451">
    <p class='ocr_par' dir='ltr' id='par_1_49' title="bbox 526 3377 2082 3451">
     <span class='ocr_line' id='line_1_49' title="bbox 526 3377 2082 3451; baseline -0.005 -15"><span class='ocrx_word' id='word_1_344' title='bbox 526 3396 636 3436; x_wconf 87' lang='lat' dir='ltr'><strong>non</strong></span> <span class='ocrx_word' id='word_1_345' title='bbox 664 3388 861 3451; x_wconf 78' lang='lat' dir='ltr'><strong>potest,</strong></span> <span class='ocrx_word' id='word_1_346' title='bbox 898 3380 1078 3435; x_wconf 87' lang='lat' dir='ltr'><strong>verbis</strong></span> <span class='ocrx_word' id='word_1_347' title='bbox 1117 3387 1173 3433; x_wconf 90' lang='lat' dir='ltr'><strong>et</strong></span> <span class='ocrx_word' id='word_1_348' title='bbox 1213 3380 1514 3433; x_wconf 87' lang='lat' dir='ltr'><strong>maledictis</strong></span> <span class='ocrx_word' id='word_1_349' title='bbox 1555 3377 1851 3445; x_wconf 82' lang='lat' dir='ltr'><strong>Ecclesiam</strong></span> <span class='ocrx_word' id='word_1_350' title='bbox 1887 3391 2082 3446; x_wconf 88' lang='lat' dir='ltr'><strong>meque</strong></span> 
     </span>
    </p>
   </div>
   <div class='ocr_carea' id='block_1_50' title="bbox 525 3463 2080 3533">
    <p class='ocr_par' dir='ltr' id='par_1_50' title="bbox 525 3463 2080 3533">
     <span class='ocr_line' id='line_1_50' title="bbox 525 3463 2080 3533; baseline -0.005 -10"><span class='ocrx_word' id='word_1_351' title='bbox 525 3471 765 3525; x_wconf 85' lang='lat' dir='ltr'><strong>lacerare</strong></span> <span class='ocrx_word' id='word_1_352' title='bbox 785 3484 893 3523; x_wconf 69' lang='lat' dir='ltr'><strong>non</strong></span> <span class='ocrx_word' id='word_1_353' title='bbox 920 3466 1136 3523; x_wconf 89' lang='lat' dir='ltr'><strong>desinit.</strong></span> <span class='ocrx_word' id='word_1_354' title='bbox 1151 3465 1326 3532; x_wconf 88' lang='lat' dir='ltr'><strong>Unde,</strong></span> <span class='ocrx_word' id='word_1_355' title='bbox 1339 3473 1401 3520; x_wconf 92' lang='lat' dir='ltr'><strong>ut</strong></span> <span class='ocrx_word' id='word_1_356' title='bbox 1413 3464 1478 3519; x_wconf 89' lang='lat' dir='ltr'><strong>de</strong></span> <span class='ocrx_word' id='word_1_357' title='bbox 1501 3465 1619 3533; x_wconf 89' lang='lat' dir='ltr'><strong>ipso</strong></span> <span class='ocrx_word' id='word_1_358' title='bbox 1629 3463 1831 3518; x_wconf 75' lang='lat' dir='ltr'><strong>(Ebalo</strong></span> <span class='ocrx_word' id='word_1_359' title='bbox 1853 3470 2080 3526; x_wconf 88' lang='lat' dir='ltr'><strong>taceam,</strong></span> 
     </span>
    </p>
   </div>
   <div class='ocr_carea' id='block_1_51' title="bbox 528 3539 2085 3630">
    <p class='ocr_par' dir='ltr' id='par_1_51' title="bbox 528 3539 2085 3630">
     <span class='ocr_line' id='line_1_51' title="bbox 528 3539 2085 3630; baseline -0.005 -17"><span class='ocrx_word' id='word_1_360' title='bbox 528 3560 587 3626; x_wconf 84' lang='lat' dir='ltr'><strong>in</strong></span> <span class='ocrx_word' id='word_1_361' title='bbox 611 3570 774 3630; x_wconf 85' lang='lat' dir='ltr'><strong>quem</strong></span> <span class='ocrx_word' id='word_1_362' title='bbox 798 3574 895 3614; x_wconf 91' lang='lat' dir='ltr'><strong>vos</strong></span> <span class='ocrx_word' id='word_1_363' title='bbox 924 3558 1086 3613; x_wconf 89' lang='lat' dir='ltr'><strong>credo</strong></span> <span class='ocrx_word' id='word_1_364' title='bbox 1110 3557 1316 3627; x_wconf 81' lang='lat' dir='ltr'><strong>justam</strong></span> <span class='ocrx_word' id='word_1_365' title='bbox 1359 3563 1414 3610; x_wconf 89' lang='lat' dir='ltr'><strong>et</strong></span> <span class='ocrx_word' id='word_1_366' title='bbox 1450 3554 1801 3624; x_wconf 86' lang='lat' dir='ltr'><strong>apostolicam</strong></span> <span class='ocrx_word' id='word_1_367' title='bbox 1834 3539 2085 3607; x_wconf 84' lang='lat' dir='ltr'><strong>exercere</strong></span> 
     </span>
    </p>
   </div>
   <div class='ocr_carea' id='block_1_52' title="bbox 534 3643 2084 3718">
    <p class='ocr_par' dir='ltr' id='par_1_52' title="bbox 534 3643 2084 3718">
     <span class='ocr_line' id='line_1_52' title="bbox 534 3643 2084 3718; baseline -0.005 -15"><span class='ocrx_word' id='word_1_368' title='bbox 534 3647 876 3714; x_wconf 84' lang='lat' dir='ltr'><strong>sententiam,</strong></span> <span class='ocrx_word' id='word_1_369' title='bbox 899 3646 1063 3717; x_wconf 72' lang='lat' dir='ltr'><strong>Super</strong></span> <span class='ocrx_word' id='word_1_370' title='bbox 1087 3646 1333 3703; x_wconf 76' lang='lat' dir='ltr'><strong>Manasse</strong></span> <span class='ocrx_word' id='word_1_371' title='bbox 1362 3646 1626 3700; x_wconf 87' lang='lat' dir='ltr'><strong>instanter</strong></span> <span class='ocrx_word' id='word_1_372' title='bbox 1656 3643 1922 3714; x_wconf 83' lang='lat' dir='ltr'><strong>deprecor</strong></span> <span class='ocrx_word' id='word_1_373' title='bbox 1957 3658 2084 3718; x_wconf 69' lang='lat' dir='ltr'><strong>san-</strong></span> 
     </span>
    </p>
   </div>
   <div class='ocr_carea' id='block_1_53' title="bbox 531 3733 2086 3826">
    <p class='ocr_par' dir='ltr' id='par_1_53' title="bbox 531 3733 2086 3826">
     <span class='ocr_line' id='line_1_53' title="bbox 531 3733 2086 3826; baseline -0.003 -34"><span class='ocrx_word' id='word_1_374' title='bbox 531 3737 773 3793; x_wconf 85' lang='lat' dir='ltr'><strong>ctitatem</strong></span> <span class='ocrx_word' id='word_1_375' title='bbox 822 3745 1077 3801; x_wconf 87' lang='lat' dir='ltr'><strong>vestram,</strong></span> <span class='ocrx_word' id='word_1_376' title='bbox 1110 3744 1173 3797; x_wconf 77' lang='lat' dir='ltr'><strong>ut</strong></span> <span class='ocrx_word' id='word_1_377' title='bbox 1213 3744 1308 3789; x_wconf 89' lang='lat' dir='ltr'><strong>aut</strong></span> <span class='ocrx_word' id='word_1_378' title='bbox 1339 3735 1573 3826; x_wconf 51' lang='lat' dir='ltr'><strong>jubcftis</strong></span> <span class='ocrx_word' id='word_1_379' title='bbox 1608 3748 1732 3787; x_wconf 89' lang='lat' dir='ltr'><strong>eum</strong></span> <span class='ocrx_word' id='word_1_380' title='bbox 1757 3733 1826 3788; x_wconf 90' lang='lat' dir='ltr'><strong>ad</strong></span> <span class='ocrx_word' id='word_1_381' title='bbox 1867 3747 1965 3787; x_wconf 82' lang='lat' dir='ltr'><strong>sua</strong></span> <span class='ocrx_word' id='word_1_382' title='bbox 1998 3747 2086 3787; x_wconf 89' lang='lat' dir='ltr'><strong>re-</strong></span> 
     </span>
    </p>
   </div>
   <div class='ocr_carea' id='block_1_54' title="bbox 535 3821 2085 3897">
    <p class='ocr_par' dir='ltr' id='par_1_54' title="bbox 535 3821 2085 3897">
     <span class='ocr_line' id='line_1_54' title="bbox 535 3821 2085 3897; baseline -0.002 -18"><span class='ocrx_word' id='word_1_383' title='bbox 535 3826 686 3897; x_wconf 76' lang='lat' dir='ltr'><strong>gredi</strong></span> <span class='ocrx_word' id='word_1_384' title='bbox 732 3831 788 3879; x_wconf 91' lang='lat' dir='ltr'><strong>et</strong></span> <span class='ocrx_word' id='word_1_385' title='bbox 814 3824 1040 3879; x_wconf 88' lang='lat' dir='ltr'><strong>ulterius</strong></span> <span class='ocrx_word' id='word_1_386' title='bbox 1063 3838 1173 3877; x_wconf 93' lang='lat' dir='ltr'><strong>non</strong></span> <span class='ocrx_word' id='word_1_387' title='bbox 1208 3821 1522 3893; x_wconf 82' lang='lat' dir='ltr'><strong>impugnare</strong></span> <span class='ocrx_word' id='word_1_388' title='bbox 1554 3821 1869 3885; x_wconf 85' lang='lat' dir='ltr'><strong>Ecclesiam,</strong></span> <span class='ocrx_word' id='word_1_389' title='bbox 1903 3830 1997 3874; x_wconf 90' lang='lat' dir='ltr'><strong>aut</strong></span> <span class='ocrx_word' id='word_1_390' title='bbox 2030 3822 2085 3876; x_wconf 82' lang='lat' dir='ltr'><strong>in</strong></span> 
     </span>
    </p>
   </div>
   <div class='ocr_carea' id='block_1_55' title="bbox 534 3909 2086 3985">
    <p class='ocr_par' dir='ltr' id='par_1_55' title="bbox 534 3909 2086 3985">
     <span class='ocr_line' id='line_1_55' title="bbox 534 3909 2086 3985; baseline -0.007 -12"><span class='ocrx_word' id='word_1_391' title='bbox 534 3930 663 3973; x_wconf 80' lang='lat' dir='ltr'><strong>eum</strong></span> <span class='ocrx_word' id='word_1_392' title='bbox 695 3915 918 3985; x_wconf 84' lang='lat' dir='ltr'><strong>ejusque</strong></span> <span class='ocrx_word' id='word_1_393' title='bbox 949 3912 1188 3968; x_wconf 80' lang='lat' dir='ltr'><strong>fautores</strong></span> <span class='ocrx_word' id='word_1_394' title='bbox 1215 3921 1270 3967; x_wconf 90' lang='lat' dir='ltr'><strong>et</strong></span> <span class='ocrx_word' id='word_1_395' title='bbox 1293 3921 1669 3981; x_wconf 85' lang='lat' dir='ltr'><strong>coeperatores</strong></span> <span class='ocrx_word' id='word_1_396' title='bbox 1699 3909 1976 3980; x_wconf 87' lang='lat' dir='ltr'><strong>apostolici</strong></span> <span class='ocrx_word' id='word_1_397' title='bbox 2002 3911 2086 3963; x_wconf 88' lang='lat' dir='ltr'><strong>vi-</strong></span> 
     </span>
    </p>
   </div>
   <div class='ocr_carea' id='block_1_56' title="bbox 486 3999 2088 4084">
    <p class='ocr_par' dir='ltr' id='par_1_56' title="bbox 486 3999 2088 4084">
     <span class='ocr_line' id='line_1_56' title="bbox 486 3999 2088 4084; baseline -0.006 -23"><span class='ocrx_word' id='word_1_398' title='bbox 486 4080 489 4084; x_wconf 12' lang='lat'><strong>}</strong></span> <span class='ocrx_word' id='word_1_399' title='bbox 535 4006 687 4078; x_wconf 83' lang='lat' dir='ltr'><strong>geris</strong></span> <span class='ocrx_word' id='word_1_400' title='bbox 721 4005 964 4075; x_wconf 80' lang='lat' dir='ltr'><strong>dirigatis</strong></span> <span class='ocrx_word' id='word_1_401' title='bbox 998 4002 1537 4079; x_wconf 76' lang='lat' dir='ltr'><strong>animadversionem.</strong></span> <span class='ocrx_word' id='word_1_402' title='bbox 1564 3999 1882 4072; x_wconf 81' lang='lat' dir='ltr'><strong>Dignemini</strong></span> <span class='ocrx_word' id='word_1_403' title='bbox 1922 3999 2088 4069; x_wconf 82' lang='lat' dir='ltr'><strong>etiam</strong></span> 
     </span>
    </p>
   </div>
   <div class='ocr_carea' id='block_1_57' title="bbox 536 4088 2094 4162">
    <p class='ocr_par' dir='ltr' id='par_1_57' title="bbox 536 4088 2094 4162">
     <span class='ocr_line' id='line_1_57' title="bbox 536 4088 2094 4162; baseline -0.007 -10"><span class='ocrx_word' id='word_1_404' title='bbox 536 4098 607 4153; x_wconf 87' lang='lat' dir='ltr'><strong>ad</strong></span> <span class='ocrx_word' id='word_1_405' title='bbox 639 4105 826 4151; x_wconf 85' lang='lat' dir='ltr'><strong>eorum</strong></span> <span class='ocrx_word' id='word_1_406' title='bbox 860 4088 1163 4162; x_wconf 80' lang='lat' dir='ltr'><strong>receptores</strong></span> <span class='ocrx_word' id='word_1_407' title='bbox 1198 4092 1431 4147; x_wconf 83' lang='lat' dir='ltr'><strong>scribere</strong></span> <span class='ocrx_word' id='word_1_408' title='bbox 1468 4098 1649 4159; x_wconf 89' lang='lat' dir='ltr'><strong>aptam</strong></span> <span class='ocrx_word' id='word_1_409' title='bbox 1695 4089 1995 4158; x_wconf 87' lang='lat' dir='ltr'><strong>epistolam,</strong></span> <span class='ocrx_word' id='word_1_410' title='bbox 2033 4097 2094 4142; x_wconf 90' lang='lat' dir='ltr'><strong>ut</strong></span> 
     </span>
    </p>
   </div>
   <div class='ocr_carea' id='block_1_58' title="bbox 536 4178 2117 4253">
    <p class='ocr_par' dir='ltr' id='par_1_58' title="bbox 536 4178 2117 4253">
     <span class='ocr_line' id='line_1_58' title="bbox 536 4178 2117 4253; baseline -0.008 -9"><span class='ocrx_word' id='word_1_411' title='bbox 536 4196 635 4244; x_wconf 86' lang='lat' dir='ltr'><strong>aut</strong></span> <span class='ocrx_word' id='word_1_412' title='bbox 652 4200 746 4244; x_wconf 89' lang='lat' dir='ltr'><strong>eos</strong></span> <span class='ocrx_word' id='word_1_413' title='bbox 766 4193 952 4241; x_wconf 85' lang='lat' dir='ltr'><strong>contra</strong></span> <span class='ocrx_word' id='word_1_414' title='bbox 975 4182 1228 4253; x_wconf 66' lang='lat' dir='ltr'><strong>Ecclesiae</strong></span> <span class='ocrx_word' id='word_1_415' title='bbox 1255 4182 1381 4251; x_wconf 88' lang='lat' dir='ltr'><strong>jura</strong></span> <span class='ocrx_word' id='word_1_416' title='bbox 1406 4194 1513 4233; x_wconf 91' lang='lat' dir='ltr'><strong>non</strong></span> <span class='ocrx_word' id='word_1_417' title='bbox 1537 4178 1821 4245; x_wconf 73' lang='lat' dir='ltr'><strong>retineant,</strong></span> <span class='ocrx_word' id='word_1_418' title='bbox 1856 4186 1950 4232; x_wconf 84' lang='lat' dir='ltr'><strong>aut</strong></span> <span class='ocrx_word' id='word_1_419' title='bbox 1976 4179 2117 4248; x_wconf 79' lang='lat' dir='ltr'><strong>pari’</strong></span> 
     </span>
    </p>
   </div>
   <div class='ocr_carea' id='block_1_59' title="bbox 539 4267 2095 4342">
    <p class='ocr_par' dir='ltr' id='par_1_59' title="bbox 539 4267 2095 4342">
     <span class='ocr_line' id='line_1_59' title="bbox 539 4267 2095 4342; baseline -0.006 -7"><span class='ocrx_word' id='word_1_420' title='bbox 539 4269 807 4335; x_wconf 82' lang='lat' dir='ltr'><strong>sententia</strong></span> <span class='ocrx_word' id='word_1_421' title='bbox 859 4291 919 4335; x_wconf 83' lang='lat' dir='ltr'><strong>se</strong></span> <span class='ocrx_word' id='word_1_422' title='bbox 960 4274 1217 4330; x_wconf 80' lang='lat' dir='ltr'><strong>multatos</strong></span> <span class='ocrx_word' id='word_1_423' title='bbox 1264 4278 1578 4342; x_wconf 61' lang='lat' dir='ltr'><strong>agnoscant.</strong></span> <span class='ocrx_word' id='word_1_424' title='bbox 1617 4268 1803 4323; x_wconf 81' lang='lat' dir='ltr'><strong>Restat</strong></span> <span class='ocrx_word' id='word_1_425' title='bbox 1828 4267 1960 4323; x_wconf 89' lang='lat' dir='ltr'><strong>mibi</strong></span> <span class='ocrx_word' id='word_1_426' title='bbox 1990 4269 2095 4325; x_wconf 83' lang='lat' dir='ltr'><strong>hoc</strong></span> 
     </span>
    </p>
   </div>
   <div class='ocr_carea' id='block_1_60' title="bbox 484 4360 2095 4443">
    <p class='ocr_par' dir='ltr' id='par_1_60' title="bbox 484 4360 2095 4443">
     <span class='ocr_line' id='line_1_60' title="bbox 484 4360 2095 4443; baseline -0.003 -23"><span class='ocrx_word' id='word_1_427' title='bbox 484 4380 487 4383; x_wconf 53' lang='grc' dir='ltr'>λ</span> <span class='ocrx_word' id='word_1_428' title='bbox 541 4368 697 4421; x_wconf 83' lang='lat' dir='ltr'><strong>vobis</strong></span> <span class='ocrx_word' id='word_1_429' title='bbox 724 4368 901 4443; x_wconf 81' lang='lat' dir='ltr'><strong>dicere</strong></span> <span class='ocrx_word' id='word_1_430' title='bbox 935 4366 1062 4435; x_wconf 88' lang='lat' dir='ltr'><strong>quia</strong></span> <span class='ocrx_word' id='word_1_431' title='bbox 1098 4364 1350 4419; x_wconf 89' lang='lat' dir='ltr'><strong>dominus</strong></span> <span class='ocrx_word' id='word_1_432' title='bbox 1382 4360 1553 4431; x_wconf 82' lang='lat' dir='ltr'><strong>Hugo-</strong></span> <span class='ocrx_word' id='word_1_433' title='bbox 1572 4360 1785 4416; x_wconf 88' lang='lat' dir='ltr'><strong>Diensis</strong></span> <span class='ocrx_word' id='word_1_434' title='bbox 1808 4360 2095 4430; x_wconf 86' lang='lat' dir='ltr'><strong>episcopus</strong></span> 
     </span>
    </p>
   </div>
   <div class='ocr_carea' id='block_1_61' title="bbox 546 4449 2095 4523">
    <p class='ocr_par' dir='ltr' id='par_1_61' title="bbox 546 4449 2095 4523">
     <span class='ocr_line' id='line_1_61' title="bbox 546 4449 2095 4523; baseline -0.005 -12"><span class='ocrx_word' id='word_1_435' title='bbox 546 4455 823 4511; x_wconf 81' lang='lat' dir='ltr'><strong>interdixit</strong></span> <span class='ocrx_word' id='word_1_436' title='bbox 854 4454 1167 4521; x_wconf 89' lang='lat' dir='ltr'><strong>episcopum</strong></span> <span class='ocrx_word' id='word_1_437' title='bbox 1189 4460 1436 4506; x_wconf 88' lang='lat' dir='ltr'><strong>nostrum</strong></span> <span class='ocrx_word' id='word_1_438' title='bbox 1459 4450 1758 4521; x_wconf 88' lang='lat' dir='ltr'><strong>Drogonem</strong></span> <span class='ocrx_word' id='word_1_439' title='bbox 1793 4451 1937 4515; x_wconf 78' lang='lat' dir='ltr'><strong>sedis</strong></span> <span class='ocrx_word' id='word_1_440' title='bbox 1962 4449 2095 4523; x_wconf 71' lang='lat' dir='ltr'><strong>Tar—</strong></span> 
     </span>
    </p>
   </div>
   <div class='ocr_carea' id='block_1_62' title="bbox 2164 2030 3759 2111">
    <p class='ocr_par' dir='ltr' id='par_1_62' title="bbox 2164 2030 3759 2111">
     <span class='ocr_line' id='line_1_62' title="bbox 2164 2030 3759 2111; baseline 0.004 -25"><span class='ocrx_word' id='word_1_441' title='bbox 2164 2040 2219 2086; x_wconf 85' lang='lat' dir='ltr'><strong>et</strong></span> <span class='ocrx_word' id='word_1_442' title='bbox 2238 2031 2588 2111; x_wconf 82' lang='lat' dir='ltr'><strong>Carnotcnsis</strong></span> <span class='ocrx_word' id='word_1_443' title='bbox 2610 2030 2992 2087; x_wconf 85' lang='lat' dir='ltr'><strong>Ecclesiarum.</strong></span> <span class='ocrx_word' id='word_1_444' title='bbox 3022 2030 3177 2087; x_wconf 79' lang='lat' dir='ltr'><strong>Sciat</strong></span> <span class='ocrx_word' id='word_1_445' title='bbox 3188 2047 3406 2105; x_wconf 87' lang='lat' dir='ltr'><strong>quoque</strong></span> <span class='ocrx_word' id='word_1_446' title='bbox 3430 2032 3759 2106; x_wconf 67' lang='lat' dir='ltr'><strong>paternitas&#39;</strong></span> 
     </span>
    </p>
   </div>
   <div class='ocr_carea' id='block_1_63' title="bbox 2165 2119 3735 2197">
    <p class='ocr_par' dir='ltr' id='par_1_63' title="bbox 2165 2119 3735 2197">
     <span class='ocr_line' id='line_1_63' title="bbox 2165 2119 3735 2197; baseline 0.004 -21"><span class='ocrx_word' id='word_1_447' title='bbox 2165 2128 2344 2179; x_wconf 88' lang='lat' dir='ltr'><strong>vestra</strong></span> <span class='ocrx_word' id='word_1_448' title='bbox 2380 2121 2508 2190; x_wconf 85' lang='lat' dir='ltr'><strong>quia</strong></span> <span class='ocrx_word' id='word_1_449' title='bbox 2533 2120 2620 2197; x_wconf 85' lang='lat' dir='ltr'><strong>ille</strong></span> <span class='ocrx_word' id='word_1_450' title='bbox 2650 2119 3026 2179; x_wconf 86' lang='lat' dir='ltr'><strong>Noviomensis</strong></span> <span class='ocrx_word' id='word_1_451' title='bbox 3064 2122 3243 2178; x_wconf 86' lang='lat' dir='ltr'><strong>dictus</strong></span> <span class='ocrx_word' id='word_1_452' title='bbox 3278 2125 3590 2194; x_wconf 89' lang='lat' dir='ltr'><strong>episcopus,</strong></span> <span class='ocrx_word' id='word_1_453' title='bbox 3628 2128 3735 2182; x_wconf 84' lang='lat' dir='ltr'><strong>sub</strong></span> 
     </span>
    </p>
   </div>
   <div class='ocr_carea' id='block_1_64' title="bbox 2164 2204 3739 2282">
    <p class='ocr_par' dir='ltr' id='par_1_64' title="bbox 2164 2204 3739 2282">
     <span class='ocr_line' id='line_1_64' title="bbox 2164 2204 3739 2282; baseline 0.003 -15"><span class='ocrx_word' id='word_1_454' title='bbox 2164 2204 2585 2267; x_wconf 58' lang='lat' dir='ltr'><strong>commutatione</strong></span> <span class='ocrx_word' id='word_1_455' title='bbox 2615 2211 2843 2281; x_wconf 72' lang='lat' dir='ltr'><strong>publica:</strong></span> <span class='ocrx_word' id='word_1_456' title='bbox 2869 2211 3289 2268; x_wconf 88' lang='lat' dir='ltr'><strong>cxamiuationis</strong></span> <span class='ocrx_word' id='word_1_457' title='bbox 3315 2229 3349 2269; x_wconf 86' lang='lat' dir='ltr'><strong>a</strong></span> <span class='ocrx_word' id='word_1_458' title='bbox 3377 2216 3539 2271; x_wconf 79' lang='lat' dir='ltr'><strong>nobis</strong></span> <span class='ocrx_word' id='word_1_459' title='bbox 3573 2216 3739 2282; x_wconf 82' lang='lat' dir='ltr'><strong>fami--</strong></span> 
     </span>
    </p>
   </div>
   <div class='ocr_carea' id='block_1_65' title="bbox 2165 2299 3735 2367">
    <p class='ocr_par' dir='ltr' id='par_1_65' title="bbox 2165 2299 3735 2367">
     <span class='ocr_line' id='line_1_65' title="bbox 2165 2299 3735 2367; baseline 0.006 -14"><span class='ocrx_word' id='word_1_460' title='bbox 2165 2300 2372 2356; x_wconf 88' lang='lat' dir='ltr'><strong>liariter</strong></span> <span class='ocrx_word' id='word_1_461' title='bbox 2392 2309 2636 2367; x_wconf 85' lang='lat' dir='ltr'><strong>exactus,</strong></span> <span class='ocrx_word' id='word_1_462' title='bbox 2651 2299 2935 2357; x_wconf 90' lang='lat' dir='ltr'><strong>confessus</strong></span> <span class='ocrx_word' id='word_1_463' title='bbox 2957 2309 3041 2356; x_wconf 90' lang='lat' dir='ltr'><strong>est</strong></span> <span class='ocrx_word' id='word_1_464' title='bbox 3061 2300 3217 2357; x_wconf 83' lang='lat' dir='ltr'><strong>nobis</strong></span> <span class='ocrx_word' id='word_1_465' title='bbox 3243 2304 3545 2359; x_wconf 89' lang='lat' dir='ltr'><strong>Simoniam</strong></span> <span class='ocrx_word' id='word_1_466' title='bbox 3574 2321 3735 2362; x_wconf 83' lang='lat' dir='ltr'><strong>suam</strong></span> 
     </span>
    </p>
   </div>
   <div class='ocr_carea' id='block_1_66' title="bbox 2167 2389 3734 2465">
    <p class='ocr_par' dir='ltr' id='par_1_66' title="bbox 2167 2389 3734 2465">
     <span class='ocr_line' id='line_1_66' title="bbox 2167 2389 3734 2465; baseline 0.004 -21"><span class='ocrx_word' id='word_1_467' title='bbox 2167 2390 2522 2460; x_wconf 74' lang='lat' dir='ltr'><strong>przcsentibus</strong></span> <span class='ocrx_word' id='word_1_468' title='bbox 2565 2389 2912 2445; x_wconf 88' lang='lat' dir='ltr'><strong>Laudunensi</strong></span> <span class='ocrx_word' id='word_1_469' title='bbox 2957 2399 3013 2445; x_wconf 89' lang='lat' dir='ltr'><strong>ct</strong></span> <span class='ocrx_word' id='word_1_470' title='bbox 3058 2389 3387 2461; x_wconf 82' lang='lat' dir='ltr'><strong>Lingoncnsi</strong></span> <span class='ocrx_word' id='word_1_471' title='bbox 3438 2396 3734 2465; x_wconf 84' lang='lat' dir='ltr'><strong>episcopis,</strong></span> 
     </span>
    </p>
   </div>
   <div class='ocr_carea' id='block_1_67' title="bbox 2130 2478 3740 2555">
    <p class='ocr_par' dir='ltr' id='par_1_67' title="bbox 2130 2478 3740 2555">
     <span class='ocr_line' id='line_1_67' title="bbox 2130 2478 3740 2555; baseline 0.004 -19"><span class='ocrx_word' id='word_1_472' title='bbox 2130 2534 2133 2537; x_wconf 84' lang='lat'><strong>.</strong></span> <span class='ocrx_word' id='word_1_473' title='bbox 2170 2496 2295 2535; x_wconf 89' lang='lat' dir='ltr'><strong>cum</strong></span> <span class='ocrx_word' id='word_1_474' title='bbox 2325 2480 2447 2535; x_wconf 89' lang='lat' dir='ltr'><strong>aliis</strong></span> <span class='ocrx_word' id='word_1_475' title='bbox 2474 2479 2820 2549; x_wconf 86' lang='lat' dir='ltr'><strong>quibusdam.</strong></span> <span class='ocrx_word' id='word_1_476' title='bbox 2845 2478 2999 2535; x_wconf 88' lang='lat' dir='ltr'><strong>Unde</strong></span> <span class='ocrx_word' id='word_1_477' title='bbox 3016 2480 3182 2534; x_wconf 82' lang='lat' dir='ltr'><strong>etiam</strong></span> <span class='ocrx_word' id='word_1_478' title='bbox 3204 2492 3547 2538; x_wconf 86' lang='lat' dir='ltr'><strong>sacramento</strong></span> <span class='ocrx_word' id='word_1_479' title='bbox 3567 2500 3740 2555; x_wconf 81' lang='lat' dir='ltr'><strong>supra</strong></span> 
     </span>
    </p>
   </div>
   <div class='ocr_carea' id='block_1_68' title="bbox 2170 2568 3740 2641">
    <p class='ocr_par' dir='ltr' id='par_1_68' title="bbox 2170 2568 3740 2641">
     <span class='ocr_line' id='line_1_68' title="bbox 2170 2568 3740 2641; baseline 0.004 -15"><span class='ocrx_word' id='word_1_480' title='bbox 2170 2578 2324 2626; x_wconf 84' lang='lat' dir='ltr'><strong>sacra</strong></span> <span class='ocrx_word' id='word_1_481' title='bbox 2366 2569 2651 2641; x_wconf 78' lang='lat' dir='ltr'><strong>Evangelia</strong></span> <span class='ocrx_word' id='word_1_482' title='bbox 2690 2570 2846 2625; x_wconf 89' lang='lat' dir='ltr'><strong>nobis</strong></span> <span class='ocrx_word' id='word_1_483' title='bbox 2882 2568 3114 2624; x_wconf 79' lang='lat' dir='ltr'><strong>ﬁrmavit</strong></span> <span class='ocrx_word' id='word_1_484' title='bbox 3144 2571 3323 2640; x_wconf 83' lang='lat' dir='ltr'><strong>quod,</strong></span> <span class='ocrx_word' id='word_1_485' title='bbox 3366 2572 3499 2629; x_wconf 84' lang='lat' dir='ltr'><strong>visis</strong></span> <span class='ocrx_word' id='word_1_486' title='bbox 3539 2575 3740 2632; x_wconf 86' lang='lat' dir='ltr'><strong>litteris</strong></span> 
     </span>
    </p>
   </div>
   <div class='ocr_carea' id='block_1_69' title="bbox 2171 2658 3742 2733">
    <p class='ocr_par' dir='ltr' id='par_1_69' title="bbox 2171 2658 3742 2733">
     <span class='ocr_line' id='line_1_69' title="bbox 2171 2658 3742 2733; baseline 0.004 -18"><span class='ocrx_word' id='word_1_487' title='bbox 2171 2662 2368 2717; x_wconf 85' lang='lat' dir='ltr'><strong>vestris</strong></span> <span class='ocrx_word' id='word_1_488' title='bbox 2411 2659 2497 2715; x_wconf 82' lang='lat' dir='ltr'><strong>vel</strong></span> <span class='ocrx_word' id='word_1_489' title='bbox 2532 2658 2801 2730; x_wconf 77' lang='lat' dir='ltr'><strong>legatione</strong></span> <span class='ocrx_word' id='word_1_490' title='bbox 2832 2669 3031 2726; x_wconf 86' lang='lat' dir='ltr'><strong>vestra,</strong></span> <span class='ocrx_word' id='word_1_491' title='bbox 3071 2659 3366 2717; x_wconf 79' lang='lat' dir='ltr'><strong>Ecclesiam</strong></span> <span class='ocrx_word' id='word_1_492' title='bbox 3398 2679 3567 2733; x_wconf 85' lang='lat' dir='ltr'><strong>quam</strong></span> <span class='ocrx_word' id='word_1_493' title='bbox 3593 2667 3742 2721; x_wconf 86' lang='lat' dir='ltr'><strong>male</strong></span> 
     </span>
    </p>
   </div>
   <div class='ocr_carea' id='block_1_70' title="bbox 2174 2749 3742 2821">
    <p class='ocr_par' dir='ltr' id='par_1_70' title="bbox 2174 2749 3742 2821">
     <span class='ocr_line' id='line_1_70' title="bbox 2174 2749 3742 2821; baseline 0.003 -16"><span class='ocrx_word' id='word_1_494' title='bbox 2174 2759 2530 2820; x_wconf 86' lang='lat' dir='ltr'><strong>occupaverat</strong></span> <span class='ocrx_word' id='word_1_495' title='bbox 2568 2751 2706 2805; x_wconf 90' lang='lat' dir='ltr'><strong>bene</strong></span> <span class='ocrx_word' id='word_1_496' title='bbox 2733 2749 3046 2815; x_wconf 68' lang='lat' dir='ltr'><strong>dimitteret,</strong></span> <span class='ocrx_word' id='word_1_497' title='bbox 3086 2758 3142 2804; x_wconf 89' lang='lat' dir='ltr'><strong>et</strong></span> <span class='ocrx_word' id='word_1_498' title='bbox 3182 2766 3282 2820; x_wconf 90' lang='lat' dir='ltr'><strong>pro</strong></span> <span class='ocrx_word' id='word_1_499' title='bbox 3304 2767 3467 2821; x_wconf 88' lang='lat' dir='ltr'><strong>posse</strong></span> <span class='ocrx_word' id='word_1_500' title='bbox 3505 2763 3564 2809; x_wconf 91' lang='lat' dir='ltr'><strong>et</strong></span> <span class='ocrx_word' id='word_1_501' title='bbox 3596 2757 3742 2810; x_wconf 88' lang='lat' dir='ltr'><strong>scire</strong></span> 
     </span>
    </p>
   </div>
   <div class='ocr_carea' id='block_1_71' title="bbox 2175 2839 3742 2912">
    <p class='ocr_par' dir='ltr' id='par_1_71' title="bbox 2175 2839 3742 2912">
     <span class='ocr_line' id='line_1_71' title="bbox 2175 2839 3742 2912; baseline 0.005 -18"><span class='ocrx_word' id='word_1_502' title='bbox 2175 2855 2276 2895; x_wconf 85' lang='lat' dir='ltr'><strong>suo</strong></span> <span class='ocrx_word' id='word_1_503' title='bbox 2299 2848 2359 2894; x_wconf 88' lang='lat' dir='ltr'><strong>ut</strong></span> <span class='ocrx_word' id='word_1_504' title='bbox 2383 2841 2536 2910; x_wconf 84' lang='lat' dir='ltr'><strong>juxta</strong></span> <span class='ocrx_word' id='word_1_505' title='bbox 2570 2839 2741 2905; x_wconf 80' lang='lat' dir='ltr'><strong>Deum</strong></span> <span class='ocrx_word' id='word_1_506' title='bbox 2775 2840 3137 2906; x_wconf 88' lang='lat' dir='ltr'><strong>ordinaretur,</strong></span> <span class='ocrx_word' id='word_1_507' title='bbox 3153 2841 3451 2912; x_wconf 89' lang='lat' dir='ltr'><strong>adjuvarct.</strong></span> <span class='ocrx_word' id='word_1_508' title='bbox 3491 2844 3742 2901; x_wconf 83' lang='lat' dir='ltr'><strong>Silvane-</strong></span> 
     </span>
    </p>
   </div>
   <div class='ocr_carea' id='block_1_72' title="bbox 2175 2929 3741 3013">
    <p class='ocr_par' dir='ltr' id='par_1_72' title="bbox 2175 2929 3741 3013">
     <span class='ocr_line' id='line_1_72' title="bbox 2175 2929 3741 3013; baseline 0.004 -29"><span class='ocrx_word' id='word_1_509' title='bbox 2175 2930 2375 3013; x_wconf 78' lang='lat' dir='ltr'><strong>ctensis</strong></span> <span class='ocrx_word' id='word_1_510' title='bbox 2395 2945 2524 2989; x_wconf 89' lang='lat' dir='ltr'><strong>vero</strong></span> <span class='ocrx_word' id='word_1_511' title='bbox 2548 2930 2853 3009; x_wconf 85' lang='lat' dir='ltr'><strong>cpiscopus,</strong></span> <span class='ocrx_word' id='word_1_512' title='bbox 2889 2939 3108 3001; x_wconf 87' lang='lat' dir='ltr'><strong>accepta</strong></span> <span class='ocrx_word' id='word_1_513' title='bbox 3132 2929 3454 2990; x_wconf 84' lang='lat' dir='ltr'><strong>investitura</strong></span> <span class='ocrx_word' id='word_1_514' title='bbox 3476 2934 3547 2990; x_wconf 88' lang='lat' dir='ltr'><strong>de</strong></span> <span class='ocrx_word' id='word_1_515' title='bbox 3570 2951 3741 2992; x_wconf 79' lang='lat' dir='ltr'><strong>manu</strong></span> 
     </span>
    </p>
   </div>
   <div class='ocr_carea' id='block_1_73' title="bbox 2174 3007 3738 3106">
    <p class='ocr_par' dir='ltr' id='par_1_73' title="bbox 2174 3007 3738 3106">
     <span class='ocr_line' id='line_1_73' title="bbox 2174 3007 3738 3106; baseline 0.004 -33"><span class='ocrx_word' id='word_1_516' title='bbox 2174 3007 2338 3106; x_wconf 66' lang='lat' dir='ltr'><strong>regis,</strong></span> <span class='ocrx_word' id='word_1_517' title='bbox 2380 3019 2662 3082; x_wconf 84' lang='lat' dir='ltr'><strong>ordinatus</strong></span> <span class='ocrx_word' id='word_1_518' title='bbox 2702 3007 2790 3073; x_wconf 85' lang='lat' dir='ltr'><strong>est</strong></span> <span class='ocrx_word' id='word_1_519' title='bbox 2826 3020 2895 3073; x_wconf 89' lang='lat' dir='ltr'><strong>ab</strong></span> <span class='ocrx_word' id='word_1_520' title='bbox 2928 3020 3020 3074; x_wconf 91' lang='lat' dir='ltr'><strong>illo</strong></span> <span class='ocrx_word' id='word_1_521' title='bbox 3055 3019 3308 3077; x_wconf 78' lang='lat' dir='ltr'><strong>Remensi</strong></span> <span class='ocrx_word' id='word_1_522' title='bbox 3350 3021 3738 3090; x_wconf 67' lang='lat' dir='ltr'><strong>hmrcsiarcba,</strong></span> 
     </span>
    </p>
   </div>
   <div class='ocr_carea' id='block_1_74' title="bbox 2177 3107 3743 3184">
    <p class='ocr_par' dir='ltr' id='par_1_74' title="bbox 2177 3107 3743 3184">
     <span class='ocr_line' id='line_1_74' title="bbox 2177 3107 3743 3184; baseline 0.006 -23"><span class='ocrx_word' id='word_1_523' title='bbox 2177 3108 2265 3161; x_wconf 88' lang='lat' dir='ltr'><strong>cui</strong></span> <span class='ocrx_word' id='word_1_524' title='bbox 2294 3108 2490 3163; x_wconf 85' lang='lat' dir='ltr'><strong>litteris</strong></span> <span class='ocrx_word' id='word_1_525' title='bbox 2514 3108 2710 3163; x_wconf 90' lang='lat' dir='ltr'><strong>vestris</strong></span> <span class='ocrx_word' id='word_1_526' title='bbox 2730 3107 3084 3164; x_wconf 86' lang='lat' dir='ltr'><strong>interdixistis</strong></span> <span class='ocrx_word' id='word_1_527' title='bbox 3106 3125 3176 3165; x_wconf 88' lang='lat' dir='ltr'><strong>ne</strong></span> <span class='ocrx_word' id='word_1_528' title='bbox 3200 3111 3519 3182; x_wconf 65' lang='lat' dir='ltr'><strong>liujusmodi</strong></span> <span class='ocrx_word' id='word_1_529' title='bbox 3544 3113 3602 3169; x_wconf 91' lang='lat' dir='ltr'><strong>in</strong></span> <span class='ocrx_word' id='word_1_530' title='bbox 3623 3115 3743 3184; x_wconf 88' lang='lat' dir='ltr'><strong>epi-</strong></span> 
     </span>
    </p>
   </div>
   <div class='ocr_carea' id='block_1_75' title="bbox 2179 3197 3746 3267">
    <p class='ocr_par' dir='ltr' id='par_1_75' title="bbox 2179 3197 3746 3267">
     <span class='ocr_line' id='line_1_75' title="bbox 2179 3197 3746 3267; baseline 0.006 -17"><span class='ocrx_word' id='word_1_531' title='bbox 2179 3211 2373 3267; x_wconf 91' lang='lat' dir='ltr'><strong>scopos</strong></span> <span class='ocrx_word' id='word_1_532' title='bbox 2414 3198 2698 3267; x_wconf 87' lang='lat' dir='ltr'><strong>acciperet.</strong></span> <span class='ocrx_word' id='word_1_533' title='bbox 2734 3197 3225 3253; x_wconf 75' lang='lat' dir='ltr'><strong>Autissiodurensis</strong></span> <span class='ocrx_word' id='word_1_534' title='bbox 3263 3199 3403 3254; x_wconf 89' lang='lat' dir='ltr'><strong>infra</strong></span> <span class='ocrx_word' id='word_1_535' title='bbox 3438 3216 3616 3259; x_wconf 82' lang='lat' dir='ltr'><strong>annos</strong></span> <span class='ocrx_word' id='word_1_536' title='bbox 3649 3217 3746 3258; x_wconf 78' lang='lat' dir='ltr'><strong>or-</strong></span> 
     </span>
    </p>
   </div>
   <div class='ocr_carea' id='block_1_76' title="bbox 2179 3277 3744 3366">
    <p class='ocr_par' dir='ltr' id='par_1_76' title="bbox 2179 3277 3744 3366">
     <span class='ocr_line' id='line_1_76' title="bbox 2179 3277 3744 3366; baseline 0.003 -24"><span class='ocrx_word' id='word_1_537' title='bbox 2179 3287 2428 3366; x_wconf 84' lang='lat' dir='ltr'><strong>dinatus,</strong></span> <span class='ocrx_word' id='word_1_538' title='bbox 2465 3288 2836 3342; x_wconf 88' lang='lat' dir='ltr'><strong>investituram</strong></span> <span class='ocrx_word' id='word_1_539' title='bbox 2878 3287 3096 3356; x_wconf 88' lang='lat' dir='ltr'><strong>quidem</strong></span> <span class='ocrx_word' id='word_1_540' title='bbox 3129 3286 3198 3343; x_wconf 91' lang='lat' dir='ltr'><strong>de</strong></span> <span class='ocrx_word' id='word_1_541' title='bbox 3235 3304 3400 3344; x_wconf 90' lang='lat' dir='ltr'><strong>manu</strong></span> <span class='ocrx_word' id='word_1_542' title='bbox 3441 3290 3590 3362; x_wconf 81' lang='lat' dir='ltr'><strong>regis</strong></span> <span class='ocrx_word' id='word_1_543' title='bbox 3628 3277 3744 3346; x_wconf 83' lang='lat' dir='ltr'><strong>non</strong></span> 
     </span>
    </p>
   </div>
   <div class='ocr_carea' id='block_1_77' title="bbox 2144 3375 3743 3459">
    <p class='ocr_par' dir='ltr' id='par_1_77' title="bbox 2144 3375 3743 3459">
     <span class='ocr_line' id='line_1_77' title="bbox 2144 3375 3743 3459; baseline 0.005 -31"><span class='ocrx_word' id='word_1_544' title='bbox 2144 3408 2148 3412; x_wconf 80' lang='lat'><strong><em>~</em></strong></span> <span class='ocrx_word' id='word_1_545' title='bbox 2180 3376 2406 3445; x_wconf 87' lang='lat' dir='ltr'><strong>accepit,</strong></span> <span class='ocrx_word' id='word_1_546' title='bbox 2452 3391 2763 3459; x_wconf 79' lang='lat' dir='ltr'><strong>quanquam</strong></span> <span class='ocrx_word' id='word_1_547' title='bbox 2802 3390 2912 3445; x_wconf 84' lang='lat' dir='ltr'><strong>per</strong></span> <span class='ocrx_word' id='word_1_548' title='bbox 2966 3375 3258 3433; x_wconf 86' lang='lat' dir='ltr'><strong>familiares</strong></span> <span class='ocrx_word' id='word_1_549' title='bbox 3318 3380 3461 3449; x_wconf 87' lang='lat' dir='ltr'><strong>regis</strong></span> <span class='ocrx_word' id='word_1_550' title='bbox 3503 3381 3743 3451; x_wconf 84' lang='lat' dir='ltr'><strong>gratiam</strong></span> 
     </span>
    </p>
   </div>
   <div class='ocr_carea' id='block_1_78' title="bbox 2181 3464 3749 3545">
    <p class='ocr_par' dir='ltr' id='par_1_78' title="bbox 2181 3464 3749 3545">
     <span class='ocr_line' id='line_1_78' title="bbox 2181 3464 3749 3545; baseline 0.004 -27"><span class='ocrx_word' id='word_1_551' title='bbox 2181 3466 2301 3535; x_wconf 86' lang='lat' dir='ltr'><strong>ejus</strong></span> <span class='ocrx_word' id='word_1_552' title='bbox 2336 3472 2663 3520; x_wconf 89' lang='lat' dir='ltr'><strong>consecutus</strong></span> <span class='ocrx_word' id='word_1_553' title='bbox 2695 3465 2786 3521; x_wconf 92' lang='lat' dir='ltr'><strong>sit.</strong></span> <span class='ocrx_word' id='word_1_554' title='bbox 2820 3464 2894 3520; x_wconf 87' lang='lat' dir='ltr'><strong>De</strong></span> <span class='ocrx_word' id='word_1_555' title='bbox 2922 3464 3223 3545; x_wconf 77' lang='lat' dir='ltr'><strong>senonensi</strong></span> <span class='ocrx_word' id='word_1_556' title='bbox 3262 3476 3443 3524; x_wconf 84' lang='lat' dir='ltr'><strong>autem</strong></span> <span class='ocrx_word' id='word_1_557' title='bbox 3473 3470 3749 3542; x_wconf 61' lang='lat' dir='ltr'><strong>archiepi-v</strong></span> 
     </span>
    </p>
   </div>
   <div class='ocr_carea' id='block_1_79' title="bbox 2183 3556 3743 3637">
    <p class='ocr_par' dir='ltr' id='par_1_79' title="bbox 2183 3556 3743 3637">
     <span class='ocr_line' id='line_1_79' title="bbox 2183 3556 3743 3637; baseline 0.004 -28"><span class='ocrx_word' id='word_1_558' title='bbox 2183 3569 2367 3624; x_wconf 92' lang='lat' dir='ltr'><strong>scopo,</strong></span> <span class='ocrx_word' id='word_1_559' title='bbox 2391 3563 2648 3624; x_wconf 82' lang='lat' dir='ltr'><strong>quantam</strong></span> <span class='ocrx_word' id='word_1_560' title='bbox 2692 3556 3072 3637; x_wconf 82' lang='lat' dir='ltr'><strong>contumeliam</strong></span> <span class='ocrx_word' id='word_1_561' title='bbox 3114 3566 3445 3629; x_wconf 59' lang='lat' dir='ltr'><strong>quantamve‘</strong></span> <span class='ocrx_word' id='word_1_562' title='bbox 3482 3558 3743 3630; x_wconf 89' lang='lat' dir='ltr'><strong>injuriam</strong></span> 
     </span>
    </p>
   </div>
   <div class='ocr_carea' id='block_1_80' title="bbox 2183 3646 3746 3718">
    <p class='ocr_par' dir='ltr' id='par_1_80' title="bbox 2183 3646 3746 3718">
     <span class='ocr_line' id='line_1_80' title="bbox 2183 3646 3746 3718; baseline 0.004 -18"><span class='ocrx_word' id='word_1_563' title='bbox 2183 3646 2486 3700; x_wconf 82' lang='lat' dir='ltr'><strong>auctoritati</strong></span> <span class='ocrx_word' id='word_1_564' title='bbox 2534 3654 2727 3702; x_wconf 77' lang='lat' dir='ltr'><strong>vcstrze</strong></span> <span class='ocrx_word' id='word_1_565' title='bbox 2764 3647 2821 3701; x_wconf 90' lang='lat' dir='ltr'><strong>in</strong></span> <span class='ocrx_word' id='word_1_566' title='bbox 2865 3655 3052 3703; x_wconf 89' lang='lat' dir='ltr'><strong>nostra</strong></span> <span class='ocrx_word' id='word_1_567' title='bbox 3096 3647 3363 3718; x_wconf 73' lang='lat' dir='ltr'><strong>legatione</strong></span> <span class='ocrx_word' id='word_1_568' title='bbox 3401 3649 3669 3718; x_wconf 80' lang='lat' dir='ltr'><strong>intulerit,</strong></span> <span class='ocrx_word' id='word_1_569' title='bbox 3708 3667 3746 3706; x_wconf 69' lang='grc' dir='ltr'><strong><em>ι</em></strong></span> 
     </span>
    </p>
   </div>
   <div class='ocr_carea' id='block_1_81' title="bbox 2182 3735 3749 3808">
    <p class='ocr_par' dir='ltr' id='par_1_81' title="bbox 2182 3735 3749 3808">
     <span class='ocr_line' id='line_1_81' title="bbox 2182 3735 3749 3808; baseline 0.004 -19"><span class='ocrx_word' id='word_1_570' title='bbox 2182 3735 2436 3805; x_wconf 71' lang='lat' dir='ltr'><strong>praedicto</strong></span> <span class='ocrx_word' id='word_1_571' title='bbox 2475 3735 2563 3802; x_wconf 81' lang='lat' dir='ltr'><strong>R.,</strong></span> <span class='ocrx_word' id='word_1_572' title='bbox 2598 3745 2658 3791; x_wconf 92' lang='lat' dir='ltr'><strong>ut</strong></span> <span class='ocrx_word' id='word_1_573' title='bbox 2699 3747 2877 3806; x_wconf 86' lang='lat' dir='ltr'><strong>spero,</strong></span> <span class='ocrx_word' id='word_1_574' title='bbox 2913 3737 3235 3793; x_wconf 74' lang='lat' dir='ltr'><strong>sufﬁcienter</strong></span> <span class='ocrx_word' id='word_1_575' title='bbox 3273 3739 3524 3808; x_wconf 85' lang='lat' dir='ltr'><strong>audistis.</strong></span> <span class='ocrx_word' id='word_1_576' title='bbox 3556 3738 3749 3808; x_wconf 84' lang='lat' dir='ltr'><strong>Neque</strong></span> 
     </span>
    </p>
   </div>
   <div class='ocr_carea' id='block_1_82' title="bbox 2185 3824 3741 3897">
    <p class='ocr_par' dir='ltr' id='par_1_82' title="bbox 2185 3824 3741 3897">
     <span class='ocr_line' id='line_1_82' title="bbox 2185 3824 3741 3897; baseline 0.004 -19"><span class='ocrx_word' id='word_1_577' title='bbox 2185 3825 2289 3879; x_wconf 85' lang='lat' dir='ltr'><strong>hoc</strong></span> <span class='ocrx_word' id='word_1_578' title='bbox 2312 3825 2516 3891; x_wconf 89' lang='lat' dir='ltr'><strong>dicens,</strong></span> <span class='ocrx_word' id='word_1_579' title='bbox 2536 3824 2695 3883; x_wconf 89' lang='lat' dir='ltr'><strong>&#39;Deus</strong></span> <span class='ocrx_word' id='word_1_580' title='bbox 2729 3828 2883 3883; x_wconf 85' lang='lat' dir='ltr'><strong>testis</strong></span> <span class='ocrx_word' id='word_1_581' title='bbox 2902 3834 3007 3894; x_wconf 87' lang='lat' dir='ltr'><strong>est,</strong></span> <span class='ocrx_word' id='word_1_582' title='bbox 3049 3827 3277 3897; x_wconf 79' lang='lat' dir='ltr'><strong>gloriam</strong></span> <span class='ocrx_word' id='word_1_583' title='bbox 3320 3843 3497 3882; x_wconf 83' lang='lat' dir='ltr'><strong>meam</strong></span> <span class='ocrx_word' id='word_1_584' title='bbox 3530 3842 3741 3897; x_wconf 67' lang='lat' dir='ltr'><strong>quaero.</strong></span> 
     </span>
    </p>
   </div>
   <div class='ocr_carea' id='block_1_83' title="bbox 2172 3906 3747 3987">
    <p class='ocr_par' dir='ltr' id='par_1_83' title="bbox 2172 3906 3747 3987">
     <span class='ocr_line' id='line_1_83' title="bbox 2172 3906 3747 3987; baseline 0.005 -22"><span class='ocrx_word' id='word_1_585' title='bbox 2172 3908 2598 3983; x_wconf 33' lang='lat' dir='ltr'><strong>&#39;Burdcgalensis</strong></span> <span class='ocrx_word' id='word_1_586' title='bbox 2637 3932 2872 3985; x_wconf 91' lang='lat' dir='ltr'><strong>quoque,</strong></span> <span class='ocrx_word' id='word_1_587' title='bbox 2904 3909 3164 3985; x_wconf 82' lang='lat' dir='ltr'><strong>quoniam</strong></span> <span class='ocrx_word' id='word_1_588' title='bbox 3207 3906 3435 3987; x_wconf 72' lang='lat' dir='ltr'><strong>vocatus</strong></span> <span class='ocrx_word' id='word_1_589' title='bbox 3467 3907 3747 3987; x_wconf 61' lang='lat' dir='ltr'><strong>praeterito</strong></span> 
     </span>
    </p>
   </div>
   <div class='ocr_carea' id='block_1_84' title="bbox 2180 3997 3750 4079">
    <p class='ocr_par' dir='ltr' id='par_1_84' title="bbox 2180 3997 3750 4079">
     <span class='ocr_line' id='line_1_84' title="bbox 2180 3997 3750 4079; baseline 0.004 -23"><span class='ocrx_word' id='word_1_590' title='bbox 2180 4017 2330 4072; x_wconf 82' lang='lat' dir='ltr'><strong>anno</strong></span> <span class='ocrx_word' id='word_1_591' title='bbox 2365 4004 2433 4057; x_wconf 89' lang='lat' dir='ltr'><strong>ad</strong></span> <span class='ocrx_word' id='word_1_592' title='bbox 2477 4004 2814 4058; x_wconf 85' lang='lat' dir='ltr'><strong>Arvernense</strong></span> <span class='ocrx_word' id='word_1_593' title='bbox 2841 4004 3131 4079; x_wconf 76' lang='lat' dir='ltr'><strong>concilium</strong></span> <span class='ocrx_word' id='word_1_594' title='bbox 3179 4019 3354 4079; x_wconf 82' lang='lat' dir='ltr'><strong>neque</strong></span> <span class='ocrx_word' id='word_1_595' title='bbox 3382 4008 3529 4062; x_wconf 87' lang='lat' dir='ltr'><strong>venit</strong></span> <span class='ocrx_word' id='word_1_596' title='bbox 3569 3997 3750 4078; x_wconf 82' lang='lat' dir='ltr'><strong>neque</strong></span> 
     </span>
    </p>
   </div>
   <div class='ocr_carea' id='block_1_85' title="bbox 2156 4094 3748 4167">
    <p class='ocr_par' dir='ltr' id='par_1_85' title="bbox 2156 4094 3748 4167">
     <span class='ocr_line' id='line_1_85' title="bbox 2156 4094 3748 4167; baseline 0.004 -19"><span class='ocrx_word' id='word_1_597' title='bbox 2156 4094 2446 4165; x_wconf 61' lang='lat' dir='ltr'><strong>&quot;canonice</strong></span> <span class='ocrx_word' id='word_1_598' title='bbox 2466 4107 2523 4147; x_wconf 88' lang='lat' dir='ltr'><strong>se</strong></span> <span class='ocrx_word' id='word_1_599' title='bbox 2547 4094 2841 4159; x_wconf 88' lang='lat' dir='ltr'><strong>excusavit,</strong></span> <span class='ocrx_word' id='word_1_600' title='bbox 2871 4094 2926 4147; x_wconf 93' lang='lat' dir='ltr'><strong>in</strong></span> <span class='ocrx_word' id='word_1_601' title='bbox 2952 4094 3141 4149; x_wconf 83' lang='lat' dir='ltr'><strong>eodem</strong></span> <span class='ocrx_word' id='word_1_602' title='bbox 3160 4096 3397 4153; x_wconf 83' lang='lat' dir='ltr'><strong>concilio</strong></span> <span class='ocrx_word' id='word_1_603' title='bbox 3426 4098 3497 4152; x_wconf 91' lang='lat' dir='ltr'><strong>ab</strong></span> <span class='ocrx_word' id='word_1_604' title='bbox 3529 4098 3748 4167; x_wconf 88' lang='lat' dir='ltr'><strong>episco-</strong></span> 
     </span>
    </p>
   </div>
   <div class='ocr_carea' id='block_1_86' title="bbox 2189 4180 3753 4263">
    <p class='ocr_par' dir='ltr' id='par_1_86' title="bbox 2189 4180 3753 4263">
     <span class='ocr_line' id='line_1_86' title="bbox 2189 4180 3753 4263; baseline 0.004 -28"><span class='ocrx_word' id='word_1_605' title='bbox 2189 4182 2298 4251; x_wconf 86' lang='lat' dir='ltr'><strong>pali</strong></span> <span class='ocrx_word' id='word_1_606' title='bbox 2322 4180 2496 4236; x_wconf 82' lang='lat' dir='ltr'><strong>ollicio</strong></span> <span class='ocrx_word' id='word_1_607' title='bbox 2516 4197 2814 4251; x_wconf 88' lang='lat' dir='ltr'><strong>suspensus</strong></span> <span class='ocrx_word' id='word_1_608' title='bbox 2840 4190 2943 4237; x_wconf 85' lang='lat' dir='ltr'><strong>est.</strong></span> <span class='ocrx_word' id='word_1_609' title='bbox 2968 4181 3124 4249; x_wconf 85' lang='lat' dir='ltr'><strong>Quod</strong></span> <span class='ocrx_word' id='word_1_610' title='bbox 3152 4184 3247 4263; x_wconf 82' lang='lat' dir='ltr'><strong>ille</strong></span> <span class='ocrx_word' id='word_1_611' title='bbox 3267 4185 3629 4257; x_wconf 80' lang='lat' dir='ltr'><strong>vilipendens,</strong></span> <span class='ocrx_word' id='word_1_612' title='bbox 3663 4187 3753 4241; x_wconf 91' lang='lat' dir='ltr'><strong>in—</strong></span> 
     </span>
    </p>
   </div>
   <div class='ocr_carea' id='block_1_87' title="bbox 2192 4268 3749 4340">
    <p class='ocr_par' dir='ltr' id='par_1_87' title="bbox 2192 4268 3749 4340">
     <span class='ocr_line' id='line_1_87' title="bbox 2192 4268 3749 4340; baseline 0.006 -16"><span class='ocrx_word' id='word_1_613' title='bbox 2192 4269 2474 4325; x_wconf 83' lang='lat' dir='ltr'><strong>terdictum</strong></span> <span class='ocrx_word' id='word_1_614' title='bbox 2500 4268 2603 4324; x_wconf 90' lang='lat' dir='ltr'><strong>sibi</strong></span> <span class='ocrx_word' id='word_1_615' title='bbox 2624 4270 2905 4340; x_wconf 86' lang='lat' dir='ltr'><strong>usurpavit</strong></span> <span class='ocrx_word' id='word_1_616' title='bbox 2923 4269 3175 4325; x_wconf 82' lang='lat' dir='ltr'><strong>cilicium.</strong></span> <span class='ocrx_word' id='word_1_617' title='bbox 3192 4268 3409 4328; x_wconf 75' lang='lat' dir='ltr'><strong>Rursus</strong></span> <span class='ocrx_word' id='word_1_618' title='bbox 3428 4280 3658 4330; x_wconf 84' lang='lat' dir='ltr'><strong>vocatus</strong></span> <span class='ocrx_word' id='word_1_619' title='bbox 3680 4275 3749 4334; x_wconf 71' lang='lat' dir='ltr'><strong>ad</strong></span> 
     </span>
    </p>
   </div>
   <div class='ocr_carea' id='block_1_88' title="bbox 2191 4358 3749 4430">
    <p class='ocr_par' dir='ltr' id='par_1_88' title="bbox 2191 4358 3749 4430">
     <span class='ocr_line' id='line_1_88' title="bbox 2191 4358 3749 4430; baseline 0.004 -19"><span class='ocrx_word' id='word_1_620' title='bbox 2191 4358 2678 4428; x_wconf 79' lang='lat' dir='ltr'><strong>Augustodunense</strong></span> <span class='ocrx_word' id='word_1_621' title='bbox 2700 4358 3016 4426; x_wconf 83' lang='lat' dir='ltr'><strong>concilium‘,</strong></span> <span class='ocrx_word' id='word_1_622' title='bbox 3030 4414 3032 4418; x_wconf 62' lang='grc'><em>,</em></span> <span class='ocrx_word' id='word_1_623' title='bbox 3047 4359 3304 4430; x_wconf 87' lang='lat' dir='ltr'><strong>quoniam</strong></span> <span class='ocrx_word' id='word_1_624' title='bbox 3325 4361 3531 4417; x_wconf 87' lang='lat' dir='ltr'><strong>nullam</strong></span> <span class='ocrx_word' id='word_1_625' title='bbox 3562 4376 3749 4423; x_wconf 72' lang='lat' dir='ltr'><strong>causa-</strong></span> 
     </span>
    </p>
   </div>
   <div class='ocr_carea' id='block_1_89' title="bbox 2193 4432 3750 4529">
    <p class='ocr_par' dir='ltr' id='par_1_89' title="bbox 2193 4432 3750 4529">
     <span class='ocr_line' id='line_1_89' title="bbox 2193 4432 3750 4529; baseline 0.003 -30"><span class='ocrx_word' id='word_1_626' title='bbox 2193 4446 2394 4500; x_wconf 90' lang='lat' dir='ltr'><strong>tionem</strong></span> <span class='ocrx_word' id='word_1_627' title='bbox 2417 4447 2573 4500; x_wconf 77' lang='lat' dir='ltr'><strong>nob’is</strong></span> <span class='ocrx_word' id='word_1_628' title='bbox 2599 4441 2767 4512; x_wconf 85' lang='lat' dir='ltr'><strong>misit,</strong></span> <span class='ocrx_word' id='word_1_629' title='bbox 2789 4432 2952 4500; x_wconf 70' lang='lat' dir='ltr'><strong>etiam</strong></span> <span class='ocrx_word' id='word_1_630' title='bbox 2981 4461 3017 4505; x_wconf 66' lang='grc' dir='ltr'>α</span> <span class='ocrx_word' id='word_1_631' title='bbox 3041 4447 3346 4529; x_wconf 80' lang='lat' dir='ltr'><strong>sacerdotio</strong></span> <span class='ocrx_word' id='word_1_632' title='bbox 3365 4449 3750 4517; x_wconf 84' lang='lat' dir='ltr'><strong>suspendimus</strong></span> 
     </span>
    </p>
   </div>
   <div class='ocr_carea' id='block_1_90' title="bbox 545 4531 3751 4617">
    <p class='ocr_par' dir='ltr' id='par_1_90' title="bbox 545 4531 3751 4617">
     <span class='ocr_line' id='line_1_90' title="bbox 545 4531 3751 4617; baseline -0.002 -21"><span class='ocrx_word' id='word_1_633' title='bbox 545 4540 805 4610; x_wconf 66' lang='lat' dir='ltr'><strong>vennicaa,</strong></span> <span class='ocrx_word' id='word_1_634' title='bbox 831 4543 924 4613; x_wconf 89' lang='lat' dir='ltr'><strong>qui</strong></span> <span class='ocrx_word' id='word_1_635' title='bbox 946 4549 1109 4597; x_wconf 67' lang='lat' dir='ltr'><strong>tantae</strong></span> <span class='ocrx_word' id='word_1_636' title='bbox 1133 4548 1217 4617; x_wconf 79' lang='lat' dir='ltr'><strong>est</strong></span> <span class='ocrx_word' id='word_1_637' title='bbox 1244 4540 1555 4604; x_wconf 88' lang='lat' dir='ltr'><strong>senectutis,</strong></span> <span class='ocrx_word' id='word_1_638' title='bbox 1579 4548 1641 4594; x_wconf 89' lang='lat' dir='ltr'><strong>ut</strong></span> <span class='ocrx_word' id='word_1_639' title='bbox 1670 4554 1793 4593; x_wconf 89' lang='lat' dir='ltr'><strong>cum</strong></span> <span class='ocrx_word' id='word_1_640' title='bbox 1824 4548 1949 4593; x_wconf 89' lang='lat' dir='ltr'><strong>ante</strong></span> <span class='ocrx_word' id='word_1_641' title='bbox 1977 4540 2095 4609; x_wconf 87' lang='lat' dir='ltr'><strong>epi-</strong></span> <span class='ocrx_word' id='word_1_642' title='bbox 2128 4553 2172 4607; x_wconf 79' lang='grc' dir='ltr'><strong>ι)</strong></span> <span class='ocrx_word' id='word_1_643' title='bbox 2195 4547 2338 4586; x_wconf 89' lang='lat' dir='ltr'><strong>eum.</strong></span> <span class='ocrx_word' id='word_1_644' title='bbox 2379 4531 2456 4586; x_wconf 88' lang='lat' dir='ltr'><strong>De</strong></span> <span class='ocrx_word' id='word_1_645' title='bbox 2490 4534 2578 4587; x_wconf 90' lang='lat' dir='ltr'><strong>bis</strong></span> <span class='ocrx_word' id='word_1_646' title='bbox 2612 4548 2742 4603; x_wconf 87' lang='lat' dir='ltr'><strong>ergo</strong></span> <span class='ocrx_word' id='word_1_647' title='bbox 2776 4534 3029 4588; x_wconf 86' lang='lat' dir='ltr'><strong>omnibus</strong></span> <span class='ocrx_word' id='word_1_648' title='bbox 3055 4534 3187 4603; x_wconf 88' lang='lat' dir='ltr'><strong>quid</strong></span> <span class='ocrx_word' id='word_1_649' title='bbox 3225 4535 3540 4605; x_wconf 80' lang='lat' dir='ltr'><strong>magnitde</strong></span> <span class='ocrx_word' id='word_1_650' title='bbox 3571 4547 3751 4591; x_wconf 69' lang='lat' dir='ltr'><strong>vestra</strong></span> 
     </span>
    </p>
   </div>
   <div class='ocr_carea' id='block_1_91' title="bbox 546 4627 2095 4708">
    <p class='ocr_par' dir='ltr' id='par_1_91' title="bbox 546 4627 2095 4708">
     <span class='ocr_line' id='line_1_91' title="bbox 546 4627 2095 4708; baseline -0.01 -15"><span class='ocrx_word' id='word_1_651' title='bbox 546 4628 825 4708; x_wconf 69' lang='lat' dir='ltr'><strong>sc&#39;o&#39;patum</strong></span> <span class='ocrx_word' id='word_1_652' title='bbox 878 4632 971 4703; x_wconf 86' lang='lat' dir='ltr'><strong>diu</strong></span> <span class='ocrx_word' id='word_1_653' title='bbox 1019 4628 1376 4701; x_wconf 87' lang='lat' dir='ltr'><strong>permanserit</strong></span> <span class='ocrx_word' id='word_1_654' title='bbox 1425 4627 1712 4682; x_wconf 80' lang='lat' dir='ltr'><strong>inordine</strong></span> <span class='ocrx_word' id='word_1_655' title='bbox 1749 4627 2095 4696; x_wconf 86' lang='lat' dir='ltr'><strong>presbyterii,</strong></span> 
     </span>
    </p>
   </div>
   <div class='ocr_carea' id='block_1_92' title="bbox 473 4715 2099 4795">
    <p class='ocr_par' dir='ltr' id='par_1_92' title="bbox 473 4715 2099 4795">
     <span class='ocr_line' id='line_1_92' title="bbox 473 4715 2099 4795; baseline -0.009 -13"><span class='ocrx_word' id='word_1_656' title='bbox 473 4761 475 4764; x_wconf 57' lang='grc' dir='ltr'><strong><em>ι</em></strong></span> <span class='ocrx_word' id='word_1_657' title='bbox 544 4728 657 4795; x_wconf 84' lang='lat' dir='ltr'><strong>jam</strong></span> <span class='ocrx_word' id='word_1_658' title='bbox 679 4738 825 4778; x_wconf 85' lang='lat' dir='ltr'><strong>nunc</strong></span> <span class='ocrx_word' id='word_1_659' title='bbox 843 4723 984 4776; x_wconf 88' lang='lat' dir='ltr'><strong>ultra</strong></span> <span class='ocrx_word' id='word_1_660' title='bbox 1004 4730 1213 4790; x_wconf 90' lang='lat' dir='ltr'><strong>tempus</strong></span> <span class='ocrx_word' id='word_1_661' title='bbox 1234 4735 1301 4773; x_wconf 75' lang='lat' dir='ltr'><strong>1.x</strong></span> <span class='ocrx_word' id='word_1_662' title='bbox 1321 4733 1589 4773; x_wconf 88' lang='lat' dir='ltr'><strong>annorum</strong></span> <span class='ocrx_word' id='word_1_663' title='bbox 1616 4717 1841 4788; x_wconf 81' lang='lat' dir='ltr'><strong>gradum</strong></span> <span class='ocrx_word' id='word_1_664' title='bbox 1865 4715 2099 4771; x_wconf 88' lang='lat' dir='ltr'><strong>tenuerit</strong></span> 
     </span>
    </p>
   </div>
   <div class='ocr_carea' id='block_1_93' title="bbox 550 4804 2101 4883">
    <p class='ocr_par' dir='ltr' id='par_1_93' title="bbox 550 4804 2101 4883">
     <span class='ocr_line' id='line_1_93' title="bbox 550 4804 2101 4883; baseline -0.005 -15"><span class='ocrx_word' id='word_1_665' title='bbox 550 4811 811 4883; x_wconf 79' lang='lat' dir='ltr'><strong>episcopi,</strong></span> <span class='ocrx_word' id='word_1_666' title='bbox 834 4820 901 4877; x_wconf 83' lang='lat' dir='ltr'><strong>et</strong></span> <span class='ocrx_word' id='word_1_667' title='bbox 935 4825 1071 4879; x_wconf 89' lang='lat' dir='ltr'><strong>pene</strong></span> <span class='ocrx_word' id='word_1_668' title='bbox 1096 4824 1191 4878; x_wconf 89' lang='lat' dir='ltr'><strong>per</strong></span> <span class='ocrx_word' id='word_1_669' title='bbox 1213 4809 1424 4879; x_wconf 89' lang='lat' dir='ltr'><strong>singula</strong></span> <span class='ocrx_word' id='word_1_670' title='bbox 1469 4815 1741 4862; x_wconf 88' lang='lat' dir='ltr'><strong>momenta</strong></span> <span class='ocrx_word' id='word_1_671' title='bbox 1776 4804 2101 4876; x_wconf 82' lang='lat' dir='ltr'><strong>propinquat</strong></span> 
     </span>
    </p>
   </div>
   <div class='ocr_carea' id='block_1_94' title="bbox 551 4897 2100 4967">
    <p class='ocr_par' dir='ltr' id='par_1_94' title="bbox 551 4897 2100 4967">
     <span class='ocr_line' id='line_1_94' title="bbox 551 4897 2100 4967; baseline -0.005 -10"><span class='ocrx_word' id='word_1_672' title='bbox 551 4901 741 4957; x_wconf 88' lang='lat' dir='ltr'><strong>cxitui.</strong></span> <span class='ocrx_word' id='word_1_673' title='bbox 775 4897 1114 4967; x_wconf 73' lang='lat' dir='ltr'><strong>Quapropter</strong></span> <span class='ocrx_word' id='word_1_674' title='bbox 1156 4898 1403 4950; x_wconf 89' lang='lat' dir='ltr'><strong>volumus</strong></span> <span class='ocrx_word' id='word_1_675' title='bbox 1435 4912 1535 4951; x_wconf 89' lang='lat' dir='ltr'><strong>vos</strong></span> <span class='ocrx_word' id='word_1_676' title='bbox 1581 4897 1834 4951; x_wconf 82' lang='lat' dir='ltr'><strong>obnixius</strong></span> <span class='ocrx_word' id='word_1_677' title='bbox 1874 4910 2100 4950; x_wconf 88' lang='lat' dir='ltr'><strong>exorare</strong></span> 
     </span>
    </p>
   </div>
   <div class='ocr_carea' id='block_1_95' title="bbox 553 4984 2099 5058">
    <p class='ocr_par' dir='ltr' id='par_1_95' title="bbox 553 4984 2099 5058">
     <span class='ocr_line' id='line_1_95' title="bbox 553 4984 2099 5058; baseline -0.004 -13"><span class='ocrx_word' id='word_1_678' title='bbox 553 4999 615 5045; x_wconf 91' lang='lat' dir='ltr'><strong>ut</strong></span> <span class='ocrx_word' id='word_1_679' title='bbox 634 5003 756 5043; x_wconf 88' lang='lat' dir='ltr'><strong>eum</strong></span> <span class='ocrx_word' id='word_1_680' title='bbox 777 4986 934 5058; x_wconf 90' lang='lat' dir='ltr'><strong>jussu</strong></span> <span class='ocrx_word' id='word_1_681' title='bbox 955 4993 1134 5041; x_wconf 88' lang='lat' dir='ltr'><strong>vestro</strong></span> <span class='ocrx_word' id='word_1_682' title='bbox 1157 4984 1451 5055; x_wconf 87' lang='lat' dir='ltr'><strong>dignemini</strong></span> <span class='ocrx_word' id='word_1_683' title='bbox 1481 4984 1760 5038; x_wconf 88' lang='lat' dir='ltr'><strong>restituere</strong></span> <span class='ocrx_word' id='word_1_684' title='bbox 1797 4984 2099 5039; x_wconf 87' lang='lat' dir='ltr'><strong>ministerio</strong></span> 
     </span>
    </p>
   </div>
   <div class='ocr_carea' id='block_1_96' title="bbox 555 5071 2100 5148">
    <p class='ocr_par' dir='ltr' id='par_1_96' title="bbox 555 5071 2100 5148">
     <span class='ocr_line' id='line_1_96' title="bbox 555 5071 2100 5148; baseline -0.006 -14"><span class='ocrx_word' id='word_1_685' title='bbox 555 5093 678 5143; x_wconf 85' lang='lat' dir='ltr'><strong>suo,</strong></span> <span class='ocrx_word' id='word_1_686' title='bbox 703 5093 792 5144; x_wconf 86' lang='lat' dir='ltr'><strong>ne,</strong></span> <span class='ocrx_word' id='word_1_687' title='bbox 823 5077 968 5148; x_wconf 89' lang='lat' dir='ltr'><strong>quod</strong></span> <span class='ocrx_word' id='word_1_688' title='bbox 1008 5089 1332 5147; x_wconf 80' lang='lat' dir='ltr'><strong>magnopere</strong></span> <span class='ocrx_word' id='word_1_689' title='bbox 1370 5072 1743 5138; x_wconf 85' lang='lat' dir='ltr'><strong>formidamus,</strong></span> <span class='ocrx_word' id='word_1_690' title='bbox 1768 5073 1825 5125; x_wconf 90' lang='lat' dir='ltr'><strong>in</strong></span> <span class='ocrx_word' id='word_1_691' title='bbox 1850 5071 1957 5125; x_wconf 88' lang='lat' dir='ltr'><strong>bac</strong></span> <span class='ocrx_word' id='word_1_692' title='bbox 1984 5087 2100 5126; x_wconf 91' lang='lat' dir='ltr'><strong>mo-</strong></span> 
     </span>
    </p>
   </div>
   <div class='ocr_carea' id='block_1_97' title="bbox 559 5160 2138 5232">
    <p class='ocr_par' dir='ltr' id='par_1_97' title="bbox 559 5160 2138 5232">
     <span class='ocr_line' id='line_1_97' title="bbox 559 5160 2138 5232; baseline -0.006 -11"><span class='ocrx_word' id='word_1_693' title='bbox 559 5169 730 5222; x_wconf 85' lang='lat' dir='ltr'><strong>riatur</strong></span> <span class='ocrx_word' id='word_1_694' title='bbox 763 5167 1150 5222; x_wconf 87' lang='lat' dir='ltr'><strong>interdictione.</strong></span> <span class='ocrx_word' id='word_1_695' title='bbox 1179 5164 1256 5220; x_wconf 90' lang='lat' dir='ltr'><strong>De</strong></span> <span class='ocrx_word' id='word_1_696' title='bbox 1289 5164 1393 5219; x_wconf 88' lang='lat' dir='ltr'><strong>bac</strong></span> <span class='ocrx_word' id='word_1_697' title='bbox 1412 5177 1541 5218; x_wconf 89' lang='lat' dir='ltr'><strong>vero</strong></span> <span class='ocrx_word' id='word_1_698' title='bbox 1568 5160 1713 5232; x_wconf 90' lang='lat' dir='ltr'><strong>quod</strong></span> <span class='ocrx_word' id='word_1_699' title='bbox 1743 5175 1828 5214; x_wconf 89' lang='lat' dir='ltr'><strong>me</strong></span> <span class='ocrx_word' id='word_1_700' title='bbox 1853 5160 2138 5227; x_wconf 68' lang='lat' dir='ltr'><strong>interpel-&#39;</strong></span> 
     </span>
    </p>
   </div>
   <div class='ocr_carea' id='block_1_98' title="bbox 561 5248 2104 5322">
    <p class='ocr_par' dir='ltr' id='par_1_98' title="bbox 561 5248 2104 5322">
     <span class='ocr_line' id='line_1_98' title="bbox 561 5248 2104 5322; baseline -0.004 -15"><span class='ocrx_word' id='word_1_701' title='bbox 561 5251 715 5307; x_wconf 86' lang='lat' dir='ltr'><strong>lastis</strong></span> <span class='ocrx_word' id='word_1_702' title='bbox 742 5259 805 5305; x_wconf 86' lang='lat' dir='ltr'><strong>ut</strong></span> <span class='ocrx_word' id='word_1_703' title='bbox 838 5253 895 5305; x_wconf 91' lang='lat' dir='ltr'><strong>in</strong></span> <span class='ocrx_word' id='word_1_704' title='bbox 936 5253 1200 5309; x_wconf 82' lang='lat' dir='ltr'><strong>conducto</strong></span> <span class='ocrx_word' id='word_1_705' title='bbox 1235 5252 1473 5322; x_wconf 87' lang='lat' dir='ltr'><strong>episcopi</strong></span> <span class='ocrx_word' id='word_1_706' title='bbox 1514 5249 1859 5315; x_wconf 71' lang='lat' dir='ltr'><strong>Parisien‘sis,</strong></span> <span class='ocrx_word' id='word_1_707' title='bbox 1894 5248 2104 5316; x_wconf 83' lang='lat' dir='ltr'><strong>aliquos</strong></span> 
     </span>
    </p>
   </div>
   <div class='ocr_carea' id='block_1_99' title="bbox 562 5337 2103 5407">
    <p class='ocr_par' dir='ltr' id='par_1_99' title="bbox 562 5337 2103 5407">
     <span class='ocr_line' id='line_1_99' title="bbox 562 5337 2103 5407; baseline -0.001 -14"><span class='ocrx_word' id='word_1_708' title='bbox 562 5339 718 5396; x_wconf 82' lang='lat' dir='ltr'><strong>vobis</strong></span> <span class='ocrx_word' id='word_1_709' title='bbox 750 5339 946 5394; x_wconf 87' lang='lat' dir='ltr'><strong>milites</strong></span> <span class='ocrx_word' id='word_1_710' title='bbox 967 5348 1252 5407; x_wconf 72' lang='lat' dir='ltr'><strong>mitterem,</strong></span> <span class='ocrx_word' id='word_1_711' title='bbox 1273 5349 1460 5394; x_wconf 90' lang='lat' dir='ltr'><strong>notum</strong></span> <span class='ocrx_word' id='word_1_712' title='bbox 1483 5339 1641 5394; x_wconf 83' lang='lat' dir='ltr'><strong>vobis</strong></span> <span class='ocrx_word' id='word_1_713' title='bbox 1675 5337 1816 5393; x_wconf 89' lang='lat' dir='ltr'><strong>facio</strong></span> <span class='ocrx_word' id='word_1_714' title='bbox 1835 5337 1978 5406; x_wconf 88' lang='lat' dir='ltr'><strong>quod</strong></span> <span class='ocrx_word' id='word_1_715' title='bbox 2004 5352 2103 5407; x_wconf 83' lang='lat' dir='ltr'><strong>ego</strong></span> 
     </span>
    </p>
   </div>
   <div class='ocr_carea' id='block_1_100' title="bbox 568 5426 2107 5498">
    <p class='ocr_par' dir='ltr' id='par_1_100' title="bbox 568 5426 2107 5498">
     <span class='ocr_line' id='line_1_100' title="bbox 568 5426 2107 5498; baseline -0.001 -13"><span class='ocrx_word' id='word_1_716' title='bbox 568 5429 807 5485; x_wconf 80' lang='lat' dir='ltr'><strong>volebam</strong></span> <span class='ocrx_word' id='word_1_717' title='bbox 831 5427 1092 5498; x_wconf 85' lang='lat' dir='ltr'><strong>dirigere;</strong></span> <span class='ocrx_word' id='word_1_718' title='bbox 1128 5428 1221 5481; x_wconf 87' lang='lat' dir='ltr'><strong>sed</strong></span> <span class='ocrx_word' id='word_1_719' title='bbox 1259 5442 1439 5481; x_wconf 90' lang='lat' dir='ltr'><strong>comes</strong></span> <span class='ocrx_word' id='word_1_720' title='bbox 1476 5428 1543 5481; x_wconf 92' lang='lat' dir='ltr'><strong>de</strong></span> <span class='ocrx_word' id='word_1_721' title='bbox 1574 5426 1791 5481; x_wconf 83' lang='lat' dir='ltr'><strong>Arlonis</strong></span> <span class='ocrx_word' id='word_1_722' title='bbox 1826 5427 1992 5483; x_wconf 84' lang='lat' dir='ltr'><strong>Fulco</strong></span> <span class='ocrx_word' id='word_1_723' title='bbox 2021 5443 2107 5483; x_wconf 87' lang='lat' dir='ltr'><strong>re-</strong></span> 
     </span>
    </p>
   </div>
   <div class='ocr_carea' id='block_1_101' title="bbox 566 5502 2109 5577">
    <p class='ocr_par' dir='ltr' id='par_1_101' title="bbox 566 5502 2109 5577">
     <span class='ocr_line' id='line_1_101' title="bbox 566 5502 2109 5577; baseline -0.004 -3"><span class='ocrx_word' id='word_1_724' title='bbox 566 5518 719 5576; x_wconf 88' lang='lat' dir='ltr'><strong>diens</strong></span> <span class='ocrx_word' id='word_1_725' title='bbox 742 5516 811 5571; x_wconf 90' lang='lat' dir='ltr'><strong>ab</strong></span> <span class='ocrx_word' id='word_1_726' title='bbox 839 5516 972 5569; x_wconf 91' lang='lat' dir='ltr'><strong>urbe</strong></span> <span class='ocrx_word' id='word_1_727' title='bbox 1008 5512 1181 5566; x_wconf 80' lang='lat' dir='ltr'><strong>Roma</strong></span> <span class='ocrx_word' id='word_1_728' title='bbox 1223 5513 1328 5566; x_wconf 87' lang='lat' dir='ltr'><strong>hoc</strong></span> <span class='ocrx_word' id='word_1_729' title='bbox 1362 5513 1496 5566; x_wconf 89' lang='lat' dir='ltr'><strong>mihi</strong></span> <span class='ocrx_word' id='word_1_730' title='bbox 1534 5502 1799 5577; x_wconf 80' lang='lat' dir='ltr'><strong>inti&#39;ma‘vlt</strong></span> <span class='ocrx_word' id='word_1_731' title='bbox 1833 5526 1900 5566; x_wconf 89' lang='lat' dir='ltr'><strong>ex</strong></span> <span class='ocrx_word' id='word_1_732' title='bbox 1930 5524 2109 5568; x_wconf 86' lang='lat' dir='ltr'><strong>vestra</strong></span> 
     </span>
    </p>
   </div>
   <div class='ocr_carea' id='block_1_102' title="bbox 568 5598 2161 5679">
    <p class='ocr_par' dir='ltr' id='par_1_102' title="bbox 568 5598 2161 5679">
     <span class='ocr_line' id='line_1_102' title="bbox 568 5598 2161 5679; baseline -0.007 -16"><span class='ocrx_word' id='word_1_733' title='bbox 568 5618 738 5679; x_wconf 87' lang='lat' dir='ltr'><strong>parte,</strong></span> <span class='ocrx_word' id='word_1_734' title='bbox 761 5606 890 5677; x_wconf 83' lang='lat' dir='ltr'><strong>quia</strong></span> <span class='ocrx_word' id='word_1_735' title='bbox 914 5605 1143 5658; x_wconf 88' lang='lat' dir='ltr'><strong>libenter</strong></span> <span class='ocrx_word' id='word_1_736' title='bbox 1167 5608 1253 5672; x_wconf 83' lang='lat' dir='ltr'><strong>me</strong></span> <span class='ocrx_word' id='word_1_737' title='bbox 1291 5602 1357 5656; x_wconf 88' lang='lat' dir='ltr'><strong>de</strong></span> <span class='ocrx_word' id='word_1_738' title='bbox 1384 5601 1499 5671; x_wconf 89' lang='lat' dir='ltr'><strong>ipsa</strong></span> <span class='ocrx_word' id='word_1_739' title='bbox 1528 5598 1939 5655; x_wconf 82' lang='lat' dir='ltr'><strong>transmissione</strong></span> <span class='ocrx_word' id='word_1_740' title='bbox 1969 5601 2112 5654; x_wconf 84' lang='lat' dir='ltr'><strong>mili—</strong></span> <span class='ocrx_word' id='word_1_741' title='bbox 2158 5604 2161 5611; x_wconf 89' lang='lat'>&#39;</span> 
     </span>
    </p>
   </div>
   <div class='ocr_carea' id='block_1_103' title="bbox 568 5690 2113 5764">
    <p class='ocr_par' dir='ltr' id='par_1_103' title="bbox 568 5690 2113 5764">
     <span class='ocr_line' id='line_1_103' title="bbox 568 5690 2113 5764; baseline -0.005 -15"><span class='ocrx_word' id='word_1_742' title='bbox 568 5706 687 5750; x_wconf 88' lang='lat' dir='ltr'><strong>tum</strong></span> <span class='ocrx_word' id='word_1_743' title='bbox 709 5692 1105 5764; x_wconf 88' lang='lat' dir='ltr'><strong>importabatis,</strong></span> <span class='ocrx_word' id='word_1_744' title='bbox 1134 5692 1252 5747; x_wconf 90' lang='lat' dir='ltr'><strong>ideo</strong></span> <span class='ocrx_word' id='word_1_745' title='bbox 1274 5699 1333 5746; x_wconf 91' lang='lat' dir='ltr'><strong>ut</strong></span> <span class='ocrx_word' id='word_1_746' title='bbox 1362 5692 1429 5745; x_wconf 77' lang='lat' dir='ltr'><strong>iu‘</strong></span> <span class='ocrx_word' id='word_1_747' title='bbox 1449 5690 1667 5760; x_wconf 82' lang='lat' dir='ltr'><strong>regione</strong></span> <span class='ocrx_word' id='word_1_748' title='bbox 1691 5695 1875 5743; x_wconf 80' lang='lat' dir='ltr'><strong>uestra</strong></span> <span class='ocrx_word' id='word_1_749' title='bbox 1898 5696 2113 5741; x_wconf 87' lang='lat' dir='ltr'><strong>strenue</strong></span> 
     </span>
    </p>
   </div>
   <div class='ocr_carea' id='block_1_104' title="bbox 574 5779 2115 5854">
    <p class='ocr_par' dir='ltr' id='par_1_104' title="bbox 574 5779 2115 5854">
     <span class='ocr_line' id='line_1_104' title="bbox 574 5779 2115 5854; baseline -0.001 -17"><span class='ocrx_word' id='word_1_750' title='bbox 574 5793 629 5837; x_wconf 89' lang='lat' dir='ltr'><strong>et</strong></span> <span class='ocrx_word' id='word_1_751' title='bbox 666 5784 922 5840; x_wconf 77' lang='lat' dir='ltr'><strong>intentius</strong></span> <span class='ocrx_word' id='word_1_752' title='bbox 958 5798 1277 5854; x_wconf 86' lang='lat' dir='ltr'><strong>exsequerer</strong></span> <span class='ocrx_word' id='word_1_753' title='bbox 1307 5782 1537 5839; x_wconf 78' lang='lat' dir='ltr'><strong>domina:</strong></span> <span class='ocrx_word' id='word_1_754' title='bbox 1576 5781 1855 5838; x_wconf 73' lang='lat' dir='ltr'><strong>marcbiszc</strong></span> <span class='ocrx_word' id='word_1_755' title='bbox 1892 5779 1963 5834; x_wconf 81' lang='grc' dir='ltr'><strong>Μ.</strong></span> <span class='ocrx_word' id='word_1_756' title='bbox 2010 5780 2115 5836; x_wconf 82' lang='lat' dir='ltr'><strong>Pro</strong></span> 
     </span>
    </p>
   </div>
   <div class='ocr_carea' id='block_1_105' title="bbox 2194 4612 3752 4691">
    <p class='ocr_par' dir='ltr' id='par_1_105' title="bbox 2194 4612 3752 4691">
     <span class='ocr_line' id='line_1_105' title="bbox 2194 4612 3752 4691; baseline 0.005 -20"><span class='ocrx_word' id='word_1_757' title='bbox 2194 4618 2531 4686; x_wconf 76' lang='lat' dir='ltr'><strong>iudicaverit,</strong></span> <span class='ocrx_word' id='word_1_758' title='bbox 2558 4617 2841 4687; x_wconf 77' lang='lat' dir='ltr'><strong>quid&#39;inde</strong></span> <span class='ocrx_word' id='word_1_759' title='bbox 2873 4632 3031 4689; x_wconf 81' lang='lat' dir='ltr'><strong>agere</strong></span> <span class='ocrx_word' id='word_1_760' title='bbox 3061 4619 3345 4688; x_wconf 87' lang='lat' dir='ltr'><strong>placuerit,</strong></span> <span class='ocrx_word' id='word_1_761' title='bbox 3374 4612 3630 4691; x_wconf 81' lang='lat' dir='ltr'><strong>parvitati</strong></span> <span class='ocrx_word' id='word_1_762' title='bbox 3652 4639 3752 4678; x_wconf 88' lang='lat' dir='ltr'><strong>no—</strong></span> 
     </span>
    </p>
   </div>
   <div class='ocr_carea' id='block_1_106' title="bbox 2199 4703 3751 4787">
    <p class='ocr_par' dir='ltr' id='par_1_106' title="bbox 2199 4703 3751 4787">
     <span class='ocr_line' id='line_1_106' title="bbox 2199 4703 3751 4787; baseline 0.005 -28"><span class='ocrx_word' id='word_1_763' title='bbox 2199 4714 2345 4772; x_wconf 73' lang='lat' dir='ltr'><strong>stras,</strong></span> <span class='ocrx_word' id='word_1_764' title='bbox 2372 4720 2654 4787; x_wconf 79' lang='lat' dir='ltr'><strong>rogamus,</strong></span> <span class='ocrx_word' id='word_1_765' title='bbox 2680 4706 2976 4778; x_wconf 85' lang='lat' dir='ltr'><strong>rescribite.</strong></span> <span class='ocrx_word' id='word_1_766' title='bbox 2998 4705 3263 4762; x_wconf 63' lang='lat' dir='ltr'><strong>Pratterea</strong></span> <span class='ocrx_word' id='word_1_767' title='bbox 3282 4703 3633 4780; x_wconf 86' lang='lat' dir='ltr'><strong>summopere</strong></span> <span class='ocrx_word' id='word_1_768' title='bbox 3650 4727 3722 4783; x_wconf 87' lang='lat' dir='ltr'><strong>po</strong></span> <span class='ocrx_word' id='word_1_769' title='bbox 3740 4743 3751 4750; x_wconf 91' lang='lat'><strong><em>-</em></strong></span> 
     </span>
    </p>
   </div>
   <div class='ocr_carea' id='block_1_107' title="bbox 2197 4790 3753 4878">
    <p class='ocr_par' dir='ltr' id='par_1_107' title="bbox 2197 4790 3753 4878">
     <span class='ocr_line' id='line_1_107' title="bbox 2197 4790 3753 4878; baseline 0.003 -29"><span class='ocrx_word' id='word_1_770' title='bbox 2197 4795 2401 4878; x_wconf 85' lang='lat' dir='ltr'><strong>scimus</strong></span> <span class='ocrx_word' id='word_1_771' title='bbox 2423 4805 2483 4849; x_wconf 91' lang='lat' dir='ltr'><strong>ut</strong></span> <span class='ocrx_word' id='word_1_772' title='bbox 2503 4811 2598 4865; x_wconf 90' lang='lat' dir='ltr'><strong>per</strong></span> <span class='ocrx_word' id='word_1_773' title='bbox 2616 4790 2896 4850; x_wconf 89' lang='lat' dir='ltr'><strong>dominum</strong></span> <span class='ocrx_word' id='word_1_774' title='bbox 2918 4794 3258 4852; x_wconf 82' lang='lat' dir='ltr'><strong>Valentinum</strong></span> <span class='ocrx_word' id='word_1_775' title='bbox 3295 4798 3753 4878; x_wconf 80' lang='lat' dir='ltr'><strong>episcopumpal-</strong></span> 
     </span>
    </p>
   </div>
   <div class='ocr_carea' id='block_1_108' title="bbox 2200 4876 3751 4957">
    <p class='ocr_par' dir='ltr' id='par_1_108' title="bbox 2200 4876 3751 4957">
     <span class='ocr_line' id='line_1_108' title="bbox 2200 4876 3751 4957; baseline 0.004 -19"><span class='ocrx_word' id='word_1_776' title='bbox 2200 4885 2331 4939; x_wconf 91' lang='lat' dir='ltr'><strong>lium</strong></span> <span class='ocrx_word' id='word_1_777' title='bbox 2359 4885 2516 4941; x_wconf 91' lang='lat' dir='ltr'><strong>nobis</strong></span> <span class='ocrx_word' id='word_1_778' title='bbox 2538 4885 2761 4941; x_wconf 90' lang='lat' dir='ltr'><strong>mittatis</strong></span> <span class='ocrx_word' id='word_1_779' title='bbox 2785 4886 2852 4940; x_wconf 89' lang='lat' dir='ltr'><strong>ad</strong></span> <span class='ocrx_word' id='word_1_780' title='bbox 2894 4884 3319 4957; x_wconf 84' lang='lat' dir='ltr'><strong>confirmandam</strong></span> <span class='ocrx_word' id='word_1_781' title='bbox 3344 4876 3751 4944; x_wconf 81' lang='lat' dir='ltr'><strong>ordinationem</strong></span> 
     </span>
    </p>
   </div>
   <div class='ocr_carea' id='block_1_109' title="bbox 2200 4971 3751 5045">
    <p class='ocr_par' dir='ltr' id='par_1_109' title="bbox 2200 4971 3751 5045">
     <span class='ocr_line' id='line_1_109' title="bbox 2200 4971 3751 5045; baseline 0.001 -16"><span class='ocrx_word' id='word_1_782' title='bbox 2200 4974 2589 5044; x_wconf 84' lang='lat' dir='ltr'><strong>religiosissimi</strong></span> <span class='ocrx_word' id='word_1_783' title='bbox 2635 4972 3008 5045; x_wconf 67' lang='lat' dir='ltr'><strong>Lugdunensis</strong></span> <span class='ocrx_word' id='word_1_784' title='bbox 3045 4971 3308 5029; x_wconf 61' lang='lat' dir='ltr'><strong>Ecclesiae</strong></span> <span class='ocrx_word' id='word_1_785' title='bbox 3337 4974 3751 5044; x_wconf 85' lang='lat' dir='ltr'><strong>archiepiscopi,</strong></span> 
     </span>
    </p>
   </div>
   <div class='ocr_carea' id='block_1_110' title="bbox 2202 5061 3754 5132">
    <p class='ocr_par' dir='ltr' id='par_1_110' title="bbox 2202 5061 3754 5132">
     <span class='ocr_line' id='line_1_110' title="bbox 2202 5061 3754 5132; baseline -0.002 -15"><span class='ocrx_word' id='word_1_786' title='bbox 2202 5072 2390 5117; x_wconf 89' lang='lat' dir='ltr'><strong>contra</strong></span> <span class='ocrx_word' id='word_1_787' title='bbox 2433 5064 2760 5117; x_wconf 83' lang='lat' dir='ltr'><strong>oblatrantes</strong></span> <span class='ocrx_word' id='word_1_788' title='bbox 2798 5061 3103 5127; x_wconf 63' lang='lat' dir='ltr'><strong>haereticos,</strong></span> <span class='ocrx_word' id='word_1_789' title='bbox 3139 5070 3197 5117; x_wconf 86' lang='lat' dir='ltr'><strong>et</strong></span> <span class='ocrx_word' id='word_1_790' title='bbox 3238 5062 3306 5118; x_wconf 83' lang='lat' dir='ltr'><strong>de</strong></span> <span class='ocrx_word' id='word_1_791' title='bbox 3333 5063 3480 5132; x_wconf 80' lang='lat' dir='ltr'><strong>regis</strong></span> <span class='ocrx_word' id='word_1_792' title='bbox 3502 5062 3754 5131; x_wconf 76' lang='lat' dir='ltr'><strong>indigna-</strong></span> 
     </span>
    </p>
   </div>
   <div class='ocr_carea' id='block_1_111' title="bbox 2198 5142 3757 5217">
    <p class='ocr_par' dir='ltr' id='par_1_111' title="bbox 2198 5142 3757 5217">
     <span class='ocr_line' id='line_1_111' title="bbox 2198 5142 3757 5217; baseline -0.003 -14"><span class='ocrx_word' id='word_1_793' title='bbox 2198 5150 2394 5214; x_wconf 59' lang='lat' dir='ltr'><strong>tione;</strong></span> <span class='ocrx_word' id='word_1_794' title='bbox 2406 5150 2661 5204; x_wconf 78' lang='lat' dir='ltr'><strong>adversus</strong></span> <span class='ocrx_word' id='word_1_795' title='bbox 2688 5148 3107 5209; x_wconf 50' lang='lat' dir='ltr'><strong>ordinationem</strong></span> <span class='ocrx_word' id='word_1_796' title='bbox 3158 5148 3256 5204; x_wconf 87' lang='lat' dir='ltr'><strong>Dei</strong></span> <span class='ocrx_word' id='word_1_797' title='bbox 3302 5142 3595 5203; x_wconf 71' lang='lat' dir='ltr'><strong>carnaliter</strong></span> <span class='ocrx_word' id='word_1_798' title='bbox 3641 5148 3757 5217; x_wconf 85' lang='lat' dir='ltr'><strong>glo-</strong></span> 
     </span>
    </p>
   </div>
   <div class='ocr_carea' id='block_1_112' title="bbox 2206 5234 3755 5313">
    <p class='ocr_par' dir='ltr' id='par_1_112' title="bbox 2206 5234 3755 5313">
     <span class='ocr_line' id='line_1_112' title="bbox 2206 5234 3755 5313; baseline -0.001 -20"><span class='ocrx_word' id='word_1_799' title='bbox 2206 5240 2429 5293; x_wconf 88' lang='lat' dir='ltr'><strong>riantes.</strong></span> <span class='ocrx_word' id='word_1_800' title='bbox 2459 5238 2579 5313; x_wconf 79' lang='lat' dir='ltr'><strong>Ipse</strong></span> <span class='ocrx_word' id='word_1_801' title='bbox 2596 5239 2759 5304; x_wconf 87' lang='lat' dir='ltr'><strong>enim,</strong></span> <span class='ocrx_word' id='word_1_802' title='bbox 2781 5238 3094 5308; x_wconf 89' lang='lat' dir='ltr'><strong>postpositis</strong></span> <span class='ocrx_word' id='word_1_803' title='bbox 3117 5238 3369 5294; x_wconf 82' lang='lat' dir='ltr'><strong>omnibus</strong></span> <span class='ocrx_word' id='word_1_804' title='bbox 3396 5234 3755 5292; x_wconf 84' lang='lat' dir='ltr'><strong>incommodis</strong></span> 
     </span>
    </p>
   </div>
   <div class='ocr_carea' id='block_1_113' title="bbox 2206 5316 3757 5405">
    <p class='ocr_par' dir='ltr' id='par_1_113' title="bbox 2206 5316 3757 5405">
     <span class='ocr_line' id='line_1_113' title="bbox 2206 5316 3757 5405; baseline -0.001 -21"><span class='ocrx_word' id='word_1_805' title='bbox 2206 5337 2261 5384; x_wconf 88' lang='lat' dir='ltr'><strong>et</strong></span> <span class='ocrx_word' id='word_1_806' title='bbox 2293 5329 2544 5405; x_wconf 87' lang='lat' dir='ltr'><strong>periculis</strong></span> <span class='ocrx_word' id='word_1_807' title='bbox 2588 5328 2826 5398; x_wconf 77' lang='lat' dir='ltr'><strong>penuria:</strong></span> <span class='ocrx_word' id='word_1_808' title='bbox 2862 5336 3025 5396; x_wconf 90' lang='lat' dir='ltr'><strong>atque</strong></span> <span class='ocrx_word' id='word_1_809' title='bbox 3070 5316 3298 5389; x_wconf 86' lang='lat' dir='ltr'><strong>itineris,</strong></span> <span class='ocrx_word' id='word_1_810' title='bbox 3333 5323 3638 5382; x_wconf 85' lang='lat' dir='ltr'><strong>sanctitatis</strong></span> <span class='ocrx_word' id='word_1_811' title='bbox 3661 5342 3757 5382; x_wconf 87' lang='lat' dir='ltr'><strong>ve-</strong></span> 
     </span>
    </p>
   </div>
   <div class='ocr_carea' id='block_1_114' title="bbox 2206 5415 3759 5494">
    <p class='ocr_par' dir='ltr' id='par_1_114' title="bbox 2206 5415 3759 5494">
     <span class='ocr_line' id='line_1_114' title="bbox 2206 5415 3759 5494; baseline -0.002 -20"><span class='ocrx_word' id='word_1_812' title='bbox 2206 5430 2332 5475; x_wconf 72' lang='lat' dir='ltr'><strong>stra:</strong></span> <span class='ocrx_word' id='word_1_813' title='bbox 2360 5419 2670 5494; x_wconf 88' lang='lat' dir='ltr'><strong>conspectui</strong></span> <span class='ocrx_word' id='word_1_814' title='bbox 2712 5417 3058 5474; x_wconf 87' lang='lat' dir='ltr'><strong>devotissime</strong></span> <span class='ocrx_word' id='word_1_815' title='bbox 3090 5420 3546 5494; x_wconf 77' lang='lat' dir='ltr'><strong>seprmsentaret,</strong></span> <span class='ocrx_word' id='word_1_816' title='bbox 3578 5415 3628 5471; x_wconf 87' lang='lat' dir='ltr'><strong>si</strong></span> <span class='ocrx_word' id='word_1_817' title='bbox 3652 5415 3759 5471; x_wconf 61' lang='lat' dir='ltr'><strong>Ec‘</strong></span> 
     </span>
    </p>
   </div>
   <div class='ocr_carea' id='block_1_115' title="bbox 2207 5491 3823 5575">
    <p class='ocr_par' dir='ltr' id='par_1_115' title="bbox 2207 5491 3823 5575">
     <span class='ocr_line' id='line_1_115' title="bbox 2207 5491 3823 5575; baseline -0.003 -10"><span class='ocrx_word' id='word_1_818' title='bbox 2207 5511 2369 5564; x_wconf 88' lang='lat' dir='ltr'><strong>clcsia</strong></span> <span class='ocrx_word' id='word_1_819' title='bbox 2391 5509 2465 5563; x_wconf 88' lang='lat' dir='ltr'><strong>illi</strong></span> <span class='ocrx_word' id='word_1_820' title='bbox 2487 5491 2797 5573; x_wconf 77' lang='lat' dir='ltr'><strong>commissa,</strong></span> <span class='ocrx_word' id='word_1_821' title='bbox 2827 5504 3014 5560; x_wconf 88' lang='lat' dir='ltr'><strong>tandiu</strong></span> <span class='ocrx_word' id='word_1_822' title='bbox 3048 5491 3297 5572; x_wconf 82' lang='lat' dir='ltr'><strong>languida</strong></span> <span class='ocrx_word' id='word_1_823' title='bbox 3322 5511 3377 5560; x_wconf 89' lang='lat' dir='ltr'><strong>et</strong></span> <span class='ocrx_word' id='word_1_824' title='bbox 3398 5506 3639 5575; x_wconf 88' lang='lat' dir='ltr'><strong>pastoris</strong></span> <span class='ocrx_word' id='word_1_825' title='bbox 3670 5522 3764 5562; x_wconf 76' lang='grc' dir='ltr'><strong>εο-</strong></span> <span class='ocrx_word' id='word_1_826' title='bbox 3808 5511 3823 5525; x_wconf 88' lang='grc'><strong><em>⁸</em></strong></span> 
     </span>
    </p>
   </div>
   <div class='ocr_carea' id='block_1_116' title="bbox 2208 5592 3765 5666">
    <p class='ocr_par' dir='ltr' id='par_1_116' title="bbox 2208 5592 3765 5666">
     <span class='ocr_line' id='line_1_116' title="bbox 2208 5592 3765 5666; baseline 0.001 -19"><span class='ocrx_word' id='word_1_827' title='bbox 2208 5599 2338 5652; x_wconf 86' lang='lat' dir='ltr'><strong>latio</strong></span> <span class='ocrx_word' id='word_1_828' title='bbox 2382 5599 2677 5663; x_wconf 55' lang='lat' dir='ltr'><strong>destituta,</strong></span> <span class='ocrx_word' id='word_1_829' title='bbox 2702 5592 3084 5666; x_wconf 86' lang='lat' dir='ltr'><strong>quoquomodo</strong></span> <span class='ocrx_word' id='word_1_830' title='bbox 3134 5594 3431 5650; x_wconf 87' lang='lat' dir='ltr'><strong>absentiam</strong></span> <span class='ocrx_word' id='word_1_831' title='bbox 3471 5594 3598 5666; x_wconf 85' lang='lat' dir='ltr'><strong>ejus</strong></span> <span class='ocrx_word' id='word_1_832' title='bbox 3643 5596 3765 5652; x_wconf 86' lang='lat' dir='ltr'><strong>sine</strong></span> 
     </span>
    </p>
   </div>
   <div class='ocr_carea' id='block_1_117' title="bbox 2212 5680 3764 5757">
    <p class='ocr_par' dir='ltr' id='par_1_117' title="bbox 2212 5680 3764 5757">
     <span class='ocr_line' id='line_1_117' title="bbox 2212 5680 3764 5757; baseline 0.001 -17"><span class='ocrx_word' id='word_1_833' title='bbox 2212 5694 2407 5757; x_wconf 80' lang='lat' dir='ltr'><strong>magno</strong></span> <span class='ocrx_word' id='word_1_834' title='bbox 2420 5686 2738 5757; x_wconf 61' lang='lat' dir='ltr'><strong>detrimeqte</strong></span> <span class='ocrx_word' id='word_1_835' title='bbox 2760 5682 2873 5753; x_wconf 88' lang='lat' dir='ltr'><strong>pati</strong></span> <span class='ocrx_word' id='word_1_836' title='bbox 2894 5682 3172 5757; x_wconf 67' lang='lat' dir='ltr'><strong>potuisset.</strong></span> <span class='ocrx_word' id='word_1_837' title='bbox 3188 5683 3473 5740; x_wconf 79' lang='lat' dir='ltr'><strong>Valentino</strong></span> <span class='ocrx_word' id='word_1_838' title='bbox 3494 5680 3764 5754; x_wconf 76' lang='lat' dir='ltr'><strong>episcopo</strong></span> 
     </span>
    </p>
   </div>
   <div class='ocr_carea' id='block_1_118' title="bbox 2216 5772 3769 5847">
    <p class='ocr_par' dir='ltr' id='par_1_118' title="bbox 2216 5772 3769 5847">
     <span class='ocr_line' id='line_1_118' title="bbox 2216 5772 3769 5847; baseline 0.003 -17"><span class='ocrx_word' id='word_1_839' title='bbox 2216 5777 2504 5847; x_wconf 75' lang='lat' dir='ltr'><strong>praecipito,</strong></span> <span class='ocrx_word' id='word_1_840' title='bbox 2541 5784 2596 5832; x_wconf 88' lang='lat' dir='ltr'><strong>et</strong></span> <span class='ocrx_word' id='word_1_841' title='bbox 2621 5772 2960 5831; x_wconf 85' lang='lat' dir='ltr'><strong>securitatem</strong></span> <span class='ocrx_word' id='word_1_842' title='bbox 3003 5772 3058 5828; x_wconf 91' lang='lat' dir='ltr'><strong>in</strong></span> <span class='ocrx_word' id='word_1_843' title='bbox 3090 5790 3255 5830; x_wconf 88' lang='lat' dir='ltr'><strong>manu</strong></span> <span class='ocrx_word' id='word_1_844' title='bbox 3293 5785 3472 5832; x_wconf 83' lang='lat' dir='ltr'><strong>vestra</strong></span> <span class='ocrx_word' id='word_1_845' title='bbox 3511 5774 3769 5846; x_wconf 61' lang='lat' dir='ltr'><strong>accipite.</strong></span> 
     </span>
    </p>
   </div>
  </div>
