3944 6392
132 534 136 537 ·
186 509 294 564 ’ἵεὸ

1071 505 1426 562 ΕΡΙδΤΟῙαΕ
1458 506 1688 561 ΕΧΤΒΛ
1726 507 2124 578 ΒΕΟΙΞΤΒϋΜ
2167 506 2540 562 VAGANTES.

3325 515 3444 572 πσ-

182 626 466 687 quatenus
496 617 642 672 circa
682 616 879 671 festum
927 616 984 668 S.
1021 614 1249 670 Joannis
1281 617 1556 686 Baptisue,
1605 626 1765 686 prout
1796 628 1841 682 Α
1867 616 2104 670 lloberto
2136 615 2552 685 Banibergcnse,
2597 616 2691 684 qui
2735 585 3202 674 horumomnium
3242 633 3434 680 auctor

140 734 145 738 -
185 723 297 761 nos
317 723 441 760 cum
480 721 547 759 eo
589 706 951 769 condiximus,
986 704 1224 759 Ecclesia
1259 721 1358 760 sua
1402 707 1469 759 ad
1494 706 1771 760 celebran-

186 797 324 849 dum
357 794 595 848 officium
627 796 777 848 illum
809 795 1058 863 accipiat,
1085 795 1214 863 quia
1240 796 1394 850 valde
1427 805 1770 865 opportunus

186 885 408 952 Videtur
428 884 494 937 ad
509 883 925 952 oppugnandam
948 884 1360 952 provincialium
1379 885 1765 953 arrogantiam.

187 972 501 1027 Manassem
544 983 724 1027 autem
754 973 987 1026 amicum
1031 982 1278 1026 nostrum
1315 973 1367 1026 in
1398 974 1639 1038 Christo,
1672 973 1766 1042 qui

187 1063 251 1116 in
285 1062 708 1116 Glaromontano
738 1063 968 1117 concilio
1013 1061 1299 1117 Rcmcnsis
1335 1062 1590 1117 Ecclesia:
1625 1065 1767 1116 male

186 1151 520 1222 acquisitam
562 1152 971 1220 praeposituram
1018 1151 1072 1203 in
1116 1167 1280 1205 manu
1325 1161 1510 1206 nostra
1541 1153 1766 1217 dimisit,

188 1240 642 1294 commendamus
668 1240 854 1308 gratia:
898 1239 1200 1294 sanctitatis
1244 1250 1455 1304 vestra},
1503 1242 1644 1295 sicut
1685 1256 1772 1295 ca-

187 1329 413 1382 tholicae
437 1327 560 1382 fidei
586 1329 857 1382 sincerum
885 1327 1224 1382 defensorem
1251 1337 1305 1382 et
1326 1331 1605 1384 dominum
1629 1329 1767 1384 Bru-

189 1432 397 1471 nonem
439 1417 722 1472 Remensis
765 1416 1018 1472 Ecclesia:
1043 1418 1106 1487 {in
1152 1419 1298 1472 onmi
1342 1420 1624 1473 honestate
1654 1435 1740 1472 ma

187 1506 428 1575 gistrum
461 1503 630 1575 (ηδ).
663 1504 818 1575 Digni
843 1515 969 1560 sunt
995 1507 1137 1560 enim
1164 1508 1324 1560 ambo
1356 1523 1386 1560 a
1421 1507 1592 1572 vobis,
1629 1517 1682 1562 et
1713 1509 1766 1560 in

190 1591 288 1646 his
312 1607 432 1660 qua:
461 1591 554 1646 Dei
579 1601 707 1647 sunt
729 1603 907 1648 vestra
935 1595 1253 1648 auctoritate
1278 1597 1612 1662 contirmari,
1640 1615 1769 1667 quo-

189 1678 348 1733 niam
367 1679 513 1748 digni
536 1680 703 1734 habiti
727 1688 853 1734 sunt
873 1695 971 1748 pro
996 1681 1216 1735 nomine
1237 1680 1363 1737 Jesu
1386 1687 1764 1738 contumeliam

187 1773 332 1842 pati.
369 1773 434 1827 Et
477 1775 596 1827 ideo
635 1774 979 1828 consultores
1017 1773 1334 1842 profuturos
1369 1791 1549 1830 causa:
1587 1776 1678 1829 Dei
1715 1787 1768 1831 et

189 1870 578 1932 cooperatores
626 1862 680 1914 in
729 1862 974 1929 partibus
1008 1860 1250 1916 Francia:
1291 1863 1611 1918 adhibeatis.
1664 1864 1767 1919 Re-

1869 717 1926 763 et
1953 711 2198 764 incentor
2216 719 2318 765 est.
2347 709 2413 764 Et
2439 724 2474 762 ο
2501 710 2707 764 utinam
2730 711 2798 765 de
2817 727 2913 765 sua
2935 721 2989 767 et
3015 715 3287 769 sociorum
3313 719 3431 788 ejus

1871 795 2082 852 fallacia
2118 799 2251 853 satis
2294 799 2516 854 edoctus
2561 798 2838 854 fuissetis!
2885 800 3079 867 Nolite,
3115 806 3429 866 charissima

1869 886 2107 951 domine,
2138 887 2368 956 amplius
2400 889 2466 941 ad
2509 888 2818 943 irrisionem
2864 893 3037 946 sancti
3068 897 3302 951 nominis
3337 916 3429 953 ve-

1871 979 1971 1032 stzi
2006 979 2318 1047 hujusmodi
2343 981 2592 1039 homines
2619 981 2874 1047 mulcere,
2905 993 2959 1036 et
3004 994 3126 1052 post
3169 990 3278 1041 tam
3323 990 3430 1043 frc-

1871 1078 2096 1135 quentes
2132 1069 2378 1136 rcpulsas
2416 1070 2608 1122 iterum
2651 1071 2904 1124 ducatum
2942 1074 3011 1125 ah
3053 1073 3131 1126 eis
3170 1091 3430 1143 quarrere.

1871 1155 2146 1210 Adventus
2169 1165 2343 1210 vester
2365 1158 2430 1210 ad
2457 1173 2555 1210 nos
2582 1167 2791 1212 tantum
2816 1161 2971 1214 nobis
2995 1173 3137 1215 esset
3159 1164 3434 1220 desidera-

1870 1243 1994 1296 bilis
2021 1255 2286 1312 quantum
2323 1255 2376 1298 ct
2411 1247 2770 1310 necessarius,
2799 1245 2889 1301 sed
2921 1264 3046 1303 vere
3071 1251 3274 1305 scimus
3307 1255 3432 1322 quia

1872 1341 2060 1399 sponte
2090 1333 2304 1386 illorum
2334 1333 2399 1390 ad
2433 1345 2649 1388 nostras
2674 1345 2852 1404 partes
2880 1353 3156 1406 nunquam
3184 1343 3434 1407 venietis,

1871 1420 1974 1472 nisi
2005 1421 2132 1474 certi
2162 1421 2267 1473 sint
2297 1437 2392 1476 vos
2421 1422 2636 1476 illorum
2665 1425 2800 1492 parti
2841 1425 3034 1478 favere.
3068 1426 3134 1479 Et
3164 1439 3279 1496 pos:
3303 1446 3436 1498 pau-

1871 1521 1932 1558 ca
1961 1521 1977 1557 :
2019 1506 2158 1575 Ergo
2189 1508 2234 1560 si
2280 1523 2386 1560 non
2425 1520 2645 1577 propter
2693 1527 2812 1574 nos,
2852 1522 3028 1566 tamen
3070 1527 3290 1583 propter
3334 1519 3436 1572 ho-

1870 1609 2057 1648 norem
2091 1597 2233 1650 scdis
2285 1599 2596 1664 apostolicae
2644 1603 2960 1656 confirmato
2993 1606 3136 1672 quod
3184 1619 3437 1674 operatus

1868 1693 1949 1737 est
1973 1686 2213 1753 ejusdem
2258 1689 2399 1741 sedis
2440 1689 2668 1756 legatus,
2697 1691 2768 1742 ita
2816 1701 2874 1744 ut
2913 1693 3030 1746 sine
3081 1696 3437 1764 ambiguitate

1867 1774 2195 1829 denuntietis
2219 1777 2347 1845 quid
2373 1777 2424 1830 in
2450 1778 2552 1831 hac
2578 1778 2829 1834 Ecclesia:
2857 1782 3119 1837 divisione
3146 1789 3434 1841 tenendum

1870 1863 1959 1927 sit,
1998 1865 2126 1932 quid
2167 1867 2537 1934 sequendum;
2585 1871 2730 1938 quod
2782 1871 2827 1923 si
2870 1870 3188 1939 jamdudum
3230 1875 3433 1932 factum

189 1952 404 2006 mensis
431 1951 663 2005 haeretici
685 1951 1077 2020 depositionem
1100 1965 1317 2005 con.....
1346 1954 1636 2006 revelatam
1664 1954 1768 2006 ini-
1801 1938 1840 1990 Β
1868 1951 2080 2017 fuisset,
2118 1953 2255 2007 forte
2277 1971 2401 2024 pars
2425 1957 2608 2025 iniqua
2633 1959 2766 2012 adeo
2791 1938 2905 2027 jam
2930 1962 3070 2016 vires
3094 1967 3436 2032 perdidisset,

187 2040 457 2109 quitatem
491 2039 711 2109 sanguis
741 2038 863 2093 cceli
906 2047 1119 2093 et.......
1162 2041 1380 2106 clamat,
1427 2044 1766 2097 auctoritatis
1868 2053 1928 2097 ut
1973 2060 2071 2098 nec
2099 2046 2254 2099 nobis
2281 2062 2377 2100 nec
2403 2047 2556 2099 vobis
2589 2064 2784 2101 nocere
2807 2051 3136 2117 prmvalerct.
3163 2053 3438 2120 Rogamus

188 2138 396 2182 vestrae
440 2129 644 2196 scripto
683 2127 1039 2182 robora....'...
1079 2129 1180 2184 hos
1219 2144 1476 2198 rogamus
1514 2131 1765 2186 Remensi
1866 2133 2030 2186 etiam
2061 2150 2127 2186 ne
2155 2135 2209 2186 in
2235 2136 2348 2190 haec
2371 2146 2570 2190 statuta
2598 2140 2858 2193 canonica
2884 2142 3112 2197 deficere
3137 2147 3436 2212 patiamini,

190 2216 454 2272 Ecclesia:
503 2217 928 2272 destinate.......
979 2233 1132 2273 suam
1178 2217 1624 2286 satisfactionem,
1673 2229 1768 2274 aut
1867 2226 1930 2271 ut
1953 2235 2178 2287 corpora
2205 2223 2824 2288 cxcommunicatorum,
2865 2229 3037 2295 quiin
3066 2234 3438 2299 persequendo

190 2307 317 2375 ipse
362 2307 409 2360 si
452 2307 800 2374 placit........
840 2317 933 2361 aut
968 2307 1125 2362 nobis
1156 2308 1555 2376 suscipiendam
1579 2311 1768 2378 prmei-
1868 2306 2167 2362 Ecclesiam
2202 2311 2369 2363 occisi
2401 2321 2528 2364 sunt
2560 2313 2614 2365 in
2661 2314 2816 2367 atriis
2845 2316 3194 2371 ecclesiarum
3225 2323 3438 2388 sepeliri

188 2394 328 2464 pite.
375 2394 768 2460 Quia...........
827 2396 1446 2451 excommunicationem
1493 2408 1766 2464 vestram,

192 2484 360 2538 nobis
415 2485 768 2549 inconsultis,
829 2485 1070 2555 episc0pi
1129 2487 1450 2540 electionem
1500 2486 1763 2542 fecerunt.

191 2570 366 2626 Tiezo
391 2575 534 2627 filius
555 2574 733 2628 vbster
756 2575 868 2642 jam
905 2574 1138 2628 redisset
1164 2575 1232 2628 ad
1255 2590 1374 2639 vos,
1399 2576 1504 2629 nisi
1540 2577 1606 2630 ad
1637 2591 1768 2629 ean-.-

192 2654 504 2715 vocandum
547 2663 835 2717 concilium
877 2679 1010 2716 xvm
1043 2663 1312 2718 Kalendas
1345 2664 1644 2732 Februarii,
1678 2663 1769 2719 Pi-

194 2751 396 2816 ctavis,
433 2750 544 2805 Deo
573 2761 864 2818 annuente,
898 2753 1280 2807 celebrandum
1321 2753 1679 2819 detineretur;
1713 2755 1770 2808 in

193 2854 313 2909 quo
326 2841 553 2894 concilio
565 2841 877 2896 meritorum
891 2851 1192 2897 vestrorum
1211 2843 1569 2912 patrocinium
1581 2844 1770 2898 adesse

195 2929 362 2982 nobis
403 2931 715 2998 suppliciter
752 2946 1062 2986 exoramus.
1101 2930 1263 2987 Orate
1297 2949 1396 3003 pro
1432 2933 1610 3000 nobis,
1643 2949 1771 2988 san-

195 3017 445 3074 ctissime
475 3019 653 3074 Pater.

279 3106 388 3181 (Eo
426 3119 678 3177 spectant,
705 3111 953 3181 arbitror,
976 3126 1102 3181 qua:
1138 3111 1291 3164 habet
1318 3111 1597 3181 Gregorius
1640 3129 1769 3181 pon-

201 3177 524 3316 tli'lexlsupra
553 3181 703 3248 epist.
741 3180 804 3233 l7
846 3180 969 3232 libri
988 3177 1052 3244 'v,
1087 3180 1274 3233 indict.
1318 3196 1354 3246 ι,
1387 3177 1605 3250 septimo
1638 3177 1768 3234 Idus

269 3262 332 3298 ar
357 3263 416 3299 ιι.
1527 3262 1530 3264 ⁷

269 3262 416 3299 arm.
438 3262 452 3299 1
1527 3262 1530 3264 ’

945 3335 1035 3390 IX.

202 3422 453 3520 Epistolis
474 3423 744 3520 Suionum
769 3441 836 3476 an
863 3424 1168 3520 Gregorium
1200 3425 1768 3520 EILT—Quid‘egerint

279 3501 336 3544 tu
380 3493 600 3544 decretis
636 3493 748 3559 ejus
787 3501 1062 3560 parerent;
1107 3494 1243 3560 quod
1289 3495 1462 3547 minus
1489 3493 1614 3560 sibi,
1649 3497 1766 3564 plus

277 3560 592 3613 adversariis
616 3561 808 3628 faveat,
840 3569 1148 3630 queruntur.

613 3646 825 3719 [Massa
851 3648 1053 3703 Concil.
1080 3645 1198 3714 XX,
1223 3648 1374 3720 585.]

279 3736 439 3793 Novit
463 3739 718 3794 sanctitas
749 3747 926 3793 vestra
962 3746 1017 3791 et
1055 3739 1308 3792 omnibus
1348 3740 1772 3810 circumquaque

203 3837 401 3884 notum
444 3838 528 3884 est
573 3843 736 3905 quam
789 3827 1073 3883 diilicultcr
1110 3837 1424 3898 quantoque
1467 3830 1773 3899 bajulorum

203 3917 522 3973 discrimine
563 3914 858 3987 legationes
902 3919 969 3972 ad
1015 3931 1112 3972 vos
1154 3919 1603 3983 transmittimus,
1643 3920 1771 3988 quia

205 4007 334 4071 iter,
366 4005 510 4074 quod
549 4006 803 4060 omnibus
849 4003 1204 4074 temporibus,
1234 4006 1467 4074 populis,
1502 4007 1770 4072 tribubus,

204 4094 414 4162 linguis
449 4093 553 4146 fuit
594 4096 861 4162 pervium,
906 4111 1051 4149 nunc
1093 4094 1362 4148 clauditur
1406 4095 1511 4148 illis
1541 4096 1775 4149 maxime

205 4182 306 4252 qui
335 4196 446 4234 non
489 4181 774 4234 minimum
808 4195 906 4250 pro
950 4183 1157 4235 honore
1181 4183 1326 4236 illius
1368 4183 1773 4250 laboraverunt,

205 4272 282 4326 ad
319 4271 476 4340 cujus
501 4284 698 4339 corpus
731 4269 915 4323 eadem
954 4270 1038 4322 via
1068 4269 1236 4324 ducit.
1285 4269 1355 4321 Et
1395 4279 1511 4338 post
1552 4271 1730 4338 aliqua
1755 4285 1774 4324 :

206 4359 346 4414 Post
368 4360 587 4429 longam
611 4357 1067 4427 exspectationem
1091 4372 1309 4411 reverso
1336 4357 1526 4410 nuntio
1566 4365 1772 4421 nostro,

213 4447 351 4501 nihil
383 4447 530 4501 aliud
561 4447 718 4500 nobis
741 4444 1129 4500 consolationis
1158 4445 1384 4499 relatum
1425 4451 1527 4508 est,
1567 4443 1672 4497 nisi
1717 4453 1778 4497 ut

1869 2410 1977 2450 non
2005 2397 2361 2466 permittatis;
2400 2401 2489 2453 ubi
2515 2415 2693 2454 autem
2736 2404 2942 2471 sepulta
2975 2416 3122 2470 sunt,
3149 2409 3325 2461 divina
3351 2410 3437 2462 of-

1867 2482 1987 2536 ficia
2023 2485 2283 2546 celebrari
2307 2489 2658 2555 prohibeatis.
2699 2491 2850 2544 Multi
2881 2509 2945 2546 ex
2975 2499 3055 2548 eis
3100 2497 3152 2548 in
3196 2497 3438 2564 Augusta

1868 2569 2084 2623 civitate
2107 2573 2301 2642 sepulti
2327 2582 2454 2628 sunt
2483 2593 2494 2627 :
2521 2575 2765 2644 ejusdem
2793 2579 2895 2632 loci
2927 2585 3437 2650 congregationibus

1869 2656 2078 2712 litteras
2101 2668 2308 2715 vestras
2329 2677 2424 2731 per
2442 2663 2808 2721 discurrentes
2829 2670 3139 2737 peregrinos
3163 2673 3293 2725 satis
3316 2664 3441 2727 Init-

1869 2756 1982 2802 tere
2004 2749 2248 2818 potestis.

2617 2853 2682 2908 Χ.
3247 2869 3352 2920 ’,

1873 2935 2144 2989 Saxonum
2174 2936 2447 3008 Rodulpho
2468 2940 2754 3008 [caventium
2773 2944 2843 2995 ad
2862 2943 3166 3014 Gregorium
3190 2933 3430 3017 cpistola.

2358 3028 2535 3098 [Apud
2573 3029 2762 3094 Mnsr,
2793 3032 2950 3103 ibid.]

1941 3113 2120 3169 Testis
2144 3124 2227 3170 est
2248 3117 2563 3175 excellentia
2589 3129 2762 3172 vestra
2788 3129 2839 3172 et
2863 3121 3051 3174 litteras
3077 3135 3282 3187 vestrm,
3302 3143 3440 3194 quas

1797 3241 1837 3296 Ο
1873 3203 1926 3255 in
1955 3203 2326 3258 testimonium
2355 3206 2635 3268 habemus,
2665 3207 2788 3274 quia
2824 3223 2919 3259 nec
2947 3225 3042 3277 pro
3069 3214 3297 3264 consilio
3335 3230 3433 3267 no-

1872 3300 1985 3346 stro
2009 3306 2107 3345 nec
2135 3307 2230 3360 pro
2258 3308 2420 3346 causa
2447 3302 2655 3357 nostra,
2690 3296 2780 3348 sed
2818 3311 2916 3364 pro
2961 3298 3120 3351 illatis
3158 3301 3269 3351 sedi
3295 3318 3431 3368 apo-

1870 3379 2073 3434 stolicaa
2094 3379 2307 3447 injuriis
2337 3396 2516 3449 regem
2551 3390 2796 3435 nostrum
2824 3385 2968 3450 regia
3012 3387 3272 3453 dignitate
3319 3388 3432 3454 pri-

1872 3468 2057 3531 vastis,
2087 3468 2349 3536 nobisque
2378 3465 2600 3522 terribili
2628 3471 3081 3534 interminatione,
3114 3489 3181 3526 ne
3211 3475 3259 3526 ei
3299 3476 3439 3529 sicut

1868 3556 1983 3624 regi
2015 3555 2336 3620 serviamus,
2356 3558 2731 3624 inter-dixistis,
2756 3568 2809 3613 et
2834 3575 3024 3614 omnes
3043 3562 3385 3620 Christianos
3409 3582 3439 3620 a

1870 3645 2088 3700 vinculo
2112 3633 2406 3714 juranienti
2437 3648 2581 3714 quod
2613 3648 2662 3701 ei
2699 3647 2941 3704 fecerunt
2976 3651 3057 3704 vel
3095 3651 3312 3716 facient,
3340 3656 3438 3707 ah-
3486 3661 3490 3666 '

1872 3733 2132 3798 solvistis,
2155 3748 2388 3802 eumque
2411 3735 2624 3788 vinculo
2650 3737 3010 3790 anathematis
3051 3740 3332 3807 alligastis.
3376 3733 3439 3793 ln‘

1872 3824 1958 3878 his
1979 3823 2233 3876 omnibus
2255 3824 2564 3890 paternitati
2585 3833 2779 3877 vestra:
2804 3840 2927 3878 cum
2966 3841 3164 3893 magno
3195 3828 3436 3893 periculo

1873 3922 2081 3976 nostro,
2117 3911 2259 3964 sicut
2280 3926 2427 3963 nunc
2453 3919 2619 3978 patet,
2651 3911 3007 3976 obedivimus,
3033 3922 3087 3965 et
3107 3914 3234 3982 quia
3258 3915 3432 3969 eidem

1872 3999 2117 4069 deposito
2140 3999 2206 4053 ad
2234 3999 2626 4067 depositionem
2662 4009 2898 4054 vestram
2925 4017 3051 4055 cum
3073 4004 3281 4058 czeteris
3303 4019 3438 4076 con;

1874 4091 2097 4146 cordate
2121 4089 2414 4154 noluimus,
2451 4097 2656 4143 tantam
2688 4089 2741 4143 in
2770 4106 2871 4145 nos
2896 4091 3264 4146 crudelitatem
3287 4109 3442 4149 excr-

1875 4180 2006 4244 cuit,
2037 4188 2097 4233 ut
2123 4179 2304 4247 plures
2347 4194 2414 4232 ex
2451 4179 2673 4243 nostris,
2698 4181 2899 4232 amissa
2921 4181 3071 4232 omni
3114 4182 3436 4245 substantia,

1875 4269 2111 4322 animam
2136 4269 2189 4320 in
2216 4269 2319 4321 hoc
2338 4268 2632 4321 certamine
2657 4277 2921 4336 ponerent
2951 4277 3007 4322 et
3031 4269 3172 4324 filios
3201 4271 3440 4325 exhzere-

1875 4356 1970 4409 des
1997 4365 2051 4408 et
2091 4369 2155 4409 ex
2199 4355 2458 4408 divitibus
2503 4369 2767 4422 pauperes
2793 4357 3172 4426 reliquerunt:
3204 4361 3295 4428 qui
3338 4374 3440 4414 au-

1875 4452 1984 4499 tem
2008 4443 2209 4498 residui
2235 4452 2379 4507 sunt,
2407 4444 2471 4498 de
2493 4445 2599 4498 vita
2623 4445 2866 4514 quotidie
2901 4447 3142 4510 solliciti,
3172 4450 3295 4504 vitre
3318 4451 3443 4503 sub;

213 4539 447 4593 decretis
462 4538 547 4592 bis
565 4553 686 4607 qua:
709 4537 1085 4592 mandavimus
1101 4534 1257 4589 fidem
1269 4549 1366 4588 vos
1383 4549 1488 4586 non
1501 4533 1778 4588 habuisse.
1814 4533 2020 4595 D'sidia
2044 4547 2177 4602 pene
2197 4533 2377 4586 omnia
2402 4534 2719 4588 amiserunt.
2744 4533 2858 4608 Sed
2881 4550 3004 4588 cum
3029 4537 3174 4590 nulla
3201 4552 3302 4608 nos
3324 4555 3447 4606 per-

215 4623 298 4677 Ex
321 4641 428 4694 qua
463 4639 542 4690 re,
567 4625 886 4679 cbarissime
917 4623 1153 4686 domine,
1187 4621 1500 4676 incredibile
1521 4621 1672 4674 vobis
1696 4621 1776 4674 vi-

217 4725 342 4766 sum
363 4719 447 4763 est
474 4710 621 4778 quod
647 4710 841 4763 fratres
867 4709 1040 4762 nostri
1075 4717 1129 4761 et
1152 4708 1457 4776 coepisc0pi
1490 4707 1775 4762 Wicebur-

218 4797 402 4867 gensis
433 4804 488 4849 et
522 4795 857 4849 Pataviensis
894 4810 1018 4848 cum
1060 4793 1180 4847 aliis
1221 4794 1488 4862 religiosis
1530 4796 1684 4848 vobis
1723 4796 1778 4848 in

216 4885 446 4940 veritate
475 4885 877 4948 nuntiaverunt,
905 4885 1156 4952 quodque
1178 4899 1236 4937 se
1264 4883 1464 4936 vidisse
1491 4891 1545 4936 et
1564 4885 1779 4938 audisse

218 4977 402 5031 testati
437 4983 595 5040 sunt;
633 4982 777 5028 certe
805 4988 911 5027 non
956 4974 1009 5025 in
1043 4972 1224 5025 verbis
1257 4972 1522 5025 mendacii
1549 4973 1777 5026 confidi-

219 5079 346 5119 mus
389 5063 630 5128 liberari,
676 5063 770 5116 sed
814 5055 1088 5117 credimus
1132 5060 1259 5129 quia
1286 5058 1498 5113 Veritas
1539 5060 1786 5114 liberabit

222 5167 357 5218 nos;
395 5151 540 5206 Deus
581 5167 690 5204 non
727 5150 969 5204 deseruit
1002 5156 1280 5216 sperantes
1320 5147 1373 5199 in
1409 5162 1496 5211 se;
1532 5163 1655 5201 nam
1692 5161 1788 5201 rex

223 5246 413 5292 noster
435 5237 721 5302 Rodolfus,
767 5236 924 5290 fortis
948 5237 1000 5288 in
1027 5250 1093 5288 eo
1135 5234 1229 5302 qui
1254 5235 1345 5286 dat
1387 5235 1614 5288 salutem
1659 5234 1794 5302 regi-

224 5324 352 5390 bus,
379 5326 446 5380 de
472 5327 708 5381 inimicis
731 5325 944 5380 Domini
972 5332 1217 5394 potenter
1240 5323 1610 5392 triumphavit.
1637 5323 1795 5376 [leino

224 5412 376 5467 ricus
415 5423 596 5468 autem
627 5430 750 5469 cum
791 5416 907 5470 suis
939 5413 1310 5482 complicibus,
1334 5421 1525 5481 praeter
1556 5429 1652 5466 eos
1691 5415 1785 5482 qui

225 5502 284 5556 in
305 5501 482 5571 gladio
503 5503 831 5568 ceciderunt,
855 5505 908 5556 in
932 5489 1112 5571 fugam
1142 5516 1332 5554 versus
1349 5508 1453 5564 est,
1476 5499 1671 5554 comite
1694 5502 1786 5556 illo

223 5588 386 5656 atjus
409 5587 671 5641 malitiam
693 5603 792 5644 vos
813 5590 868 5642 in
892 5590 1035 5643 bono
1057 5588 1270 5642 vincere
1294 5586 1494 5639 frustra
1519 5588 1783 5653 tentastis,

1881 4623 2156 4676 scontione
2199 4632 2498 4690 superaret,
2519 4632 2823 4692 superatus
2845 4633 2926 4677 est
2958 4625 3065 4686 ille,
3094 4614 3153 4678 ut
3181 4625 3306 4680 licet
3347 4643 3445 4678 no-

1850 4727 1856 4733 ‘
1882 4712 2000 4766 lens
2031 4727 2184 4765 suam
2219 4713 2376 4766 nobis
2407 4713 2747 4781 praesentiam
2782 4713 3079 4778 exhiberet,
3107 4725 3161 4769 et
3193 4716 3242 4768 ei
3284 4730 3452 4791 queirl

1883 4801 2230 4854 inhonoravit
2250 4818 2372 4855 cum
2397 4816 2497 4856 suo
2519 4801 2780 4870 dedecore
2805 4802 3066 4856 honorem
3089 4802 3424 4869 impenderet

1884 4903 1982 4954 pro
2002 4903 2112 4956 quo
2142 4889 2322 4942 labore
2357 4889 2503 4942 hunc
2536 4887 2772 4943 fructum
2809 4888 3132 4954 recepimus,
3169 4887 3312 4954 quod
3360 4887 3444 4940 his

1885 4975 1976 5042 qui
2007 4991 2130 5028 cum
2155 4976 2395 5042 periculo
2427 4977 2732 5029 animarum
2765 4982 3072 5026 nostrarum
3099 4973 3322 5041 vestigia
3350 4989 3432 5039 pc-

1885 5061 2015 5117 dum
2044 5072 2345 5114 vestrorum
2378 5063 2603 5114 adorare
2634 5067 2854 5113 coactus
2880 5068 2981 5122 est,
3014 5061 3220 5128 absque
3259 5072 3445 5115 nostri.

1888 5148 2116 5202 consilio
2135 5157 2187 5199 et
2208 5147 2324 5200 sine
2348 5147 2680 5200 correctione
2713 5147 3013 5211 absolutus,
3045 5149 3111 5201 ad
3143 5149 3446 5202 nocendum

1891 5235 2048 5288 nobis
2089 5235 2656 5304 libertatcmrecepit.
2720 5235 2787 5288 Et
2845 5238 3029 5303 paucis
3077 5237 3398 5303 interpositis
3428 5252 3446 5287 :

1893 5323 2035 5391 Ergo
2054 5337 2178 5376 cum
2198 5322 2311 5390 jam
2339 5326 2478 5378 ultra
2507 5327 2633 5378 anni
2667 5325 2956 5379 terminum
2984 5325 3101 5376 sine
3128 5332 3336 5376 rectore
3359 5339 3443 5377 es-

1893 5427 2093 5476 scmus,
2120 5411 2175 5464 in
2202 5411 2381 5466 locum
2405 5413 2472 5467 de
2512 5429 2623 5482 quo
2655 5411 3038 5480 praevaricatus
3059 5420 3161 5475 est,
3192 5411 3279 5464 ille
3306 5412 3444 5463 alius

1891 5502 2194 5570 principum
2222 5512 2530 5557 nostrorum
2562 5502 2788 5555 lectione
2811 5500 3134 5568 subrogatus
3156 5511 3256 5554 est.
3283 5499 3430 5551 Cum-

1893 5605 1999 5658 que
2026 5590 2093 5644 de
2119 5591 2289 5645 electo
2311 5591 2470 5644 nobis
2494 5604 2637 5663 rege,
2672 5597 2725 5642 et
2747 5603 2856 5641 non
2883 5587 2948 5640 dc
2975 5589 3192 5658 regibus
3225 5601 3346 5654 spes
3376 5587 3442 5638 ad

300 5764 454 5837 (ἥδ)
492 5762 634 5818 Eum
682 5760 929 5830 intelligit
964 5763 1056 5831 qui
1085 5761 1566 5834 Carthasianogrum
1593 5755 1843 5813 fundator
1879 5767 2059 5827 postea
2095 5756 2316 5810 exstitit.

637 5851 911 5910 Ριτιιοι..
956 5852 1264 5911 CXLVIII

3007 5839 3135 5924 .23
