3944 6424
447 541 549 595 747

451 750 668 814 sperato
697 738 888 791 litterae
912 739 1103 786 vestrae
1124 729 1262 781 duos
1296 726 1352 776 in
1378 734 1488 776 uno
1511 729 1683 785 regno
1712 723 1864 778 rcges
1893 719 2017 802 pro:

455 807 726 893 nuntiant,
756 821 970 878 duobus
999 819 1324 886 legationem
1352 809 1671 866 decernunt,
1695 807 2019 893 quamregn

458 916 696 975 nominis
747 909 1112 982 pluralitatem
1154 918 1217 957 ac
1261 898 1412 969 regni
1455 892 1778 950 divisionem
1821 882 2022 939 divisio

458 1020 678 1078 quoque
709 980 893 1072 populi
925 1012 989 1051 ac
1023 993 1198 1049 studia
1242 988 1478 1059 partium
1519 982 1808 1036 subsecuta
1853 980 2020 1035 sunt;

461 1064 665 1167 quippe
686 1106 811 1145 cum
837 1089 891 1141 in
930 1082 1176 1154 epistolis
1201 1077 1399 1133 vestris
1427 1064 1864 1144 praavaricatoris
1899 1075 2026 1130 pcr-

463 1152 655 1240 sonain
685 1191 897 1246 semper
927 1152 1162 1244 praeponi
1191 1172 1494 1227 cernerent,
1537 1167 1592 1214 et
1635 1157 1702 1210 ab
1725 1170 1791 1209 eo
1815 1152 1959 1206 sicut
1997 1163 2029 1200 a

464 1279 683 1342 potente
714 1266 877 1335 exigi,
899 1271 1164 1332 quatenus
1187 1258 1444 1312 ducatum
1474 1250 1629 1305 vobis
1658 1247 1716 1300 in‘
1735 1246 1832 1298 has
1849 1249 2033 1310 partes

468 1338 538 1415 ad
564 1355 959 1413 discutiendam
1001 1363 1223 1405 causam
1261 1345 1541 1415 pratberct.
1582 1338 1651 1391 Et
1686 1343 1800 1405 post
1824 1345 2032 1402 pauca:

469 1447 813 1516 Hocquoque
835 1441 1203 1495 infirmitatem
1233 1441 1474 1487 nostram
1505 1434 1708 1490 movet,
1721 1423 1867 1493 quod
1896 1421 2038 1475 sicut

473 1512 634 1592 nobis
647 1512 1000 1604 persuadetur
1015 1536 1075 1582 ut
1095 1528 1149 1580 in
1169 1526 1402 1591 incmpto
1413 1519 1640 1573 firmiter
1661 1512 2035 1584 perduremus,

475 1626 557 1682 sic
577 1625 740 1679 etiam
770 1618 1060 1676 contraria:
1088 1614 1229 1692 parti
1254 1610 1436 1664 verbis
1457 1617 1512 1662 et
1533 1605 1695 1658 rebus
1719 1615 1842 1670 spes
1864 1595 2041 1651 innui-

477 1727 584 1772 tur.
617 1713 751 1768 Nam
776 1710 1075 1764 familiares
1099 1687 1356 1775 praedicti
1391 1696 1652 1760 Heinrici,
1680 1694 1773 1762 qui
1798 1691 1866 1744 ab
1891 1687 2042 1743 omni

478 1816 646 1872 regno
667 1797 892 1853 infamia
916 1804 1194 1858 notantur,
1218 1791 1420 1860 quique
1443 1785 1519 1839 illi
1544 1793 1604 1838 ut
1622 1782 1734 1851 regi
1760 1776 2043 1834 serviendo

485 1889 837 1962 synodalibus
863 1883 1145 1955 praeceptis
1179 1877 1466 1934 manifeste
1494 1872 1865 1928 inobedientes
1895 1875 2042 1932 sunt,

483 1928 539 2034 et,
558 1993 665 2033 una
689 1990 814 2031 cum
855 1928 1158 2042 capitersuo
1180 1983 1274 2038 per
1301 1968 1541 2036 legatum
1580 1959 1940 2032 apostolicum
1979 1955 2046 2008 ab
2077 1928 2122 1981 Β

485 2066 726 2122 Ecclesia
751 2062 1010 2134 separati,
1046 2061 1113 2114 ad
1137 2057 1280 2112 ha‘hc
1309 2056 1491 2111 sedem
1518 2051 1796 2106 venientes
1816 2047 2050 2116 benigne

487 2157 878 2226 suscipiuntur,
913 2161 967 2207 et
989 2166 1097 2205 non
1150 2149 1328 2204 solum
1368 2143 1619 2214 impuniti
1660 2139 1904 2203 redeunt,
1956 2135 2050 2192 sed

489 2247 712 2312 insuper
736 2240 906 2312 gloria
948 2246 1002 2293 et
1032 2238 1238 2292 honore
1279 2240 1630 2294 coronantur,
1652 2237 1706 2283 et
1725 2228 1792 2282 ad
1815 2226 2052 2296 priorem

491 2331 909 2389 inobedientiam
941 2314 1666 2394 superbiendo‘revertentes
1710 2324 1914 2370 nostrae
1952 2313 2056 2367 mia

494 2421 652 2477 seriae
674 2418 956 2472 insultant.
988 2413 1157 2467 Nobis
1178 2419 1358 2466 autem
1384 2407 1541 2478 quasi
1570 2404 1816 2460 ridiculis
1838 2403 1904 2456 ad
1927 2399 2059 2453 insi-

494 2511 754 2582 pientiam
777 2513 1058 2576 reputatur
1085 2501 1231 2572 quod
1263 2501 1332 2554 ab
1365 2493 1890 2552 illorum'consortio
1929 2490 2057 2544 abs-

496 2575 754 2660 tinemus,
797 2575 893 2662 qui
934 2590 1002 2644 ab
1034 2589 1155 2656 ipso
1185 2585 1359 2654 capite
1398 2591 1586 2636 nostro
1609 2588 1719 2634 tam
1742 2575 2061 2634 charitative

497 2687 558 2740 in
587 2682 1023 2739 communionem
1049 2676 1402 2744 recipiuntur.
1435 2671 1654 2724 Accedit
1673 2677 1725 2723 et
1746 2669 1850 2720 hoc
1874 2665 1940 2718 ad
1962 2680 2061 2718 cu-

501 2771 714 2826 mulum
739 2765 1024 2821 infortunii
1053 2763 1229 2817 nostri
1262 2760 1408 2830 quod
1449 2767 1643 2826 prater
1681 2755 1772 2808 illa
1805 2768 1927 2822 quae
1964 2765 2064 2804 nos

503 2857 609 2928 ipsi
643 2852 1028 2923 delinquimus,
1059 2850 1222 2904 etiam
1244 2844 1681 2900 adversariorum
1713 2842 1870 2908 culpa
1893 2841 1947 2892 in
1967 2853 2068 2892 no-

504 2947 594 3003 bis
619 2944 854 3008 cuditur,
878 2941 1018 3002 dum,
1035 2947 1233 2994 nostrae
1252 2933 1588 3006 negligentia:
1597 2930 1911 2986 attribuitur
1923 2928 2071 2998 quod

509 3037 734 3091 idoneos
779 3041 832 3087 et
876 3023 1194 3100 frequentes
1232 3027 1438 3096 legatos
1487 3025 1593 3076 huc
1615 3037 1724 3075 non
1769 3018 2068 3083 mittimus;

509 3125 632 3177 luce
659 3121 804 3176 enim
836 3118 1039 3174 clarius
1082 3124 1230 3186 patet
1289 3113 1437 3186 quod
1468 3112 1544 3164 illi
1573 3111 1678 3164 hoc
1730 3108 1848 3173 ﬁeri
1873 3104 2072 3186 probi-

513 3211 664 3274 bent,
692 3208 786 3276 qui
828 3221 897 3259 ne
927 3182 1279 3273 prohiberent
1300 3182 1666 3270 jurejurando,
1685 3196 1837 3251 vobis
1870 3183 2075 3264 promi-

515 3303 722 3352 serunt.
769 3293 836 3346 Et
863 3306 1010 3344 nunc
1034 3291 1102 3344 de
1134 3288 1389 3342 violentia
1412 3285 1553 3341 sacri
1583 3283 1793 3337 itineris
1822 3281 2077 3334 interclu-

515 3385 691 3441 sionis
719 3390 773 3438 et
816 3382 882 3436 de
926 3377 1213 3435 manifesto
1247 3378 1462 3431 illorum
1495 3373 1732 3445 perjurio
1756 3380 1986 3436 tacetur,
2026 3378 2080 3424 et

515 3471 676 3528 nobis
701 3471 1019 3538 imputatur,
1052 3465 1197 3536 quod
1228 3448 1447 3518 nuntios
1476 3477 1586 3516 non
1625 3460 1910 3514 mittimus;
1960 3456 2080 3511 Sci-

517 3575 644 3616 mus
675 3568 729 3614 et
761 3574 828 3613 ex
857 3555 1291 3612 consideratione
1319 3562 1513 3607 vestra:
1552 3549 1767 3618 pietatis
1796 3563 2081 3616 speramus

520 3649 650 3717 quia
677 3648 794 3701 haec
827 3647 1011 3700 omnia
1058 3646 1200 3699 bona
1245 3642 1545 3697 intentione
1584 3648 1639 3693 et
1669 3638 1852 3692 subtili
1901 3637 2105 3705 aliqua-

523 3737 907 3795 deliberatione
941 3735 1124 3805 agitis,
1165 3735 1260 3788 sed
1300 3748 1402 3788 nos
1436 3730 1685 3784 homines
1720 3727 1955 3795 imperiti
1986 3741 2083 3779 oc-

526 3829 728 3885 cultam
779 3827 927 3879 illam
980 3821 1440 3892 dispensationem
1480 3825 1760 3886 penetrare
1796 3830 1905 3868 non
1941 3814 2091 3868 salii-

526 3920 752 3982 cientes,
796 3914 942 3984 quod
991 3911 1277 3966 manifeste
1317 3907 1624 3963 audivimus
1656 3914 1710 3959 et
1739 3905 1976 3958 vidimus
2021 3902 2088 3955 de

527 4009 620 4064 illa
645 4006 931 4072 utriusque
965 4001 1135 4070 partis
1159 3997 1573 4059 confortatione,
1615 4002 1669 4048 et
1703 4000 2090 4046 rerumcerta-

529 4113 653 4164 rum
687 4097 892 4149 incerta
941 4091 1196 4154 dilatione
1227 4096 1408 4141 ortum
1435 4100 1554 4140 esse
1583 4091 1637 4138 et
1675 4082 1918 4152 quotidie
1957 4081 2091 4135 oriri

531 4188 684 4243 vobis
703 4183 1043 4254 exponimus,
1073 4169 1282 4244 hocest
1315 4176 1450 4230 bella
1487 4173 1762 4238 intestina,
1801 4170 2092 4225 homicidia

530 4272 963 4336 innumerabilia,
989 4268 1319 4324 vastationes
1347 4275 1401 4321 et
1439 4263 1686 4320 incendia
1711 4264 1998 4318 domorum
2040 4268 2095 4314 et

535 4365 887 4418 ecclesiarum
928 4362 1047 4415 sine
1097 4358 1397 4412 differentia
1416 4397 1431 4422 ,
1475 4353 1854 4424 oppressiones
1894 4365 2094 4420 paupe-

540 4468 660 4506 rum
681 4493 695 4517 ,
739 4449 1068 4517 direptiones
1113 4461 1312 4510 rerum;
1347 4444 1860 4504 ecclesiasticarum,
1910 4441 2096 4508 quales

970 529 1026 584 s.
1062 524 1263 582 cum.
1299 520 1390 574 vn
1417 518 1518 581 pr.
1559 514 1707 570 ora.
1739 505 1916 562 rans
1951 502 2013 556 ιι.
2045 527 2112 540 -ε-
2137 495 2351 583 msr.
2385 448 2637 549 EXTltA
2664 485 2935 544 REGIST.
2979 481 3132 538 VAG.

449 647 860 710 refocillandum
899 640 1188 710 imperium
1232 637 1618 691 succrescerct,
1649 638 1774 678 ecce
1817 635 1882 671 ex
1928 616 2014 668 in-
2046 614 2088 668 Α

3578 476 3681 532 748

2856 597 2946 652 XI.

2123 696 2377 752 Willelmi
2404 697 2536 764 regis
2568 690 2857 764 Anglorum
2887 687 2956 764 qd
2979 685 3287 764 Gregorium
3333 682 3460 764 Y1].
3485 711 3546 720 -—
3574 680 3692 764 Ati-

2431 742 2538 816 7e}
2568 742 2846 829 ﬁgam,
2870 757 2934 810 de
2965 742 3220 829 ﬁdelitate
3245 742 3496 829 facienda
3527 749 3698 829 ponti-

2186 836 2283 904 ﬁci
2327 843 2375 887 et
2421 833 2483 904 de
2521 819 2742 904 pecunia
2783 819 3004 904 Romam
3033 819 3320 903 mittenda,
3361 822 3424 874 de
3470 819 3698 899 pecunia

2194 888 2400 967 'amtuit,
2424 901 2488 954 de
2513 888 2788 968 ﬁdelitate,
2816 895 2941 964 quia
2966 893 3308 956 inusitatum,
3341 888 3621 944 recusavit.

2451 1025 2454 1028 .
2493 986 2818 1058 [Lanrnaxm
2843 981 2975 1066 Opp.
3001 995 3124 1050 pag.
3158 977 3309 1052 304.}

2197 1077 2666 1134 Excellentis'simo
2701 1081 2902 1129 sanctae
2943 1070 3196 1125 Ecclesia:
3234 1069 3439 1140 pastori
3487 1067 3702 1122 Caeco-

2131 1186 2219 1224 nio
2280 1169 2552 1240 gloriosus
2605 1164 2778 1235 gratia
2834 1162 2928 1216 Dei
2990 1160 3290 1230 Anglorum
3336 1175 3429 1212 rex
3479 1167 3536 1212 et
3586 1157 3702 1211 dux

2131 1259 2634 1314 Northmannorum
2675 1253 3020 1308 Wittswus
3035 1251 3264 1305 salutem
3286 1263 3411 1304 cum
3436 1248 3700 1302 amicitia.
3778 1271 3787 1278 -

2204 1349 2478 1403 Hubertus
2529 1348 2737 1416 legatus
2793 1351 2941 1408 tuus,
2977 1341 3227 1412 religiose
3277 1339 3455 1406 Pater,
3502 1339 3569 1393 ad
3613 1353 3706 1392 me

2136 1440 2363 1493 veniens
2394 1453 2462 1492 ex
2488 1445 2579 1490 tua
2615 1442 2788 1504 parte,
2815 1447 2902 1486 me
2926 1431 3209 1486 admonuit
3233 1438 3501 1498 quatenus
3531 1427 3629 1492 tibi
3651 1435 3710 1481 et

2139 1529 2548 1586 successoribus
2572 1525 2681 1579 tuis
2702 1524 3021 1578 fidelitatem.
3043 1521 3272 1575 facerem
3291 1528 3346 1574 et
3357 1521 3422 1574 de
3452 1518 3708 1588 pecunia,

2139 1632 2303 1687 quam
2355 1623 2729 1669 antecessores
2787 1610 2892 1664 mei
2936 1611 3004 1664 ad
3052 1608 3354 1662 Romanam
3407 1606 3710 1661 Ecclesiam

2141 1706 2354 1760 mittere
2387 1705 2654 1768 solebant,
2682 1701 2878 1766 melius
2901 1699 3196 1768 cogitarem
3237 1717 3250 1751 :
3287 1712 3456 1751 unum
3489 1695 3711 1761 admisi,

2144 1797 2375 1849 alterum
2409 1808 2523 1846 non.
2549 1790 2763 1847 admisi.
2807 1780 3146 1842 Fidelitatem
3191 1787 3370 1840 facere
3399 1785 3571 1848 nolui,
3613 1798 3716 1836 nec

2144 1885 2290 1949 volo,
2322 1881 2450 1951 quia
2484 1895 2584 1935 nec
2609 1894 2709 1949 ego
2737 1876 2995 1946 promisi,
3028 1891 3129 1930 nec
3167 1884 3537 1929 antecessores
3561 1875 3716 1926 meos

2149 1970 2584 2026 antecessoribus
2637 1967 2744 2021 tuis
2788 1966 2841 2019 id
2892 1963 3087 2018 fecisse
3143 1963 3438 2032 comperio.
3475 1959 3718 2018 Pecunia

2149 2058 2327 2113 tribus
2377 2056 2488 2109 fere
2525 2053 2703 2118 annis,
2731 2053 2786 2105 in
2818 2050 3004 2105 Galliis
3032 2063 3120 2102 me
3149 2056 3362 2118 agente,
3388 2047 3724 2117 negligenter

2150 2147 2374 2201 collecta
2399 2151 2512 2208 est;
2556 2156 2704 2195 nunc
2736 2154 2869 2194 vero
2910 2138 3090 2192 divina
3123 2135 3496 2191 misericordia
3530 2149 3618 2188 me
3665 2133 3722 2187 in

2151 2249 2378 2304 regnum
2409 2245 2592 2285 meum
2613 2243 2855 2293 reverso,
2877 2227 3022 2297 quod
3047 2226 3334 2280 collectum
3365 2232 3558 2295 estper
3578 2224 3725 2291 prae-

2154 2293 2326 2375 fatum
2357 2319 2594 2387 legatum
2628 2293 2980 2379 mittitur;—et
3013 2312 3157 2381 quod
3193 2312 3461 2379 reliquum
3496 2293 3603 2375 eSt,
3629 2323 3732 2378 per

2155 2411 2363 2479 legatos
2405 2405 2705 2460 'Lanfranci
2743 2387 3138 2472 archiepiscopi
3166 2400 3337 2456 fidelis
3369 2400 3564 2465 nostri,
3599 2414 3728 2453 cum

2159 2504 2525 2565 opportunum
2552 2493 2738 2559 fuerit,
2758 2491 3176 2546 transmittetur.
3201 2486 3363 2559 Orate
3383 2503 3484 2558 pro
3504 2489 3665 2542 nobis
3678 2497 3736 2542 ct

2159 2603 2259 2658 pro
2284 2595 2425 2642 statu
2447 2585 2602 2655 regni
2634 2583 2829 2649 nostri,
2855 2583 2980 2652 quia
3009 2589 3380 2635 antecessores
3398 2588 3616 2633 vestros
3644 2579 3735 2633 di—

2163 2678 2394 2731 leximus
2440 2685 2495 2730 et
2536 2689 2635 2728 vos
2676 2688 2788 2742 pra:
2837 2671 3090 2725 omnibus
3144 2670 3352 2725 sincere
3405 2668 3634 2738 diligere
3680 2677 3737 2722 ct

2164 2769 2476 2824 obedienter
2505 2765 2694 2821 audire
2725 2763 3117 2818 desideramus.

2879 2895 3000 2958 XII.

2169 3005 2558 3099 Jusjurandum
2576 3087 2586 3098 _
2605 3015 2818 3099 ῌοὸςτιὶ
2841 3056 2857 3080 ,
2908 3016 3038 3095 dicti
3062 3007 3446 3099 ‘gqrugtensis.
3476 3014 3714 3099 episcopi
3726 3055 3740 3075 .

2210 3081 2390 3208 cuiu:
2420 3087 2667 3210 i"finiuit
2719 3084 3000 3154 Gregorius
3062 3081 3166 3134 VII
3219 3083 3446 3152 Registri
3522 3083 3620 3134 lib.
3670 3098 3743 3146 ιν,

2240 3173 2346 3224 epis
2380 3197 2393 3208 .
2491 3196 2505 3208 .
2577 3181 2581 3186 -

2557 3262 2774 3334 [Massa
2793 3260 3000 3316 Coucil.
3027 3260 3146 3325 XX,
3171 3259 3321 3331 461.]

2251 3376 2361 3446 Ego
2396 3375 2668 3429 Robertus
2710 3370 2967 3442 promitto
3001 3371 3356 3440 omnipotenti
3404 3370 3536 3437 Deo,
3583 3380 3641 3425 et
3685 3371 3743 3424 Β.

2179 3451 2340 3521 Petro
2388 3463 2759 3533 apostolorum
2804 3460 3055 3530 principi,
3092 3461 3248 3528 cujus
3278 3475 3475 3529 corpus
3525 3460 3619 3514 hic
3663 3475 3750 3513 re-

2179 3555 2430 3624 quiescit,
2456 3552 2602 3621 quod
2643 3552 2700 3603 in
2733 3563 3059 3617 quocunque
3103 3557 3342 3617 tempore
3369 3551 3582 3619 legatus
3618 3565 3751 3620 apo-

2183 3642 2387 3696 stolica:
2421 3636 2566 3692 sedis
2594 3637 2833 3691 directus
2876 3650 2908 3688 a
2942 3634 3164 3689 domino
3210 3643 3401 3689 nostro
3443 3635 3749 3704 Gregorio,

2183 3729 2278 3797 qui
2300 3741 2446 3780 nunc
2466 3732 2552 3778 est
2572 3722 2852 3776 Romanus
2893 3719 3156 3790 pontifex,
3195 3722 3280 3774 vel
3308 3723 3377 3775 ab
3406 3722 3592 3792 aliquo
3623 3737 3754 3778 suc.-

2186 3829 2464 3872 cessorum
2490 3827 2714 3892 suorum
2749 3811 2876 3872 item
2913 3809 3282 3864 Romanorum
3289 3788 3654 3882 ,pontificum,
3687 3788 3763 3867 ad

2189 3919 2276 3958 me
2315 3902 2542 3967 venerit,
2574 3889 2713 3954 infra
2741 3900 3032 3954 terminum
3094 3914 3256 3975 quem
3283 3889 3406 3954 ideo
3439 3900 3655 3970 legatus
3687 3901 3754 3973 [Γ.

2190 3994 2332 4047 idem
2357 3993 2580 4062 legatus.
2604 3987 2804 4060 Iliam]
2826 3989 2960 4042 mihi
2980 3988 3338 4054 constituerit,
3358 3987 3756 4046 Carnotensem

2190 4080 2584 4148 episcopatum,
2609 4077 2759 4142 omni
2785 4077 3074 4147 occasione
3099 4077 3308 4131 sublata
3330 4077 3414 4131 vel
3439 4076 3656 4144 fraude,
3683 4080 3760 4134 di-

2193 4170 2424 4244 mittam,
2461 4177 2516 4235 et
2543 4184 2669 4224 cum
2700 4169 2845 4222 bona
2872 4167 2977 4222 ﬁde
3011 4167 3236 4222 studebo‘
3254 4174 3533 4236 quatenus
3570 4154 3760 4223 Eccle-

2194 4259 2280 4334 sia,
2299 4259 2388 4310 illa
2419 4257 2716 4312 secundum
2732 4254 2900 4308 Deum
2922 4253 3222 4318 ordinetur,
3247 4253 3380 4307 nihil
3399 4246 3650 4318 acturus,
3674 4269 3760 4307 me

2196 4349 2419 4414 sciente,
2456 4363 2569 4415 per
2591 4361 2678 4400 me
2723 4345 2807 4398 vel
2848 4339 2944 4412 per
2977 4344 3215 4412 aliquam
3246 4358 3277 4397 a
3310 4357 3396 4396 me
3425 4343 3761 4397 submissam

2196 4449 2508 4504 personam,
2559 4434 2703 4486 unde
2735 4432 2921 4486 eadem
2958 4423 3219 4494 Ecclesia,
3273 4431 3355 4483 vel
3406 4430 3594 4484 clerici
3645 4431 3762 4498 ejus

510 4572 513 4573 ν
541 4554 819 4608 nunquam
852 4535 1180 4598 audivimus,
1221 4533 1400 4601 legum
1435 4545 1654 4599 quoque
1695 4529 2002 4581 divinarum
2046 4535 2100 4580 et
2133 4550 2175 4600 υ
2201 4537 2322 4574 meo
2352 4521 2532 4575 studio
2572 4519 2656 4571 vel
2696 4518 2904 4572 malitia
2931 4518 3208 4571 laesionem
3239 4527 3334 4570 aut
3374 4517 3760 4574 detrimentum

543 4627 884 4684 saecularium
919 4624 1160 4677 defectus
1190 4622 1306 4676 sine
1332 4635 1428 4689 spe
1465 4616 1852 4689 reparationis;
1888 4624 2099 4684 postre-

543 4731 637 4770 mo
658 4716 712 4768 in
735 4713 1080 4767 dimicatione
1103 4711 1336 4763 duorum
1371 4723 1580 4778 regum,
1604 4715 1839 4775 quorum
1876 4714 2100 4772 uterque

546 4805 612 4859 ad
640 4804 918 4857 obtentum
944 4797 1097 4866 regni
1133 4811 1283 4863 spem
1306 4811 1342 4865 pa
1373 4797 1529 4865 vobis
1553 4794 1767 4862 accipit,
1805 4801 1952 4846 tanta
1976 4807 2100 4860 pro-

547 4892 749 4961 fligatio
780 4887 1062 4958 regalium,
1091 4892 1149 4937 ut
1182 4883 1408 4951 posthac
1441 4897 1592 4950 reges
1619 4890 1929 4934 nostrarum
1971 4896 2099 4948 par-

550 4983 686 5034 tium
717 4979 918 5047 rapinis
949 4978 1060 5031 sint
1086 4971 1442 5030 sustentandi.
1483 4969 1608 5023 Haec
1642 4969 1981 5022 incommoda
2011 4973 2104 5020 aut

554 5066 701 5120 nulla
743 5072 923 5116 essent
966 5063 1098 5130 jam,
1123 5059 1429 5130 aut_multo
1479 5057 1710 5119 minora,
1745 5055 1790 5108 si
1825 5068 1997 5121 neque
2039 5053 2107 5106 ad

553 5154 853 5213 dexteram,
879 5163 979 5229 nec
1007 5149 1072 5200 ad
1102 5149 1378 5202 sinistram
1419 5155 1597 5200 vestra
1627 5141 1889 5197 sententia
1928 5140 2107 5193 diver-

555 5245 729 5298 tisset.
776 5237 842 5290 Et
871 5236 1180 5306 quibusdam
1213 5237 1572 5302 interpositis:
1605 5233 1738 5286 Nam
1761 5233 1805 5286 si
1839 5233 1942 5285 li"c
1962 5231 2106 5299 quod

561 5334 616 5386 in
639 5329 845 5401 synodo
869 5326 1112 5379 Romana
1133 5323 1430 5387 deﬁnitum,
1462 5331 1517 5376 et
1550 5331 1672 5389 post
1698 5338 1729 5374 a
1753 5323 1926 5389 legato
1966 5320 2109 5374 sedis

560 5423 869 5492 apostolicae
889 5419 1266 5473 confirmatum
1288 5423 1389 5477 est,
1413 5412 1627 5466 silentio
1651 5412 1859 5477 contegi
1883 5418 2113 5477 oportet,

565 5493 693 5582 quid
721 5499 946 5578 posthac
980 5505 1137 5559 nobis
1173 5501 1500 5558 credendum
1533 5499 1615 5551 vel
1639 5512 1736 5564 pro
1765 5505 1887 5548 rato
1917 5496 2115 5547 liabet.-

567 5599 694 5652 dum
723 5597 812 5658 sit,
846 5594 1066 5648 omnino
1090 5592 1380 5654 nescimus,

2203 4609 2488 4676 accipiant.
2535 4605 2648 4658 Hoc
2678 4613 3074 4659 sacramentum
3098 4602 3363 4675 [jubente]
3405 4605 3632 4661 domino
3670 4623 3764 4662 no-

2204 4708 2318 4754 stro
2344 4696 2602 4766 Gregorio
2629 4694 2720 4749 Vll
2743 4711 2900 4764 papa,
2924 4711 3023 4765 ego
3044 4695 3198 4752 Cono
3237 4695 3456 4749 humilis
3487 4699 3764 4768 presbyter

2205 4787 2347 4840 tituli
2385 4784 2590 4838 Christi
2621 4785 2873 4855 martyris
2893 4794 2958 4848 et,
2975 4785 3200 4861 virginis
3229 4783 3766 4859 SancteAnastasize

2207 4873 2420 4942 scripsi,
2444 4882 2499 4926 et
2533 4873 2588 4924 in
2611 4872 2840 4927 ecclesia
2871 4857 3019 4926 Beati
3046 4853 3199 4939 ,f’etri
3239 4873 3295 4925 in
3308 4853 3670 4927 ‘confessione
3697 4872 3764 4926 ιιι

2208 4977 2407 5029 corpus
2439 4961 2557 5028 ejus
2603 4961 2694 5014 ubi
2715 5031 2718 5033 Α
2739 4961 2940 5015 factum
2984 4969 3069 5014 est
3111 4959 3348 5012 interfui.
3403 4960 3767 5015 ln'teﬂuerunt

2209 5050 2372 5102 etiam
2402 5046 2637 5102 Joannes
2662 5034 2979 5101 Portuensis
3007 5045 3312 5114 episcopus,
3341 5043 3657 5097 Theodinus
3685 5057 3769 5098 ar-

2212 5136 2587 5200 chidiaConus,
2629 5135 2941 5204 Gregorius,
2987 5133 3321 5196 Bcrnardus,
3365 5131 3584 5185 diaconi
3637 5129 3769 5204 [dia-

2213 5223 2409 5294 conus]
2439 5232 2639 5279 sancta:
2673 5224 2928 5278 Romana:
2960 5222 3232 5286 Ecclesiae,
3265 5229 3318 5274 et
3347 5221 3438 5274 alii
3462 5221 3595 5288 duo,
3631 5222 3770 5276 vide-

2216 5316 2343 5369 licet
2369 5313 2720 5385 lngelrannus
2735 5311 3137 5386 [Engelramus]
3162 5301 3399 5364 decanus
3419 5310 3768 5367 Carnotensis

2220 5404 2496 5459 Ecclesiae.
2543 5414 2597 5460 et
2637 5404 2727 5459 lvo
2771 5413 2902 5458 tunc
2947 5401 3205 5470 magister
3251 5400 3560 5455 scholarum
3599 5401 3653 5455 iu
3681 5415 3768 5453 ea-

2219 5494 2341 5548 dem
2368 5494 2625 5548 Ecclesia.

2221 5618 2226 5626 .
2291 5582 2484 5635 Actum
2519 5572 2704 5636 Roma:
2734 5593 2917 5633 mense
2942 5576 3151 5645 Aprilli,
3185 5576 3368 5631 indict.
3401 5593 3510 5631 xxv.
