3944 6390
263 456 313 507 7
326 458 400 512 ω’

801 457 857 512 s.
892 433 1215 514 esseom:
1247 459 1336 512 vn
1375 459 1574 514 PAPE
1611 458 1834 517 orsae

1930 462 2108 517 PARS
2142 461 2204 516 11.
2233 493 2299 501 -
2329 462 2644 519 CONCILIA
2681 460 2982 544 ΒΟΜᾼΝΛ.

269 593 3476 633 Momm

891 687 1489 836 GREGORII.
1544 747 1834 834 PAPA

1946 750 2123 840 VII
2195 751 2872 851 DECRETUM.

1509 932 1718 1006 (MANSI,
1732 910 1933 990 δράσει.
1961 933 2077 1000 xx,
2095 933 2242 1006 ass.)

338 1223 635 1298 Gregorius
664 1241 800 1298 papa
836 1225 928 1282 VII
960 1239 1013 1284 et
1049 1226 1303 1286 Urbanus
1347 1213 1486 1302 papa
1519 1231 1564 1286 ll
1615 1231 1822 1288 consti-
1848 1211 1896 1270 Α
1917 1231 2120 1310 tyrium
2143 1233 2323 1288 verbis
2346 1241 2399 1288 et
2414 1234 2674 1304 exemplis
2693 1233 2974 1288 instituere
2995 1246 3105 1286 non
3135 1232 3480 1289 destiterunt.

255 1328 491 1376 tuerunt
527 1331 585 1375 ut
619 1319 940 1376 festivitates
979 1321 1350 1378 Romanorum
1389 1325 1705 1393 pontificum
1735 1339 1828 1379 ce-

252 1406 448 1464 lebres
506 1410 820 1464 habeantur.
881 1410 1177 1483 Martyrum
1237 1413 1294 1467 in
1347 1413 1413 1466 IX
1463 1411 1824 1478 lectionibus,

253 1494 646 1551 confessorum
702 1498 758 1550 in
814 1499 1010 1554 tribus‘
1045 1490 1236 1554 saltem
1281 1502 1605 1558 lectionibus
1635 1511 1828 1572 praster

252 1585 667 1652 quorumdam,
703 1587 798 1656 qui
843 1603 942 1656 pro
990 1605 1086 1661 sua
1122 1591 1436 1646 excellentia
1491 1593 1827 1647 celeberrimi

253 1671 618 1740 haberentur,
642 1674 784 1729 sicut
809 1683 863 1729 et
895 1675 952 1729 8.
998 1674 1273 1743 Silvester,
1298 1678 1590 1748 Gregorius
1622 1687 1676 1734 et
1712 1680 1823 1734 alii.

250 1756 404 1812 Nam
439 1775 562 1815 cum
594 1760 847 1829 qualibet
876 1761 1118 1818 Ecclesia
1148 1765 1232 1818 sui
1266 1766 1504 1834 patroni,
1537 1765 1665 1820 etsi
1697 1779 1829 1820 con-

254 1844 446 1900 fessor
483 1845 682 1908 fuerit,
724 1846 921 1902 festum
967 1849 1281 1905 solemniter
1317 1852 1594 1918 observet,
1624 1860 1830 1921 quanto

255 1937 442 2006 magis
483 1953 672 1992 eorum
718 1939 811 2008 qui
849 1939 1019 1993 totius
1044 1939 1299 1998 Ecclesiae
1327 1958 1437 1996 non
1470 1950 1582 1996 tam
1612 1943 1828 2012 patroni

254 2038 431 2092 quam
456 2023 645 2079 Patres
671 2027 1024 2092 exstiterunt,
1066 2043 1230 2097 quam
1264 2038 1318 2083 et
1361 2044 1534 2098 usque
1579 2030 1648 2084 ad
1675 2016 1828 2082 imar-

1932 1322 2008 1377 De
2037 1324 2123 1377 bis
2178 1324 2394 1393 quidem
2447 1326 2652 1380 sanctis
2706 1325 3032 1395 martyribus
3083 1322 3478 1388 invitatorium,

1932 1413 2186 1485 hymnus,
2212 1416 2575 1483 responsoria,
2599 1416 2793 1484 psalmi
2815 1424 2870 1469 et
2901 1430 3110 1478 versus,
3146 1421 3207 1467 ut
3245 1413 3311 1467 dc
3334 1428 3483 1488 mar-

1932 1503 2170 1572 tyribus,
2222 1503 2593 1556 decantantur.
2653 1502 2789 1556 Nota
2836 1511 3014 1556 autem
3063 1501 3118 1555 S.
3165 1501 3483 1570 Gregorium

1930 1603 2122 1659 papam
2157 1589 2178 1642 Ι
2209 1590 2262 1642 in
2286 1590 2527 1660 graduali
2562 1590 2699 1644 libro
2747 1591 2814 1644 de
2849 1590 2934 1644 his
2967 1589 3315 1658 martyribus,
3340 1589 3485 1642 sicut

1927 1684 1982 1729 ct
2013 1675 2080 1728 de
2121 1675 2356 1730 confess.
2401 1675 2726 1745 pontificalia
2771 1666 3275 1730 administrantibus
3322 1675 3481 1729 insti-

1925 1763 2098 1818 tuisse
2126 1762 2318 1827 oﬂicia,
2360 1773 2420 1818 ut
2447 1764 2514 1817 de
2549 1763 2605 1817 S.
2645 1763 2897 1817 Marcello
2916 1763 2976 1816 P.
3005 1772 3058 1817 ct
3093 1763 3164 1816 Μ.
3200 1761 3401 1818 Statuit
3429 1763 3480 1815 ei

1927 1851 2212 1916 Dominus;
2241 1859 2296 1907 et
2321 1853 2389 1907 de
2431 1851 2488 1905 8.
2533 1851 2707 1918 Felice
2749 1852 2810 1905 P.
2843 1861 2897 1906 et
2938 1851 3007 1906 M.
3051 1848 3375 1922 Sacerdotes.
3413 1850 3481 1905 Et

1928 1941 2032 1994 hoc
2069 1941 2256 2008 utique
2281 1940 2413 1994 satis
2446 1930 2680 2009 congrue
2715 1947 2932 2008 propter
2973 1940 3344 1994 excellentiam
3385 1938 3474 1991 di-

1927 2028 2150 2098 gnitatis
2177 2029 2503 2096 apostolicae.

261 2201 3438 2238 Ἢ

923 2345 1588 2458 ΒΔΝῦΤῙ
1646 2342 2541 2457 GBEGOBH
2597 2343 2883 2452 πιι

1479 2547 1722 2603 PONTIF
1725 2546 1855 2602 lClS
1892 2542 2152 2602 ROMANI

539 2687 960 2842 omnum
1036 2715 1302 2840 ms
1384 2714 1807 2839 TERTIA.
1898 2761 2024 2789 --
2110 2707 2561 2839 eorum
2634 2711 3090 2881 ROMANA.

1071 3169 1078 3175 _
1176 3040 1831 3130 CONCILIUM
1911 3017 2493 3126 ROMANUM
2582 3037 2618 3122 ι

1213 3226 1350 3284 rno
1407 3223 1874 3282 manum
1933 3192 2286 3279 ECCLESUE
2325 3220 2596 3298 sum.

1350 3347 1753 3441 Celebratum
1787 3392 1957 3438 anno
2006 3376 2266 3436 Domini
2301 3332 2474 3435 1074.

1055 3542 1232 3613 (Apud
1257 3539 1447 3607 Mam,
1486 3538 1842 3596 Conciliorum
1868 3536 2083 3593 Collect.
2107 3545 2240 3592 tom.
2272 3535 2390 3604 XX,
2551 3535 2693 3592 40M

1628 3686 2062 3704 Ψ

278 3849 637 3924 ‘Gregorius,
658 3843 1114 3917 praedecessorum
1163 3840 1389 3899 suorum
1432 3839 1675 3909 vestigiis
1714 3839 1801 3890 in-
1838 3822 1880 3874 Β
1905 3839 2065 3889 vivere
2113 3846 2315 3906 cogeret
2360 3839 2465 3890 ritu
2513 3837 2848 3907 angelorum,
2887 3848 2936 3892 et
2984 3839 3110 3893 dum
3152 3853 3453 3900 consuetum

245 3946 487 4008 sistens,
509 3955 606 4012 per
647 3935 934 4008 epistolam
976 3933 1044 3987 ad
1080 3932 1363 4012 episcopos
1413 3927 1802 4000 Longobardize

245 4035 433 4089 datam
467 4029 666 4084 indixit
690 4025 953 4096 synodum
981 4022 1155 4091 prima
1194 4018 1528 4074 hebdomada
1561 4016 1802 4084 Quadra-

220 4107 470 4196 ngsimas
531 4113 929 4174 celebrandam.
991 4111 1202 4164 Statuto
1256 4109 1344 4163 die
1407 4109 1645 4177 episcopi
1707 4107 1801 4176 qui

245 4210 536 4268 convocati
581 4207 797 4262 fuerant
841 4215 1036 4272 magno
1080 4212 1307 4253 numero
1363 4197 1669 4252 adfuerunt.
1720 4197 1801 4251 Ad

243 4298 655 4373 expurgandam
693 4292 989 4348 Ecclesiam
1031 4305 1062 4344 a
1099 4287 1502 4344 concubinariis
1546 4285 1799 4340 sacerdo-

244 4391 395 4447 tibus
443 4385 708 4460 principio
747 4387 1068 4442 statuerunt,
1109 4385 1189 4442 ut,
1228 4375 1518 4456 secundum
1557 4374 1799 4427 instituta

245 4467 589 4549 antiquorum
619 4487 907 4536 canonum,
930 4467 1104 4538 inquit
1128 4465 1473 4527 Lambertus,
1518 4463 1820 4550 presbyteri.

245 4582 439 4623 uxores
460 4579 563 4618 non
598 4561 841 4624 habeant,
878 4557 1119 4611 habentes
1149 4561 1241 4607 aut
1271 4555 1540 4606 dimittant
1577 4560 1669 4604 aut
1705 4554 1798 4604 de-

243 4663 539 4726 ponantur.
588 4649 698 4704 Nec
746 4648 1022 4718 quisquam
1060 4643 1268 4696 omnino
1327 4642 1395 4694 ad
1448 4640 1799 4693 sacerdotium

245 4744 584 4804 admittatur,
629 4740 718 4808 qui
745 4753 848 4790 non
881 4737 937 4788 in
971 4742 1270 4803 perpetuum
1309 4731 1681 4784 continentiam
1717 4729 1798 4780 vi-

249 4842 459 4901 tamque
501 4827 733 4882 ctrlibem
780 4823 1104 4912 proﬁteatur.
1141 4819 1312 4884 Quam
1359 4817 1795 4872 constitutionem

244 4923 378 4976 dum
407 4920 568 4990 jussu
595 4913 867 4987 pontificis
895 4904 1132 4986 episcopi
1159 4909 1213 4960 in
1247 4906 1533 4961 Germania
1556 4904 1796 4974 promul-

247 5017 488 5084 gassent,
535 5007 852 5062 acciderunt
890 4997 1012 5072 qua:
1054 5014 1088 5055 ι
1142 4998 1426 5052 Lamberto
1460 5011 1603 5050 anno
1658 4993 1794 5046 1074

248 5101 634 5157 describuntur
680 5095 769 5148 his
819 5093 1044 5181 verbis:
1082 5090 1345 5181 ‘Adversus
1395 5085 1793 5181 hoc‘decretum
1823 5125 1863 5181 Ο

249 5187 490 5255 protinus
515 5182 829 5238 vehementer
849 5177 1117 5245 infremuit
1143 5183 1250 5226 tota
1284 5176 1445 5248 factio
1466 5173 1794 5237 clericorum,

249 5273 512 5324 hominem
569 5269 726 5339 plane
761 5263 1059 5320 haereticum
1093 5269 1141 5313 et
1174 5261 1346 5312 vesani
1395 5260 1652 5326 dogmatis
1688 5273 1796 5310 esse

249 5361 554 5423 clamitans,
603 5358 691 5425 qui
732 5355 921 5408 oblitus
962 5351 1210 5404 sermonis
1253 5348 1492 5411 Domini,
1526 5362 1626 5415 quo
1677 5347 1790 5397 ait:

249 5449 368 5502 Non
401 5460 594 5502 omnes
647 5444 864 5510 capiunt
916 5442 1020 5495 hoc
1056 5439 1317 5490 verbum:
1349 5434 1444 5503 qui
1487 5441 1660 5502 potest
1702 5447 1792 5486 ca-

247 5553 396 5608 pere,
419 5535 597 5605 capiat
620 5528 833 5602 (Matth.
865 5548 984 5595 xix,
1014 5530 1073 5582 ll
1097 5570 1110 5591 ,
1139 5527 1254 5595 1‘2);
1280 5534 1330 5578 et
1349 5523 1626 5592 Apostolus
1649 5538 1665 5574 :
1688 5521 1791 5586 Qui

250 5645 310 5684 se
353 5645 462 5684 non
503 5626 776 5688 continet,
819 5623 1014 5688 nubat;
1045 5620 1237 5674 melius
1285 5625 1368 5672 est
1410 5614 1554 5669 enim
1588 5615 1792 5668 nubere

250 5734 413 5789 quam
436 5718 522 5774 uri
553 5715 609 5786 (Ι
629 5713 751 5770 Cor.
774 5728 870 5778 vn,
903 5713 991 5782 5):
1018 5711 1238 5765 violenta
1270 5707 1540 5763 exactione
1559 5704 1789 5758 homines

1902 3944 2112 3981 cursum
2141 3936 2345 3982 naturae
2371 3936 2610 3997 negaret,
2645 3928 2982 3996 fornicationi
3019 3939 3069 3984 et
3106 3931 3459 3992 immunditici

1902 4017 2050 4086 frena
2083 4016 2308 4071 laxaret.
2356 4015 2507 4082 Quod
2553 4017 2601 4071 si
2640 4028 2870 4088 pergeret
2909 4022 3217 4075 sententiam
3260 4025 3455 4094 conﬁr-

1901 4124 2064 4172 mare,
2098 4106 2255 4160 malle
2297 4124 2352 4161 se
2393 4109 2741 4163 sacerdotium
2771 4125 2930 4178 quam
2959 4111 3268 4180 .conjugiunt
3306 4113 3456 4168 dese-

1899 4212 2032 4260 rere,
2059 4204 2110 4248 et
2155 4204 2276 4248 tunc
2329 4196 2560 4249 visurum
2599 4212 2747 4260 eum,
2774 4197 2859 4248 cui
2888 4190 3120 4249 homines
3162 4197 3451 4267 sorderent,

1900 4285 2036 4337 unde
2060 4284 2405 4352 gubernandis
2425 4301 2517 4353 per
2546 4283 2836 4338 Ecclesium
2866 4284 2964 4339 Dei
2983 4286 3218 4355 plebibus
3243 4291 3452 4361 angelos

1899 4380 2298 4440 comparaturus
2331 4380 2482 4426 esset.
2693 4395 2697 4398 η
2816 4400 2818 4402 τ

1970 4459 2327 4514 Nihilominus
2391 4461 2656 4527 instabat,
2696 4471 2747 4517 et
2815 4457 3042 4519 assiduis
3100 4466 3451 4538 legationibus

1897 4552 2158 4620 episcopos
2209 4567 2382 4604 omnes
2435 4553 2686 4607 socordia
2718 4571 2780 4606 ac
2818 4555 3034 4608 desidias
3086 4540 3370 4627 arguebat,
3401 4569 3453 4612 et

1899 4643 2002 4694 nisi
2043 4643 2188 4694 ocius
2242 4641 2535 4709 injunctum
2577 4643 2677 4694 sibi
2712 4643 2972 4710 negotium
3026 4659 3448 4715 exsequerentur,

1898 4728 2184 4795 apostolica
2229 4744 2282 4780 se
2326 4744 2542 4780 censura
2573 4729 2629 4780 in
2671 4744 2755 4781 eos
2799 4723 3280 4786 animadversurum
3300 4748 3448 4784 com-

1896 4816 2213 4867 minabatur.
2264 4815 2691 4887 Archiepiscopus
2726 4818 3080 4888 bloguntinus
3130 4822 3294 4871 sciens
3342 4836 3446 4872 non

1894 4921 2050 4973 parvo
2079 4913 2316 4958 constare
2353 4923 2562 4975 operam
2596 4909 2749 4972 hanc,
2793 4917 2848 4959 ut
2893 4915 3039 4958 tanto
3097 4915 3322 4975 tempore
3362 4909 3446 4961 in-

1895 4995 2078 5047 clitam
2101 4997 2522 5050 consuetudinem
2557 4989 2837 5060 recelleret,
2861 5003 3015 5064 atque
3045 4996 3114 5048 ad
3147 4998 3446 5052 rudimenta

1896 5088 2155 5138 nascentis
2187 5086 2439 5138 Ecclesia.-
2477 5093 2814 5138 senescentem
2828 5084 2946 5152 jam
2986 5087 3238 5140 mundum
3278 5089 3443 5157 refor-

1896 5181 2080 5236 maret,
2109 5171 2424 5222 moderatius
2451 5172 2635 5239 agebat
2684 5187 2803 5224 cum
2843 5174 2936 5226 eis.
2981 5173 3050 5224 Et
3089 5176 3258 5241 primo
3281 5179 3353 5230 eis
3388 5181 3459 5256 in,

1894 5261 2169 5315 dimidium
2232 5276 2424 5312 annum
2486 5261 2728 5314 inducias
2775 5270 2825 5314 et
2877 5261 3196 5316 deliberandi
3241 5267 3442 5330 copiam

1892 5351 2052 5413 dedit,
2089 5349 2302 5401 hortans
2347 5365 2431 5402 eos
2456 5359 2512 5402 ut
2547 5351 2684 5418 quod
2707 5351 2993 5402 necessario
3032 5351 3328 5418 faciendum
3362 5352 3434 5401 sit

1892 5443 2069 5506 sponte
2113 5437 2332 5504 faciant,
2360 5445 2409 5488 et
2446 5445 2553 5488 tam
2596 5435 2694 5486 sibi
2733 5451 2892 5503 quam
2928 5436 3156 5490 Romano
3198 5439 3437 5505 pontiﬁci

1892 5528 2257 5582 necessitatem
2308 5526 2542 5576 adimant
2590 5523 2792 5593 aliquid
2844 5527 2900 5578 in
2955 5541 3038 5577 eos
3090 5526 3225 5592 quod
3283 5542 3427 5579 secus

1894 5617 1964 5667 sit
1998 5611 2318 5666 decernendi.
2368 5609 2449 5662 Ad
2499 5610 2745 5662 ultimum
2785 5612 3091 5677 congregata
3127 5610 3321 5676 synodo
3372 5610 3428 5660 in

1898 5701 2147 5770 Erfordia
2198 5695 2365 5754 mense
2414 5698 2626 5754 Octobri
2677 5701 2898 5767 pressius
2943 5697 3059 5766 jam
3098 5698 3428 5765 inanti-nebat,

3387 469 3493 526 750
3555 465 3560 470 “
