3944 6396
465 486 560 539 751

1223 475 1280 530 S.
1320 469 1642 529 GREGORII
1683 464 1954 533 κἸΙξΟΡΡ.
1994 463 2030 517 P

2137 463 2173 518 s
2209 439 2297 517 ut.
2321 491 2393 503 —
2424 457 2740 518 CONCILIA
2778 456 3082 516 nouam.

3601 456 3723 513 752

461 603 540 658 ut,
581 591 807 662 relegata
867 589 1011 641 omni
1075 584 1496 655 tergiversatione
1550 578 2025 649 imprtcsentiarum
2055 591 2101 647 Α
2125 590 2226 631 cur
2253 573 2516 628 adversus
2545 571 2864 626 Anselmum
2913 569 3229 640 episcopum
3275 583 3434 624 suum
3478 567 3719 624 Lucen-

464 693 557 736 aut
580 681 880 750 conjugium
906 678 1231 746 abjurarent,
1266 682 1357 726 aut
1393 673 1534 746 sacri
1559 670 1748 724 alta-ris
1785 668 2024 720 ministe-

463 771 542 822 rio
564 785 618 821 se
650 767 973 820 abdicarent.
1005 763 1204 816 Multas
1229 769 1440 833 econtra
1466 758 1549 811 illi
1587 757 1815 809 rationes
1840 754 2024 821 θίγω-ε-

463 865 620 927 bant,
659 858 844 928 quibus
884 856 1136 908 instantis
1174 852 1598 922 perurgentisque
1641 846 2026 914 improbitatem

463 949 652 1021 Ποῖα),
694 940 1165 1014 importunitatem]
1200 941 1424 1003 eludere,
1463 937 1873 1004 sententiamque
1911 948 2027 985 cas-

461 1054 578 1092 sare
626 1037 930 1090 niterentur.
979 1031 1208 1099 Cumque
1251 1030 1496 1082 adversus
1542 1023 1844 1094 apostolica:
1888 1021 2055 1075 sedis

460 1124 848 1186 auctoritatem,
873 1136 974 1190 qua
1007 1134 1060 1172 se
1096 1117 1184 1170 ille
1217 1116 1285 1168 ad
1314 1117 1449 1168 hanc
1477 1113 1802 1167 exactionem
1837 1116 2030 1177 prwter

461 1215 777 1272 voluntatem
798 1209 1065 1280 propriam
1086 1206 1409 1275 compulsum
1432 1202 1760 1265 obtendebat,
1789 1197 1922 1251 nihil
1939 1213 2029 1250 ar-

461 1290 724 1376 gumenta,
773 1299 908 1354 nihil
948 1297 1355 1368 supplicationes
1390 1307 1664 1362 precesque
1696 1283 2025 1358 proficerent,

459 1395 920 1466 egressitanqnam
960 1389 1028 1440 ad
1055 1385 1478 1447 consultandum,
1531 1379 1810 1434 consilium
1848 1379 2027 1430 ineunt

458 1494 518 1539 ut
543 1486 599 1536 in
632 1481 886 1551 synodum
922 1494 1022 1531 non
1055 1476 1288 1540 redeant,
1318 1473 1407 1527 sed
1435 1473 1624 1542 injussi
1647 1485 1821 1523 omnes
1851 1468 1907 1520 in
1933 1467 2030 1519 do-

460 1591 570 1630 mos
593 1588 715 1626 suas
741 1570 1028 1623 discedant.
1075 1565 1330 1618 Nonnulli
1365 1563 1525 1617 etiam
1551 1560 1786 1628 confusis
1819 1556 2028 1609 uocibus

461 1663 826 1726 clamitabant,
859 1659 1042 1711 melius
1064 1657 1162 1710 sibi
1189 1654 1355 1708 videri
1388 1662 1442 1706 ut
1464 1653 1518 1704 in
1545 1649 1803 1719 synodum
1833 1662 2030 1716 regres-

387 1771 390 1774 ‘
462 1758 508 1810 si
533 1758 704 1824 ipsum
738 1751 1056 1819 episcopum,
1095 1745 1396 1814 priusquam
1440 1738 1809 1794 exsecrabilem
1846 1739 2032 1789 adver-

459 1823 561 1897 sus
589 1857 674 1896 eos
713 1837 1025 1892 sententiam
1071 1831 1445 1903 promulgaret,
1475 1827 1722 1881 cathedra
1744 1823 2029 1895 episcopali

459 1931 817 1994 deturbarent,
840 1935 890 1980 et
928 1923 1114 1977 merita
1141 1919 1559 1975 morte'multato
1599 1917 1802 1985 insigne
1846 1930 2030 1966 monu-
2061 1903 2104 1957 Β

458 2031 686 2076 mentum
711 2018 779 2072 ad
812 2025 1041 2086 posteros
1077 2010 1514 2072 transmitterent,
1548 2022 1610 2059 ne
1645 2005 1761 2074 quis
1789 2004 2028 2072 deinceps

457 2123 813 2165 successorum
838 2105 949 2173 ejus
965 2102 1120 2155 talem
1146 2097 1462 2152 sacerdotali
1488 2095 1684 2148 nomini
1709 2093 2029 2147 calumniam

457 2207 656 2252 struere
701 2201 942 2247 tentaret.
989 2188 1121 2244 Cant
1172 2188 1240 2240 ad
1278 2187 1578 2255 episcopum
1623 2184 1851 2237 relatum
1895 2191 2028 2235 esset

458 2291 554 2340 hoc
594 2301 680 2339 eos
722 2279 1054 2342 machinari,
1076 2277 1422 2329 commonitus
1446 2290 1476 2326 a
1503 2273 1612 2326 suis
1665 2281 1720 2324 ut
1747 2269 2029 2323 tumultum

460 2377 548 2445 qui
573 2371 842 2427 oriebatur
873 2376 1080 2420 matura
1130 2363 1484 2417 moderatione
1508 2367 1855 2430 prteverteret,
1887 2357 2031 2410 misit

387 2480 392 2488 ‘
457 2464 526 2518 ad
551 2478 635 2517 eos
659 2461 823 2530 foras,
849 2456 1148 2526 rogavitque
1176 2462 1234 2506 ut
1262 2453 1443 2506 sedato
1464 2460 1669 2520 pectore
1695 2449 1749 2502 in
1773 2448 2028 2518 synodum

456 2550 869 2621 regrederentur,
897 2560 970 2608 se,
1008 2558 1127 2594 cum
1156 2542 1386 2607 primum
1425 2538 1792 2606 opportunitas
1820 2535 2031 2586 arrisis-

457 2649 556 2705 set,
585 2638 804 2692 Romam
846 2633 1148 2693 missurum,
1188 2637 1238 2682 et
1277 2627 1546 2680 dominum
1588 2622 1953 2691 apostolicum,
1982 2623 2028 2673 si

458 2745 560 2797 qua
582 2733 751 2795 posset
782 2722 1004 2784 ratione,
1036 2717 1100 2770 ab
1123 2717 1220 2768 hac
1246 2715 1520 2768 sententia:
1541 2712 1849 2765 austeritate
1873 2709 2030 2761 dedu-

459 2829 684 2872 cturum.
719 2813 938 2866 Postero
966 2809 1051 2861 die
1076 2807 1324 2860 admissis
1360 2806 1414 2858 in
1445 2803 1771 2857 auditorium
1796 2815 2028 2852 comnm-

457 2910 598 2962 niter
643 2903 796 2956 laicis
834 2909 884 2954 et
923 2898 1150 2961 clericis,
1190 2903 1407 2949 ueterem
1449 2892 1601 2946 illam
1653 2891 1716 2944 de
1753 2889 2026 2942 reddendis

458 2993 675 3050 decimis
705 2987 971 3061 querelam
1002 2985 1241 3054 replicat,
1269 2991 1372 3038 etc.

529 3084 590 3137 In
615 3083 719 3136 hac
738 3079 926 3134 eadem
949 3075 1156 3146 synodo
1189 3069 1693 3128 excommunicatus
1718 3077 1800 3122 est
1823 3065 2027 3121 Robor-

457 3182 548 3227 tus
578 3167 910 3224 Guiscardus
939 3163 1403 3218 Nortmannorum
1429 3159 1705 3228 princeps,
1732 3156 1800 3210 de
1837 3170 1948 3222 quo
1972 3155 2026 3207 in

457 3263 566 3316 line
591 3259 715 3314 libri
747 3255 909 3325 primi
942 3255 1102 3322 epist.
1147 3249 1394 3320 Gregorii
1420 3262 1584 3316 supra
1628 3247 1743 3299 hate
1785 3244 2029 3298 referun-

457 3359 549 3404 tur
574 3367 587 3402 :
622 3345 913 3401 Celebraoit
933 3342 1112 3395 Romae
1131 3337 1410 3408 synodum,
1441 3335 1494 3388 in
1521 3351 1644 3404 qua,
1680 3333 1817 3385 inter
1837 3339 2028 3384 uetera

457 3452 575 3508 quis
600 3436 673 3489 ibi
696 3441 838 3503 gesta
861 3438 1002 3494 sunt,
1043 3425 1510 3482 excommunicauit
1539 3432 1696 3490 atque
1718 3420 2026 3473 anathema-

459 3506 644 3582 tisavit
668 3521 949 3577 Robertum
977 3515 1326 3570 Guiscardum
1356 3513 1539 3566 ducem
1561 3510 1770 3580 Apulia:
1793 3517 1841 3561 et
1869 3506 2030 3562 Cala-

462 3618 592 3671 bria:
639 3624 793 3683 atque
841 3607 1063 3673 Sicilia',
1099 3622 1217 3658 cum
1261 3603 1498 3657 omnibus
1550 3598 1850 3669 fautoribus
1895 3597 2026 3660 suis,

459 3717 724 3776 quousque
767 3699 1107 3766 resipisceret.
1141 3694 1270 3748 Post
1305 3694 1421 3747 haec
1471 3691 1816 3746 diversorum
1857 3686 2026 3740 abba-

459 3773 579 3848 tum
606 3800 659 3846 et
701 3787 1082 3859 epise0porum
1119 3795 1298 3835 causa:
1323 3778 1554 3849 cognitas
1583 3784 1713 3831 sunt
1739 3784 1793 3828 et
1831 3773 2029 3842 dijudi-

459 3893 612 3936 catre.
669 3873 1081 3932 Pictavensibus
1142 3869 1421 3938 canonicis
1471 3866 1738 3920 indultum
1802 3862 1922 3927 fuit,
1969 3871 2028 3916 ut

458 3986 650 4030 eorum
685 3969 994 4037 episcopus,
1030 3963 1289 4024 decanus,
1323 3958 1406 4012 vel
1445 3958 1586 4012 alius
1608 3955 1806 4024 aliquis
1832 3953 2024 4022 praela-

458 4074 568 4129 tus,
587 4061 678 4131 jus
719 4056 946 4110 retineat
988 4051 1152 4104 certis
1207 4047 1400 4102 diebus
1430 4045 1685 4100 cantandi
1717 4043 1943 4096 missam
1969 4041 2026 4093 in

461 4154 638 4208 aliena
684 4158 738 4202 et
785 4151 1032 4210 exempta
1085 4136 1314 4194 ecclesia
1343 4177 1359 4200 ,
1417 4135 1560 4189 sicut
1618 4132 1803 4187 Roma:
1865 4138 2027 4198 atque

460 4241 590 4298 alibi
618 4239 672 4293 in
695 4234 1021 4292 stationibus
1061 4228 1339 4282 observari
1378 4233 1755 4281 consueverat.
1800 4219 2024 4275 Decreto
2066 4242 2083 4258 -

461 4333 626 4401 hujus
659 4325 849 4398 synodi
872 4320 1187 4377 mandatum
1217 4326 1301 4371 est
1323 4315 1707 4382 Hispaniarum
1745 4311 2020 4375 Ecclesiis,

461 4431 523 4476 ut
567 4419 871 4473 Romanum
924 4411 1170 4465 ordinem
1236 4415 1398 4475 atque
1451 4402 1687 4458 ollicium
1736 4401 2021 4468 recipiant,

462 4514 624 4578 prout
650 4499 1036 4571 Hispaniarum
1069 4495 1310 4564 episcopi
1337 4493 1430 4562 qui
1466 4490 1758 4561 praesentes
1785 4497 1940 4542 erant
1965 4503 2024 4542 se
2057 4515 2100 4568 Β

462 4598 704 4652 facturos
727 4590 1112 4662 promiserant.
1152 4584 1378 4651 Insuper
1401 4584 1553 4636 lectae
1590 4581 1808 4635 fuerunt
1833 4581 2023 4634 litterze

463 4685 639 4742 Geisze
667 4679 956 4747 llungariaa
991 4675 1155 4745 regis,
1178 4672 1380 4743 quibus
1409 4669 1551 4724 idem
1575 4684 1670 4722 rex
1702 4684 1859 4721 suum
1895 4683 2024 4737 erga

465 4777 646 4831 sedem
674 4768 1026 4840 apostolicam
1045 4761 1468 4832 ineomparabile
1493 4759 1734 4814 studium
1756 4767 1809 4811 et
1833 4759 2023 4810 obser-

465 4856 700 4918 vantiam
727 4855 1018 4917 indicabat,
1048 4861 1235 4921 petens
1263 4866 1330 4904 ne
1360 4849 1760 4904 adversantium
1786 4847 2020 4901 hostium

467 4964 693 5007 suorum
715 4945 949 5015 querelis
972 4953 1026 4997 et
1059 4937 1416 4995 calumniosis
1446 4935 1886 4997 accusationibus
1919 4935 2027 4988 ulla

468 5041 601 5094 lldes
633 5033 968 5091 adhibeatur.

540 5129 597 5181 In
628 5125 815 5181 eadem
862 5119 1066 5189 synodo
1102 5116 1425 5170 Guilielmus
1450 5112 1742 5182 episcopus
1790 5107 2031 5164 Bellova-

461 5203 651 5274 ‘oensis
676 5214 899 5282 dignum
942 5206 1186 5261 exhibuit
1230 5205 1504 5272 specimen
1537 5199 1861 5255 Christianae
1901 5200 2026 5254 elia-

471 5303 646 5362 ritatis
669 5308 723 5355 et
744 5296 1066 5367 episcopalis
1098 5292 1394 5355 modestiat,
1421 5299 1480 5343 ut
1514 5290 1608 5356 qui
1641 5289 1979 5358 gravissima
1999 5304 2030 5343 a

474 5400 590 5456 suis
625 5405 738 5452 tam
759 5387 968 5447 clericis
993 5401 1155 5456 quam
1187 5383 1343 5439 laicis
1376 5395 1687 5451 perpessus,
1714 5395 1813 5448 pro
1840 5381 2030 5434 iisdem
2090 5393 2092 5398 '

474 5503 537 5541 ea
563 5485 630 5539 de
658 5495 823 5538 causa
852 5472 1332 5532 excommunicatis
1356 5469 1497 5539 apud
1528 5465 1838 5537 pontiﬁcem
1861 5466 2030 5518 inter-

474 5571 722 5636 cesserit,
749 5580 950 5635 eosque
976 5562 1045 5617 ab
1067 5557 1630 5615 excommunicatione
1653 5553 1861 5608 absolvi
1891 5553 2032 5622 peti-

476 5665 577 5719 erit
601 5671 655 5716 et
687 5654 1070 5726 impetraverit.
1105 5649 1186 5702 Ad
1212 5649 1351 5701 hanc
1374 5647 1618 5698 eamdem
1642 5645 1908 5715 synodum
1937 5658 2033 5696 vo-

479 5752 735 5822 catisunt
771 5742 1016 5799 canonici
1058 5739 1346 5800 Lueenses,
1393 5741 1450 5786 ut
1493 5748 1712 5786 causam
1752 5732 2033 5786 redderent

2127 677 2241 717 sem
2277 660 2703 730 conspirassent.
2731 657 2837 725 Qui
2867 658 2936 713 de
2971 657 3376 727 conspiratione
3405 665 3460 711 et
3481 656 3719 712 insidiis

2127 765 2228 805 suo
2269 749 2528 822 episcopo
2560 747 2844 804 instructis
2884 747 3138 811 convicti,
3170 746 3328 815 juxta
3371 760 3616 800 canones
3654 753 3722 798 et

2126 837 2422 907 capitulum
2445 837 2620 891 sancti
2652 836 2905 906 martyris
2925 843 2979 889 et
2999 835 3273 905 pontiﬁcis
3304 834 3559 905 Fabiani,
3589 850 3720 904 quo

2127 925 2531 994 conspiratores
2572 933 2626 979 et
2660 924 3006 978 insidiatores
3041 909 3274 978 suorum
3315 924 3716 993 episcoporum

2127 1015 2294 1069 eurite
2315 1013 2607 1068 tradendos
2631 1027 2754 1067 esse
2784 1011 3117 1086 decernitur,
3137 1011 3349 1078 judicio
3381 1012 3550 1067 totius
3570 1028 3720 1066 san-

2127 1111 2228 1158 ctae
2271 1103 2460 1173 synodi
2490 1101 2654 1156 etiam
2688 1100 2791 1170 ipsi
2825 1100 2994 1155 curia:
3040 1100 3226 1154 traditi
3282 1099 3522 1155 fuerunt.
3573 1099 3716 1155 llaec

2127 1209 2196 1248 ex
2219 1192 2467 1264 Gregorii
2492 1193 2651 1262 epist.
2700 1193 2762 1246 51
2794 1200 2848 1244 et
2881 1191 3238 1260 sequentibus
3279 1192 3487 1259 decem,
3529 1191 3717 1246 Baro-

2128 1281 2255 1335 nius
2278 1296 2422 1335 anno
2450 1279 2604 1344 1074,
2631 1294 2782 1332 num.
2818 1277 2887 1331 56
2923 1287 2979 1331 et
3006 1279 3379 1348 sequentibus.

2202 1387 2334 1444 Vide
2354 1389 2639 1460 epistolam
2677 1387 2923 1456 Gregorii
2947 1386 3014 1440 ad
3045 1385 3298 1442 Ottonem
3318 1387 3718 1442 Constantien-

2129 1493 2244 1533 sem
2270 1478 2608 1547 episcopum,
2634 1475 2772 1530 infra
2799 1475 3039 1544 capitulo
3063 1477 3240 1544 primo
3262 1476 3541 1546 sequentis
3566 1491 3715 1546 apo—

2129 1565 2364 1636 logetici,
2403 1580 2511 1634 qua
2545 1580 2672 1634 eum
2714 1565 2780 1618 de
2805 1564 2968 1618 rebus
3021 1561 3077 1617 in
3132 1564 3235 1618 hac
3278 1564 3486 1634 synodo
3534 1565 3716 1634 gestis

2129 1655 2444 1709 summatim
2490 1669 2555 1708 ac
2586 1654 2823 1707 breviter
2851 1651 3131 1717 informat,
3167 1667 3394 1721 qumque
3413 1653 3470 1705 in
3504 1667 3571 1706 ea
3609 1667 3712 1706 sa-

2129 1745 2358 1799 lubriter
2381 1755 2571 1798 contra
2594 1741 2937 1797 Simoniacos
2959 1750 3014 1796 et
3037 1739 3455 1797 concubinarios
3484 1740 3712 1795 decreta

2130 1842 2256 1887 sunt
2289 1848 2385 1901 per
2425 1833 2676 1886 eumdem
2707 1831 3040 1901 promulgari
3079 1830 3351 1900 praecepit.
3384 1828 3711 1901 Apologeti-

2129 1938 2254 1976 eum
2289 1937 2596 1977 sermonem
2621 1937 2720 1991 pro
2751 1921 2855 1975 hac
2877 1920 3086 1991 synodo
3112 1921 3332 1988 scripsit
3358 1929 3550 1974 auctor
3579 1921 3716 1990 qui-

2128 2012 2252 2066 dam
2309 2011 2474 2081 hujus
2523 2009 2804 2081 temporis,
2848 2009 2944 2080 qui
2984 2018 3161 2064 exstat
3209 2009 3265 2062 in
3316 2009 3712 2079 antiquissimo

2129 2100 2508 2168 manuscripto
2571 2099 2761 2154 codice
2833 2099 3151 2153 monasterii
3229 2097 3709 2169 Weingartensis,

2128 2205 2292 2258 quem
2312 2190 2436 2245 inde
2466 2190 2799 2259 descriptum
2827 2190 2918 2243 hic
2946 2189 3346 2259 subjungimus.

2618 2341 2775 2379 ικοει
2812 2338 3186 2379 οΑιιιι-υιοιιωι

2130 2433 2182 2488 I.
2219 2433 2511 2488 Decretalis
2539 2433 2765 2503 epistola
2787 2431 3101 2486 venerabilis
3130 2448 3281 2501 papa:
3308 2430 3568 2500 Gregorii,
3595 2439 3707 2484 etc.

2130 2523 2214 2577 II.
2256 2524 2334 2578 De
2365 2527 2682 2578 auctoritate
2708 2533 2936 2594 quatuor
2954 2522 3330 2592 principalium
3359 2520 3710 2574 conciliorum

2203 2613 2654 2665 aecumenieorum.
2889 2665 2900 2674 κ

2131 2698 2248 2753 III.
2291 2699 2368 2752 De
2392 2700 2709 2754 auctoritate
2734 2698 3146 2767 apostoliearum
3172 2698 3630 2750 constitutionum.

2131 2790 2157 2844 l
2177 2789 2236 2844 V.
2278 2791 2357 2844 De
2383 2791 2704 2843 auctoritate
2733 2789 3054 2858 reliquorum
3081 2787 3449 2842 conciliorum.

2141 2877 2200 2931 V.
2240 2878 2422 2931 Brevis
2481 2878 2806 2932 enumeratio
2874 2878 3201 2930 decretorum
3263 2875 3546 2944 superioris
3591 2875 3717 2942 (p54,

2198 2967 2368 3022 stolte.

2140 3055 2234 3111 VI.
2277 3057 2354 3110 De
2381 3058 2551 3126 primo
2578 3063 2804 3119 statuto,
2829 3054 2886 3106 id
2913 3062 2990 3106 est
3015 3053 3078 3106 de
3110 3051 3446 3106 Simoniacis.

2141 3145 2269 3201 γη.
2311 3147 2388 3200 De
2421 3146 2646 3200 secundo
2669 3153 2890 3210 statuto,
2922 3144 2977 3196 id
3001 3152 3080 3196 est
3107 3143 3171 3204 de
3195 3142 3511 3212 emptoribus
3534 3141 3716 3195 eccle-

2203 3236 2423 3288 siarum.

2145 3323 2308 3378 l’III.
2352 3322 2504 3388 Quod
2547 3331 2597 3376 et
2641 3337 2797 3374 sacra
2844 3317 3124 3388 Scriptura
3169 3321 3378 3372 damnet
3408 3318 3713 3372 venditores

2197 3411 2560 3480 spiritualium
2591 3410 2899 3479 ofﬁciorum.

2133 3501 2236 3555 IX.
2277 3501 2326 3554 Χ
2336 3542 2349 3555 .
2388 3499 2527 3554 Item
2562 3499 2700 3569 quod
2729 3508 2984 3567 emptores
3009 3513 3191 3551 eorum
3217 3497 3449 3564 damnet,
3482 3499 3713 3568 etquod

2198 3590 2509 3643 mediatores
2537 3588 2694 3656 hujus
2728 3587 2922 3655 negotii
2949 3587 3182 3639 damnet.
3375 3570 3379 3574 ”
3551 3649 3554 3652 ,

2128 3677 2235 3732 XI.
2276 3678 2353 3731 De
2375 3679 2529 3731 tertio
2543 3685 2744 3730 statuto
2761 3674 2918 3728 dicta:
2939 3674 3220 3728 decretalis
3234 3673 3492 3744 epistolce,
3513 3674 3570 3726 id
3597 3682 3710 3741 est,

2201 3777 2256 3821 ut
2289 3769 2664 3821 incontinentes
2691 3766 2856 3820 altari
2880 3764 3180 3840 nullatenus
3204 3765 3521 3819 ministrent.

2129 3857 2269 3912 XII.
2312 3858 2390 3913 De
2425 3859 2761 3912 anathemate
2801 3872 2983 3910 eorum
3019 3857 3107 3924 qui
3141 3855 3425 3923 defendunt
3471 3855 3713 3908 inconti-

2199 3949 2430 4001 nentiam
2460 3947 2789 4000 sacerdotum
2811 3961 2905 4015 per
2931 3942 3208 3998 Sozomeni
3235 3959 3352 4012 cap.
3383 3959 3448 3998 ea:
3479 3941 3712 4012 Tripar-

2199 4038 2299 4089 tita
2332 4036 2560 4089 historia
2588 4035 2972 4108 depromptum.

2127 4124 2302 4179 XIII.
2345 4125 2496 4190 Quod
2525 4141 2627 4178 non
2655 4119 3235 4189 sacrorum—.ininistris,
3256 4123 3345 4177 sed
3370 4122 3548 4186 laicis,
3572 4139 3709 4192 per-

2197 4217 2415 4269 missum
2449 4217 2517 4269 sit
2551 4225 2608 4268 ut
2652 4216 3004 4285 unusquisque
3047 4229 3200 4266 suam
3239 4212 3426 4266 habeat
3456 4227 3702 4268 uxorem.

2125 4300 2284 4354 XIV.
2328 4301 2467 4366 Quid
2511 4301 2793 4369 Apostolus
2827 4300 3118 4353 constituat
3165 4298 3229 4350 de
3272 4298 3440 4361 sacris
3482 4297 3710 4369 ordini-

2199 4392 2312 4443 bus.
2994 4381 3028 4454 Κ,

2126 4479 2250 4533 XV.
2297 4479 2454 4532 Utilis
2493 4479 2844 4532 consideratio
2876 4478 3114 4554 ejusdem
3150 4476 3517 4531 institutionis.

2126 4568 2284 4623 XVI.
2327 4567 2604 4638 Expositio
2645 4569 2783 4622 beati
2823 4560 3136 4652 Hieronymi
3165 4583 3322 4638 super
3357 4566 3588 4620 eamdem
3615 4566 3704 4618 in-

2194 4659 2538 4712 stitutionem.
3040 4665 3049 4711 ,‘.
3137 4692 3141 4694 -

2125 4745 2175 4798 Χ
2192 4745 2321 4800 VII.
2362 4746 2438 4800 De
2464 4755 2653 4815 quarto
2677 4753 2879 4797 statuto
2904 4713 3176 4829 prted‘ictte
3200 4713 3478 4795 aecretalis
3503 4743 3703 4812 cpisto-

2195 4835 2282 4899 ιω,
2323 4851 2385 4888 ne
2436 4833 2657 4903 populus
2706 4833 2872 4902 ofﬁcia
2922 4834 3238 4903 clericlqrum
3283 4833 3526 4902 recipiat,
3566 4849 3701 4901 quos

2149 4965 2162 4977 .
2196 4924 2486 4994 apostolica
2517 4933 2722 4978 statuta
2759 4922 3312 5063 contemnerejvideat.

2149 5016 2356 5063 ϊγιιι-
2398 5016 2507 5063 Cur
2525 5033 2705 5063 eorum
2725 5015 2894 5063 ofﬁcia
2927 5012 3126 5063 nomth
3153 5011 3257 5063 sint
3284 5026 3312 5063 tt

2127 5017 2177 5071 X
2191 5016 2356 5072 VIII.
2398 5016 2507 5071 Cur
2525 5033 2705 5070 eorum
2725 5015 2894 5083 ofﬁcia
2927 5010 3126 5112 popullq
3153 5011 3257 5064 sint
3283 5010 3566 5079 prohibita.

2128 5106 2286 5160 XIX.
2329 5102 2969 5173 Explanatio'cujusdam
3020 5099 3246 5168 cafpituli
3285 5100 3423 5170 quod
3451 5099 3699 5168 praesenti

2184 5183 2398 5248 statuto
2431 5194 2702 5247 videbatur
2733 5191 3003 5246 adversari
3114 5187 3130 5256 ἰ

2130 5283 2253 5339 XX.
2297 5283 2436 5350 Quid
2467 5284 2736 5338 deminuat
2777 5279 3134 5352 apostolicum.
3172 5276 3477 5346 compulerit
3501 5285 3559 5331 ut
3585 5277 3699 5331 ha'c

2198 5384 2401 5428 statuta
2435 5375 2777 5442 depromeret.
3132 5383 3140 5417 ι
3491 5356 3521 5386 \

2132 5463 2290 5519 XXI.
2333 5464 2485 5528 Quod
2516 5477 2617 5514 non
2649 5460 2784 5525 illis,
2821 5458 2911 5512 sed
2939 5455 3449 5522 sanctisgPatrious,
3475 5471 3570 5526 pro
3598 5454 3701 5508 hu-

2192 5553 2428 5621 jusmodi
2455 5551 2669 5604 statutis
2705 5557 2838 5603 esset
2868 5538 3273 5610 indignandum.

2133 5641 2326 5696 XXII.
2367 5641 2475 5698 Cur
2493 5639 2683 5695 eisdem
2703 5635 2919 5690 statutis
2937 5628 3098 5683 nullw
3125 5641 3382 5697 apposita:
3407 5642 3516 5690 sint
3542 5635 3703 5690 indu-

2205 5748 2317 5784 (ια’.
