3944 6382
301 431 421 490 753

1526 431 1898 492 CONCILIUM
1941 431 2273 489 ROMA‘NCM
2315 431 2351 484 1.

3455 436 3559 490 τείι

306 541 553 599 XXIII.
595 542 748 610 Quod
771 543 994 600 domnus
1021 545 1342 616 apostolicus
1371 561 1477 612 non
1502 545 1672 599 solum
1693 546 1892 616 episco-
1920 549 1964 604 Α
1993 544 2408 614 tinopolitanum
2455 556 2691 614 quoque,
2735 557 2845 613 quo
2880 544 3128 600 Eunomii
3177 556 3229 601 ct
3262 546 3560 602 Macedonii

388 650 482 703 pos
508 634 597 688 sed
635 643 688 689 et
726 634 962 689 subditos
992 651 1171 690 eorum
1206 635 1460 690 damnare
1488 637 1672 704 possit.
1738 640 1742 647 '

314 719 466 776 XXI
479 721 536 776 γ.
578 722 730 789 ρκοό
764 724 1042 794 cujuslibet
1067 725 1296 795 episcopi
1324 725 1675 795 parochianus
1696 725 1886 780 domno

389 813 676 881 apostolico
704 813 864 868 etiam
888 814 1008 882 plus
1043 814 1222 869 debeat
1265 814 1473 870 obedire
1495 831 1652 884 quam
1672 817 1886 885 proprio
1943 871 1946 874 .

386 902 648 970 episcopo.

515 1028 1038 1088 APOLOCETICUS
1077 1031 1301 1088 SUPER
1338 1032 1657 1090 DECRETA

305 1122 453 1188 Qum
489 1123 821 1195 uenerabilis
846 1141 986 1193 papa
1037 1117 1317 1195 Gregorius
1369 1125 1601 1195 ejusdem
1659 1126 1884 1179 nominis

387 1194 639 1276 septimus
680 1192 736 1245 in
779 1192 1020 1276 Romana
1061 1192 1655 1276 synodohpro'mulgqvit
1702 1204 1886 1248 contra

389 1259 717 1335 Simoniacos
740 1271 792 1315 et
817 1259 1198 1318 incontinentes
1232 1259 1421 1318 altaris
1454 1259 1741 1318 ministros.

965 1368 1251 1409 PROLOGUS.

385 1439 444 1496 ln
472 1441 845 1512 superioribus
867 1445 1111 1514 epistolis
1144 1445 1220 1499 illi
1247 1454 1458 1512 nostro,
1481 1446 1619 1500 nolit
1649 1445 1790 1501 Deus
1825 1456 1884 1502 ut

302 1529 572 1600 deinceps
593 1530 794 1598 dicam,
831 1533 1047 1599 aemulo,
1077 1532 1169 1587 sed
1195 1533 1536 1588 amicissimo
1567 1535 1883 1590 satislacere

305 1620 518 1687 studui,
549 1623 920 1690 etcapitulum
956 1624 1175 1678 statutis
1209 1624 1384 1678 nostri
1424 1625 1710 1693 apostolici
1747 1640 1881 1681 con-

304 1711 545 1764 trarium
584 1711 894 1768 nullatenus
923 1713 1330 1779 attendendum,
1365 1722 1425 1768 ut
1454 1722 1578 1783 puta
1607 1713 1711 1769 sub
1745 1730 1879 1769 ana-

304 1799 552 1853 themate
604 1800 937 1869 prohibitum
1009 1801 1287 1856 evidenter
1345 1803 1681 1870 monstravi,
1744 1803 1879 1858 adeo

1986 629 2142 690 error
2177 635 2554 699 convincitur;
2607 633 2939 704 Ephesinum
2984 637 3147 690 etiam
3198 637 3455 705 primum,
3504 637 3559 690 in

1989 737 2098 792 quo
2154 721 2387 778 Nestorii
2439 722 2688 791 impietas
2750 722 3057 791 judicatur;
3120 723 3560 779 Chalcedonensc

1988 825 2138 876 vero,
2165 811 2218 864 in
2241 825 2351 880 quo
2383 809 2694 881 Eutychetis
2717 809 3071 881 Dioscorique
3090 814 3328 881 pravitas
3361 829 3560 883 repro-

1985 898 2164 964 batur,
2201 907 2311 952 tota
2360 898 2646 952 devotione
2687 898 3002 968 amplector,
3029 899 3406 970 iutergerrima
3463 916 3558 970 ap-

1986 987 2304 1057 probatione
2325 988 2601 1054 custodio;
2627 987 2755 1057 quia
2793 988 2845 1042 in
2880 988 2966 1045 his
2991 989 3140 1044 velut
3185 990 3260 1044 in.
3286 991 3557 1060 quadrato

1987 1077 2161 1148 lapide
2187 1087 2386 1135 sancta:
2411 1079 2531 1134 ﬁdei
2560 1087 2833 1134 structura
2854 1080 3158 1152 consurgit,
3191 1089 3243 1136 et
3269 1081 3559 1151 cujuslibet

1986 1171 2110 1224 vitae
2141 1179 2304 1239 atque
2352 1170 2584 1225 actionis
2614 1184 2804 1224 norma
2849 1170 3118 1225 consistit.
3170 1170 3431 1241 Quisquis
3464 1184 3555 1223 co-

1984 1274 2106 1313 rum
2145 1260 2471 1316 soliditatem
2496 1273 2603 1314 non
2627 1268 2792 1326 tenet,
2819 1260 3032 1316 etiamsi
3054 1261 3190 1331 lapis
3217 1266 3340 1317 esse
3367 1261 3552 1316 videa-

1985 1358 2094 1414 tur,
2134 1358 2314 1404 tamen
2335 1359 2489 1404 extra
2511 1349 2796 1404 aedilicium
2819 1350 2982 1419 jacet.
3011 1349 3247 1406 Cunctas
3273 1365 3402 1405 vero
3426 1366 3552 1420 per-

1985 1455 2152 1494 sonas
2206 1455 2343 1510 quas
2396 1439 2618 1510 prmfata
2662 1440 2970 1495 veneranda
3020 1440 3250 1496 concilia
3291 1450 3557 1510 respuunt

1984 1545 2206 1600 respuo,
2232 1545 2368 1600 quas
2401 1539 2726 1584 venerantur
2759 1531 3086 1600 amplector;
3119 1532 3246 1600 quia
3273 1532 3404 1584 dum
3430 1531 3553 1586 uni-

1983 1622 2178 1675 versati
2231 1637 2498 1676 consensu
2548 1629 2676 1674 sunt
2720 1621 3051 1686 constituta,
3106 1637 3164 1676 se
3195 1630 3250 1675 ct
3301 1636 3410 1675 non
3462 1621 3552 1674 illa

1983 1711 2235 1776 destruit,
2282 1712 2532 1781 quisquis
2561 1711 2843 1780 praesumit
2875 1721 2968 1766 aut
3014 1709 3389 1781 solvere‘quos
3427 1711 3550 1764 reli-

1984 1807 2131 1870 gant,
2165 1807 2258 1853 aut
2292 1799 2628 1870 ligare'quos
2650 1799 2886 1854 solvunt.
2935 1798 3194 1868 Quisquis
3238 1814 3364 1868 ergo
3404 1799 3550 1851 aliud

307 1889 566 1944 videlicet
593 1897 652 1944 ut
673 1889 789 1959 ipse
823 1881 1034 1947 amicus
1068 1899 1254 1946 noster
1283 1906 1340 1946 se
1358 1891 1472 1961 jam
1499 1907 1608 1947 non
1655 1893 1882 1949 ulterius
1914 1871 1956 1924 Β
1983 1889 2142 1958 sapit,
2171 1889 2455 1942 anathema
2481 1889 2567 1943 sit.
2597 1887 2878 1958 ﬂuensque
2900 1888 3197 1959 Gregorius.

303 1978 685 2044 contentioni,
737 1980 833 2034 sed
875 1980 1131 2034 amicitiai
1173 1995 1397 2049 operam
1437 1981 1691 2036 daturum
1747 1981 1880 2053 mihi

304 2067 658 2122 rescriberet.
691 2068 803 2124 Sed
846 2070 1029 2138 plures
1072 2070 1252 2126 adhuc
1281 2079 1509 2138 restant,
1536 2072 1628 2142 qui
1676 2073 1880 2128 eisdem

302 2157 534 2215 statutis
579 2159 856 2214 obstinato
896 2162 1082 2216 animo
1129 2162 1358 2217 nimium
1407 2163 1732 2232 periculose,
1769 2165 1880 2218 imo

305 2246 620 2314 perniciose
671 2249 965 2317 resistunt,
1017 2253 1110 2322 qui
1166 2264 1219 2309 et
1278 2256 1417 2310 alios
1476 2256 1876 2326 simpliciores,

303 2335 511 2404 quippe
557 2352 666 2392 non
708 2339 937 2394 multum
994 2343 1270 2398 studiosos
1332 2345 1400 2398 ad
1455 2345 1879 2400 considerandos

303 2437 551 2480 cationes
571 2427 706 2481 adeo
731 2429 1016 2496 seducunt,
1047 2440 1107 2484 ut
1135 2441 1190 2486 et
1219 2433 1321 2502 ipsi
1348 2435 1632 2503 praedictas
1651 2435 1878 2488 authen-

303 2512 449 2567 ticas
481 2516 791 2570 sanctiones
830 2526 1210 2587 contemnant,
1245 2532 1299 2576 et
1335 2537 1488 2577 suam
1525 2521 1876 2579 consuetudi-

301 2616 436 2656 nem
459 2598 912 2672 jiicundissimam
935 2609 1175 2677 quidem,
1211 2611 1304 2666 sed
1336 2613 1874 2680 perniciosissimam,

302 2691 545 2748 retinere
588 2695 933 2751 contendant.
980 2696 1136 2764 Quod
1166 2715 1274 2754 non
1321 2703 1505 2772 plures
1548 2718 1738 2756 eorum
1791 2701 1873 2757 fe-

303 2782 538 2848 cissent,
565 2791 626 2837 ut
667 2784 801 2838 mihi
849 2787 1081 2853 videtur,
1129 2789 1175 2842 si
1210 2789 1344 2858 ipsis
1369 2801 1707 2859 compertum
1739 2792 1876 2845 bene

303 2881 457 2927 esset
497 2888 663 2942 quam
716 2889 909 2944 parum
963 2887 1017 2932 et
1067 2879 1250 2948 potius
1295 2896 1456 2950 quam
1507 2865 1642 2934 nihil
1693 2887 1876 2934 uoster

304 2965 646 3032 apoﬂolicus
698 2966 753 3020 in
804 2968 1078 3038 praedictis
1109 2971 1328 3026 statutis
1370 2971 1547 3025 deviet
1594 2988 1624 3026 a
1671 2972 1875 3026 sanctis

301 3051 585 3111 Patribus.
613 3054 954 3127 Quapropter
983 3059 1117 3114 mihi
1148 3061 1394 3130 meisque
1419 3062 1690 3118 similibus
1725 3078 1876 3120 com-

301 3142 532 3209 modum
577 3142 693 3200 fore
739 3148 980 3216 censui,‘
1005 3153 1050 3203 si
1103 3149 1311 3203 eadem
1341 3153 1556 3206 statuta
1595 3152 1875 3206 canonicis
1901 3186 1942 3242 ο

301 3232 601 3301 scripturis
641 3234 978 3303 conferrem,
1019 3246 1073 3292 ct
1111 3248 1354 3293 mutuam
1404 3253 1592 3293 eorum
1641 3255 1873 3294 concor-

300 3319 456 3374 diam
487 3324 888 3394 qualiscunque
919 3327 1042 3404 styli
1079 3327 1258 3382 oﬁ'icio
1289 3329 1525 3384 breviter
1549 3345 1612 3386 ac
1649 3329 1876 3384 ﬁdeliter

300 3412 776 3481 eommendarem,
824 3415 1017 3472 ethoc
1061 3432 1126 3486 ea
1178 3417 1513 3500 intentione:
1557 3427 1618 3474 ut
1651 3420 1697 3475 si
1749 3420 1873 3490 quis

299 3497 538 3554 forsitan
587 3517 654 3558 ex
700 3503 883 3564 idiotis
930 3505 1033 3572 hoc
1087 3493 1355 3581 inspicere
1389 3510 1672 3581 dignetur,
1722 3521 1871 3565 tanto

272 3588 552 3662 .vivacius
587 3591 656 3647 ad
689 3593 1051 3650 obediendum
1074 3575 1391 3666 apostolicis
1427 3575 1696 3654 institutis
1730 3604 1868 3658 resi-

298 3677 500 3748 piscat,
522 3690 728 3751 quanto
765 3685 1070 3742 evidentius
1109 3689 1289 3743 videat
1327 3690 1441 3744 luce
1473 3691 1659 3745 eadem
1694 3695 1869 3749 nulla-

296 3779 466 3826 tenus
498 3787 531 3826 a
572 3775 964 3832 sacratissimis
1009 3779 1312 3833 canonibus
1338 3779 1586 3845 deviare,
1615 3784 1708 3836 sed
1742 3799 1868 3838 cum

295 3856 508 3914 eisdem
533 3874 602 3916 ex
631 3862 750 3933 ipsa
774 3873 930 3918 sacra
963 3864 1245 3934 Scriptura
1275 3867 1626 3936 processisse.

905 3945 1268 4010 CAPITULA.

379 4036 420 4090 Ι.
473 4043 751 4109 inprimis
797 4044 964 4114 igitur
994 4045 1316 4101 decretalem
1361 4047 1644 4118 epistolam
1694 4053 1864 4106 nostri

293 4128 586 4196 apostolici
625 4129 936 4188 describere
969 4134 1160 4202 juvat,
1210 4144 1272 4190 ut
1319 4146 1469 4191 tanto
1502 4141 1744 4214 apertius
1777 4156 1864 4197 se-

293 4217 526 4286 quentia
550 4218 856 4274 elucescere
876 4221 1109 4275 valeant.
1277 4239 1284 4246 ‘
1632 4242 1635 4243 ν

377 4326 397 4357 ι
444 4305 748 4364 Caesonius
788 4309 1112 4380 episcopus,
1158 4326 1347 4367 servus
1400 4327 1684 4370 servorum
1735 4315 1860 4383 Dei,

291 4395 502 4450 dilecto
537 4395 590 4450 in
617 4397 839 4453 Christo
879 4396 1037 4453 fratri
1058 4399 1268 4455 OTTONI
1304 4400 1709 4459 Constantiensi
1742 4406 1859 4474 epi-

290 4501 493 4555 scopo,
519 4488 748 4542 salutem
769 4497 822 4543 et
843 4491 1196 4560 apostolicam
1222 4491 1668 4550 benedictionem.

378 4594 399 4625 ι
446 4575 705 4632 lnstantia
752 4579 1072 4634 nuntiorum
1124 4589 1376 4648 tuorum,
1440 4603 1458 4634 ι
1513 4593 1616 4639 etc.
1672 4585 1860 4640 Exstat

290 4680 464 4732 supra
491 4666 625 4719 inter
648 4668 918 4736 epistolas.
1570 4743 1572 4745 ι

372 4751 438 4806 ll.
476 4751 578 4808 Sed
623 4756 950 4827 priusquam.
981 4768 1184 4816 statiua
1217 4763 1527 4834 singulatim
1561 4765 1863 4822 considero-

292 4858 447 4906 mus.
469 4843 722 4913 quiddam
749 4847 818 4901 de
840 4847 1080 4916 ipsorum
1113 4865 1383 4907 canonum
1410 4857 1729 4911 auctoritate
1751 4873 1858 4912 non

294 4934 704 4990 incommodum
755 4935 965 4992 aestimo
998 4938 1298 5008 praelibare,
1347 4952 1408 4997 ut
1455 4953 1607 4999 tanto
1648 4945 1858 5002 ﬁrmius

289 5033 548 5082 teneatur
569 5026 831 5097 quidquid
857 5042 924 5082 ex
957 5028 1125 5083 eis’ad
1155 5029 1551 5087 observandum
1586 5035 1743 5090 nobis
1764 5037 1858 5091 de-

288 5117 595 5173 nuntiatur.

369 5205 757 5281 sanctissimus
789 5224 926 5279 papa
955 5203 1282 5277 Gregorius,
1316 5225 1478 5279 quem
1508 5221 1692 5270 noster
1719 5229 1853 5284 apo-

288 5294 524 5351 stolicus
569 5292 790 5354 nomine
831 5308 886 5356 et
935 5300 1147 5354 actione
1199 5299 1400 5359 nostris
1449 5296 1854 5368 representavit

288 5385 651 5454 temporibus,
696 5387 752 5442 in
796 5405 895 5446 sua
937 5389 1214 5461 synodica,
1245 5388 1296 5442 id
1325 5396 1410 5443 est
1453 5389 1697 5459 synodali
1737 5393 1852 5460 epi-

287 5470 456 5536 stola,
492 5475 836 5532 sanctissima
875 5488 1111 5548 quatuor
1144 5477 1372 5533 concilia
1412 5477 1696 5533 conﬁrmat
1731 5481 1845 5534 ita:

288 5564 450 5618 Sicut
479 5565 650 5618 sancti
675 5565 947 5638 Evangelii
977 5581 1230 5641 quatuor,
1258 5569 1336 5624 sic
1362 5562 1593 5638 quatuor
1621 5573 1847 5626 concilia

285 5653 569 5722 suspicere
597 5662 652 5707 ct
682 5659 923 5711 venerari
961 5676 1046 5715 me
1075 5660 1246 5715 fateor
1272 5681 1283 5714 :
1319 5659 1592 5715 Niczenum
1622 5663 1846 5728 scilicet,

283 5744 345 5798 in
372 5757 484 5798 uuo
516 5758 824 5798 ocrversum
861 5746 974 5802 Arii
1001 5749 1196 5815 dogma
1231 5747 1552 5818 destruitur;
1577 5749 1846 5810 Coustan-v

2055 1977 2204 2033 lianc
2235 1988 2415 2033 autem
2448 1978 2761 2048 synodalem
2799 1979 3083 2047 epistolam
3120 1979 3260 2033 idem
3286 1979 3546 2046 apostoli—

1980 2081 2078 2122 cus
2101 2069 2297 2122 statim
2341 2077 2464 2137 post
2504 2067 2903 2123 ordinationem
2951 2085 3106 2123 suam
3144 2069 3469 2138 composuit,
3495 2079 3548 2122 et

1980 2157 2206 2228 reliquis
2261 2145 2611 2227 patriarchis,
2657 2159 2856 2228 quippe
2907 2157 3545 2228 Constantinopolitano,

1979 2247 2364 2314 Alexandrino,
2383 2249 2744 2315 Antiocheno,
2774 2247 3265 2321 llierosolymitano
3293 2250 3546 2324 transmi-

1980 2338 2070 2391 sit.
2100 2337 2450 2392 Consuetudo
2484 2339 2631 2392 enim
2653 2347 2769 2393 erat
2787 2355 2852 2393 eo
2874 2349 3118 2409 tempore
3152 2351 3211 2394 ut
3239 2340 3464 2410 quilibet
3491 2340 3546 2394 in

1979 2426 2159 2496 aliqua
2191 2427 2637 2506 patrialrchalium
2669 2428 2879 2482 sedium
2904 2430 3115 2483 noviter
3154 2429 3456 2494 ordinatus,
3487 2445 3546 2483 se

1977 2515 2263 2584 prredictas
2288 2525 2522 2584 quatuor
2550 2516 2786 2586 synodos
2816 2519 3109 2583 custodire,
3134 2519 3360 2588 reliquis
3399 2518 3513 2574 sedi
3540 2546 3547 2559 -

1978 2606 2080 2660 bus
2112 2607 2432 2662 transmissa
2470 2606 2696 2676 epistola
2725 2607 3085 2676 proﬁteretur,
3109 2617 3398 2678 antequam
3441 2622 3541 2662 no—

1977 2710 2099 2750 men
2129 2697 2249 2766 ejus
2289 2697 2431 2766 apud
2463 2697 2702 2766 reliquas
2740 2697 2895 2752 sedes
2928 2698 2982 2750 in
3004 2698 3273 2769 diptychis
3305 2697 3546 2752 describi

1977 2794 2274 2840 mereretur
2302 2804 2315 2838 :
2351 2802 2546 2841 nomen
2577 2787 2824 2842 videlicet
2858 2787 3272 2857 praedecessoris
3304 2788 3443 2856 ejus,
3471 2787 3544 2842 li-

1975 2885 2058 2930 cet
2079 2875 2354 2952 defuncti,
2383 2876 2605 2946 reliquas
2655 2877 2810 2931 sedes
2860 2877 3248 2946 computabant
3281 2878 3436 2931 inter
3457 2877 3543 2932 vi-

1976 2976 2182 3032 ventes,
2211 2967 2384 3021 doncc
2428 2967 2622 3036 ipsius
2656 2967 2868 3022 noviter
2899 2967 3248 3022 inthronizati
3297 2965 3545 3036 praesulis

1976 3058 2293 3127 synodicam
2319 3057 2625 3126 reciperent
2654 3057 2937 3127 epistolam
2965 3075 2977 3108 :
3003 3073 3126 3126 qua:
3145 3056 3272 3126 quia
3292 3055 3545 3113 eumdem

1975 3147 2289 3216 episcopum
2343 3156 2579 3215 quatuor
2619 3146 2856 3215 synodos
2911 3147 3178 3215 recepisse
3225 3145 3542 3211 denotavit,

1978 3235 2080 3288 hoc
2122 3236 2223 3297 sibi
2254 3250 2448 3290 nomen
2487 3234 2792 3303 sgnodicam
2837 3235 2906 3290 ab
2930 3236 3135 3290 eisdem
3177 3237 3401 3306 synodis
3432 3249 3543 3291 non

1977 3323 2271 3394 incongrue
2301 3323 2510 3380 videtur
2540 3333 2838 3380 mutuasse.
2872 3323 3022 3380 llanc
3043 3335 3223 3380 autem
3246 3332 3541 3380 consuctu~

1973 3415 2154 3469 dinem
2190 3404 2334 3470 illius
2359 3415 2616 3484 temporis
2644 3414 2813 3470 fuisse
2832 3415 2974 3469 idem
2996 3412 3377 3468 sanctissimus
3401 3427 3541 3483 papa

1974 3513 2201 3560 testatur
2231 3507 2285 3560 in
2313 3505 2538 3574 cpistola
2570 3505 2636 3559 ad
2675 3504 3043 3560 Secundinum
3069 3519 3288 3560 servum
3324 3504 3422 3560 Dei
3454 3506 3540 3560 iu-

1972 3596 2203 3657 clusum,
2228 3611 2390 3665 quam
2419 3605 2472 3649 et
2497 3611 2668 3663 usque
2699 3594 2770 3648 ad
2809 3595 2948 3648 beati
2987 3609 3137 3664 papa:
3157 3594 3380 3666 Adriani
3403 3605 3540 3650 tent-

1973 3701 2122 3754 pora,
2165 3686 2361 3754 quippe
2397 3687 2462 3738 ad
2497 3685 2751 3738 Cat-olunt
2788 3675 2988 3754 regem,
3016 3685 3340 3754 perdurasse
3368 3683 3537 3739 Joan-

1971 3792 2067 3830 nes
2091 3775 2347 3830 Bomante
2383 3775 2636 3830 Ecclesia:
2676 3775 2939 3828 diaconus
2968 3775 3184 3836 asserit,
3213 3775 3307 3843 qui
3353 3772 3536 3828 Vitam

1972 3863 2028 3916 S.
2085 3865 2331 3933 Gregorii
2381 3878 2447 3917 ex
2507 3871 2773 3930 praecepto
2827 3858 3055 3916 Joannis
3102 3877 3252 3935 papae
3303 3862 3534 3918 ﬁdeliter

1944 3953 2270 4021 ‘descripsit.
2329 3951 2434 4008 Sed
2493 3961 2674 4005 utrum
2723 3952 2900 4007 adhuc
2953 3943 3140 4008 eadem
3198 3955 3536 4010 consuetudo

1967 4043 2222 4112 perduret
2262 4044 2470 4114 ignoro,
2517 4057 2679 4112 quam
2709 4050 2888 4096 tamen
2935 4037 3174 4114 przel'atis
3201 4046 3534 4114 temporibus

1968 4132 2134 4189 fuisse
2165 4149 2272 4188 nou
2305 4135 2510 4189 dubito.
2554 4133 2706 4188 Patet
2752 4148 2881 4201 ergo
2930 4134 3335 4198 evidentissima
3366 4149 3531 4202 quam

1967 4240 2174 4293 magna:
2204 4226 2317 4284 sint
2355 4224 2696 4278 auctoritatis
2725 4224 2814 4275 illa
2859 4231 3092 4290 quatuor
3125 4221 3376 4287 concilia,
3411 4237 3533 4291 qua:

1963 4323 2185 4367 sanctus
2219 4314 2536 4381 Gregorius,
2575 4313 2682 4366 imo
2705 4327 2800 4381 per
2826 4311 3000 4380 ipsum
3027 4309 3260 4378 Spiritus
3286 4309 3530 4378 sanctus,

1963 4419 2072 4456 non
2103 4404 2290 4468 semel,
2317 4413 2375 4457 ut
2404 4404 2719 4471 pnedietum
2744 4412 2847 4468 est,
2883 4402 2974 4456 sed
2998 4401 3196 4472 saapius
3216 4412 3269 4457 et
3297 4403 3538 4480 Evange-’

1894 4501 1938 4555 Ι)
1966 4493 2051 4548 liis
2086 4504 2385 4564 comparat,
2431 4505 2486 4550 et
2531 4510 2722 4550 omnes
2769 4495 2838 4549 ab
2889 4495 3093 4549 eisdem
3148 4496 3530 4551 dissentientes

1961 4587 2401 4651 anathematizat,
2440 4602 2562 4656 qua:
2601 4595 2658 4641 et
2698 4587 2926 4655 quilibet
2954 4586 3189 4641 novitius
3217 4584 3526 4654 patriarcha

1913 4703 1920 4710 ε
1961 4691 2018 4730 se
2040 4677 2453 4733 observaturum
2485 4693 2579 4747 per
2612 4678 2896 4746 epistolam
2922 4693 3076 4730 suam
3120 4675 3343 4744 reliquis
3377 4673 3524 4726 sedi-

1960 4767 2063 4822 bus
2107 4768 2347 4837 proﬁteri
2399 4767 2646 4832 debebat,
2699 4768 2745 4821 si
2798 4783 2856 4821 se
2891 4768 3032 4820 inter
3080 4763 3375 4819 catholicos
3429 4777 3525 4831 pa-

1960 4858 2226 4912 triarchas
2260 4859 2313 4912 in
2339 4858 2610 4928 diptychis
2643 4853 2875 4912 describi
2903 4855 3132 4909 volebat.
3232 4890 3236 4894 -
3344 4922 3347 4925 Ι

2028 4947 2112 5001 lll.
2168 4947 2390 5002 Decreta
2438 4963 2569 5002 vero
2620 4945 3090 5001 sauctissimorum
3151 4941 3523 5009 RomanOrutn

1957 5039 2294 5106 pontiﬁcum,
2332 5038 2377 5092 si
2413 5050 2726 5105 possemus,
2781 5034 2946 5088 etiam
3005 5036 3305 5090 studiosius
3357 5050 3521 5104 quam

1941 5125 2046 5178 illa
2075 5135 2308 5194 quatuor
2336 5123 2568 5177 concilia
2589 5124 2837 5178 venerari
2869 5126 3256 5180 et’observare
3295 5124 3546 5188 deberce;

1955 5225 2095 5278 mus,
2121 5228 2246 5268 cum
2268 5223 2322 5266 et
2343 5198 2458 5281 ipsa
2479 5213 2707 5268 concilia
2729 5216 2878 5269 omni
2905 5215 3157 5270 ﬁrmitate
3175 5222 3441 5275 carerent,
3470 5214 3518 5266 si

1942 5316 2061 5356 non
2095 5303 2402 5372 apostolica:
2435 5305 2580 5360 sedis
2611 5307 2893 5376 pontiﬁces
2917 5307 3110 5363 eadem
3137 5321 3234 5376 per
3256 5303 3550 5388 προδιοιίά

1951 5406 2069 5446 cam
2099 5395 2474 5450 auctoritatem
2514 5396 2845 5467 congregare
2878 5404 2934 5452 et
2953 5395 3304 5451 corroborare
3327 5393 3515 5447 decre-

1949 5482 2172 5539 vissent.
2210 5483 2362 5542 Unde
2393 5493 2448 5541 et
2475 5486 2666 5542 beatus
2694 5492 2836 5556 papa
2863 5473 3164 5565 Marcellus,
3187 5481 3280 5552 qui
3308 5485 3514 5536 et‘ante

1949 5573 2222 5631 Nicaenum
2238 5591 2239 5596 ‘
2255 5577 2550 5641 concilium,
2580 5593 2679 5633 sua
2711 5578 2925 5631 decreta
2949 5573 3207 5644 martyrio
3227 5584 3512 5640 consecra-

1951 5665 2044 5728 vit,
2076 5664 2209 5732 ipse,
2247 5665 2489 5736 inquam,
2527 5667 2608 5719 vir
2650 5663 2979 5733 apostolicus
3023 5663 3078 5715 in
3118 5660 3347 5716 decretis
3393 5663 3508 5738 suis

1948 5755 2118 5822 capite
2143 5755 2426 5809 undecimo
2450 5764 2675 5820 testatur
2698 5741 2771 5807 ita
2799 5774 2808 5805 :
2836 5753 2938 5821 Ipsi
2967 5751 3190 5820 apostoli
3213 5767 3508 5820 eorumque
