3944 6376
442 345 543 454 735
607 428 619 439 .
661 443 664 447 ,
1109 395 1165 450 s.
1200 393 1524 452 GREGOBII
1551 379 1642 448 vn
1687 395 1837 451 ore.
1873 395 2052 451 rans
2089 395 2176 450 ιιι.
2215 425 2285 435 -
2319 393 2631 451 comm
2669 393 2980 451 nonam.
3542 401 3647 457 756

437 521 799 571 successores,
854 504 1081 560 Domino
1100 528 1107 542 σ
1129 505 1454 573 inspirante,
1499 506 1894 560 constituerunt
1934 515 1994 560 ut
2020 508 2066 564 Α
2158 505 2245 559 IV.
2273 505 2377 560 Sed
2397 520 2496 560 nec
2517 505 2960 574 reliqua-concilia
2976 507 3650 578 parvipenderedebemus,

436 597 583 651 nulla
605 596 752 650 ﬁeret
772 596 1008 668 synodus
1036 603 1228 665 praeter
1247 593 1503 650 Romam
1523 595 1671 650 sedis
1699 596 1991 650 auctorita»

444 700 566 740 .em.
607 683 836 740 Sanctus
858 698 1074 755 quoque
1101 684 1430 739 Athanasius
1449 684 1645 754 praesul
1675 683 1991 739 Alexandri-
2030 677 2032 679 ’

425 791 562 841 ιιιιε,
587 776 678 846 qui
709 791 817 830 non
853 775 1072 829 minima
1103 789 1230 842 pars
1258 773 1459 829 Nicaeni
1505 774 1718 829 concilii
1759 773 1864 828 fuit
1934 775 1990 828 in

339 928 342 932 ,
436 864 659 933 epistola
690 866 756 920 ad
782 863 1010 940 Felicem
1043 879 1234 933 papam
1257 879 1374 933 cap.
1401 864 1455 930 2,
1483 865 1563 918 ita
1588 863 1752 919 dicit:
1777 864 1990 920 Scimus

435 953 491 1008 in
519 953 946 1025 Niczenamagna
977 955 1181 1025 synodo
1203 964 1562 1010 trecentorum
1583 956 1766 1009 decem
1785 964 1841 1010 et
1867 964 1991 1011 octo

435 1043 809 1114 episcoporum
844 1045 912 1098 ab
957 1043 1208 1099 omnibus
1238 1045 1578 1100 concorditer
1607 1060 1728 1100 esse
1766 1049 1992 1101 robora-

440 1143 555 1201 tum
597 1151 706 1189 non
733 1136 926 1190 debere
954 1139 1157 1204 absque
1178 1135 1407 1192 Romani
1428 1136 1698 1208 pontiﬁcis
1725 1138 1991 1192 sententia

438 1224 667 1279 concilia
711 1225 985 1279 celebrari.
1043 1224 1147 1280 Sed
1191 1235 1246 1280 et
1283 1228 1450 1281 beatae
1499 1227 1774 1282 memoria:
1815 1227 1991 1283 Julius

439 1328 574 1384 papa
618 1314 850 1383 idipsum
887 1331 1004 1384 cap.
1047 1316 1080 1370 5
1119 1315 1418 1384 proﬁtetur,
1461 1317 1646 1372 dicens
1679 1336 1692 1370 :
1730 1316 1833 1386 Ipsi
1866 1333 1992 1372 vero

439 1391 806 1470 primaa’sedis
844 1402 1107 1468 Ecclesia:
1155 1406 1623 1460 convocandarum
1660 1407 1990 1476 generalium

342 1543 345 1548 .
439 1491 768 1562 synodorum
784 1492 912 1561 jura
927 1492 1584 1564 etjudiciaepiscoporum
1607 1495 1867 1564 singulari
1890 1497 1994 1565 pri-

438 1575 634 1645 vilegio
650 1577 973 1646 evangelicis
992 1588 1046 1634 et
1065 1580 1374 1648 apostolicis
1395 1589 1555 1650 atque
1576 1582 1850 1636 canonicis
1869 1598 1994 1637 con-

436 1677 590 1720 cessa
644 1675 774 1720 sunt
805 1667 1081 1723 institutis.
1134 1668 1193 1722 Β.
1227 1684 1441 1738 quoque
1469 1669 1732 1725 Damasus
1767 1685 1901 1739 papa
1936 1670 1992 1724 in

437 1751 667 1808 decretis
689 1754 803 1809 suis
830 1770 946 1824 cap.
982 1756 1016 1810 9
1051 1757 1191 1810 hanc
1234 1757 1415 1811 intulit
1458 1758 1776 1812 sententiam
1802 1777 1814 1812 :
1837 1755 1990 1812 Nulla

2089 595 2143 648 in
2177 595 2376 664 quibus
2421 587 2596 650 multa
2615 611 2883 665 nusquam
2936 597 3063 651 alibi
3107 598 3341 665 inventa,
3385 601 3650 655 ecclesia-

2089 683 2244 738 sticar
2294 691 2474 738 tamen
2510 683 2896 752 dispensationi
2929 687 3253 752 necessaria,
3306 688 3649 756 reperimus;

2089 785 2209 841 quae
2233 770 2451 840 quidem
2474 786 2506 827 a
2525 772 2894 841 superioribus
2915 760 3240 828 authenticis
3273 777 3653 831 sanctionibus

2089 860 2445 938 nullog’modo
2485 860 2809 932 discrepant,
2859 877 2983 918 cum
3036 862 3359 920 Christianae
3399 867 3652 936 religioni

2089 953 2427 1021 apertissime
2459 954 2798 1008 conveniant.
2838 953 3179 1034 Huiusmodi,
3215 949 3455 1026 inquam,
3494 959 3650 1026 capi-

2090 1042 2200 1095 tula
2227 1041 2282 1095 in
2307 1042 2632 1111 quibuslibet
2665 1042 2908 1096 conciliis
2951 1043 3196 1109 inventa,
3234 1044 3540 1100 nullatenus
3581 1046 3654 1099 ab

2091 1134 2270 1202 aliquo
2298 1133 2571 1188 catholico
2591 1141 2717 1187 sunt
2755 1134 3162 1199 contemnenda,
3194 1135 3489 1204 praesertim
3520 1151 3648 1190 cum
3693 1199 3700 1203 ν

2091 1219 2206 1289 ipsa
2227 1220 2435 1288 reliqua
2472 1219 2698 1275 concilia
2726 1235 2789 1274 ex
2821 1221 3305 1275 sacratissimarum
3330 1223 3652 1277 auctoritate

2091 1311 2431 1364 sanctionum
2464 1310 2806 1366 descendisse
2855 1326 2964 1364 non
3011 1311 3339 1375 dubitentur,
3391 1327 3513 1380 quae
3551 1325 3652 1381 per

2091 1400 2331 1470 singulas
2367 1400 2674 1469 provincias
2703 1401 2829 1455 bina
2867 1401 3242 1471 episcoporum
3289 1403 3516 1462 concilia
3551 1419 3652 1458 an-

2089 1490 2300 1543 nuatim
2343 1490 2458 1543 fleri
2505 1489 2816 1545 ﬁrmissime
2859 1491 3172 1546 decernunt.
3229 1490 3360 1558 Hoc,
3400 1493 3648 1563 inquam,

2090 1577 2279 1631 beatus
2307 1576 2595 1631 Anacletus
2623 1576 2692 1631 ab
2726 1577 2844 1646 ipso
2865 1578 3105 1647 principe
3136 1579 3499 1648 apostolorum
3527 1596 3651 1650 pre-

2093 1663 2271 1734 sbyter
2308 1663 2588 1724 ordinatus
2620 1663 2673 1716 in
2709 1664 2938 1718 decretis
2963 1665 3079 1719 suis
3097 1680 3216 1734 cap.
3246 1665 3312 1718 l7
3339 1667 3652 1738 certissime

2091 1751 2348 1807 decernit.
2387 1752 2764 1824 Congregatio,
2808 1754 3003 1823 inquit,
3039 1770 3375 1810 summorum
3407 1773 3504 1826 per
3536 1759 3650 1813 sin-

439 1856 679 1910 unquam
731 1844 957 1898 concilia
988 1852 1102 1898 rata
1129 1844 1378 1914 leguntur
1407 1861 1528 1914 quae
1561 1861 1667 1900 non
1709 1853 1838 1901 sunt
1861 1845 1994 1900 fulta
2026 1843 2068 1898 B
2092 1841 2246 1911 gulos
2272 1857 2445 1898 annos
2469 1842 2584 1896 ﬁeri
2611 1844 2748 1898 solet
2762 1851 2823 1898 et
2841 1843 3013 1898 debet.
3051 1842 3168 1898 Hoc
3199 1844 3668 1912 excellentissima

439 1932 729 2000 apostolica
760 1934 1094 1988 auctoritate.
1137 1934 1443 1990 His~autem
1482 1937 1763 1991 sententiis
1797 1936 1857 1989 B.
1897 1937 1996 1991 lsi-

437 2019 626 2084 dorus,
662 2020 886 2075 rimator
908 2021 1305 2092 Scripturarum
1330 2025 1730 2094 sagacissimus,
1772 2026 1997 2081 ﬁdeliter

439 2108 778 2176 astipulatur,
816 2111 1000 2166 dicens
1029 2111 1409 2182 :.Synodorum
1440 2130 1568 2170 vero
1596 2117 1996 2186 congreganda-

437 2211 562 2277 rum
605 2200 898 2254 auctoritas
955 2203 1260 2268 apostolicae
1301 2205 1420 2259 sedi
1451 2206 1656 2275 privata
1708 2207 1996 2262 commissa

437 2286 548 2340 est'
574 2295 855 2356 potestate,
901 2305 1002 2345 nec
1041 2292 1204 2358 ullam
1239 2301 1410 2348 ratam
1450 2310 1570 2349 esse
1618 2295 1846 2365 legimus
1877 2287 1998 2367 quae

397 2373 400 2378 ’
438 2375 560 2444 ejus
584 2391 692 2430 non
716 2377 1214 2447 fueritauctoritate
1243 2390 1564 2453 congregata
1598 2391 1652 2438 et
1679 2381 1832 2440 fulta.
1872 2385 1997 2442 Hec
2039 2437 2044 2441 .

440 2466 700 2520 canonica
743 2475 970 2522 testatur
1005 2471 1318 2526 auctoritas.
1355 2471 1479 2527 “me
1509 2473 1870 2529 ecclesiastica
1913 2476 1998 2529 hi-

437 2555 609 2609 storia
649 2547 886 2611 roborat.
940 2557 1064 2614 Haec
1105 2561 1278 2620 sancti
1323 2561 1506 2617 Patres
1550 2563 1890 2618 conﬁrmant.
1940 2563 1998 2618 Si

439 2659 569 2715 ergo
598 2645 684 2700 illa
707 2656 938 2716 quatuor
962 2649 1189 2704 concilia
1214 2651 1360 2705 omni
1391 2637 1710 2708 auctoritate
1731 2663 1994 2719 carerent,

441 2733 548 2787 nisi
591 2736 956 2806 principaliter
996 2754 1061 2794 ex
1105 2739 1336 2796 decretis
1383 2741 1747 2797 Romanorum
1783 2744 1998 2813 pontiﬁ-

441 2835 568 2875 cum
621 2823 926 2881 ﬁrmitatem
975 2827 1313 2898 obtinerent,
1363 2833 1486 2902 quis
1529 2833 1758 2888 inﬁciari
1801 2835 1999 2904 poterit

441 2913 1006 2985 quanto-decretaper
1039 2917 1185 2986 ipsos
1218 2923 1541 2988 apostolicos
1580 2923 1728 2978 viros
1758 2920 1998 2991 promul-

441 3009 566 3068 gata
609 3002 801 3071 majori
845 3007 1189 3061 veneratione
1233 3009 1391 3076 digna
1435 3010 1628 3064 merito
1678 3019 1998 3065 censeantur

444 3103 606 3156 quam
633 3089 747 3160 ipsa
777 3094 1024 3161 concilia,
1055 3112 1176 3165 quae
1209 3113 1316 3151 non
1335 3113 1440 3166 per
1477 3098 1717 3167 ipsorum
1743 3099 1997 3168 apostoli-

445 3191 633 3232 corum
671 3185 1027 3251 praesentiam,
1059 3188 1151 3241 sed
1183 3195 1389 3242 tantum
1418 3203 1513 3257 per
1552 3205 1738 3243 eorum
1771 3189 1995 3259 legatio-

445 3280 570 3326 nem
612 3268 916 3324 authentica
949 3271 1063 3325 ﬁeri
1103 3277 1468 3330 merebantur?
1493 3279 1498 3282 ’
1519 3276 1611 3332 Sic
1651 3277 1796 3332 enim
1840 3278 1998 3348 legati

443 3355 601 3410 sedis.
627 3359 934 3426 apostolicae
983 3363 1292 3420 eerumdem
1331 3361 1703 3435 principalium
1743 3369 2001 3422 concilio—

445 3461 568 3500 rum
607 3450 910 3505 sanctiones
949 3452 1203 3521 primaria
1260 3454 1653 3524 subscriptione
1707 3456 2000 3526 apostolica

445 3536 565 3590 vice
597 3540 1006 3594 canonizahant.
1044 3540 1245 3612 Nempe
1277 3544 1379 3598 sub
1406 3544 1652 3614 piissimo
1679 3545 2002 3615 imperatore

447 3621 820 3692 Constantino,
849 3645 1074 3699 magnus
1115 3629 1275 3686 Osius
1307 3633 1668 3690 Cordubensis
1695 3636 2000 3706 episcopus,

451 3711 636 3767 Victor
669 3724 723 3768 et
764 3715 1075 3773 Vincentius
1117 3722 1411 3790 presbyteri
1456 3723 1711 3778 Romanae
1753 3724 2005 3782 Ecclesiae

449 3818 516 3856 ex
545 3812 697 3872 parte
727 3807 897 3860 sancti
919 3806 1160 3862 Silvestri
1195 3825 1343 3878 papa:
1364 3809 1581 3865 Nicaeno
1610 3813 1837 3868 concilio
1870 3831 2006 3884 pra:-

450 3889 691 3957 fuerunt,
723 3901 776 3947 et
806 3894 982 3963 ipsum
1007 3896 1287 3965 principali
1325 3898 1717 3968 subscriptione
1760 3901 2007 3956 ﬁrmave-

449 3990 594 4037 runt.
634 3981 763 4038 Item
809 3985 1137 4054 temporibus
1182 3985 1466 4041 Theodosii
1497 3987 1730 4058 iunioris
1782 3989 2007 4059 Augusti

449 4079 675 4126 sanctus
701 4071 932 4144 Cyrillus
965 4075 1267 4143 patriarcha
1313 4076 1706 4133 Alexandrinus
1741 4087 1796 4134 et
1841 4080 2008 4134 Arca-

451 4157 574 4213 dius
593 4161 879 4231 episcopus
910 4179 975 4217 ex
1005 4162 1158 4219 Italia
1186 4166 1301 4220 vice
1329 4166 1625 4222 beatissimi
1653 4182 1803 4240 papae
1834 4169 2006 4226 C(ele-

453 4246 581 4300 stini
601 4247 1121 4322 Ephesinoconcilio
1144 4254 1492 4324 praefuerunt,
1519 4266 1571 4312 et
1590 4258 1768 4327 ipsum
1790 4270 2006 4329 apostov

451 4333 575 4419 lica.
598 4337 716 4390 vice
756 4342 1255 4399 corroboraverunt.
1309 4345 1439 4401 Item
1475 4359 1713 4419 tempore
1752 4349 2005 4406 Marciani

450 4417 712 4495 principis
739 4426 1060 4484 Paschasius
1081 4441 1136 4485 et
1159 4432 1447 4490 Lucentius
1473 4417 1708 4509 episcopi
1726 4449 1778 4493 et
1793 4441 2008 4496 Bonifa-

450 4514 569 4569 cius
585 4517 873 4586 presbyter
896 4518 1012 4573 vice
1030 4517 1086 4572 S.
1117 4519 1310 4575 Leonis
1332 4538 1482 4591 papa:
1510 4524 1562 4576 in
1593 4524 2014 4584 Chalcedonensi

454 4605 690 4660 concilio.
708 4623 802 4676 per
827 4608 1106 4664 duodecim
1138 4610 1254 4664 dies
1287 4612 1555 4667 celebrato
1595 4615 1753 4681 primi
1797 4614 2017 4670 fuerunt

454 4681 546 4773 qui
569 4704 622 4749 et
639 4697 889 4751 Anatolio
912 4699 1228 4767 patriarcha:
1247 4699 1841 4771 Constantinopolitano
1851 4708 2016 4775 quod-

456 4783 578 4837 dam
604 4788 938 4859 privilegium
964 4790 1018 4843 in
1038 4791 1267 4844 concilio
1283 4793 1564 4861 usurpanti
1590 4795 1874 4850 liberaliter
1887 4812 2015 4852 con.-

459 4875 810 4944 tradixerunt,
832 4888 886 4933 et
914 4881 1136 4949 reliquis
1169 4883 1384 4937 statutis
1415 4885 1707 4952 apostolica
1742 4886 1856 4940 vice
1883 4889 2013 4942 sub-

459 4963 809 5031 scripserunt,
843 4976 906 5021 nt
927 4967 1059 5024 liber
1078 4970 1312 5026 Liberali
1340 4973 1781 5043 Carthaginensis
1803 4976 2016 5032 diaconi

459 5051 526 5107 de
562 5051 758 5106 eodem
796 5058 1023 5111 concilio
1051 5069 1296 5115 testatur.
1336 5062 1459 5117 Haec
1492 5072 1668 5118 autem
1697 5066 1876 5121 omnia
1901 5083 2015 5124 ma-

461 5139 710 5195 nifestius
750 5141 840 5197 ille
895 5144 1112 5211 videbit,
1169 5151 1474 5220 quicunque
1530 5157 1836 5211 eorumdem
1893 5175 2017 5213 con-

463 5230 709 5286 ciliorum
753 5233 1173 5302 subscriptiones
1209 5240 1445 5294 studiose
1488 5247 1836 5312 perspexerit.
1875 5248 2014 5319 Ergo

463 5323 816 5377 reverentiam
865 5324 976 5378 sive
1019 5325 1395 5392 obedientiam,
1439 5344 1599 5398 quam
1635 5333 2017 5393 sacratissimis

468 5406 532 5458 IV
570 5411 811 5467 conciliis
847 5412 1000 5480 juxta
1039 5411 1094 5466 S.
1126 5412 1438 5483 Gregorium
1468 5419 1658 5471 merito
1683 5421 2015 5490 exhibemus,

468 5496 696 5577 decretis
709 5502 1016 5568 apostolicae
1044 5503 1187 5557 sedis
1203 5504 1506 5560 nullatenus
1521 5507 1799 5578 denegare,
1829 5511 1956 5576 imo,
1973 5515 2018 5566 si

470 5588 723 5644 possibile
733 5602 836 5656 est,
851 5593 1144 5648 studiosius
1157 5594 1462 5664 impendere
1475 5598 1750 5665 debemus,
1765 5616 1886 5655 cum
1903 5603 2018 5657 sine

473 5687 658 5730 eorum
679 5681 992 5736 auctoritate
1011 5698 1110 5738 nec
1124 5683 1238 5754 ipsa
1259 5686 1483 5741 concilia
1509 5687 1590 5743 fas
1606 5692 1748 5745 esset
1763 5691 2013 5761 recipere.

2095 1933 2331 2002 synodus
2373 1931 2588 1988 Nicaeua
2642 1950 2770 2004 cap.
2813 1934 2847 1989 5
2886 1934 3187 1990 constituit.
3241 1933 3412 2002 Bene,
3452 1935 3664 2005 inquit,.

2094 2018 2294 2087 placuit
2307 2019 2531 2088 singulis
2562 2021 2719 2074 annis
2746 2035 2840 2090 per
2859 2035 3295 2096 unamquamque
3319 2021 3650 2090 provinciam

2094 2109 2178 2162 bis
2205 2109 2257 2161 in
2280 2123 2421 2162 anno
2443 2109 2668 2164 concilia
2691 2109 2970 2187 celebrari,
2999 2119 3060 2164 ut
3084 2099 3450 2187 communiter
3472 2113 3618 2166 omni
3633 2142 3655 2154 ο

2092 2197 2196 2251 bus
2233 2197 2395 2251 simul
2442 2197 2708 2268 episcopis
2759 2185 3097 2270 congregatis
3142 2185 3502 2267 discutiantur,
3545 2203 3666 2257 hu-

2090 2276 2328 2356 jusmodi
2351 2286 2696 2355 quaestiones.
2712 2285 2844 2342 Item
2859 2286 3512 2358 Constantinopolitanum
3525 2306 3666 2345 con-

2095 2376 2301 2442 cilium,
2337 2375 2668 2430 enumeratis
2697 2376 2992 2447 privilegiis
3012 2377 3346 2434 diversarum
3385 2378 3660 2434 Ecclesia-

2095 2481 2240 2531 rum,
2279 2480 2398 2534 cap.
2421 2465 2456 2519 2
2484 2465 2763 2521 constituit
2791 2484 2804 2520 :
2833 2465 3052 2521 Servata
3093 2467 3276 2537 regula
3311 2483 3432 2537 quae
3455 2469 3660 2538 scripta

2095 2555 2179 2608 est
2214 2554 2281 2608 de
2317 2554 2816 2623 gubernationibus,
2866 2555 3215 2610 manifestum
3251 2565 3336 2612 est
3369 2557 3514 2628 quod
3564 2559 3661 2612 illa

2095 2659 2216 2715 qua:
2236 2651 2364 2699 sunt
2397 2659 2492 2713 per
2526 2660 2960 2716 unamquamque
2985 2647 3315 2715 provinciam
3344 2649 3513 2718 ipsius
3535 2665 3639 2718 pro

2095 2735 2288 2789 vincia:
2312 2734 2548 2804 synodus
2577 2734 2868 2804 dispenset,
2910 2736 3050 2791 sicut
3081 2735 3298 2792 Nicaeuo
3325 2747 3539 2794 constat
3557 2740 3664 2794 de-

2095 2835 2304 2882 cretum
2349 2842 2470 2881 esse
2523 2827 2796 2885 concilio.,
2824 2827 2954 2882 Item
2995 2827 3429 2885 Chalcedonense
3477 2830 3670 2884 conci-

2095 2915 2235 2972 lium
2263 2930 2381 2984 cap.
2419 2915 2485 2969 l9
2507 2915 2637 2969 dicit
2670 2935 2683 2967 :
2714 2915 2958 2974 Decrevit
2979 2927 3162 2972 sancta
3199 2919 3671 2989 synodus‘secun-

2097 3005 2224 3058 dum
2252 3018 2486 3059 canones
2519 3003 2736 3059 Patrum
2767 3005 2852 3060 his
2888 3006 2942 3058 in
2979 3020 3134 3064 anno,
3159 3008 3438 3076 episcopos
3479 3008 3537 3062 in
3578 3009 3669 3063 id-

2099 3094 2274 3163 ipsum
2303 3094 2356 3147 in
2393 3109 2828 3164 unamquamque
2853 3094 3182 3164 provinciam
3207 3097 3512 3162 convenire,
3549 3112 3667 3166 quo

2096 3182 2537 3251 metropolitanus
2576 3183 2797 3237 antistes
2839 3183 3161 3252 probaverit,
3194 3193 3248 3236 et
3287 3185 3572 3254 corrigere,
3616 3180 3669 3240 si

2096 3273 2338 3342 qualem
2376 3273 2624 3337 fortassis
2652 3275 2991 3329 emerserint.
3032 3273 3183 3328 Patet
3207 3269 3334 3345 ergo
3380 3275 3522 3344 quod
3563 3291 3669 3329 an-

2098 3361 2346 3416 thenticae
2379 3349 2685 3418 sanctiones
2717 3363 2880 3423 etiam
2909 3363 3258 3432 provincialia
3285 3364 3511 3418 concilia
3544 3363 3668 3418 ﬁeri

2099 3452 2434 3529 praecipiunt,
2458 3453 2602 3522 quod
2625 3454 2897 3508 incassum
2928 3461 3297 3522 praeciperent,
3330 3454 3433 3508 nisi
3467 3462 3523 3508 et
3561 3469 3668 3508 nos

2101 3544 2413 3597 eorumdem
2450 3543 2804 3596 conciliorum
2855 3543 3158 3611 probabiles
3209 3544 3506 3598 sententias
3561 3544 3668 3597 oh-

2103 3647 2318 3686 servare
2334 3632 2700 3686 decernerent.
2733 3629 2886 3685 Unde
2915 3632 3042 3684 etin
3073 3630 3231 3686 tertio
3250 3631 3508 3687 Toletano
3529 3649 3670 3688 con-

2103 3723 2230 3776 cilio
2265 3722 2556 3776 universali
2604 3723 2878 3777 decretum
2909 3732 2994 3777 est
3019 3743 3030 3776 :
3057 3722 3159 3790 Qui
3205 3725 3441 3806 concilia
3477 3727 3671 3781 ortho-

2103 3811 2367 3864 doxorum
2403 3812 2778 3880 episcoporum
2820 3827 3060 3876 consona
3110 3813 3468 3868 sanctissimis
3527 3830 3673 3888 qua.-

2107 3915 2230 3959 tuor
2258 3907 2502 3960 conciliis
2535 3921 2643 3960 non
2677 3907 2887 3976 recipit,
2917 3910 3203 3962 anathema
3227 3909 3314 3962 sit.
3345 3909 3670 3980 Quicunque

2106 4009 2236 4064 ergo
2273 4005 2327 4049 et
2366 3995 2558 4049 horum
2603 3997 2951 4052 conciliorum
2992 3999 3399 4054 rationabilibus
3445 4003 3670 4059 statutis

2106 4085 2322 4138 obviare
2357 4094 2600 4151 conatur,
2644 4087 2806 4141 ctiam
2848 4103 2879 4140 a
2926 4089 3293 4157 superioribus
3337 4079 3668 4148 authenticis

2107 4160 2476 4230 sanctionibus
2523 4175 2576 4229 in
2616 4176 2912 4245 periculum
2954 4192 3112 4232 suum
3150 4178 3432 4233 dissentire
3466 4181 3669 4251 proba—

2105 4273 2212 4319 tur.
2251 4265 2446 4321 Beatus
2473 4282 2686 4336 quoque
2717 4266 2952 4328 Isidorus
2981 4269 3037 4322 in
3074 4269 3302 4338 quadam
3332 4285 3430 4324 sua
3466 4270 3668 4338 praefa-

2083 4356 2250 4408 ‘tione
2276 4356 2342 4410 de
2365 4357 2662 4430 ranonibus
2686 4372 2801 4424 cap.
2826 4358 2884 4408 ll
2912 4358 3176 4423 praadictis
3205 4359 3502 4412 rationibus
3527 4361 3668 4414 asti-

2039 4455 2084 4508 D
2108 4443 2324 4508 pulatur
2353 4443 2455 4493 hoc
2488 4441 2648 4494 modo
2680 4460 2693 4493 :
2727 4440 2896 4495 Nosse
2929 4443 3090 4496 etiam
3135 4453 3362 4511 oportet,
3387 4447 3522 4501 licet
3554 4464 3666 4503 caa-

2115 4537 2225 4583 tera
2252 4544 2358 4583 non
2387 4530 2746 4596 inﬁrmentur,
2787 4540 3017 4600 quatuor
3044 4547 3162 4587 esse
3186 4535 3497 4604 principalia
3529 4553 3668 4594 con-

2112 4618 2254 4671 cilia.
2309 4616 2404 4672 His
2448 4627 2624 4672 autem
2670 4620 3014 4684 enumeratis,
3058 4620 3320 4676 subinfert
3369 4625 3422 4678 in
3468 4627 3666 4684 eodem

2111 4708 2382 4776 capitulo:
2411 4706 2515 4761 Sed
2561 4718 2615 4763 et
2650 4709 2694 4763 si
2736 4725 2855 4778 quae
2888 4713 3278 4789 suntconcilia
3322 4731 3442 4784 qua
3488 4721 3665 4775 sancti

2111 4795 2297 4852 Patres
2345 4797 2544 4868 Spiritu
2589 4798 2679 4852 Dei
2722 4801 2862 4869 pleni
2903 4812 3214 4868 sanxerunt,
3265 4814 3387 4873 post
3433 4806 3666 4866 istorum

2111 4896 2343 4958 quatuor
2372 4891 2739 4944 auctoritatem
2767 4891 2912 4946 omni
2947 4903 3165 4947 manent
3190 4896 3422 4951 stabilita
3455 4896 3662 4964 vigore.

2112 4976 2208 5030 Est
2240 4993 2366 5048 ergo
2386 4980 2624 5051 dignum,
2660 4990 2719 5034 ut
2747 4989 2799 5035 et
2827 4983 3133 5051 huiusmodi
3163 4984 3512 5038 conciliorum
3549 4993 3667 5038 sta-

2112 5069 2242 5122 tutis
2283 5069 2716 5139 obtemperetur:
2766 5073 2810 5126 si
2859 5073 3001 5126 enim
3049 5088 3157 5126 non
3203 5085 3381 5141 parvae
3429 5072 3668 5143 stultitiae

2113 5168 2345 5225 constat,
2380 5162 2424 5215 si
2451 5161 2572 5232 quis
2593 5164 2878 5234 cujuslibet
2907 5163 3070 5217 unius
3098 5163 3334 5218 hominis
3369 5170 3501 5220 sano
3534 5179 3668 5220 con-

2113 5251 2234 5306 silio
2264 5252 2572 5321 aquiescere
2591 5255 2870 5318 detrectat,
2901 5260 3105 5320 quanto
3129 5252 3301 5321 magis
3330 5246 3666 5322 reprehensi-

2112 5339 2219 5393 bile
2239 5340 2468 5405 videtur,
2502 5342 2547 5394 si
2579 5342 2701 5409 quis
2729 5341 3064 5408 impudenter
3104 5338 3320 5395 resistat
3357 5341 3664 5411 hujusmodi

2115 5430 2460 5482 conciliorum
2504 5430 2739 5494 statutis,
2791 5443 2899 5481 non
2944 5427 3126 5493 unius,
3177 5431 3270 5484 sed
3309 5432 3664 5500 plurimorum

2117 5517 2457 5584 sapientium,
2483 5519 2796 5572 auctoritate
2819 5525 2873 5570 et
2887 5517 3090 5585 judicio
3112 5521 3330 5587 prolatis
3359 5530 3520 5592 atque
3547 5539 3670 5592 pro-

2118 5605 2274 5659 batis.
2311 5606 2508 5676 Nempe
2532 5608 2840 5676 huiusmodi
2866 5610 3104 5664 conciliis
3130 5613 3309 5681 plures
3337 5616 3587 5671 catholici
3615 5629 3668 5672 et

2119 5694 2298 5761 eximii
2322 5696 2568 5750 doctores
2599 5695 2901 5752 interfuisse
2932 5699 3196 5771 leguntur,
3230 5715 3286 5760 ut
3310 5706 3364 5760 in
3396 5705 3678 5777 Africanis

3913 2227 3934 2572 ἐ
