3944 6406
226 422 331 483 Ἰὸῗ

1413 439 1781 501 CONCILIUM
1819 440 1964 500 ROM
1971 446 2161 504 ANUM
2201 450 2225 504 ῐ

3355 455 3455 511 738

227 533 475 636 conciliis
499 535 665 608 legati
864 542 1192 636 apostolica,
1221 545 1536 636 Faustinus,
1560 553 1805 609 Honora-
1830 559 1881 618 Α
1978 556 2040 614 ν.
2066 559 2271 619 Horum
2302 561 2431 618 illud
2450 549 2572 617 erat
2599 561 2853 633 primum,
2900 571 2962 618 ut
3001 564 3179 621 clerici
3201 563 3454 636 aliquem

228 632 343 689 tus,
365 620 643 689 Urbanus,
664 623 929 698 episcopi;
972 632 1192 688 sanctus
1220 634 1386 712 etiam
1400 620 1651 712 Aurelius
1669 638 1804 693 Car-

211 714 568 785 thaginiensis
614 715 1085 790 archiepiscopus;
1126 721 1253 778 item
1287 706 1405 795 ipse
1437 726 1522 783 vir
1559 706 1801 783 omnium

229 807 495 895 virtutum
539 805 879 880 Augustinus
923 811 1359 885 Hipporegiensis
1397 816 1802 895 [Hipponensis]

229 893 542 963 episcopus,
566 908 734 978 quem
758 907 814 953 et
833 897 1158 957 leestinus
1181 902 1266 957 vir
1286 893 1614 973 apostolicus
1635 905 1690 960 in
1710 907 1805 961 de-

230 985 399 1040 cretis
426 984 546 1043 suis
584 987 657 1042 ita
696 989 858 1045 nobis
886 992 1676 1067 eommendat:Augustinum,
1718 996 1803 1050 in-

228 1076 599 1146 quit,.sanetat
624 1080 1011 1137 recordationis
1030 1081 1230 1150 virum,
1261 1096 1362 1154 pro
1394 1085 1501 1139 vita
1522 1100 1619 1141 sua
1643 1093 1804 1155 atque

229 1166 445 1223 meritis
462 1167 520 1223 in
545 1175 731 1223 nostra
755 1158 1138 1226 communione
1151 1171 1365 1244 semper
1377 1173 1683 1241 habuimus,
1703 1190 1804 1230 nec

229 1272 477 1329 unquam
533 1258 679 1315 hunc
726 1259 960 1316 sinistrae
1002 1263 1330 1333 suspicionis
1380 1265 1569 1320 saltem
1615 1281 1803 1320 rumor

231 1347 487 1416 aspersit,
517 1363 676 1417 quem
709 1355 871 1404 tanta:
892 1350 1131 1407 scientia:
1163 1352 1291 1407 olim
1334 1351 1505 1408 fuisse
1549 1354 1800 1409 memini-

226 1442 377 1504 ‘mus,
401 1446 464 1492 ut
480 1439 619 1493 inter
634 1438 923 1510 magistros
941 1435 1101 1496 etiam
1118 1442 1296 1497 amcis
1317 1430 1802 1513 predecessoribus

230 1529 543 1584 haberetur.
572 1529 715 1585 Bene
736 1526 869 1601 ergo
880 1530 952 1585 de
971 1545 1038 1586 eo
1065 1545 1256 1587 omnes
1284 1531 1341 1585 in
1370 1547 1656 1605 commune
1677 1548 1802 1590 sen-

232 1626 444 1686 serunt,
468 1626 654 1692 utpote
674 1619 767 1689 qui
790 1620 990 1689 ubique
1018 1620 1227 1675 cunctis
1254 1629 1309 1675 et
1338 1621 1512 1675 amori
1544 1620 1708 1676 fuerit
1747 1630 1802 1677 et

232 1705 452 1761 honori.
514 1705 651 1762 Huic
701 1708 864 1777 etiam
918 1708 1244 1779 Augustino,
1287 1716 1349 1762 ut
1390 1698 1528 1763 liber
1564 1708 1799 1765 Liberati

231 1804 469 1854 testatur
490 1837 508 1863 ,
543 1795 884 1853 Theodosius
913 1797 1208 1868 imperator
1248 1813 1345 1867 per
1383 1812 1593 1854 sacram
1643 1814 1796 1854 suam

232 1887 536 1953 mandavit,
562 1896 624 1942 ut
643 1903 701 1943 se
722 1887 996 1957 Ephesino
1022 1887 1255 1943 concilio
1274 1896 1626 1959 prmsentaret
1659 1907 1672 1942 :
1706 1889 1798 1944 sed
1832 1876 1875 1931 Β

232 1980 376 2037 heu!
416 1987 527 2035 tam
563 1980 812 2050 egregius
844 1980 1038 2035 doctor
1065 1990 1192 2035 ante
1233 1981 1436 2035 mundo
1460 1982 1805 2053 substractus

231 2075 350 2133 est,
396 2082 565 2137 quam
614 2068 681 2122 ad
715 2068 866 2122 illum
901 2054 1212 2124 invitatoria
1256 2067 1489 2134 Romani
1537 2068 1799 2137 principis

231 2154 465 2227 epistola
505 2154 965 2223 pervenisset.lii
1011 2142 1160 2228 ergo.
1180 2171 1320 2228 quos
1347 2156 1593 2228 praedixi,
1622 2164 1676 2210 et
1709 2157 1799 2211 alii

231 2241 662 2296 innumerabiles
721 2242 895 2297 sancti
947 2240 1157 2310 Patres,
1219 2242 1491 2298 Africanis
1554 2243 1801 2299 conciliis

231 2327 552 2394 interfuere,
592 2328 703 2384 imo
735 2328 1016 2398 praefuere.
1047 2328 1138 2383 Sic
1167 2327 1331 2384 etiam
1352 2337 1582 2397 sanctus
1604 2329 1801 2383 Maria-

230 2431 340 2471 nus
368 2414 658 2488 [Marinus]
681 2416 983 2472 Arelatensi
1020 2418 1253 2471 concilio
1279 2432 1376 2487 per
1412 2426 1665 2479 sanetum
1695 2417 1798 2471 Sil-

227 2514 476 2561 vestrum
496 2508 707 2575 ‘papam
763 2506 1089 2577 approbato;
1131 2508 1221 2564 sic
1264 2516 1485 2564 sanctus
1529 2508 1800 2563 Ctesarius

227 2595 564 2667 Agatbensi;
608 2596 687 2653 sic
727 2605 949 2653 sanctus
990 2596 1227 2653 Hilarius
1260 2598 1629 2664 Arausicensi,
1669 2614 1798 2654 san-

228 2694 353 2739 ctus
376 2684 605 2740 Albinus
640 2687 786 2758 (427)
815 2687 1213 2753 Aurelianensi,
1240 2697 1459 2743 sanctus
1486 2688 1798 2745 Bonifacius

227 2773 595 2845 Moguntiensi
620 2776 871 2830 concilio.
918 2775 1009 2831 Sic
1049 2784 1106 2831 et
1131 2777 1223 2832 alii
1266 2777 1389 2834 aliis
1415 2779 1660 2834 conciliis
1687 2793 1796 2834 non

227 2865 354 2931 soli,
383 2864 479 2920 sed
513 2880 639 2921 cum
671 2865 918 2936 pluribus
942 2868 1066 2924 aliis
1094 2869 1296 2924 sanctis
1323 2867 1595 2937 Patribus,
1624 2870 1796 2926 inter-

226 2952 402 3013 fuisse
436 2955 710 3025 leguntur,
755 2957 849 3028 qui
879 2958 934 3012 in
958 2958 1269 3015 Christiana
1313 2960 1570 3030 religione
1608 2968 1661 3015 et
1706 2961 1799 3016 do-

226 3045 407 3102 ctrina
441 3053 554 3101 tam
578 3045 819 3116 insignes
860 3046 1029 3103 fuisse
1073 3049 1388 3113 creduntur,
1425 3058 1485 3103 ut
1510 3049 1591 3102 vel
1632 3050 1794 3105 unius

225 3150 422 3190 eorum
455 3124 718 3206 singulari
759 3135 967 3205 judicio
1001 3137 1220 3193 obviare
1254 3138 1483 3192 nimium
1521 3148 1666 3195 esset
1707 3149 1790 3196 te-

226 3223 554 3281 merarium.
596 3222 738 3295 Ergo
771 3224 1066 3280 multorum
1111 3226 1436 3296 sapientium
1460 3227 1663 3297 judicio
1686 3244 1795 3284 non

226 3316 579 3385 acquiescere
613 3316 806 3393 multo
851 3317 1023 3386 magis
1072 3325 1157 3371 eat
1203 3316 1561 3383 intolerabile,
1608 3320 1666 3375 in
1711 3321 1796 3375 his

226 3403 498 3458 duntaxat
531 3402 783 3472 capitulis
815 3420 937 3474 qua:
972 3405 1242 3474 praedictis
1272 3406 1599 3461 authenticis
1626 3416 1797 3462 statu-

228 3492 303 3550 tis
326 3507 440 3547 non
468 3491 855 3559 adversantur;
884 3493 977 3550 sed
1000 3494 1328 3551 institutioni
1350 3494 1675 3551 Christianas
1704 3512 1795 3550 re-

223 3579 445 3652 ligiosis
485 3582 673 3651 procul
701 3581 868 3640 dubio
892 3582 1272 3653 suffragantur.
1306 3581 1441 3638 Nam
1476 3583 1630 3654 juxta
1656 3583 1797 3638 beati

226 3671 524 3743 Augustini
555 3671 840 3739 judicium,
864 3687 965 3741 pro
986 3674 1186 3728 nullius
1215 3688 1462 3743 personae
1499 3662 1797 3731 reverentia

226 3768 317 3815 est
342 3759 740 3833 recipiendum,
765 3760 811 3815 si
834 3761 962 3831 quid
998 3748 1506 3817 canonicaziveritati
1535 3763 1589 3816 in
1615 3763 1797 3833 aliquo

226 3849 469 3906 concilio
506 3849 589 3904 vel
629 3849 826 3911 alicubi
880 3851 1149 3921 reperitur
1193 3851 1497 3906 adversum.
1529 3849 1797 3906 Praeterea

227 3948 421 3996 sancta
455 3947 509 3994 et
531 3939 834 3994 veneranda
860 3939 1102 4010 synodus
1136 3938 1594 4016 Chalcedonensis
1634 3940 1796 3993 etiam

226 4028 586 4098 provincialia
620 4028 849 4084 concilia
891 4035 1014 4082 ante
1046 4029 1218 4096 ipsam
1256 4035 1528 4082 transacta
1566 4025 1794 4081 canoni-

226 4132 386 4174 zasse
416 4132 527 4171 non
547 4117 846 4183 dubitatur,
877 4118 953 4171 ita
981 4117 1276 4172 decernens
1305 4130 1423 4184 cap.
1468 4116 1490 4166 1
1522 4133 1535 4167 :
1564 4113 1796 4183 Regulas

225 4217 544 4264 sanctorum
580 4207 802 4264 Patrum
828 4224 924 4278 per
958 4207 1167 4278 singula
1190 4221 1337 4260 nunc
1369 4219 1542 4273 usque
1568 4203 1796 4258 concilia

226 4297 560 4353 Constitutas
584 4297 861 4366 proprium
885 4297 1051 4351 robur
1067 4296 1264 4350 habere
1287 4292 1643 4357 decrevimus.
1672 4290 1797 4346 “320

225 4395 412 4441 autem
436 4376 669 4442 concilia
700 4394 825 4441 ante
860 4385 1036 4456 ipsum
1076 4383 1517 4440 Chalcedoneuse
1545 4378 1797 4452 leguntur

223 4471 400 4529 fuisse
429 4473 799 4544 Ancyranum,
836 4470 1292 4531 Neocaesariense,
1322 4480 1444 4536 quae
1481 4472 1536 4519 et
1575 4462 1795 4519 Nicaano

224 4561 466 4618 concilio
510 4559 817 4628 antiquiora
867 4558 1155 4612 traduntur
1204 4573 1217 4609 :
1266 4554 1395 4609 item
1458 4553 1789 4624 Gangrense,

227 4648 576 4710 Sardicense,
604 4645 1021 4709 Antiochenum,
1048 4641 1409 4709 Laodicense;
1438 4655 1568 4712 ergo
1597 4641 1787 4698 eadem

220 4734 358 4788 etin
382 4729 812 4786 Chalcedonensi
835 4730 1040 4801 synodo
1076 4745 1186 4785 non
1217 4728 1532 4785 dubitantur
1553 4744 1673 4783 esse
1702 4743 1791 4782 ro-

224 4819 444 4884 borata,
476 4832 599 4888 qua:
624 4817 786 4871 etiam
807 4832 932 4875 eum
966 4816 1236 4871 Africanis
1275 4814 1574 4870 canonibus
1602 4814 1791 4869 beatus

224 4906 503 4967 Adrianus
546 4920 682 4976 papa
726 4888 937 4976 Carolo"~1
974 4902 1286 4972 imperatori
1324 4900 1392 4954 ad
1428 4900 1792 4969 disponendas

224 4998 505 5056 Ecclesias
547 4970 635 5050 in-
658 5010 824 5065 regno
872 4970 972 5049 sub
1018 4970 1204 5047 Romae
1249 4991 1531 5047 tradidisse
1573 4992 1784 5062 legitur.

223 5086 574 5157 Quapropter
607 5098 707 5137 nec
728 5081 1138 5153 provincialium
1161 5082 1515 5137 conciliorum
1542 5091 1739 5138 statuta
1755 5100 1787 5138 a

222 5174 474 5245 quolibet
502 5180 706 5228 temere
738 5178 863 5226 sunt
885 5170 1187 5240 respuenda
1209 5209 1225 5235 ,
1260 5185 1380 5239 quae
1405 5179 1460 5225 et
1493 5172 1787 5240 apostolica

146 5320 150 5324 ,
223 5259 383 5314 sedes
417 5256 634 5314 censuit
661 5256 989 5327 recipienda.
1021 5253 1311 5325 Hucusque
1333 5256 1563 5311 suﬂieiat
1586 5257 1813 5327 dixisse,

222 5347 292 5403 de
313 5360 605 5402 sacrorum
624 5360 893 5400 canonum
929 5344 1249 5399 auctoritate
1275 5364 1286 5398 :
1312 5360 1455 5399 nunc
1489 5345 1555 5399 ad
1589 5361 1788 5415 propo—

224 5434 393 5491 situm
409 5432 717 5496 redeamus,
729 5439 784 5484 et
808 5440 1030 5496 statuta,
1044 5447 1167 5500 qua:
1188 5440 1370 5487 noster
1382 5433 1713 5499 apostolicus
1730 5436 1782 5488 in

224 5520 499 5600 superiori
525 5517 753 5589 cpistola
765 5515 947 5571 Ottoni
966 5516 1364 5572 Constantiensi
1386 5517 1640 5586 episeOpo
1662 5534 1786 5573 cau-

223 5598 435 5664 tissime
449 5598 723 5676 descripta
740 5604 1055 5669 transmisit,
1077 5620 1169 5674 per
1186 5604 1427 5658 ordinem
1453 5603 1780 5672 digeramus.

1901 663 2184 706 sacrorum
2219 652 2471 707 ordinum
2496 653 2721 724 gradum
2751 661 2807 707 et
2836 652 3070 709 cilicium
3099 670 3200 726 per
3223 656 3458 731 pretium

1902 739 2079 808 adepti
2103 741 2411 797 nullatenus
2450 743 2705 814 deinceps
2748 744 2803 800 in
2843 745 3081 804 Ecclesia
3114 750 3453 817 ministrent;

1901 830 2220 897 secundum,
2270 840 2330 886 ut
2377 830 2673 888 Ecclesiam
2702 835 2876 903 pretio
2909 836 3229 907 acquisitam
3274 838 3456 894 nullus

1900 913 2157 984 retineat,
2189 933 2289 974 nec
2322 918 2482 974 alicui
2513 920 2766 991 deinceps
2801 921 3056 980 Ecclesia:
3074 924 3197 994 jura
3225 925 3456 981 vendere

1899 1007 1982 1062 vel
2007 1023 2185 1066 emere
2219 1010 2405 1077 liceat;
2435 1010 2672 1077 tertium,
2712 1019 2774 1067 ut
2812 1028 2843 1067 a
2875 1013 3113 1069 clericali
3136 1013 3309 1069 cilicio
3340 1030 3457 1070 ces-

1901 1106 2021 1152 sent
2044 1099 2355 1170 quicunque
2401 1114 2460 1155 se
2482 1114 2583 1170 pro
2596 1100 2987 1156 incontinentia
3009 1104 3485 1173 reprehensibiles-

1899 1186 2186 1253 exhibent;
2230 1197 2521 1256 quartum,
2570 1196 2629 1241 ut
2671 1190 2902 1258 populus
2936 1190 3255 1247 clericorum
3283 1190 3456 1247 cilicia
3554 1185 3557 1188 ’

1900 1275 2209 1330 nullatenus
2228 1276 2487 1345 recipiat,
2534 1291 2673 1346 quos
2719 1277 3042 1345 apostolieas
3088 1278 3457 1333 institutiones

1898 1372 2246 1419 contemnere
2291 1364 2483 1419 videat.
2519 1364 2817 1419 Curramus
2856 1379 2986 1435 ergo
3026 1380 3124 1435 per
3160 1365 3369 1435 singula
3401 1374 3457 1419 et

1896 1453 2107 1517 eadem,
2155 1468 2317 1522 quam
2368 1453 2700 1518 authentiea,
2746 1468 2910 1522 quam
2956 1454 3296 1521 attendenda,
3344 1454 3455 1509 imo

1897 1555 2061 1609 quam
2090 1540 2418 1595 inevitabilia
2455 1542 2591 1606 sint,
2624 1556 2733 1596 non
2767 1555 2834 1595 ex
2868 1542 3071 1597 nostris
3107 1544 3455 1614 coniecturis,

1898 1627 1994 1682 sed
2040 1644 2107 1682 ex
2163 1633 2475 1684 sanctorum
2526 1627 2747 1684 Patrum
2808 1631 3023 1686 statutis
3077 1632 3457 1703 compendiose

1899 1724 2283 1773 monstremus.
2992 1740 2995 1743 ·
3489 1706 3493 1710 ’

1970 1815 2056 1871 VI.
2113 1815 2354 1871 Primum
2397 1818 2585 1886 itaque
2631 1826 2894 1874 statutum
2938 1820 2991 1874 in
3031 1818 3456 1876 Chalcedonensi

1899 1906 2131 1960 concilio
2196 1904 2505 1975 plenissime
2576 1912 2631 1959 et
2692 1905 3093 1961 evidentissime
3160 1908 3455 1977 reperitur,

1898 1996 2044 2065 quod
2102 2012 2271 2050 unum
2324 2011 2389 2050 ex
2440 2003 2676 2065 quatuor
2722 1995 2991 2064 praedictis
3038 1996 3282 2050 conciliis
3316 2004 3457 2052 tem-

1897 2098 2031 2153 pore
2058 2084 2313 2153 quidem,
2361 2098 2471 2137 non
2514 2083 2777 2153 dignitate
2814 2083 3088 2150 ultimum,
3131 2084 3303 2139 sancti
3350 2084 3458 2139 Pa-

1899 2184 2008 2231 tres
2054 2174 2223 2231 Leoni
2268 2175 2512 2246 Augusto
2541 2191 2714 2245 usque
2740 2177 2806 2232 ad
2834 2177 3151 2247 sanguinem
3179 2176 3458 2232 vindican-

1896 2268 2026 2322 dum
2049 2282 2170 2322 esse
2201 2267 2548 2334 mandarunt,
2584 2275 2646 2322 ut
2666 2266 2948 2323 Liberatus
2977 2268 3033 2322 in
3059 2267 3198 2322 libro
3235 2281 3337 2322 suo
3379 2274 3459 2323 te-

1897 2369 2113 2415 statur:
2147 2350 2201 2414 in
2227 2360 2366 2429 ipso,
2404 2360 2647 2430 inquam,
2690 2359 2922 2414 concilio
2953 2359 3216 2428 scriptum
3245 2367 3330 2414 est
3365 2374 3458 2413 ca-

1895 2448 2007 2518 pite
2020 2449 2054 2503 2
2081 2467 2092 2503 :
2112 2447 2170 2503 Si
2186 2448 2311 2519 quis
2332 2448 2621 2519 episcopus
2644 2463 2741 2518 per
2757 2447 3014 2516 pecunias
3035 2446 3223 2501 fecerit
3241 2448 3430 2501 ordina
3446 2476 3461 2486 ο

1899 2546 2121 2603 tionem,
2153 2546 2208 2593 et
2238 2538 2341 2594 sub
2389 2536 2564 2608 pretio
2610 2535 2878 2607 redegerit
2921 2535 3149 2605 gratiam
3193 2550 3315 2604 qua:
3347 2549 3457 2588 non

1897 2634 2073 2696 potest
2106 2612 2285 2693 vendi,
2324 2626 2757 2694 ordinaveritque
2792 2639 2888 2694 per
2940 2623 3196 2693 pecunias
3243 2623 3457 2693 cpisco-

1896 2730 2047 2784 pum,
2077 2723 2172 2769 aut
2198 2716 2590 2788 presbyterum,
2631 2721 2726 2768 aut
2748 2713 3058 2777 diaconum,
3089 2720 3184 2766 aut
3222 2710 3454 2781 quemli—

1896 2803 1989 2859 bet
2009 2818 2077 2860 ex
2112 2804 2198 2860 his
2218 2804 2312 2875 qui
2344 2811 2700 2865 numerantur
2720 2804 2775 2857 in
2814 2803 2980 2869 clero,
3008 2810 3102 2855 aut
3127 2801 3459 2871 promoverit

1896 2908 1995 2964 per
2036 2895 2296 2968 pecunias
2339 2894 2787 2965 dispensatorem,
2829 2900 2923 2947 aut
2965 2891 3324 2959 defensorem,
3371 2892 3458 2948 vel

1896 2992 2165 3057 quemque
2184 2984 2580 3053 quisubjectus
2593 2990 2677 3058 est
2692 2983 2890 3051 regula:
2917 2996 3015 3049 pro
3039 2981 3123 3035 sui
3160 2980 3456 3049 turpissimi

1895 3072 2032 3127 lucri
2053 3073 2358 3139 commodo,
2396 3072 2464 3141 is,
2489 3072 2577 3127 cui
2602 3071 2706 3126 hoc
2732 3069 3014 3125 attentanti
3032 3070 3315 3138 probatum
3340 3068 3458 3124 fuc-

1896 3162 1988 3230 rit,
2016 3162 2221 3233 proprii
2242 3162 2441 3236 gradus
2475 3161 2715 3232 periculo
2760 3159 3057 3230 subiacebit
3083 3177 3095 3212 :
3122 3167 3175 3214 et
3195 3159 3284 3229 qui
3306 3158 3458 3215 ordi-

1897 3260 2058 3307 natus
2084 3260 2187 3319 est,
2226 3250 2361 3311 nihil
2376 3268 2445 3306 ex
2481 3252 2585 3307 hac
2622 3251 2961 3306 ordinatione
2989 3249 3070 3304 vel
3098 3250 3455 3319 promotione,

1896 3356 2017 3410 qua:
2037 3350 2121 3403 est
2140 3356 2235 3410 per
2263 3341 2680 3411 negotiationem
2730 3337 2891 3404 facta,
2923 3339 3201 3408 proficiat,
3251 3339 3342 3393 sed
3387 3339 3460 3393 sit

1895 3431 2103 3486 alienus
2125 3445 2154 3483 a
2179 3429 2437 3499 dignitate
2473 3430 2560 3485 vel
2608 3427 2967 3483 sollicitudine
3007 3442 3171 3495 quam
3213 3427 3456 3495 pecuniis

1880 3519 2160 3590 quaesivit.
2195 3517 2251 3573 Si
2278 3519 2401 3588 quis
2421 3532 2551 3574 vero
2578 3518 2840 3573 mediator
2864 3523 2972 3570 tam
3002 3515 3249 3585 turpibus
3267 3525 3322 3571 et
3358 3532 3454 3571 ne-

1896 3608 2072 3665 fandis
2098 3610 2240 3664 datis
2260 3609 2343 3663 vel
2366 3602 2597 3679 acceptis
2616 3607 2903 3679 exstiterit,
2927 3614 2982 3661 et
3004 3603 3139 3675 ipse,
3172 3607 3218 3661 si
3238 3606 3455 3677 quidem

1897 3699 2125 3756 clericus
2146 3698 2327 3765 fuerit,
2357 3699 2577 3769 proprio
2603 3694 2772 3769 gradu
2792 3697 3040 3762 decidat;
3067 3697 3113 3750 si
3136 3711 3263 3750 vero
3285 3697 3456 3751 laicus

1896 3798 1987 3844 aut
2020 3790 2343 3856 monachus,
2370 3788 2875 3844 anathematizetut‘.
2893 3785 2959 3838 Et
2972 3786 3265 3839 notandum
3289 3801 3454 3853 quam

1896 3887 2051 3935 caute
2101 3879 2245 3935 istud
2292 3887 2454 3949 caput
2509 3891 2696 3932 omnes
2738 3874 3171 3929 Simoniaeorum
3228 3874 3455 3929 astutias

1896 3969 2165 4034 excludat,
2188 3984 2313 4024 cum
2338 3967 2578 4036 quolibet
2604 3964 2766 4019 modo
2794 3979 2891 4034 per
2927 3964 3210 4033 pecuniam
3234 3979 3453 4035 promo-

1896 4065 1980 4111 tos
2007 4058 2212 4125 absque
2239 4057 2387 4111 omni
2409 4071 2503 4125 spe
2526 4055 2953 4125 recuperationis
2980 4055 3231 4124 deponat.
3270 4053 3458 4113 Solent

1894 4146 2037 4202 enim
2067 4145 2363 4226 Simoniaci
2399 4146 2626 4201 diversis
2651 4145 2849 4211 modis,
2900 4144 2991 4199 sed
3018 4160 3124 4197 uno
3158 4149 3328 4207 reatu,
3360 4157 3449 4209 sa-

1895 4255 2019 4294 cras
2044 4239 2331 4309 dignitates
2358 4237 2608 4303 mercari,
2635 4251 2827 4305 nempe
2862 4249 3007 4287 nunc
3033 4232 3155 4301 ipsi,
3186 4247 3330 4285 nunc
3354 4246 3454 4300 pro

1895 4328 2029 4397 ipsis
2048 4342 2237 4381 eorum
2266 4326 2477 4392 amicis,
2500 4325 2729 4396 pretium
2770 4337 2869 4391 pro
2904 4336 3057 4375 sacra
3089 4321 3347 4391 dignitate
3369 4321 3454 4375 vel

1895 4425 2019 4471 ante
2070 4417 2465 4472 ordinationem
2508 4429 2661 4468 suam
2690 4412 2971 4478 dederunt,
2992 4412 3121 4465 etin
3156 4411 3272 4481 ipsa
3298 4411 3450 4474 dant.

1828 4507 1872 4563 D
1897 4517 1950 4564 et
1974 4508 2317 4579 postmodum
2350 4520 2409 4560 se
2436 4505 2658 4559 daturos
2696 4504 3037 4573 promittunt,
3083 4511 3137 4556 et
3174 4503 3275 4563 hoc
3308 4515 3451 4554 nunc

1895 4599 2219 4653 clectoribus
2261 4610 2470 4661 eorum,
2522 4610 2667 4650 nunc
2697 4590 2885 4649 eorum
2913 4592 3329 4653 ordinatoribus,
3366 4590 3446 4642 vel

1896 4688 2110 4742 demum
2153 4686 2483 4757 quibuslibet
2521 4700 2709 4739 eorum
2758 4683 3076 4739 fautoribus.
3123 4680 3450 4750 .Quicuuquu

1895 4793 2023 4847 ergo
2046 4779 2226 4848 aliquo
2248 4778 2440 4832 borum
2469 4775 2773 4840 modorum,
2794 4773 3082 4843 quemlibet
3099 4768 3449 4839 promoverit,

1896 4870 1978 4923 vel
2016 4870 2253 4939 seipsum
2284 4868 2355 4921 ita
2386 4874 2691 4937 promotum
2715 4879 2834 4918 esse
2866 4860 3194 4931 cognoverit,
3235 4858 3451 4913 indubi—

1896 4962 2072 5015 tanter
2094 4976 2122 5014 a
2153 4947 2415 5029 superiori
2444 4958 2615 5025 capite
2637 4952 2917 5023 degradari
2939 4952 3177 5020 jubetur,
3205 4965 3326 5004 eum
3356 4965 3456 5018 per

1896 5050 2179 5120 pecuniam
2214 5049 2295 5103 vel
2322 5047 2485 5101 alium
2516 5044 2868 5113 promovisse,
2900 5043 2982 5097 vel
3019 5044 3131 5111 ipse
3168 5047 3457 5108 promotus

1892 5156 2012 5196 esse
2045 5154 2154 5194 non
2176 5138 2464 5192 dubitetur.
2500 5133 2601 5189 Sed
2630 5150 2725 5187 nee
2754 5134 2855 5188 hoc
2883 5134 2999 5189 sine
3021 5128 3453 5197 consideratione

1892 5226 2317 5298 praetereundum
2344 5225 2572 5291 videtur,
2604 5225 2747 5295 quod
2775 5224 2913 5277 idem
2948 5227 3109 5289 caput
3149 5219 3256 5274 duo
3281 5233 3450 5287 nego-

1892 5313 2147 5371 tiatorum
2195 5332 2390 5387 genera
2446 5316 2737 5377 damnavit,
2786 5327 2953 5365 unum
2995 5312 3211 5380 quidem
3259 5320 3451 5362 eorum

1890 5409 1983 5480 qui
2006 5409 2072 5464 ad
2112 5409 2475 5472 diaconatum,
2518 5407 2593 5459 vel
2636 5404 3082 5474 presbyteratum,
3121 5400 3203 5453 vel
3243 5398 3308 5451 ad
3345 5397 3446 5449 ali-

1889 5515 2051 5569 quem
2073 5497 2380 5567 bujusmodi
2404 5495 2625 5564 gradum
2663 5509 2758 5564 per
2784 5494 3063 5564 pecuniam
3107 5488 3444 5549 ordinantur,

1891 5591 2117 5645 alterum
2144 5602 2331 5641 eorum
2363 5587 2454 5655 qui
2488 5585 2566 5640 ad
2602 5582 3020 5655 dispensationis
3062 5576 3442 5643 ministerium,

294 5750 444 5821 (427)
488 5748 633 5817 Quid
668 5749 739 5805 sit
761 5750 1049 5805 concilium
1079 5749 1210 5805 illud
1234 5757 1285 5802 et
1311 5746 1431 5817 quis
1458 5718 1543 5802 ille
1575 5748 1785 5807 albinus
1805 5764 1973 5805 nemo
2001 5747 2259 5802 hactenus
2282 5746 2480 5802 docuit.
