3944 6424
448 423 548 477 759

1185 417 1241 472 S.
1279 413 1604 471 GREGOllll
1642 411 1729 465 νιι
1789 411 1939 466 ΟΡΡ.
1980 410 2161 465 PARS
2197 409 2284 463 Ill.
2323 438 2390 449 -—-
2425 407 2742 464 CONCILIA
2778 405 3081 464 ROMANA.

3584 408 3693 462 700

443 535 529 588 vel
554 533 622 588 ad
647 532 866 602 aliquod
889 528 1200 602 hujusmodi
1228 528 1477 582 clericale
1511 525 1767 603 cilicium,
1799 540 1893 592 per
1917 537 2009 593 pc-
2039 526 2084 581 A
2111 522 2223 577 sive
2245 520 2550 578 Turonensi
2575 527 2835 573 statutum
2857 518 3070 589 legitur,
3107 526 3169 573 ut
3195 518 3475 590 presbyter
3495 516 3691 603 Eccle-

446 624 662 680 cuniam
683 629 1089 691 promoventur,
1105 617 1285 687 qualis
1300 625 1384 670 est
1407 615 1856 678 vicedominatus,
1878 627 2017 683 prte-

446 712 708 784 positnra,
737 711 980 773 decania,
1008 707 1584 777 archipresbyteratus,
1609 713 1663 759 et
1688 703 1774 758 his
1796 702 2013 757 similia.

448 803 540 857 Sic
585 815 715 872 ergo
769 809 822 854 et
859 808 1044 854 noster
1090 796 1419 867 apostolicus
1463 794 1573 849 duo
1619 792 2015 862 negotiatorum

448 907 665 961 genera,
697 900 750 945 et
776 905 967 945 omnes
1013 886 1405 960 negotiantium
1443 884 1712 938 versutias
1740 883 1796 937 in
1840 879 2019 952 primo

447 983 565 1051 ejus
600 988 802 1035 statuto
823 977 1250 1047 comprehendit,
1291 976 1344 1028 in
1384 989 1494 1043 quo
1521 972 1749 1027 clericos
1784 973 2017 1042 aliquem

452 1085 728 1127 sacrorum
758 1068 1009 1122 ordinum
1037 1067 1261 1137 gradum
1290 1074 1344 1119 et
1379 1064 1613 1119 ollicium
1657 1078 1877 1132 quoquo
1898 1076 2019 1115 mo-

449 1161 517 1211 do
557 1174 653 1227 per
680 1156 1219 1233 pecuniam°adeptos
1252 1153 1490 1223 deponit,
1532 1152 1677 1221 quod
1708 1161 1887 1205 tamen
1911 1160 2024 1205 sta-

451 1256 624 1300 tutum
656 1247 923 1317 superiori
953 1246 1127 1315 capite
1156 1246 1341 1299 mitius
1361 1243 1566 1313 liquido
1595 1243 1875 1311 probatur,
1897 1256 2020 1294 cum

449 1336 814 1404 spiritualium
850 1336 1153 1393 olliciorum,
1195 1335 1523 1396 venditores,
1555 1341 1610 1386 et
1648 1340 1759 1386 tam
1804 1329 2025 1384 nefaria:

451 1426 834 1493 negotiationis
857 1425 1205 1489 mediatores,
1234 1424 1413 1477 debita
1435 1423 1637 1475 ultione
1656 1436 1763 1475 non
1781 1421 2022 1487 damnet,

450 1528 591 1582 quos
628 1524 807 1569 tamen
845 1515 1162 1591 praedictum
1190 1522 1352 1583 caput
1378 1528 1502 1567 cum
1533 1510 1665 1580 ipsis
1690 1512 2025 1580 emptoribus

450 1599 825 1671 degradandos
860 1613 914 1658 et
940 1604 1477 1658 anathematizandos
1507 1616 1633 1656 esse
1676 1601 1931 1655 decrevit.
1961 1600 2028 1654 Et

450 1700 580 1746 nota
608 1693 651 1745 si
684 1692 947 1767 mediator
992 1693 1279 1762 degradari
1310 1693 1393 1745 vel
1439 1689 1885 1744 anatltematizari
1908 1705 2025 1745 me-

453 1780 559 1833 rito
580 1780 824 1849 jubetur,
856 1781 986 1850 quid
1011 1781 1196 1835 deaillo
1216 1796 1406 1839 censes
1432 1779 1524 1849 qui
1546 1794 1644 1848 per
1663 1780 1909 1834 eamdem
1940 1795 2031 1833 ne—

2114 611 2447 682 siam‘prctio
2475 611 2723 679 adeptus,
2763 616 2819 664 et
2840 609 3178 681 presbyterio
3217 618 3271 664 et
3300 609 3541 666 Ecclesia
3566 601 3696 681 'pri-

2115 700 2288 761 retur;
2328 694 2469 757 item
2517 701 2708 758 beatus
2754 699 2864 754 Leo
2893 715 3032 769 papa
3073 699 3193 768 ejus
3220 701 3458 756 nominis
3484 716 3690 768 nonus,

2116 790 2307 848 nostro
2335 790 2566 861 tempori
2590 804 2725 860 pene
2750 790 3063 860 contiguus,
3090 789 3146 845 in
3168 788 3342 858 prima
3364 804 3462 845 sua
3484 788 3695 845 Roma-
3734 853 3749 866 ⁸

2117 898 2188 939 na
2221 879 2439 954 synodo
2464 879 2832 936 Simoniacam
2858 880 3106 935 haeresim
3151 881 3369 950 penitus
3387 880 3696 947 damnavit,

2118 972 2422 1042 emptiones
2458 978 2514 1027 et
2560 971 2896 1026 venditiones
2931 970 3186 1025 altarium
3224 970 3327 1025 sub
3347 962 3701 1025 anathemate

2110 1060 2436 1130 prohibuit;
2479 1060 2626 1130 quod
2660 1062 2947 1115 anathema
2989 1061 3066 1114 illi
3098 1076 3208 1114 non
3250 1069 3544 1116 evaserunt
3565 1060 3695 1130 qui—

2121 1166 2334 1222 cunque
2355 1152 2609 1221 deinceps
2633 1159 2743 1204 tam
2781 1149 3043 1205 nefariam
3083 1148 3502 1219 negotiationem
3537 1165 3700 1205 exer-

2122 1257 2244 1297 cere
2287 1247 2769 1310 prmsumpserunt.
2803 1238 2956 1294 Libet
2999 1252 3130 1309 ergo
3154 1238 3498 1296 considerare
3525 1254 3696 1310 quam

2124 1257 2244 1297 cere
2287 1256 2620 1310 prmsumpse
2691 1256 2769 1294 nt.
2804 1256 2956 1294 Libet
2999 1256 3130 1309 ergo
3154 1256 3498 1296 consmerare
3525 1256 3696 1310 quam

2124 1333 2416 1387 clementer
2436 1256 2981 1399 nosterrrpostolicus
3017 1336 3225 1382 tantum
3270 1336 3483 1397 emptas
3503 1326 3699 1383 Eccle—

2124 1421 2235 1476 sias
2264 1414 2601 1490 emptoribus
2625 1434 2817 1479 eorum
2847 1419 3129 1484 ademerit,
3156 1434 3296 1488 quos
3319 1419 3476 1489 juxta
3500 1434 3702 1474 censu-

2094 1506 2097 1509 ’
2124 1526 2241 1565 ram
2263 1518 2575 1565 sanctorum
2624 1508 2847 1564 Patrum
2892 1518 2947 1564 et
2990 1508 3230 1564 Ecclesia
3254 1516 3309 1563 et
3337 1507 3701 1580 presbyterio,

2127 1603 2237 1656 imo
2265 1599 2578 1656 Christiano
2619 1601 2841 1655 nomine
2876 1609 2932 1655 et
2967 1602 3371 1666 communione,
3404 1600 3705 1671 privandos

2125 1705 2248 1746 esse
2271 1705 2380 1743 non
2410 1689 2697 1759 ignoravit.
3154 1696 3160 1701 ‘

2196 1762 2330 1832 \‘lll.
2385 1778 2491 1832 Sed
2521 1793 2620 1833 cur
2645 1778 2699 1832 in
2727 1787 2937 1833 tantum
2978 1779 3314 1847 laboramus,
3356 1786 3420 1834 ut
3445 1770 3705 1849 praedicta

452 1870 803 1939 gotiationem
838 1871 1056 1941 indigne
1103 1879 1471 1940 promovetur.
1516 1867 1632 1922 lloc
1663 1869 1852 1937 utique
1878 1869 2025 1937 quod
2059 1854 2100 1908 Β
2125 1869 2299 1923 nostri
2325 1868 2608 1937 apostolici
2631 1877 2832 1924 statuta
2861 1884 2926 1924 ex
2961 1870 3234 1941 synodicis
3256 1879 3570 1926 sanctorum
3599 1871 3708 1927 Pa-

452 1960 836 2015 sanctissimus
872 1976 1009 2029 papa
1043 1959 1356 2030 Gregorius,
1407 1958 1517 2012 imo
1543 1972 1641 2026 per
1674 1957 1823 2011 illum
1857 1955 2028 2026 Spiri-

453 2058 543 2105 tus
573 2059 815 2115 sanctus,
864 2050 931 2105 de
974 2049 1286 2122 hujusmodi
1330 2047 1760 2118 negotiatoribus
1810 2047 2026 2101 indubi-

451 2146 634 2193 tanter
660 2139 915 2205 decrevit,
936 2139 1029 2210 qui
1067 2140 1121 2194 in
1143 2139 1385 2209 ejusdem
1417 2137 1703 2207 apostolici
1728 2138 2028 2191 auriculam

454 2232 558 2285 sub
586 2232 895 2291 columbina
939 2229 1121 2299 specie
1148 2228 1422 2299 ‘qutelibet
1460 2228 1798 2282 decernenda
1823 2227 2033 2282 dictare

454 2321 755 2372 consuevit.
794 2318 993 2388 Nempe
1040 2320 1301 2388 scriptum
1342 2318 1502 2373 estin
1533 2317 1766 2372 decretis
1791 2318 1907 2370 suis
1934 2332 2029 2371 ca-

455 2409 565 2477 pite
596 2410 684 2462 l3l
720 2427 733 2463 :
783 2408 1104 2479 Quicunque
1151 2424 1283 2478 ergo
1325 2409 1758 2463 ecclesiasticum
1795 2396 2053 2461 ollieium'

457 2499 613 2566 pretii
639 2499 818 2553 studet
834 2499 1051 2553 datione
1080 2499 1334 2563 mercari,
1365 2497 1495 2552 dum
1531 2512 1641 2551 non
1676 2496 1911 2550 cilicium
1938 2497 2032 2551 sed

458 2603 654 2641 nomen
708 2588 955 2651 attendit,
1015 2587 1271 2642 sacerdos
1314 2602 1422 2641 non
1479 2600 1622 2649 esse,
1654 2585 1749 2641 sed
1802 2584 2034 2655 inaniter

457 2679 836 2732 tantummodo
849 2678 956 2732 diei
977 2678 1332 2748 concnpiscit.
1351 2676 1417 2730 Et
1434 2675 1603 2746 paulo
1617 2682 1739 2745 post
1766 2675 1821 2729 in
1843 2675 2032 2729 eodem

458 2782 579 2836 cap.
610 2768 725 2836 (lib.
746 2783 801 2821 ix
831 2766 1217 2836 Epistolarum,
1239 2782 1325 2835 ep.
1349 2766 1439 2833 Si)
1469 2785 1484 2819 :
1512 2765 1651 2821 Cum
1672 2765 2037 2834 liqueathanc

460 2854 710 2910 bazresim
754 2865 882 2910 ante
928 2872 1119 2910 omnes
1145 2856 1326 2910 radice
1366 2854 1624 2925 pestifera
1670 2853 2035 2923 subre;sisse,

459 2952 623 3013 atque
646 2945 697 2999 in
729 2946 841 3015 ipsa
865 2961 963 3000 sua
986 2944 1196 3015 origine
1215 2945 1511 3014 apostolica
1533 2945 1893 3000 detestatione
1912 2958 2036 2999 esse

459 3034 795 3100 damnatam,
826 3051 925 3089 cur
956 3050 1064 3089 non
1104 3043 1345 3101 cavetur,
1376 3050 1475 3089 cur
1519 3050 1627 3089 non
1665 3034 2031 3104 perpenditur,

460 3124 586 3194 quia
611 3125 914 3179 benedictio
939 3126 1013 3178 illi
1051 3125 1104 3177 in
1123 3124 1555 3178 maledictionem
1576 3125 1823 3188 vertitur,
1852 3125 1943 3192 qui
1968 3125 2035 3178 ad

462 3214 566 3267 hoc
588 3224 645 3267 ut
674 3215 765 3267 fiat
799 3215 1082 3268 luereticus
1110 3214 1500 3282 promovetur?
1527 3212 1665 3278 Quid
1685 3228 1814 3283 ergo
1835 3214 2035 3269 mirum

463 3303 507 3355 si
570 3313 754 3357 noster
799 3304 1132 3374 apostolicus
1169 3319 1262 3359 eos
1303 3312 1513 3359 tantum
1550 3304 1620 3358 ab
1653 3305 2036 3365 ecclesiasticis

462 3394 779 3448 ministeriis
811 3395 1099 3462 separavit,
1141 3380 1281 3462 quos
1314 3394 1695 3449 sanctissimus
1720 3394 1840 3462 ejus
1862 3395 2035 3464 tequi-

462 3496 630 3536 vocus
665 3483 732 3535 ab
757 3482 998 3538 Ecclesia
1026 3490 1306 3553 separatos
1329 3473 1451 3537 esse
1466 3498 1591 3538 cum
1620 3482 1845 3553 reliquis
1865 3483 2037 3539 haere-

464 3574 583 3627 ticis
608 3574 918 3642 deputavit?
1376 3642 1377 3645 η

532 3662 640 3715 \‘ll.
674 3663 983 3718 Secundum
1007 3678 1226 3734 quoque
1251 3671 1515 3717 statutum
1551 3662 1723 3717 nostri
1750 3664 2034 3733 apostolici

460 3754 604 3822 quod
652 3753 919 3808 Ecelesias
966 3753 1304 3823 emptoribus
1338 3768 1525 3808 earum
1567 3753 1730 3807 adimi
1772 3753 2034 3825 praecipit,

462 3844 588 3897 item
614 3844 666 3897 in
692 3844 947 3913 pnedicto
968 3843 1425 3898 Chalcedonensis
1443 3843 1657 3898 concilii
1692 3844 1889 3912 capite,
1911 3845 2039 3900 licet

462 3934 712 3998 obscure,
730 3935 1181 4002 comprehensum
1210 3932 1599 4001 videtur,quod
1625 3932 1787 3987 etiam
1815 3934 2037 4002 dispen-
2083 3945 2086 3948 '

463 4023 631 4077 sutori
673 4038 855 4076 rerum
902 4023 1395 4088 ecclesiasticarum
1440 4038 1536 4091 per
1580 4022 1864 4092 pecuniam
1906 4038 2035 4093 pro-

462 4121 611 4167 moto
659 4112 892 4167 ollicium
943 4111 1292 4181 dispensandi
1339 4110 1494 4181 jubet
1516 4111 1756 4177 auferri;
1811 4113 2039 4182 quilibet

461 4202 607 4255 enim
633 4202 913 4271 presbyter
938 4202 1279 4269 dispensator
1309 4202 1466 4256 debet
1497 4202 1750 4266 existere,
1772 4217 1882 4257 non
1907 4217 2041 4272 prte-

463 4292 750 4346 dicationis
792 4299 1025 4355 tantum,
1070 4290 1163 4344 sed
1190 4289 1352 4344 etiam
1407 4306 1589 4344 rerum
1639 4290 1894 4346 Ecclesiae
1933 4292 2036 4348 sibi

463 4381 789 4443 commissze,
820 4396 959 4448 quas
987 4380 1159 4436 sancti
1176 4368 1366 4435 Patres
1379 4395 1487 4434 non
1518 4380 1690 4435 solius
1716 4382 2037 4451 presbyteri,

2128 1965 2272 2010 trum
2298 1957 2580 2013 sententiis
2609 1958 2943 2027 processisse
2966 1955 3425 2026 demonstremus,
3456 1977 3582 2016 cum
3612 1977 3708 2018 ea-

2127 2046 2250 2101 dem
2301 2062 2367 2102 ex
2418 2046 2537 2116 ipso
2583 2062 2752 2109 sacrm
2791 2047 3084 2117 Scriptura;
3130 2051 3369 2105 armario
3416 2065 3711 2108 emanasse

2130 2137 2339 2190 nullum
2359 2137 2610 2191 dubitare
2631 2138 2905 2191 eruditum
2949 2140 3231 2207 putemus?
3257 2138 3394 2194 Nam
3433 2140 3488 2195 in
3512 2142 3707 2197 eadem

2132 2222 2413 2294 Scriptura
2461 2239 2652 2279 omnes
2701 2240 2948 2294 personae
2984 2234 3094 2280 tam
3132 2226 3326 2281 nefarii
3365 2228 3710 2284 mercimonii

2078 2370 2083 2374 ,
2131 2315 2400 2369 damnata:
2426 2315 2788 2382 reperiuntur,
2819 2315 3025 2371 scilicet
3048 2316 3441 2379 etvenditores
3472 2325 3528 2373 et
3547 2319 3714 2388 spiri-

2132 2405 2358 2458 tualium
2404 2402 2703 2458 olliciorum
2742 2414 3036 2474 emptores,
3076 2414 3241 2476 atque
3294 2407 3461 2477 hujus
3503 2410 3712 2479 negotii

2131 2492 2476 2546 mediatores.
2508 2491 2627 2561 ipse
2670 2493 2815 2547 enim
2850 2494 3114 2551 Dominus
3159 2497 3362 2567 pariter
3386 2507 3635 2554 ementes
3657 2508 3715 2555 et

2135 2582 2425 2635 vendentes
2465 2581 2533 2636 de
2575 2583 2775 2651 templo
2815 2597 2919 2637 suo
2944 2584 3127 2653 ejecit,
3171 2593 3227 2640 et
3257 2585 3551 2643 cathedras
3574 2603 3713 2644 ven-

2133 2669 2372 2727 dentium
2404 2670 2686 2746 columbias
2713 2670 2826 2740 jam
2866 2679 2995 2726 tunc
3023 2674 3138 2742 ipse
3182 2674 3450 2741 subvertit
3486 2676 3713 2745 (Matth.

2133 2774 2250 2822 ssi,
2284 2758 2395 2826 ‘12);
2426 2758 2573 2827 quod
2601 2757 2659 2812 S.
2687 2759 2980 2830 Gregorius
3001 2761 3090 2816 ille
3120 2763 3406 2835 theologus
3432 2773 3624 2821 noster
3657 2767 3716 2822 in

2132 2849 2393 2918 vigesima
2442 2850 2679 2905 secunda
2740 2851 2963 2906 bomilia
3012 2855 3236 2923 exponit
3283 2856 3393 2911 ita:
3440 2856 3719 2915 Cathedra

2135 2951 2265 3009 ergo
2292 2938 2641 2993 vendentium
2667 2940 2950 2995 columbas
2974 2943 3255 3009 evertitur,
3287 2946 3505 3014 quando
3526 2947 3586 3003 hi
3617 2948 3719 3020 qui

2136 3031 2472 3100 spiritualem
2498 3032 2730 3102 gratiam
2754 3032 3027 3099 vendunt,
3050 3042 3105 3088 et
3132 3042 3256 3091 ante
3283 3035 3556 3105 humanos
3582 3054 3723 3093 ocu-

2137 3119 2240 3184 los,
2268 3127 2323 3172 et
2348 3128 2475 3173 ante
2502 3117 2596 3173 Dei
2619 3120 2827 3184 oculos,
2851 3122 3158 3177 sacerdotio
3182 3123 3486 3192 privamur;
3511 3133 3568 3180 et
3592 3142 3720 3181 me-

2136 3209 2266 3276 rito,
2294 3225 2421 3263 nam
2444 3209 2561 3278 ipsa
2596 3208 2817 3265 Veritas
2839 3211 3092 3280 praecipit
3121 3212 3176 3266 in
3222 3211 3550 3285 Evangelio:
3577 3214 3724 3272 Gra-

2139 3300 2207 3375 tis
2251 3300 2549 3369 accepistis,
2584 3300 2753 3369 gratis
2798 3300 2921 3354 date
2976 3300 3192 3370 (Matth.
3226 3288 3344 3375 x)‘:
3393 3305 3541 3375 quod
3587 3322 3723 3364 cum

2138 3373 2274 3446 tales
2306 3406 2416 3445 non
2460 3392 2760 3457 attendant,
2796 3393 2961 3447 etiam
3005 3408 3038 3449 a
3069 3392 3181 3450 Deo
3201 3373 3428 3465 seipsos~
3453 3397 3731 3466 alienant,

2136 3479 2231 3549 qui
2254 3478 2308 3533 in
2335 3479 2526 3533 eodem
2555 3478 2845 3549 Evangelia
2886 3479 3055 3534 dicit:
3089 3479 3196 3546 Qui
3216 3491 3293 3535 est
3317 3498 3384 3537 ex
3405 3482 3536 3550 Deo,
3560 3488 3726 3541 verba

2136 3568 2236 3623 Dei
2263 3570 2457 3632 audit:
2505 3570 2623 3623 ideo
2663 3586 2750 3624 ros
2771 3587 2875 3625 non
2911 3572 3132 3638 auditis,
3182 3573 3309 3643 quia
3358 3590 3424 3629 ex
3470 3574 3581 3630 Deo
3610 3594 3725 3632 non

2135 3661 2260 3715 estis
2294 3660 2509 3731 (Matth.
2537 3660 2612 3731 v).
2644 3661 2908 3718 Praeterea
2941 3664 3192 3734 princeps
3216 3666 3586 3734 apostolorum
3611 3666 3691 3724 Pe
3711 3700 3726 3714 -

2136 3757 2276 3814 trus,
2304 3749 2416 3803 imo
2438 3763 2535 3818 per
2562 3750 2713 3804 illum
2746 3751 2859 3820 ipse
2905 3752 3157 3808 Christus
3191 3753 3447 3810 omnibus
3478 3757 3729 3826 prmlatis

2137 3837 2194 3892 in
2216 3836 2459 3892 Ecclesia
2502 3839 2746 3907 praecipit
2784 3838 2894 3893 ita:
2939 3838 3174 3906 Pascite,
3206 3844 3299 3912 qui
3341 3844 3399 3896 in
3431 3844 3577 3898 vobis
3614 3856 3724 3915 est,

2138 3945 2340 4000 gregem
2382 3928 2511 3995 Dei;
2557 3931 2885 4000 providentes
2915 3950 3019 3987 non
3071 3945 3267 4002 coacta,
3307 3935 3399 3991 sed
3433 3948 3730 4009 spontaneo

2136 4020 2421 4075 secundum
2446 4020 2731 4076 Dominum
2756 4038 2777 4088 ;
2805 4040 2908 4077 non
2935 4026 3103 4094 turpis
3122 4025 3261 4080 lucri
3280 4028 3478 4097 gratia,
3504 4030 3601 4084 sed
3628 4048 3729 4087 eo-

2138 4110 2369 4192 luntarie
2421 4110 2477 4180 (I
2522 4111 2671 4165 Patr.
2718 4112 2793 4182 ν).
2842 4113 3051 4169 Contra
3098 4117 3204 4171 hoc
3246 4126 3575 4188 praceptu'm
3636 4122 3726 4178 illi

2138 4209 2326 4271 agunt,
2358 4201 2668 4272 quicunque
2696 4203 2800 4259 hoc
2823 4204 3103 4275 spirituale
3141 4205 3376 4263 cilicium
3407 4224 3507 4279 pro
3535 4226 3725 4267 samu-

2138 4288 2239 4345 lari
2265 4292 2419 4347 lucro
2442 4294 2702 4365 subjectis
2734 4297 2849 4353 suis
2874 4299 3104 4368 turpiter
3131 4299 3472 4370 impendunt,
3499 4303 3567 4358 de
3590 4306 3727 4374 qui-

2137 4382 2241 4437 bus
2290 4382 2429 4439 idem
2469 4388 2751 4454 apostolus
2787 4389 2842 4442 in
2880 4404 2980 4443 sua
3032 4391 3321 4459 posteriori
3365 4393 3595 4462 epistola
3632 4402 3725 4451 te-

425 4463 433 4471 ’
465 4472 557 4526 sed
587 4470 954 4539 quorumlibet
990 4471 1260 4541 egentium
1310 4471 1616 4526 necessitati
1644 4471 2038 4541 dispensandas
2068 4483 2113 4538 Ι)
2138 4480 2313 4526 statur
2339 4492 2353 4526 :
2388 4472 2566 4529 Secuti
2593 4485 2716 4530 sunt
2740 4478 2877 4531 viam
2899 4478 3126 4533 Balaam
3154 4495 3222 4535 ea:
3252 4480 3422 4535 Bosor
3461 4484 3553 4554 qui
3576 4500 3729 4538 nter-

463 4576 585 4616 essc
609 4571 953 4615 censuerunt.
995 4561 1255 4617 Praeterea
1320 4562 1375 4615 in
1416 4561 1606 4615 eodem
1645 4562 1881 4631 capitulo
1920 4562 2037 4617 cui—

466 4652 598 4705 libet
622 4651 821 4706 clcrico
851 4653 1030 4707 omnis
1062 4652 1431 4707 ecclesiastica
1451 4651 1757 4706 sollieitmlo
1778 4668 1875 4722 per
1908 4668 2035 4723 pre-

467 4742 601 4794 tium
662 4741 950 4811 acquisita
978 4742 1202 4812 jubctur
1253 4742 1440 4807 adimi,
1494 4756 1789 4811 procurare
1855 4752 2034 4798 autem

468 4831 639 4899 ipsam
688 4830 982 4887 Ecclesiam
1047 4849 1172 4887 cum
1228 4833 1547 4888 sacerdotali
1621 4833 1918 4904 diligentia,
1981 4835 2037 4890 ni

468 4920 646 4987 fallor,
669 4922 937 4978 clericalis
965 4924 1273 4978 sollicitudo
1294 4932 1379 4978 est
1405 4931 1458 4977 et
1483 4924 1870 4980 ecclesiastica.
1896 4924 2038 4995 Ergo

470 5022 520 5064 et
555 5012 607 5066 in
639 5013 829 5067 eodeni
864 5014 1101 5088 capitulo
1129 5014 1371 5068 ecclesia:
1417 5013 1723 5069 sollicitudo
1748 5029 1844 5083 per
1868 5029 2036 5084 pecu-

467 5104 615 5158 niam
639 5113 898 5174 usurpata
931 5104 1151 5172 jubetur
1176 5103 1399 5159 auferri.
1433 5103 1586 5159 Unde
1609 5112 1664 5159 ct
1693 5106 2039 5162 beatissimus

468 5210 605 5264 papa
634 5193 927 5263 Gregorius
952 5194 1194 5250 scribens
1230 5194 1297 5248 ad
1316 5193 1648 5249 Clementem
1677 5195 2048 5252 Biza'nzenum.

469 5285 648 5353 [[ονιρ,
683 5284 1044 5355 Byzacemtm]
1074 5286 1141 5339 de
1178 5283 1414 5353 quodam
1440 5285 1773 5354 presbytero,
1800 5286 2041 5342 decernit

471 5376 577 5428 ita:
607 5374 675 5429 lit
697 5376 741 5429 si
775 5376 917 5429 idem
944 5375 1221 5444 presbyter
1251 5374 1542 5445 quamdam
1573 5374 1867 5431 Ecclesiam
1894 5377 2039 5431 obti-

470 5466 677 5519 nuisset
719 5481 816 5533 per
859 5464 1165 5533 pecuniam,
1212 5480 1322 5519 non
1355 5466 1528 5520 solum
1573 5466 1759 5522 eadem
1800 5465 2038 5521 Ecclesia

469 5557 794 5623 privaretur,
847 5555 940 5608 sed
987 5554 1149 5607 etiam
1184 5554 1499 5625 presbyterii
1536 5556 1744 5611 honore
1779 5556 2040 5627 spoliare-

470 5654 575 5697 tur.
612 5644 700 5698 Sic
732 5659 947 5713 quoque
966 5654 1017 5697 et
1046 5645 1102 5698 in
1126 5645 1365 5714 antiquis
1387 5654 1695 5701 nostrarum
1728 5648 2037 5718 provincia-

472 5749 591 5786 rum
643 5736 906 5791 cunciliis.
972 5733 1393 5799 ilogtmtiacensi
1449 5735 1712 5801 videlicet,
1762 5738 2034 5807 lleinensi,

2137 4563 2309 4618 cedem
2333 4565 2633 4635 iniquitatis
2675 4570 3328 4640 amaritrcorrcptionem
3374 4588 3492 4626 vero
3528 4573 3728 4630 habuit

2135 4669 2246 4708 sum
2268 4655 2491 4709 vesania:
2516 4670 2535 4708 :
2564 4656 2838 4727 subjugale
2866 4668 3069 4712 mutum
3099 4661 3321 4729 animal,
3345 4662 3572 4735 hominis
3596 4681 3730 4721 coco

2136 4740 2371 4812 loquens,
2397 4744 2665 4812 prohibuit
2695 4747 2959 4817 prop/tcta:
2980 4749 3337 4820 insipientiam
3354 4751 3443 4822 (11
3459 4752 3607 4806 Petr.
3628 4757 3724 4826 ιι).

2137 4830 2292 4899 Quod
2338 4835 2664 4891 venerabilis
2702 4839 2983 4910 presbyter
3014 4839 3157 4894 Beda
3194 4841 3248 4894 in
3279 4849 3513 4896 tractatu
3548 4858 3728 4915 super

2136 4925 2383 4981 eamdem
2418 4920 2704 4996 epistolam
2731 4928 2995 4983 dilucidat
3032 4929 3147 4983 ita:
3178 4927 3434 4987 Nonnulli
3476 4935 3724 4989 catholi—

2137 5030 2327 5071 corum
2375 5016 2644 5070 intantum
2690 5017 2992 5073 mercedem
3037 5028 3225 5075 amant
3274 5021 3598 5092 iniquitatis,
3652 5034 3727 5081 ut

2137 5104 2300 5157 etiam
2333 5105 2478 5160 docti
2507 5105 2576 5159 ab
2596 5105 2850 5173 indoctis,
2883 5124 2915 5163 a
2957 5109 3111 5165 laicis
3134 5110 3313 5166 clerici
3354 5111 3549 5166 merito
3578 5112 3728 5171 lace.

2138 5201 2327 5248 rentur
2353 5212 2366 5247 :
2399 5195 2492 5265 qui
2517 5196 2639 5265 jure
2671 5208 3060 5268 comparantur
3086 5198 3381 5268 prophetae,
3413 5201 3507 5270 qui
3532 5204 3727 5263 verbis

2138 5286 2308 5342 asinae
2337 5296 2526 5344 contra
2558 5299 2810 5345 naturam
2841 5291 3114 5362 loquentis
3141 5290 3455 5361 corripitur,
3492 5310 3595 5350 nec
3627 5305 3723 5350 ta-

2139 5393 2261 5433 men
2286 5394 2317 5434 a
2340 5381 2620 5450 proposito
2647 5381 2798 5451 pravi
2828 5381 3041 5436 itineris
3063 5380 3390 5437 retardatur.
3424 5382 3531 5439 Iste
3562 5384 3725 5439 vide-

2139 5469 2264 5522 licet
2297 5468 2515 5525 Balaam
2543 5470 2683 5539 idem
2708 5487 2830 5526 esse
2854 5470 3121 5525 asseritur
3152 5472 3246 5542 qui
3278 5481 3334 5526 et
3366 5472 3586 5527 beatum
3612 5471 3723 5529 Job

2139 5560 2193 5613 in
2222 5559 2361 5613 libro
2390 5560 2660 5630 superﬂue
2688 5568 2743 5615 et
2762 5567 3079 5630 arroganter
3102 5561 3353 5617 docuisse
3373 5560 3593 5631 legitur,
3621 5565 3723 5634 qui

2138 5659 2191 5703 et
2216 5649 2354 5715 Eiiu,
2390 5652 2441 5705 id
2470 5660 2553 5706 est
2599 5650 2836 5716 divinus,
2869 5652 2937 5705 ab
2984 5651 3159 5707 ollicio
3190 5652 3467 5707 divinandi
3496 5663 3585 5709 est
3619 5668 3721 5710 co-

2141 5737 2507 5806 gnominatus.
2536 5739 2625 5793 Sic
2656 5741 2801 5795 enim
2832 5749 3067 5813 testatur
3102 5749 3322 5819 sanctus
3348 5740 3720 5815 Hieronymus
