3944 6384
185 380 296 452 ’τοι

1361 398 1730 456 CONCILIUM
1772 399 2106 455 ROMANUM
2146 400 2183 455 l.

3325 405 3427 459 762

197 508 259 562 in
292 508 434 564 libro
473 509 549 564 De
581 510 862 565 Hebraicis
904 511 1298 580 questionibus.
1339 510 1437 568 llic
1479 527 1608 583 ergo
1643 529 1767 568 cum
1799 516 1844 571 Α
1868 511 1964 581 qui
1989 527 2087 582 pro
2115 514 2234 568 solo
2282 511 2488 567 nefario
2526 516 2765 584 appetitu
2813 516 3120 582 damnatus,
3159 530 3258 586 per
3283 517 3429 586 ipsos

198 604 348 650 esset
380 598 643 667 propheta
677 615 708 652 a
738 598 932 654 Balaac
953 614 1076 668 rege
1105 599 1462 653 Mcabitarum
1499 601 1567 654 ad
1602 602 1769 656 male-

196 684 492 740 dicendum
542 687 669 742 ﬁliis
721 687 884 742 Israel
922 689 1244 753 conductus,
1294 687 1400 742 illis
1455 689 1672 758 quidem
1711 691 1768 744 in

195 775 370 829 verbo
387 774 604 830 Domini
630 791 728 845 pro
750 777 923 845 pretio
945 776 1502 842 studuitmaledicere,
1526 777 1617 832 sed
1639 793 1766 846 pra-

195 863 426 917 vitatem
458 863 882 932 suam,,Dcminc
903 872 1137 928 vetante,
1152 864 1218 918 ad
1238 863 1484 918 eil'ectum
1511 879 1619 918 non
1642 880 1768 932 per-

196 953 378 1019 duxit,
403 969 503 1009 nec
529 955 827 1008 mercedem
848 988 856 996 ο
876 954 1177 1024 iniquitatis
1204 955 1427 1025 accepit,
1458 955 1551 1024 qui
1587 962 1768 1010 tamen

195 1042 342 1097 adeo
365 1059 399 1097 ε
423 1041 532 1097 Dec
557 1029 912 1112 reprcbabilis
937 1043 1224 1098 denotatur
1252 1052 1312 1097 ut
1334 1045 1489 1099 asina
1518 1044 1638 1113 ejus
1676 1059 1766 1098 sa-

197 1132 486 1201 pientiam,
525 1131 637 1185 imo
666 1128 941 1186 vesaniam
960 1132 1080 1201 ejus
1114 1141 1170 1186 et
1208 1132 1572 1202 insipientiam
1593 1132 1768 1187 corri-

195 1218 412 1289 puisse,
433 1227 488 1272 et
520 1234 646 1272 cum
666 1233 700 1273 a
722 1215 899 1288 gladio
917 1220 1036 1288 ejus
1060 1218 1148 1292 μζ,
1177 1219 1252 1291 ei]
1275 1220 1579 1274 resistentis
1597 1219 1768 1290 angeli

197 1307 487 1376 eripuisse,
510 1307 738 1377 legatur,
756 1322 919 1377 quam
937 1307 1050 1377 ipse
1077 1308 1300 1378 angelus
1311 1323 1420 1362 non
1447 1308 1767 1365 morituram

183 1395 320 1451 lore
347 1405 577 1454 testatus
617 1406 722 1464 est,
759 1398 973 1453 etiamsi
1005 1398 1180 1467 ipsum
1219 1399 1506 1468 reprcbum
1534 1399 1769 1469 prophe—

196 1493 312 1539 tam
337 1487 519 1541 debita
543 1497 719 1543 morte
745 1489 1048 1543 multasset.
1130 1530 1133 1531 ν

269 1574 334 1630 Si
355 1591 488 1646 ergo
500 1576 720 1632 Balaam
745 1586 954 1632 tantum
975 1577 1209 1632 amando
1237 1576 1536 1632 mercedem
1565 1576 1768 1646 iniqui-

195 1669 328 1724 tatis
362 1669 500 1724 adeo
547 1670 746 1741 legitur
805 1668 1181 1738 reprcbabilis,
1215 1677 1420 1738 quanto
1461 1668 1634 1738 magis
1681 1669 1770 1722 ille

195 1768 340 1816 inter
373 1761 634 1832 reprobcs
663 1770 748 1816 est
795 1761 1213 1831 ccmputandus,
1251 1762 1345 1830 qui
1389 1776 1512 1815 cum
1548 1760 1767 1815 Balaam

1867 602 2144 671 apostolos
2172 601 2314 672 apud
2343 601 2628 658 Dominum
2659 605 2866 660 eillcere
2894 606 3098 661 studuit
3120 614 3181 661 ut
3204 606 3431 661 damna-

1867 695 2036 748 torias
2064 710 2254 750 eorum
2265 695 2561 751 sententias
2573 696 2816 751 subterfu
2822 704 2989 767 geret,
3003 712 3108 752 non
3121 705 3181 751 ut
3193 697 3430 753 cilicium

1867 783 2160 838 criminose
2185 785 2478 854 appetitum
2513 786 2862 842 criminosius
2887 787 3168 842 obtineret.
3199 786 3304 842 Sed
3331 803 3432 842 cur

1868 870 2008 926 idem
2036 871 2397 927 haeresiarcha
2423 873 2702 942 spirituale
2739 874 2972 928 cilicium
3001 875 3228 930 mercari
3263 889 3429 944 appe-

1868 961 2040 1025 tisset,
2067 962 2170 1016 nisi
2191 970 2433 1031 emptum
2458 962 2650 1017 deinde
2673 962 2964 1019 nefandius
2995 965 3225 1018 vendere
3249 965 3428 1028 vellet,

1869 1064 1976 1103 non
1995 1050 2139 1104 enim
2164 1049 2362 1104 frustra
2396 1051 2462 1104 de
2487 1067 2554 1105 eo
2589 1051 2848 1120 scriptum
2876 1067 2998 1106 esse
3021 1052 3252 1117 videtur,
3283 1053 3429 1122 quod

1869 1137 2135 1206 stupidius
2157 1136 2222 1192 de
2247 1137 2416 1208 signis
2457 1149 2513 1194 et
2535 1139 2829 1195 virtutibus
2869 1141 3185 1206 admiretur,
3223 1158 3345 1211 quae
3371 1149 3432 1197 ut

1868 1226 1984 1295 ipse
2006 1233 2187 1296 posset
2206 1224 2385 1282 facere
2407 1243 2502 1297 per
2526 1230 2810 1298 pecuniam
2838 1245 2991 1284 suam
3009 1230 3179 1284 voluit
3200 1231 3430 1297 eilicere,

1867 1315 2132 1381 videlicet,
2167 1323 2242 1380 ut,
2264 1316 2420 1385 juxta
2478 1318 2651 1372 sancti
2693 1318 3005 1390 Hieronymi
3055 1321 3430 1388 assertionem,

1867 1405 2162 1474 temporale
2196 1406 2406 1460 lucrum
2435 1421 2503 1462 ex
2532 1408 2810 1462 miraculis
2853 1418 3248 1480 assequeretur.
3287 1409 3431 1482 Ergo

1870 1506 1978 1546 non
2015 1495 2190 1548 solum
2220 1504 2511 1565 emptores,
2545 1498 2637 1552 sed
2660 1506 2716 1552 et
2737 1499 3041 1554 venditores
3067 1501 3428 1569 spiritualium

1867 1582 2188 1649 ciliciorum,
2219 1594 2516 1641 sectatores
2540 1586 2744 1657 praefati
2778 1588 3151 1642 haeresiarchas
3177 1590 3434 1644 denotan—

1868 1677 1975 1737 tur,
2004 1673 2147 1726 unde
2168 1681 2224 1727 et
2249 1689 2373 1728 cum
2388 1676 2576 1729 eodem
2594 1684 2811 1731 aeterna:
2832 1678 3191 1733 damnationis
3216 1678 3433 1734 vinculo

1869 1763 2110 1817 adstricti
2132 1779 2239 1817 non
2261 1763 2598 1829 dubitantur,
2625 1773 2914 1821 attestantc
2950 1767 3107 1822 beato
3137 1767 3353 1824 Gelasio
3373 1769 3430 1824 in

192 1849 260 1904 de
293 1849 638 1920 iniquissima
674 1849 984 1905 venditione
1013 1849 1308 1920 spiritualis
1340 1850 1499 1906 cilicii
1535 1852 1764 1920 pretium
1798 1861 1840 1914 Β
1864 1851 2094 1908 decretis
2123 1854 2238 1909 suis
2277 1856 2513 1924 capitulo
2547 1856 2809 1925 vigesimo
2856 1867 3072 1926 quarto.
3113 1859 3262 1925 Quos
3303 1875 3433 1916 vero

193 1941 601 1996 studiosissime
625 1941 875 2010 requirit,
891 1953 990 1994 nec
1011 1949 1189 1994 cessat
1215 1941 1385 1995 donec
1413 1941 1765 1995 ambitionem

192 2044 352 2085 suam
384 2031 451 2085 ad
497 2031 748 2085 eilectum
782 2029 1058 2098 perducat.
1102 2029 1369 2084 Praeterea
1419 2029 1608 2084 beatus
1637 2029 1764 2083 llie-

191 2130 455 2188 rcnymus
489 2117 545 2172 in
585 2125 822 2171 tractatu
863 2131 1026 2186 super
1057 2115 1389 2183 Mattbaeum,
1434 2117 1586 2172 illum
1623 2117 1763 2172 scri-

189 2215 317 2261 bam
348 2207 444 2277 qui
482 2206 621 2261 dixit
638 2204 766 2262 Jcsu
797 2226 810 2260 :
857 2205 1130 2277 Magister,
1154 2223 1345 2278 sequar
1380 2216 1429 2261 te
1462 2224 1764 2278 quocunque

188 2296 347 2351 iveris
385 2295 603 2367 (Matth.
653 2297 798 2366 vui),
834 2297 953 2351 ideo
993 2297 1331 2366 repudiatum
1357 2313 1388 2352 a
1425 2297 1655 2351 Domino
1679 2306 1761 2352 te-

188 2394 388 2452 statur,
427 2386 556 2455 quia
588 2401 740 2441 more
785 2386 1024 2440 Simonis
1061 2386 1202 2456 Magi
1231 2401 1357 2441 eum
1386 2387 1538 2456 sequi
1572 2388 1760 2440 volue-

187 2477 277 2543 rit,
331 2485 484 2532 utes
516 2491 743 2546 operum
786 2475 1064 2532 miraculis
1116 2476 1328 2531 lucrum
1357 2484 1756 2546 assequeretur,

187 2567 330 2622 unde
355 2575 411 2622 et
438 2567 542 2622 sibi
567 2583 600 2622 a
623 2566 855 2621 Domino
895 2567 1292 2637 respondetur:
1339 2566 1528 2638 Vulpes
1585 2568 1758 2637 foveas

186 2656 378 2710 habent
403 2657 618 2728 (Ibid.),
648 2665 775 2723 etc.;
805 2672 870 2711 ac
893 2657 938 2710 si
965 2657 1170 2712 diceret
1195 2676 1209 2711 :
1239 2657 1351 2711 Cur
1371 2666 1588 2727 propter
1608 2658 1759 2710 lucra

185 2754 236 2802 et
255 2747 480 2802 divitias
503 2747 588 2801 vis
613 2762 700 2800 me
720 2746 895 2816 sequi,
929 2762 1054 2801 cum
1099 2755 1262 2801 tanta:
1287 2747 1392 2801 sim
1426 2747 1759 2817 paupertatis

184 2845 245 2892 ut
282 2852 389 2893 nec
417 2837 698 2908 proprium
736 2837 968 2894 habeam
1029 2837 1346 2908 hospitium,
1393 2853 1518 2892 cum
1571 2838 1759 2908 vulpes

185 2931 351 2986 etiam
382 2939 439 2986 et
461 2932 710 2986 volucres
761 2931 1008 3002 proprias
1051 2933 1286 2988 habeant
1331 2934 1666 2988 mansiones?
1700 2932 1757 2987 Si

184 3035 315 3092 ergo
336 3021 450 3086 ille,
494 3021 590 3091 qui
619 3020 898 3090 spiritualc
945 3020 1178 3074 cilicium
1222 3035 1321 3089 pro
1362 3021 1514 3075 lucro
1546 3030 1755 3074 tantum

183 3125 439 3166 exercere
478 3112 665 3175 voluit,
715 3111 785 3164 ab
835 3110 952 3180 ipso
985 3109 1216 3164 Domino
1251 3109 1374 3179 jure
1414 3113 1752 3180 rcprobatur,

1866 1941 2170 1996 constiterit
2209 1943 2458 2014 indignos
2501 1946 2707 1999 meritis
2742 1961 2955 2000 sacram
3002 1958 3266 2004 mercatcs
3311 1966 3433 2006 esse

1862 2030 2208 2100 dignitatem,
2223 2034 2501 2089 convictos
2537 2041 2752 2104 oportet
2785 2035 2980 2101 arceri,
3011 2051 3118 2090 non
3143 2036 3260 2091 sine
3283 2040 3430 2106 peri-

1861 2120 1987 2174 culo
2027 2120 2131 2173 tale
2162 2119 2372 2175 facinus
2399 2131 2697 2190 patrantes,
2749 2124 2877 2194 quia
2919 2125 3132 2180 dantem
3159 2127 3357 2195 pariter
3376 2136 3432 2181 ct

1862 2207 2212 2277 accipientem
2243 2209 2522 2264 damnatio
2565 2210 2825 2280 Simonis,
2860 2228 3024 2284 quam
3073 2231 3227 2270 sacra
3267 2216 3430 2270 lectio

1860 2305 2110 2364 testatur,
2140 2298 2384 2354 involvit.

1930 2386 2082 2441 Hanc
2132 2397 2312 2442 autem
2338 2390 2641 2459 generalem
2703 2391 3027 2446 sententiam
3074 2392 3134 2446 Β.
3183 2393 3432 2450 Gclasius

1862 2491 1999 2545 papa
2027 2486 2362 2547 pertractans
2395 2479 2461 2532 de
2482 2479 2821 2549 singulorum
2845 2481 3108 2551 graduum
3141 2485 3431 2537 ordinatio-

1860 2565 2024 2622 nibus
2045 2567 2347 2633 subintulit,
2371 2568 2511 2622 inter
2526 2584 2664 2638 quos
2685 2570 2847 2624 etiam
2865 2570 3139 2636 ostiarius,
3165 2574 3428 2641 notarios,

1857 2654 1973 2711 sive
1995 2655 2331 2723 defensores,
2371 2659 2694 2724 numeravit,
2720 2661 2814 2729 qui
2842 2676 2940 2716 nec
2980 2677 3076 2731 per
3100 2679 3294 2717 manus
3321 2663 3430 2719 im-

1858 2743 2182 2814 positicncm
2209 2742 2552 2812 ordinantur,
2576 2763 2676 2802 nec
2697 2747 2798 2817 ipsi
2830 2764 3024 2804 manus
3057 2751 3218 2807 alicui
3248 2751 3427 2822 impo-

1857 2852 1986 2892 nere
2017 2838 2425 2907 permittuntur;
2457 2839 2601 2892 unde
2640 2848 2694 2892 et
2722 2839 2871 2893 illum
2920 2840 2974 2892 in'
3003 2840 3234 2897 decretis
3257 2841 3430 2897 sancti

1856 2929 2148 2982 Alexandri
2191 2928 2558 2982 Simoniacum
2584 2929 2766 2981 vocari
2795 2943 2903 2982 non
2947 2929 3171 2984 dubium
3197 2939 3299 2996 est,
3332 2931 3429 3000 qui

1856 3019 2136 3088 penitenti
2162 3020 2227 3074 ad
2253 3019 2745 3074 reconciliationem
2781 3034 2881 3089 pro
2909 3019 3084 3090 pretio
3125 3021 3266 3090 apud
3309 3022 3427 3092 cpi-

1856 3124 2080 3178 scopum
2100 3108 2283 3181 juvat.
2310 3109 2387 3162 Ex
2409 3125 2515 3179 qua
2542 3124 2600 3164 rc
2631 3109 2921 3180 colligitur,
2955 3125 3062 3164 non
3103 3112 3277 3166 solum
3305 3112 3430 3168 illos

181 3207 390 3272 quanto
413 3201 589 3271 magis
610 3201 698 3256 ille
726 3199 821 3270 qui
845 3209 899 3255 et
925 3201 1238 3271 hujusmodi
1279 3201 1511 3256 cilicium
1538 3203 1753 3272 penitus
1781 3182 1821 3238 Ο
1856 3202 2092 3271 reputari
2124 3203 2264 3257 inter
2304 3202 2663 3268 Simoniacos,
2691 3203 2784 3271 qui
2829 3218 2925 3271 per
2947 3204 3178 3271 pretium
3215 3203 3282 3257 ad
3309 3220 3427 3258 ma-

181 3291 302 3346 nliis
323 3291 634 3346 vendidisse
666 3289 964 3361 detegitur!

247 3379 342 3434 1x.
378 3379 665 3449 Emptcres
691 3387 870 3434 autem
901 3378 1262 3448 spiritualium
1305 3379 1604 3435 ciliciorum
1626 3396 1750 3435 cum

180 3469 298 3540 ipso
321 3469 569 3540 principe
594 3484 786 3524 eorum
824 3468 1048 3524 Simone
1085 3469 1240 3542 Mago
1279 3472 1334 3524 in
1367 3471 1588 3526 Actibus
1617 3487 1750 3541 apo-

180 3561 448 3616 stolcrum
460 3561 702 3616 damnati
713 3561 984 3632 leguntur,
1000 3562 1090 3616 ubi
1106 3561 1196 3618 ille
1210 3570 1396 3618 noster
1412 3560 1598 3617 Simon
1610 3562 1755 3631 prin-

180 3665 305 3722 ceps
345 3652 718 3722 apostolorum
744 3651 994 3706 eumdem
1020 3651 1186 3710 alium
1231 3650 1508 3706 Simonem
1547 3653 1750 3721 princi-

179 3755 298 3809 pem
323 3747 702 3810 apostatarum
744 3746 946 3794 arterna
985 3737 1336 3794 damnatione
1385 3725 1652 3804 multavit,
1677 3740 1749 3794 ita

177 3829 518 3884 decernens:
567 3828 802 3882 Pecunia
851 3837 943 3882 tua
983 3837 1150 3882 tecum
1191 3830 1262 3882 sit
1302 3829 1356 3882 in
1387 3829 1749 3898 perditionem,

177 3923 430 3990 quoniam
468 3921 788 3975 existimasti
825 3919 1021 3973 donum
1054 3919 1152 3974 Dei
1198 3921 1420 3989 pecunia
1471 3919 1747 3988 possideri.

180 4011 301 4066 Non
347 4021 431 4066 est
471 4012 567 4064 tibi
607 4026 730 4081 pars
783 4025 944 4080 neque
965 4025 1078 4063 sors
1102 4011 1158 4063 in
1191 4025 1425 4064 sermone
1478 4010 1596 4063 isto.
1647 4008 1751 4062 Cor

179 4111 322 4155 tuum
344 4118 452 4155 non
471 4103 546 4155 est
569 4109 766 4154 rectum
795 4115 972 4154 coram
1015 4098 1142 4154 Deo.
1171 4099 1542 4153 Pwnitentiam
1574 4099 1750 4168 itaque

176 4208 268 4261 age
290 4191 357 4246 de
390 4191 494 4244 hac
535 4190 744 4244 malitia
785 4199 898 4257 tua,
927 4198 979 4244 et
1021 4207 1147 4262 roga
1178 4189 1481 4255 Dominum,
1534 4190 1581 4243 si
1617 4190 1750 4260 forte

177 4282 483 4335 remittatur
508 4281 606 4334 tibi
628 4281 739 4334 hac
760 4281 1014 4352 cogitatio
1035 4281 1207 4334 cordis
1237 4282 1335 4334 tui.
1364 4281 1428 4334 In
1461 4281 1586 4351 felle
1611 4281 1748 4334 enim

176 4370 558 4424 amaritudinis
591 4377 640 4423 et
693 4368 1010 4440 obligatione
1040 4370 1337 4440 iniquitatis
1379 4371 1522 4423 video
1551 4380 1597 4423 te
1616 4386 1742 4424 esse.

175 4456 508 4528 Respondeas
551 4466 726 4512 autem
749 4457 953 4523 Simon,
985 4458 1159 4511 dixit:
1205 4456 1509 4511 Precamini
1559 4466 1610 4512 et
1657 4475 1744 4512 vos

173 4563 265 4616 pro
292 4565 374 4602 me
395 4548 466 4602 ad
493 4547 795 4613 Dominum,
821 4555 877 4600 ut
903 4545 1037 4599 nihil
1075 4547 1247 4600 veniat
1277 4563 1431 4617 super
1460 4565 1538 4603 me
1561 4549 1746 4602 horum

173 4653 287 4705 qua
313 4637 530 4690 dixistis
555 4635 693 4705 (Act.
719 4634 856 4705 vui).
891 4634 957 4688 Et
978 4643 1106 4690 nota
1130 4636 1306 4706 ipsum
1331 4637 1744 4693 lueresiarcbam

173 4720 453 4778 Simonem
501 4721 714 4793 Magum
762 4738 860 4794 pro
905 4724 1020 4779 sola
1051 4723 1256 4779 nefaria
1308 4725 1632 4795 cogitatione
1674 4727 1743 4780 ab

172 4811 453 4881 aquivcco
482 4827 584 4868 suc
625 4813 962 4890 damnatum,
999 4830 1161 4883 quem
1197 4814 1442 4867 videlicet
1463 4811 1742 4882 spiritualc

171 4901 405 4957 cilicium
451 4901 680 4958 mercari
719 4903 1060 4984 solummodo
1100 4903 1389 4974 cogitasse,
1433 4904 1740 4961 nullatenus

170 5001 349 5049 autem
373 5002 486 5047 tam
500 4991 761 5046 nefariam
775 4993 1190 5062 negotiationem
1204 4995 1431 5065 legimus
1449 4996 1700 5067 implesse
1717 5016 1728 5052 :

169 5081 389 5138 videsne
416 5096 580 5150 quam
633 5081 1024 5137 rationabiliter
1067 5083 1144 5137 illi
1177 5084 1500 5140 damnentur
1554 5087 1647 5156 qui
1681 5097 1737 5142 et

170 5181 276 5228 tam
332 5174 627 5236 inliiantr-r,
655 5182 714 5228 ut
752 5172 939 5229 Simon
980 5174 1184 5245 Magus,
1223 5177 1522 5245 spiritualia
1563 5179 1733 5233 cilicia

171 5262 398 5316 mercari
424 5261 837 5330 concupiscunt,
863 5272 918 5318 et
938 5263 1160 5333 insuper
1184 5264 1542 5320 desideratam
1578 5281 1735 5335 nego-
1781 5317 1788 5322 _

169 5350 448 5406 tiationem
503 5351 830 5421 perﬁciunt:
894 5363 949 5409 et
997 5353 1091 5423 qui
1145 5363 1201 5409 et
1249 5357 1434 5410 ca-lem
1479 5356 1735 5410 scelerate

171 5441 434 5512 acquisita
479 5439 802 5499 sceleratius
845 5445 943 5512 uti,
999 5445 1110 5499 imo
1136 5445 1284 5500 abuti
1323 5463 1432 5501 non
1460 5455 1732 5513 verentur,

171 5533 306 5588 unde
341 5548 449 5589 non
481 5547 681 5604 parum
710 5531 883 5602 ipsum
931 5535 1206 5591 Simonem
1254 5536 1466 5607 Magum
1488 5536 1541 5590 in
1576 5538 1732 5606 culpa

170 5621 464 5690 pracedere
521 5622 795 5676 videntur.
850 5624 942 5679 lllc
989 5627 1134 5681 enim
1170 5629 1517 5696 emptionem,
1566 5642 1728 5694 quam

173 5713 305 5770 male
345 5713 687 5783 concupivit,
733 5715 1036 5774 nullatenus
1079 5719 1146 5772 ad
1169 5719 1415 5773 cifcctum
1459 5717 1722 5786 perduxit,

1857 3303 1960 3340 nus
1985 3288 2386 3356 impositicncm
2409 3288 2746 3356 perveniunt,
2770 3289 2862 3341 sed
2900 3297 2954 3341 et
2976 3290 3098 3341 illos
3127 3289 3220 3356 qui
3243 3297 3297 3342 ct
3317 3291 3426 3343 alia

1854 3362 2173 3430 clericorum
2200 3376 2374 3429 cilicia
2413 3391 2508 3444 per
2552 3376 2837 3444 pecuniam
2879 3375 3188 3445 acquirunt.
3231 3374 3426 3451 Omnia

1853 3475 2032 3520 autem
2063 3467 2117 3518 in
2136 3465 2401 3534 ejusmodi
2431 3465 2619 3520 ciliciis
2641 3473 2896 3535 operatur
2925 3481 3067 3520 unus
3094 3473 3258 3535 atquc
3282 3467 3424 3521 idem

1857 3555 2088 3626 Spiritus
2114 3554 2169 3626 (1
2195 3555 2316 3610 Cor.
2360 3557 2481 3625 xu),
2503 3556 2660 3625 cujus
2693 3556 2896 3610 donum
2945 3571 3052 3610 non
3099 3557 3287 3626 gratis,
3321 3558 3418 3612 scd

1852 3663 1948 3716 per
1976 3647 2208 3716 pretium
2244 3647 2375 3700 dare
2428 3655 2482 3700 et
2526 3647 2789 3715 aeciperc,
2818 3662 2925 3700 non
2946 3647 3292 3710 catholicum,
3330 3646 3422 3700 sed

1852 3735 2222 3790 indubitanter
2246 3745 2330 3789 est
2358 3733 2750 3790 Simoniacum.

1921 3827 1990 3881 Χ.
2025 3826 2347 3881 Mcdiatcres
2377 3842 2595 3896 quoque
2630 3825 2792 3893 hujus
2822 3821 3222 3877 ncfandissimm
3258 3839 3423 3896 nego-

1851 3917 2092 3972 tiationis
2119 3917 2187 3970 ab
2213 3917 2330 3984 ipso
2361 3930 2488 3968 vase
2515 3912 2793 3968 electionis
2819 3912 3168 3978 damnantur,
3203 3914 3296 3983 qui
3327 3930 3422 3970 eos

1853 4009 1926 4062 ita
1972 4009 2307 4062 detestatur:
2353 4005 2487 4057 Nam
2522 4004 2668 4073 digni
2697 4011 2827 4058 sunt
2860 4013 3035 4058 morte
3086 4019 3194 4058 non
3243 4005 3421 4059 solum

1850 4096 1944 4166 qui
1994 4095 2227 4149 nefanda
2275 4093 2500 4158 faciunt,
2556 4093 2650 4148 scd
2672 4094 2765 4163 qui
2817 4093 3139 4147 facientibus
3186 4107 3420 4146 consen-

1851 4187 1993 4241 tiunt
2017 4185 2188 4256 (Rom.
2221 4184 2282 4254 ι).
2309 4184 2440 4240 Item
2466 4179 2755 4246 citharista
2787 4193 2971 4237 noster
3005 4183 3171 4236 David
3199 4200 3212 4235 :
3258 4181 3317 4234 Si
3338 4183 3418 4235 vi-

1849 4277 2029 4343 debas,
2067 4276 2264 4347 inquit,
2289 4277 2478 4345 furem,
2515 4277 2758 4328 currebas
2806 4289 2923 4325 cum
2943 4289 3002 4326 eo
3043 4271 3219 4343 (Psal.
3246 4277 3415 4344 XLIX).

1851 4366 1918 4422 Et
1946 4366 2116 4421 illud:
2153 4365 2224 4420 0s
2256 4361 2712 4418 tuum‘abundavit
2753 4362 3002 4427 malitia;
3037 4372 3087 4416 et
3109 4362 3291 4433 lingua
3328 4373 3420 4419 tua

1850 4455 2196 4512 concinnabat
2223 4453 2371 4505 dolos
2400 4451 2614 4522 (Ibid.).
2645 4450 2846 4507 Deinde
2895 4452 2948 4505 in
2980 4454 3177 4507 eodem
3208 4442 3419 4522 psalmo

1779 4517 1822 4570 Ι)
1847 4542 2102 4599 terribilis
2123 4539 2388 4595 sententia
2408 4517 2477 4594 de
2503 4517 2814 4610 hujusmodi
2852 4549 3187 4595 assentatore
3209 4517 3418 4609 profer-

1847 4645 1954 4701 tur,
1986 4633 2233 4688 videlicet
2278 4633 2425 4704 qucd
2470 4649 2501 4688 a
2538 4632 2769 4688 Domino
2813 4634 3142 4704 arguendos,
3183 4648 3281 4686 nec
3319 4649 3416 4702 per

1844 4724 2078 4793 aliquem
2120 4739 2151 4778 a
2199 4739 2363 4778 manu
2400 4723 2615 4778 Domini
2640 4723 2894 4792 deinceps
2938 4720 3273 4802 eripiendus.
3305 4720 3418 4777 Nec

1842 4816 2057 4870 mireris
2109 4815 2154 4870 si
2197 4813 2499 4884 spiritualis
2543 4813 2703 4870 cilicii
2741 4819 3010 4866 mercator
3045 4811 3147 4865 sub
3194 4814 3416 4869 nomine

1842 4907 1978 4962 furis
2001 4908 2332 4978 designetur,
2357 4922 2484 4962 cum
2525 4907 2594 4960 ab
2626 4906 2740 4973 ipsa
2775 4901 3016 4957 Veritate
3042 4903 3097 4957 in
3124 4902 3415 4975 Evangelio

1840 4998 1913 5053 ita
1953 4998 2302 5052 nominetur:
2356 4995 2460 5061 Qui
2504 4995 2649 5049 enim
2693 4993 2909 5049 aliunde
2943 4993 3110 5048 intrat
3159 4994 3263 5048 nisi
3319 5010 3415 5063 per

1840 5088 2062 5152 ostium,
2089 5102 2194 5141 non
2210 5095 2396 5155 pastor
2420 5084 2626 5150 ovium,
2655 5085 2749 5140 sed
2780 5084 2867 5138 fur
2890 5094 2943 5138 et
2965 5085 3104 5136 latro
3127 5099 3396 5153 nuncupa-

1840 5189 1931 5232 tur
1959 5193 1990 5231 a
2021 5177 2251 5230 Domino
2283 5174 2462 5245 (Joan.
2517 5177 2594 5246 Χ).
2625 5175 2826 5245 Nempe
2877 5174 3058 5228 nullus
3088 5172 3142 5226 in
3170 5173 3408 5228 Ecclesia

1839 5269 2090 5338 praelatus
2142 5283 2238 5336 per
2282 5267 2505 5332 ostium,
2538 5268 2640 5322 hoc
2661 5275 2742 5320 est
2771 5280 2866 5332 per
2894 5264 3071 5333 ipsum
3098 5264 3404 5325 Dominum,

1839 5359 1904 5414 ad
1931 5359 2254 5429 pastoralem
2277 5374 2465 5413 curam
2499 5357 2737 5421 intravit,
2768 5355 2862 5424 qui
2906 5371 3001 5425 per
3028 5352 3328 5416 avaritiam,
3355 5353 3404 5405 id

1835 5452 2212 5507 cstidclcrum
2259 5450 2590 5511 servitutem,
2618 5446 2684 5501 ad
2735 5447 2838 5502 hoc
2885 5446 3114 5501 cilicium
3139 5445 3401 5510 pervenit.

1837 5541 1955 5596 Non
2005 5550 2088 5596 est
2151 5555 2278 5608 ergo
2331 5537 2613 5608 indignum
2683 5535 2991 5607 hujusmodi
3047 5541 3400 5586 mercatorem

1835 5632 1945 5686 sive
2013 5628 2404 5684 mercenarium
2475 5629 2578 5684 sub
2644 5629 2860 5682 nomine
2923 5623 3060 5677 furis
3118 5621 3398 5684 infamari,

1837 5723 1994 5791 cujus
2022 5719 2274 5773 furtivam
2297 5719 2640 5788 irrcpticuem
2675 5733 2780 5771 non
2809 5714 3022 5783 expavit
3046 5711 3265 5766 imitari.
3295 5709 3400 5763 ﬂu-
