3944 6408
494 424 597 478 ’ῖϋό

1162 422 1217 475 S.
1250 421 1574 478 GRECORII
1611 422 1700 477 \‘Il
1738 424 1886 479 OPP.
1929 423 2082 480 PAR!

2186 426 2232 481 Ἰ.
2272 458 2340 467 --
2378 426 2690 484 CONCILIA
2735 424 3036 485 ΒΟΜᾹΝΑ.

3628 435 3739 492 ’164

482 535 583 603 jus
627 540 809 588 autem
860 531 1302 588 criminosissimi
1346 536 1686 590 mercimonii
1732 537 2061 593 mediatorcs
2090 542 2132 596 Α
2161 555 2301 610 opus
2329 539 2704 606 interdicatur,
2729 541 2899 610 quiet
2920 558 3018 612 pro
3049 544 3177 612 ipsa
3204 543 3611 602 cohabitatione
3650 547 3740 602 fe-

489 640 597 677 non
648 624 977 695 negligenter
1035 625 1315 678 attendant.
1371 624 1519 679 Giezi
1563 642 1795 696 puerum
1859 628 2059 683 Eliszci.

490 713 583 784 qui
613 731 678 767 ex
701 717 854 784 parte
902 716 1107 770 .tomini
1139 716 1248 783 sui,
1272 732 1339 772 eo
1379 717 1599 788 quidem
1629 718 1919 784 nesciente,
1948 735 2067 773 mu-

490 820 618 856 nera
646 812 837 873 sponte
882 805 1066 871 ,oblata
1120 808 1359 879 suscepit
1392 824 1424 862 a
1470 807 1713 862 Naaman
1780 807 1937 881 Syro,
1973 810 2068 880 qui
2100 870 2104 873 ,

484 894 597 963 jam
627 910 659 948 a
684 896 828 964 lepra
852 891 1146 953 mundatus
1174 905 1259 952 est
1286 898 1356 952 ab
1387 897 1582 953 Elismo
1617 900 1896 968 propheta.
1923 899 2066 954 Idem

490 982 688 1052 quippe
753 984 903 1039 Giezi
934 1026 948 1049 ,
1001 985 1126 1039 licet
1193 987 1335 1041 inter
1403 986 1661 1042 Elisamm
1704 997 1760 1042 et
1822 987 2065 1045 Naaman

489 1073 703 1128 medius
749 1072 959 1129 nefarie
997 1075 1324 1142 lucraretur,
1357 1085 1612 1131 neutrmn
1663 1086 1843 1132 tamen
1880 1095 2066 1134 secum

490 1163 710 1218 sceleris
747 1162 873 1219 fecit
908 1164 1150 1235 ejusdem
1176 1166 1494 1220 olmoxium.
1526 1165 1661 1232 Nam
1692 1176 1746 1222 et
1773 1168 1864 1222 ille
1902 1184 2067 1239 spon-

491 1261 710 1309 tanram
753 1255 1079 1310 oblationem
1122 1257 1289 1311 sortis
1321 1257 1607 1327 eleganter.
1629 1259 1865 1328 respuit,
1900 1276 2064 1330 quam

492 1342 595 1397 iste
623 1361 749 1401 -non
794 1346 953 1414 quasi
998 1362 1065 1400 ex
1102 1347 1282 1400 debito
1312 1348 1573 1415 ementis,
1612 1349 1707 1405 scd
1730 1365 1798 1409 ex
1834 1341 2066 1421 benigno

490 1433 685 1488 all‘ectu
746 1438 975 1502 mentis,
1036 1436 1328 1492 liberaliter
1382 1439 1612 1505 obtulit;
1669 1440 1763 1494 sed
1812 1434 2065 1511 quamvis

492 1522 640 1577 Giczi
668 1533 921 1578 neutrum
960 1526 1154 1581 borum
1192 1527 1245 1582 in
1272 1528 1500 1587 crimine
1534 1544 1719 1584 secum
1753 1532 2063 1598 attraxerit,

494 1611 587 1664 sed
627 1627 685 1666 se
721 1614 896 1667 solum
934 1614 988 1669 in
1016 1616 1116 1671 hos
1148 1617 1385 1671 medium
1418 1618 1649 1687 simplici
1676 1620 1901 1674 crimine
1929 1620 2067 1675 obli-

491 1703 698 1773 gaverit
719 1745 734 1769 ,
759 1704 873 1774 ipse
894 1714 1075 1760 tamen
1114 1716 1169 1760 et
1197 1722 1390 1763 onmes
1421 1717 1476 1763 ct
1500 1710 1706 1778 posteri
1753 1726 1852 1780 pro
1878 1711 2065 1765 eadem

492 1794 651 1862 culpa
696 1794 949 1864 leguntur
990 1796 1335 1852 severissime
1364 1798 1571 1869 puniti;
1610 1800 1702 1855 sed
1744 1783 2063 1870 etlepram,

2169 629 2440 684 minarum
2467 645 2585 689 non
2609 630 2786 685 solum
2829 630 2898 684 de
2927 630 3230 686 ministerio
3276 633 3495 700 altaris,
3528 635 3622 691 sed
3664 636 3741 691 de

2166 719 2424 774 clericatu
2469 734 2572 774 suo
2614 720 2910 790 periclitari
2945 720 3071 788 jure
3115 730 3425 796 censentur.
3472 722 3584 779 Nec
3628 725 3742 780 hoc

2167 816 2378 862 tantum
2407 807 2474 862 de
2502 808 2893 877 sacerdotibus,
2928 809 3027 864 sed
3058 809 3124 865 de
3160 810 3414 867 omnibus
3440 812 3621 869 sacris”
3642 829 3743 868 or-

2165 895 2384 950 dinibus
2424 896 2700 951 evidenter
2741 896 3068 961 decentitur.
3113 896 3244 952 Item
3268 896 3744 955 'Neoczsareense

2165 986 2480 1050 concilium,
2511 986 2655 1055 quod
2681 995 2808 1041 ante
2833 984 3110 1045 Niczenum
3135 988 3429 1044 concilium
3459 988 3630 1045 fuisse
3657 991 3745 1044 le-

2164 1075 2329 1145 gitur,
2365 1076 2544 1146 capite
2576 1074 2754 1146 primo
2785 1076 3062 1132 decrevit:
3099 1075 3387 1149 Presbyter
3413 1079 3460 1133 si
3505 1094 3743 1133 uxorem

2164 1164 2402 1230 duxerit,
2444 1166 2514 1219 ab
2547 1165 2737 1220 ordine
2780 1166 3133 1236 deponatur;
3167 1166 3214 1222 si
3253 1182 3385 1222 vero
3428 1166 3743 1224 fornicatus

2164 1252 2363 1321 fuerit,
2407 1264 2502 1309 aut
2533 1255 2859 1311 adulterium
2883 1256 3292 1326 perpetraverit,
3330 1259 3565 1329 amplius
3610 1257 3745 1329 pelli

2163 1344 2343 1411 debet,
2373 1353 2429 1400 et
2452 1346 2519 1400 ad
2543 1335 2913 1416 paenitentiam
2933 1346 3123 1417 redigi.
3584 1350 3587 1353 ’

2232 1434 2671 1491 Chalcedonense
2694 1436 2858 1491 etiam
2887 1435 3203 1501 concilium,
3239 1435 3386 1506 quod
3411 1436 3560 1506 ipsas
3591 1435 3747 1493 Neo-

2164 1528 2527 1581 cae’sarcenses
2573 1533 2628 1580 et
2672 1524 2950 1591 Nicaenas,
3000 1524 3113 1580 imo
3143 1526 3388 1580 amntium
3420 1535 3745 1583 sanctorum

2164 1615 2387 1671 Patrum
2422 1616 2732 1672 sanctiones
2766 1623 2898 1677 ante
2936 1616 3114 1685 ipsum
3146 1624 3472 1681 transactas,
3503 1624 3565 1671 ut
3598 1630 3745 1686 prte-

2164 1705 2367 1760 dietum
2393 1716 2496 1772 est,
2531 1705 2837 1771 conﬁrmat,
2867 1705 3029 1759 etiam
3054 1705 3368 1761 earumdem
3394 1708 3753 1781 sanctionurn.

2165 1796 2609 1865 praevaricatores
2642 1795 2963 1867 generaliter
2986 1795 3062 1849 ita
3086 1795 3412 1850 condemnat
3439 1797 3619 1866 capite
3642 1797 3741 1850 10:

492 1898 525 1936 a
554 1898 662 1951 qua
703 1884 997 1939 mundatus
1036 1896 1120 1941 est
1154 1885 1430 1954 Naaman,
1473 1888 1630 1959 quasi
1666 1888 2064 1944 haereditariam
2096 1884 2140 1940 Β
2164 1884 2272 1940 Eos
2301 1895 2481 1941 autem
2524 1886 2618 1957 qui
2654 1885 2775 1941 ausi
2796 1883 2999 1939 fuerint
3022 1900 3119 1954 per
3170 1884 3303 1957 [lege
3339 1894 3506 1954 post.,
3539 1884 3743 1957 ﬂiam]

494 1969 549 2024 in
593 1972 980 2042 sempiternum
1016 1976 1212 2031 sortiti.
1248 1976 1589 2047 Quapropter
1618 1979 1942 2035 mediatores
1977 1979 2066 2035 Si-

494 2062 759 2116 moniacre
812 2063 1195 2133 negotiationis
1247 2067 1529 2121 attendant
1584 2083 1747 2138 quam
1794 2068 2068 2135 districta,

494 2148 608 2205 into
654 2168 819 2222 quam
863 2154 1261 2213 districtissime
1311 2158 1421 2212 sint
1463 2160 1793 2226 damnandi,
1830 2159 1926 2230 qui
1960 2175 2069 2214 non

495 2243 673 2297 solum
699 2260 757 2299 se
781 2244 928 2315 ipsos
945 2287 961 2312 ,
986 2248 1078 2301 sed
1106 2258 1157 2303 et
1181 2249 1302 2303 illos
1323 2265 1558 2318 quorum
1594 2251 1920 2305 mediatores
1942 2257 2072 2305 sunt

499 2332 603 2386 snb
623 2341 822 2385 acterna
849 2333 1196 2389 damnatione
1222 2351 1405 2390 secum
1419 2346 1737 2406 posuerunt.
1764 2337 2069 2409 Satisergo,

498 2428 562 2474 ut
604 2422 828 2491 opinor,
870 2421 1202 2478 declaratum
1240 2435 1322 2480 est
1354 2442 1516 2495 quam
1548 2442 1892 2497 summopere
1930 2439 2071 2498 pm-

499 2508 672 2565 dictas
701 2510 871 2564 nostri
910 2513 1192 2583 apostolici
1216 2516 1526 2569 sanctiones
1547 2517 1790 2570 venerari
1813 2526 1867 2571 et
1886 2518 2073 2572 obser-

498 2614 626 2654 vare
671 2600 966 2655 debeamus
989 2643 1005 2667 ,
1057 2619 1197 2673 quas
1247 2619 1357 2658 non
1395 2606 1572 2660 solum
1611 2621 1676 2660 ex
1710 2606 1984 2677 synodicis
2020 2616 2102 2662 et'

503 2690 831 2747 authenticis
882 2701 1194 2748 sanctorum
1248 2693 1473 2749 Patrum
1524 2675 1805 2751 sententiis
1857 2711 2076 2766 proma-

503 2798 696 2857 nasse,
736 2782 830 2837 sed
862 2783 1024 2837 etiam
1047 2800 1112 2840 ex
1139 2787 1499 2855 propheticis,
1528 2788 1851 2857 evangelicis
1869 2796 1925 2841 et
1945 2802 2076 2856 apo-

505 2870 711 2926 stolicis
747 2872 1032 2941 scripturis
1065 2874 1398 2942 processisse
1419 2877 1706 2945 probatum
1742 2885 1826 2930 est
1866 2876 2079 2930 eviden-

504 2961 731 3016 tissime.
759 2959 878 3031 Ipsa
899 2962 1147 3018 videlicet
1169 2963 1379 3019 Veritas
1404 2966 1613 3032 eadem,
1635 2975 1690 3022 ct
1710 2982 1805 3036 per
1819 2967 2073 3036 seipsam,

502 3060 559 3107 et
606 3067 691 3122 per
748 3067 877 3106 suos
908 3052 1091 3106 ﬁdeles
1132 3054 1501 3109 indubitanter
1530 3055 1918 3124 promulgavit,
1956 3070 2078 3123 qua:

505 3151 562 3214 et
594 3142 699 3197 sub
732 3142 872 3197 ﬁdeli
912 3145 1257 3199 attestatione
1293 3146 1452 3200 nobis
1485 3146 1616 3200 dicit
1648 3164 1660 3199 :
1697 3145 1889 3210 Amen,
1927 3161 2078 3198 amen

508 3224 628 3286 dico
672 3233 812 3286 robis
848 3249 866 3285 :
906 3232 966 3287 Si
989 3235 1105 3303 quis
1130 3250 1415 3288 sermonem
1447 3247 1616 3288 meum
1645 3236 1951 3298 servaverit,
1976 3250 2079 3286 non

508 3321 700 3375 videbit
725 3332 938 3376 mortem
964 3324 1016 3376 in
1043 3333 1295 3377 wleruum
1333 3323 1514 3393 (Joan.
1536 3324 1711 3392 xvm).
1748 3322 1878 3376 Item
1899 3322 2025 3376 alibi
2062 3340 2095 3374 :-

512 3408 571 3464 Si
612 3413 728 3480 quis
775 3410 953 3480 diligit
985 3427 1095 3476 me,
1126 3427 1413 3464 sermonem
1449 3426 1619 3463 meum
1649 3409 1873 3463 servabit
1897 3406 2077 3478 (Joan.

512 3500 646 3567 xw).
687 3497 829 3569 Ergo
871 3501 964 3569 qui
997 3500 1249 3555 mandata
1282 3501 1403 3571 ejus
1446 3516 1555 3554 non
1587 3500 1868 3565 observat,
1908 3499 2080 3569 ipsam

516 3586 811 3643 Veritatem
839 3604 947 3643 non
978 3599 1128 3645 amat
1160 3610 1172 3644 :
1223 3590 1326 3656 Qui
1362 3601 1537 3645 autem
1575 3607 1677 3643 non
1703 3590 1908 3659 diligit,
1947 3598 2083 3644 atte-

513 3688 695 3735 stante
726 3689 916 3734 sancto
935 3680 1162 3748 Joanne,
1200 3691 1369 3735 nzanet
1401 3684 1455 3735 in
1478 3690 1643 3734 morte
1667 3677 1755 3750 (Il
1787 3677 1946 3734 Joan.
1968 3680 2082 3748 m);

514 3776 610 3845 qui
661 3791 788 3831 vero
845 3776 1025 3831 divina
1082 3786 1346 3847 pnecepta
1402 3774 1729 3842 contemnit,
1778 3774 2086 3829 nullatenus

516 3878 745 3922 mortem
782 3867 1152 3937 subterfugere
1179 3868 1393 3922 valebit.
1788 3932 1802 3945 χ

589 3957 679 4011 X1.
729 3956 972 4013 Tertium
1018 3966 1198 4012 autem
1228 3958 1511 4027 apostolici
1564 3956 1738 4011 nostri
1785 3964 2084 4022 statutum,

520 4048 667 4117 quod
710 4048 1171 4103 incontinentibus
1226 4048 1436 4103 clericis
1486 4046 1847 4102 ministerium
1904 4048 2090 4102 altaris

521 4139 823 4205 interdicit,
868 4139 1222 4195 nihilominus
1264 4139 1543 4194 deﬁnitum
1575 4146 1659 4193 est
1694 4155 1724 4193 a
1769 4139 1974 4193 sanctis
1997 4137 2093 4192 Pa-

523 4228 729 4293 tribus,
754 4236 838 4282 est
859 4228 1002 4281 enim
1027 4230 1287 4297 scriptum
1320 4230 1375 4283 in
1409 4228 1629 4285 Nicamo
1655 4229 1917 4304 concilio,
1946 4228 2092 4298 quod

525 4316 825 4373 tiiaximum
867 4317 1115 4372 estinter
1146 4326 1384 4387 quatuor
1416 4319 1646 4372 concilia
1668 4317 1970 4389 Evangeliis
2005 4317 2095 4372 ad-

523 4415 737 4479 :ejuata
758 4447 773 4471 ,
797 4407 973 4476 capite
1006 4409 1165 4462 tertio
1204 4428 1216 4461 :
1245 4408 1519 4464 luterdicit
1560 4424 1656 4478 per
1689 4410 1869 4462 omnia
1901 4425 2095 4478 magna

2105 3204 2146 3259 C

2168 1975 2542 2033 ditlinitionem
2589 1991 2800 2047 magna:
2856 1984 2912 2030 et
2954 1975 3280 2030 universalis
3337 1975 3504 2045 hujus
3546 1976 3744 2046 synodi

2169 2083 2506 2139 quaecunque
2528 2083 2595 2123 ex
2619 2067 2703 2122 his
2730 2081 2852 2136 quae
2871 2075 2998 2121 sunt
3019 2065 3295 2136 prohibita,
3321 2074 3627 2139 penetrare,
3650 2065 3749 2121 de-

2169 2157 2341 2212 crevit
2372 2165 2558 2212 sancta
2580 2157 2822 2227 synodus
2848 2171 2879 2208 a
2904 2155 3125 2225 proprio
3154 2156 3321 2225 gradu
3352 2155 3625 2211 recedere.

2241 2246 2375 2302 ltem
2422 2246 2775 2302 beatissimus
2826 2261 2965 2315 papa
3008 2245 3287 2311 Silvester,
3333 2245 3428 2315 qui
3469 2244 3746 2300 Nieeenam

2171 2336 2437 2408 synodum
2467 2334 2814 2407 congregavit
2857 2344 2913 2390 et
2957 2335 3202 2393 eamdem
3233 2334 3533 2405 apostolica
3557 2344 3749 2391 aucto-

2171 2427 2330 2482 ritate
2365 2427 2760 2492 corroboravit,
2789 2425 2843 2480 in
2893 2426 3010 2480 suis
3039 2425 3392 2497 synodalibus
3413 2426 3649 2481 decretis
3672 2426 3751 2480 ita

2171 2518 2414 2573 decernit
2444 2517 2620 2586 capite
2654 2525 2809 2571 sexto
2839 2535 2853 2569 :
2890 2514 3059 2569 Nemo
3085 2515 3368 2585 presbyter
3402 2531 3435 2570 a
3456 2515 3545 2570 die
3567 2515 3751 2570 hono-

2172 2609 2250 2662 ris
2270 2607 2589 2678 presbyterii
2620 2613 2803 2662 sumat
2837 2604 3151 2676 eonjugium
3186 2622 3199 2658 :
3232 2605 3379 2675 quod
3426 2607 3473 2661 si
3500 2604 3629 2675 quis
3649 2619 3751 2660 ne-

2173 2697 2348 2768 glecto
2387 2698 2490 2753 hoc
2519 2698 2676 2752 aliter
2718 2696 2908 2767 egerit,
2938 2695 3226 2750 duodecim
3259 2695 3419 2750 annis
3436 2710 3562 2749 eum
3582 2696 3754 2766 jube-

2174 2803 2299 2842 mns
2327 2787 2524 2856 privari
2554 2788 2792 2852 honore;
2824 2784 2971 2855 quod
2994 2785 3041 2839 si
3066 2784 3191 2854 quis
3212 2791 3404 2839 contra
3431 2784 3537 2839 hoc
3560 2785 3755 2840 chiron

2175 2878 2439 2947 graphum
2475 2891 2715 2946 praesens
2740 2885 2795 2930 et
2816 2875 3031 2945 publice
3067 2874 3273 2929 dictum
3298 2875 3489 2946 egerit,
3516 2874 3757 2931 damna-

2175 2968 2322 3022 bitur
2346 2968 2401 3021 in
2424 2976 2765 3037 perpetuum.

2247 3057 2377 3112 Item
2413 3058 2605 3112 beatus
2649 3055 2884 3111 Siricius
2912 3070 3050 3126 papa
3080 3055 3137 3109 in
3162 3055 3396 3113 decretis
3424 3055 3543 3111 suis
3574 3056 3767 3127 capite

2179 3147 2408 3216 septimo
2440 3166 2454 3201 :
2478 3145 2715 3212 Quilibet
2741 3148 3031 3215 episcopus
3065 3147 3350 3218 presbyter
3375 3154 3540 3217 atque
3561 3146 3757 3203 diaco-

2182 3252 2307 3301 nus,
2351 3236 2494 3305 quod
2528 3250 2636 3289 non
2690 3243 2964 3305 optamus,
3010 3234 3286 3304 deinceps,
3313 3236 3360 3289 si
3408 3236 3765 3292 incontinens

2183 3326 2347 3381 fuerit
2381 3327 2653 3391 inventus,
2678 3326 2793 3395 jam
2828 3314 2977 3380 nunc
3008 3324 3111 3379 sibi
3138 3340 3234 3394 per
3263 3339 3366 3381 nos
3389 3339 3606 3381 omnem
3653 3326 3764 3381 ad-

2183 3417 2319 3472 itum
2369 3416 2718 3487 indulgentize
2743 3415 3007 3486 intelligat
3041 3415 3378 3489 obseratum.
3410 3414 3542 3471 item
3563 3416 3620 3470 in
3645 3416 3767 3472 eis-

2182 3511 2305 3565 dem
2353 3509 2530 3579 capite
2570 3507 2895 3563 duodecimo
2933 3523 2946 3559 :
2981 3506 3235 3561 Feminas
3278 3508 3440 3561 etiam
3478 3522 3589 3561 non
3617 3508 3775 3563 alias

2182 3616 2305 3657 esse
2353 3599 2592 3670 patimur
2620 3599 2675 3652 in
2718 3597 2972 3653 domibus
3011 3596 3359 3662 clericorum,
3385 3596 3492 3652 nisi
3518 3612 3616 3655 eas
3638 3606 3774 3651 tan-

2184 3700 2322 3756 tum,
2349 3705 2489 3762 quas
2508 3696 2729 3761 propter
2756 3687 2901 3743 solas
2937 3687 3401 3742 necessitudinum
3421 3703 3622 3743 causas
3654 3688 3770 3743 ha-

2184 3782 2359 3836 bitare
2396 3796 2520 3836 cum
2552 3779 2757 3834 eisdem
2806 3777 3048 3847 synodus
3074 3775 3290 3832 Nicmna
3313 3778 3582 3847 permisit.
3622 3776 3771 3832 Item

2188 3870 2570 3926 sanctissimus
2604 3883 2741 3938 papa
2762 3866 3056 3937 Gregorius
3080 3867 3326 3922 scribens
3355 3867 3423 3920 ad
3448 3865 3772 3923 Romanum

2187 3958 2527 4017 defensorem
2551 3959 2625 4013 ita
2651 3957 2892 4013 decernit
2918 3957 3092 4027 capite
3130 3956 3342 4012 decimo
3367 3972 3382 4008 :
3411 3955 3467 4010 Si
3491 3957 3619 4027 quis
3638 3957 3773 4027 epi-

2189 4066 2499 4121 sc0porum,
2530 4064 2671 4117 quos
2712 4047 2992 4103 commissi
3026 4046 3124 4102 tibi
3168 4047 3487 4116 patrimonii
3514 4046 3641 4102 linis
3673 4046 3772 4101 in-

2189 4143 2377 4206 cludit,
2401 4155 2524 4195 cum
2557 4138 2876 4192 mulieribus
2900 4137 3123 4206 degunt,
3147 4137 3249 4190 bos
3276 4144 3338 4189 ut
3357 4136 3583 4189 omnino
3609 4150 3777 4190 com-

2191 4248 2384 4304 pescas
2435 4231 2713 4303 juhemus,
2754 4237 2808 4283 et
2843 4228 2910 4283 de
2957 4234 3154 4281 caetero
3192 4226 3301 4281 illic
3332 4241 3426 4282 eas
3456 4225 3784 4282 inhabitare

2194 4324 2343 4379 nullo
2368 4322 2529 4377 modo
2550 4319 2792 4391 patiaris,
2822 4317 3062 4387 exceptis
3101 4316 3170 4395 iis
3197 4332 3336 4387 quas
3356 4330 3643 4371 sacrorum
3674 4332 3779 4371 ca-

2194 4425 2401 4465 nonum
2442 4423 2673 4463 censura
2705 4406 2989 4475 permittit,
3025 4404 3078 4458 id
3123 4413 3207 4458 est
3242 4403 3775 4471 matrem,amitam,

526 4497 790 4569 synodus,
838 4511 961 4569 n0n_
999 4499 1274 4568 episcop0,
1317 4514 1424 4553 non
1456 4500 1771 4578 presbytero
1794 4539 1809 4566 ,
1844 4514 1951 4579 non
1981 4498 2096 4551 dia-
2132 4539 2172 4594 ο
2198 4514 2533 4574 germanam,
2554 4507 2608 4553 et
2628 4497 2763 4552 alias
2785 4494 3118 4565 bujusmodi,
3150 4495 3217 4548 de
3240 4494 3440 4564 quibus
3479 4508 3651 4563 prava
3678 4510 3780 4548 su-

529 4602 691 4651 cono,
743 4602 843 4642 nec
882 4587 1043 4642 alicui
1095 4587 1320 4641 omnino
1368 4589 1461 4657 qui
1519 4591 1571 4642 in
1613 4576 1757 4642 clero
1788 4576 1897 4652 est,
1935 4587 2096 4662 licere

529 4677 999 4735 Subintroductam
1042 4680 1240 4735 habere
1288 4679 1567 4734 mulierem
1596 4721 1610 4745 ,
1661 4679 1765 4733 nisi
1809 4677 1946 4732 forte
1982 4693 2096 4730 ma-

531 4780 703 4837 trem,
728 4777 825 4826 aut
868 4785 1146 4835 sororem,
1179 4779 1273 4825 aut
1315 4772 1537 4825 amitam
1563 4812 1579 4837 ,
1626 4769 1709 4823 vel
1744 4783 1837 4822 eas
1885 4775 2095 4820 tantum

534 4875 796 4931 personas
813 4876 935 4931 quae
955 4861 1316 4932 suspicionem
1338 4850 1616 4931 cti‘ugiunt.
1644 4858 1713 4915 Ut
1732 4868 1911 4914 autem
1937 4857 2099 4926 hujus

536 4953 729 5023 capitis
771 4952 999 5007 intentio
1042 4953 1243 5008 clarius
1277 4952 1568 5017 elucescat,
1613 4952 1934 5021 apertiorem
1981 4949 2100 5017 ejus

540 5044 949 5100 translationem
988 5043 1309 5099 subnectere
1354 5060 1461 5099 non
1522 5042 1741 5113 pigeat:
1786 5039 2107 5093 Omnimode

542 5144 732 5191 sancta
761 5136 1038 5191 interdixit
1064 5137 1331 5207 synodus,
1374 5151 1548 5205 neque
1594 5133 1882 5203 episcopo,
1933 5144 2106 5200 neque

540 5226 877 5299 presbytero,
905 5243 1080 5298 neque
1111 5226 1370 5292 diacono,
1408 5243 1581 5295 neque
1615 5225 1708 5279 ulli
1735 5223 1958 5279 omnino
1999 5222 2127 5300 cle—>

543 5317 805 5383 rieorum,
838 5315 996 5371 licere
1016 5318 1214 5372 habere
1249 5329 1433 5370 secum
1466 5312 1747 5367 mulierem
1771 5319 2105 5375 extraneam,

547 5407 654 5462 nisi
698 5406 836 5463 forte
867 5417 1037 5462 mater
1067 5409 1156 5473 sit,
1201 5417 1295 5463 aut
1332 5421 1507 5470 soror,
1546 5413 1641 5457 aut
1679 5403 1842 5457 amita
1873 5420 1887 5456 :
1932 5402 1987 5455 in
2024 5402 2111 5456 his

548 5513 782 5568 namque
805 5499 1074 5570 personis,
1106 5508 1158 5553 et
1180 5499 1370 5552 harum
1395 5495 1683 5560 similibus,
1726 5494 1979 5548 omnibus
2019 5508 2112 5546 su—

550 5594 724 5665 spicio
747 5593 1049 5648 declinatur
1082 5613 1095 5647 :
1124 5593 1215 5663 qui
1244 5593 1399 5646 aliter
1424 5599 1617 5660 praeter
1647 5591 1759 5649 lucc
1794 5590 1935 5658 agit,
1972 5586 2113 5656 peri-

553 5684 828 5739 clitabitur
860 5684 928 5738 de
952 5684 1097 5737 clero
1124 5698 1244 5737 suo.

2199 4592 2371 4663 spicio
2401 4606 2508 4645 non
2551 4587 2724 4660 possit
2749 4602 2890 4642 esse.
2921 4584 3112 4649 Melius
3150 4593 3332 4641 tamen
3371 4583 3601 4649 faciunt,
3625 4585 3678 4653 si
3715 4600 3798 4640 se'
3845 4637 3856 4647 ,

2199 4684 2361 4739 etiam
2394 4696 2425 4734 a
2456 4680 2642 4733 talium
2665 4675 3065 4731 cobabitatione
3103 4674 3434 4728 contineant.
3463 4671 3605 4729 Nam
3632 4674 3782 4746 legi-

2200 4784 2290 4828 tur
2331 4771 2476 4842 quod
2517 4770 2707 4824 beatus
2733 4765 3069 4841 Augustinus
3115 4769 3214 4818 nec
3234 4778 3359 4818 cum
3389 4779 3581 4819 sorore
3608 4765 3747 4829 habt
3778 4795 3783 4800 -

2202 4870 2320 4917 tare
2379 4857 2752 4922 consenserit;
2811 4853 3044 4909 dicens:
3079 4850 3211 4918 Quae
3254 4867 3378 4907 cum
3413 4866 3607 4909 sozore
3650 4871 3785 4911 mea

2206 4961 2334 5006 sunt
2357 4965 2574 5006 sorores
2601 4962 2737 5003 mea:
2770 4961 2881 5001 non
2903 4951 3049 5000 sunt.
3082 4937 3238 4998 Docti
3270 4958 3403 5015 ergo
3426 4944 3528 4999 viri
3558 4946 3783 5001 cautela

2206 5055 2402 5111 magna
2446 5039 2604 5094 nobis
2625 5037 2781 5091 debet
2799 5049 2923 5089 esse
2960 5034 3268 5089 instructio.
3311 5033 3378 5087 Et
3402 5042 3526 5103 post
3554 5048 3738 5104 pauca
3764 5052 3781 5087 :

2206 5128 2471 5183 Praeterea
2493 5140 2640 5182 cura:
2656 5134 2763 5179 tuae
2780 5124 2850 5180 sit
2870 5123 3088 5179 eosdem
3108 5122 3411 5177 confratres
3431 5129 3654 5177 nostros
3681 5125 3796 5179 att--

2211 5220 2437 5285 hortari,
2464 5204 2524 5273 ut
2547 5216 2823 5286 subjectos
2846 5215 2949 5269 sibi
2971 5213 3025 5268 in
3047 5211 3220 5267 sacris
3252 5209 3535 5266 ordinibus
3561 5213 3786 5268 consti-

2150 5319 2157 5325 '
2210 5316 2378 5373 tutos,
2428 5305 2572 5376 quod
2623 5304 2726 5375 ipsi
2765 5312 3004 5367 servant,
3032 5300 3099 5354 ad
3145 5300 3552 5356 similitudinem
3594 5317 3788 5365 suam,

2211 5398 2389 5453 modis
2432 5395 2685 5449 manibus
2719 5400 2935 5449 servare
2979 5396 3379 5466 commoueant.
3408 5387 3543 5443 Item
3563 5386 3788 5442 Zacha-

2212 5491 2322 5544 rias
2351 5501 2489 5557 papa
2519 5486 2575 5541 in
2612 5484 2846 5541 decretis
2886 5483 3002 5545 suis
3041 5482 3216 5552 capite
3260 5480 3439 5551 primo
3469 5496 3483 5532 :
3517 5477 3788 5534 Decerni-

2215 5596 2337 5635 mus
2366 5586 2426 5633 ut
2444 5575 2683 5647 episcopi
2717 5588 2844 5629 cum
2880 5571 3200 5628 mulieribus
3225 5569 3452 5626 omnino
3479 5567 3793 5625 non.th

2215 5679 2349 5736 tent,
2377 5685 2445 5724 ne
2472 5669 2541 5723 ab
2568 5665 2776 5737 antiqui
2816 5663 2991 5719 hostis
3017 5661 3205 5718 fraude
3237 5658 3600 5733 decipiantur.
3649 5656 3791 5715 Item

630 5772 855 5829 Videsne
901 5786 1031 5842 ergo
1057 5812 1070 5839 ,
1126 5773 1268 5841 quod
1315 5770 1532 5842 penitus
1582 5771 1792 5826 clericis
1836 5766 2117 5838 conjugalc
2221 5764 2274 5845 in
2301 5762 2501 5819 eisdem
2528 5757 2703 5827 capite
2731 5755 3015 5812 undecimo
3043 5772 3055 5807 :
3080 5752 3151 5808 Ut
3173 5751 3473 5851 presbyteri
3493 5760 3551 5806 ct
3567 5750 3797 5807 diaconi
