3944 6382
131 434 229 489 765

1318 409 1705 480 “coacti.qu
1740 417 2076 476 nomnen
2113 413 2150 470 t.

3194 363 3199 368 ’
3267 403 3367 460 τοι)

132 547 574 604 subintroductas
611 542 865 598 mulieres
895 541 1042 595 nullo
1076 538 1238 593 modo
1270 553 1452 593 secum
1501 537 1697 590 habere
1725 539 1770 594 Α
1798 532 2114 604 subiungit:
2150 526 2304 582 Nunc
2334 526 2523 579 iterum
2565 523 2682 575 dico
2721 521 2883 584 robis,
2923 519 2968 572 si
3008 519 3127 588 quis
3153 532 3369 585 συσταθε-

133 641 382 702 audcant,
406 637 514 691 nisi
539 634 766 692 forsitan
802 643 1153 688 commatrem
1180 643 1357 694 suam,
1382 639 1475 682 aut
1510 625 1696 696 proxi-

135 728 368 782 mitatem
395 722 763 794 generationis
786 720 886 775 sibi
919 720 1196 779 habentes,
1222 731 1342 785 qua:
1363 714 1700 784 suspiciones

134 814 428 884 eﬂ’ugiunt;
476 812 618 865 sicut
661 811 715 862 in
768 806 985 861 Nicamo
1031 804 1264 859 concilio
1324 805 1553 857 habetur
1589 820 1604 854 :
1642 800 1699 853 Si

135 901 254 970 quis
283 909 482 968 praeter
511 898 622 952 hare.
657 905 857 950 statuta
881 891 1286 964 praesumpserit
1310 905 1489 962 agerc,
1517 905 1698 944 sacer-

134 987 261 1043 dotii
295 988 382 1041 sui
409 987 613 1040 honore
643 984 898 1054 privetur.

203 1076 334 1130 Item
385 1076 573 1134 beatus
618 1071 975 1140 Hieronymus
1001 1070 1246 1124 scribens
1281 1070 1346 1124 ad
1402 1068 1699 1134 Oceanum,

137 1164 460 1219 autlieuticis
504 1161 1101 1231 rationibus-probavit
1151 1175 1260 1214 non
1304 1161 1466 1214 licere
1490 1159 1703 1215 clericis

139 1253 452 1308 conversari
478 1246 884 1314 cum'leminis;
910 1261 964 1305 et
996 1253 1336 1320 postmodum
1374 1249 1656 1305 subintulit
1684 1264 1697 1300 :

120 1335 288 1409 ’ρυυά
314 1343 361 1396 si
398 1351 522 1412 post
541 1350 725 1395 nostra
764 1342 968 1395 monita
1018 1341 1217 1408 aliquis
1243 1340 1473 1396 clericus
1504 1355 1697 1409 agape-

139 1445 219 1488 tas
259 1433 498 1502 amplius
548 1434 821 1502 quazsier’u
865 1445 1049 1486 amare
1092 1447 1256 1502 quam
1288 1429 1589 1494 Christum,
1613 1445 1700 1484 se—

140 1525 376 1578 cundum
419 1525 732 1588 synodalcm
784 1523 1023 1593 rcgplam
1060 1523 1435 1588 conveniatur,
1471 1531 1524 1576 et
1568 1536 1705 1591 prae-

139 1623 290 1684 cepta
317 1615 374 1668 in
398 1613 576 1676 Nicaga
597 1614 818 1668 dillimta
839 1614 887 1667 ei
916 1614 1193 1682 legantur;
1219 1613 1330 1682 iam
1349 1627 1478 1667 vero
1501 1613 1544 1667 si
1569 1627 1702 1666 con-

140 1716 332 1760 ventus
360 1703 865 1784 praxlictos'fngerit
903 1713 957 1758 et
980 1704 1275 1773 reliquerit,
1307 1703 1580 1758 consecuti
1608 1719 1703 1757 su-

139 1811 257 1850 mus
287 1797 585 1850 maximum
628 1797 857 1850 lucrum.
894 1794 1144 1864 Alioquin
1203 1796 1326 1848 talis
1362 1796 1432 1848 ab
1465 1793 1704 1848 Ecclesia

139 1878 682 1940 anathematizamus
707 1895 808 1950 est,
835 1885 1141 1956 germinant
1169 1885 1313 1939 enim
1350 1883 1565 1939 femina:
1592 1885 1704 1953 spi-

139 1989 238 2028 nas
263 1991 390 2030 cum
418 1975 553 2029 viris
581 1974 907 2040 habitantes,
939 1983 992 2028 et
1018 1989 1215 2029 arcana
1258 1974 1521 2028 mentium
1543 1982 1704 2037 acuto
1739 1983 1743 1988 '

137 2078 402 2119 mucrone
436 2064 763 2134 percutiunt.

207 2153 312 2208 Sed
343 2155 484 2223 quid
515 2154 690 2208 dicam
726 2153 977 2209 ulterius?
1006 2153 1188 2209 deheit
1213 2153 1356 2209 enim
1390 2153 1522 2208 mihi
1568 2161 1705 2206 tem-

139 2260 259 2316 pus,
313 2254 378 2298 ut
415 2259 664 2300 enarrem
710 2245 912 2299 viritim
967 2256 1187 2301 sanctos
1225 2245 1411 2300 Patres
1435 2244 1706 2315 pra-edictis

139 2335 310 2390 nostri
349 2335 633 2405 apostolici
693 2336 937 2412 statutis.
961 2335 1385 2390 subscribentes.
1422 2333 1557 2388 Nam
1589 2350 1707 2393 om-

141 2441 236 2482 nes
261 2426 535 2480 Catholici
591 2426 780 2480 eadem
812 2426 1148 2480 observanda
1186 2440 1307 2480 esse
1340 2431 1702 2489 censuerunt;

141 2514 233 2585 qui
261 2523 315 2569 et
345 2530 378 2569 a
411 2514 800 2570 sacratissimis
825 2513 888 2566 IV
917 2515 1164 2568 conciliis
1196 2515 1483 2568 dissentire
1515 2513 1705 2567 nolue-

141 2615 286 2669 runt,
321 2593 392 2659 ex
417 2604 617 2674 quibus
642 2611 826 2657 noster
850 2603 1184 2670 apostolicus
1208 2603 1427 2674 pncfata
1457 2602 1703 2672 produxit

142 2695 391 2749 decreta:
413 2701 744 2764 quapropter
767 2708 866 2748 nce-
891 2693 1087 2748 idiotas
1110 2695 1276 2748 latere
1295 2694 1525 2757 mstimo,
1543 2707 1705 2761 quam

142 2785 454 2852 periculose
482 2786 562 2837 vel
609 2784 792 2853 potius
819 2798 981 2852 quam
1031 2783 1333 2853 perniciose
1356 2783 1458 2837 sibi
1489 2782 1710 2849 suisque

145 2875 518 2929 sectatoribus
542 2873 829 2943 desipiant,
856 2873 1167 2942 quicunque
1200 2889 1297 2942 per
1317 2871 1600 2927 Sozomcni
1627 2887 1714 2924 ea-

142 2975 239 3034 put
256 2965 636 3021 sacerdotibus
663 2962 1110 3018 incontiuentiam
1155 2962 1425 3017 ascribere
1452 2977 1557 3015 non
1581 2957 1710 3013 Tor-

149 3055 626 3125 midantzquibus
662 3055 788 3110 licet
829 3053 1172 3122 superiorum
1217 3052 1570 3122 epistolarum
1619 3065 1711 3103 as-

1799 625 2061 698 lisar-erit,
2119 617 2413 692 prwter‘id
2458 616 2597 686 quod
2632 614 2928 682 accepistis,
2975 611 3252 664 anathema
3298 611 3369 661 sit

1801 716 2013 785 (Ibid).
2045 709 2185 769 Idém
2209 726 2428 783 quoque
2461 707 2870 776 Paulusipsum.
2903 702 3200 772 principem
3233 715 3366 768 apo-

1801 808 2064 862 stolorum
2102 801 2422 877 Antiochiae,
2446 799 2571 853 licet
2591 787 2833 866 eiusdem
2860 793 3003 848 sedis
3030 792 3364 860 episcopum,

1801 897 2094 952 liberaliter
2138 891 2421 962 corripuit,
2457 905 2523 944 eo
2545 889 2691 959 quod
2752 902 2857 942 non
2912 884 3128 954 quidem
3171 881 3367 951 pracdi-

1802 990 1998 1056 eando,
2031 987 2124 1042 sed
2167 1001 2268 1040 suo
2303 983 2551 1052 exemplo
2572 980 2853 1049 iudaizarc
2902 983 3138 1045 cogeret,
3163 988 3286 1026 cum
3313 988 3370 1027 se

1802 1082 2072 1135 abeorum
2105 1076 2356 1132 convivio
2382 1088 2479 1144 pro
2503 1072 2698 1126 timore
2730 1069 3040 1123 Judaim-um
3065 1063 3371 1120 simulando

1803 1172 2166 1228 subtraheret.
2197 1167 2458 1221 Praeterea
2490 1165 2605 1232 ipse
2636 1160 3026 1215 ltmrcsiarches
3051 1156 3220 1210 Ebion
3246 1169 3370 1209 cum

1805 1263 2061 1317 omnibus
2112 1259 2229 1315 suis
2285 1255 2647 1312 sectatoribus
2699 1251 2838 1304 inter
2910 1250 3148 1317 reliquos
3202 1246 3374 1299 luero-

1804 1356 1943 1409 ticos
1984 1347 2476 1406 auathematizatus
2527 1354 2610 1398 est
2659 1359 2689 1396 a
2739 1339 3106 1395 sacratissima
3166 1334 3372 1406 synodo

1803 1441 2426 1510 Constantinopolilana,
2450 1445 2504 1490 ct
2534 1454 2562 1490 a
2589 1437 2746 1489 beato
2769 1433 2986 1487 Gelasio
3011 1447 3144 1501 papa
3170 1429 3222 1480 iu
3251 1442 3375 1496 apo-

1805 1538 1994 1593 stolica
2031 1535 2158 1590 sedc
2205 1552 2218 1587 :
2251 1531 2396 1601 quod
2429 1529 2718 1583 anathema
2772 1524 2953 1578 nullus
3003 1518 3374 1587 subterfugere

1805 1632 2026 1704 poterit,
2051 1631 2364 1700 quicunque
2390 1625 2568 1693 ipsum
2612 1616 3033 1675 hzeresiarcham
3072 1627 3166 1681 per
3201 1607 3372 1661 Soro-

1794 1723 1950 1776 'meni
1977 1727 2141 1788 eaput
2161 1716 2356 1772 sectari
2391 1708 2812 1788 praesumpserit.
3089 1752 3091 1754 .

1874 1810 2011 1864 XIII.
2061 1807 2291 1874 Quidam
2340 1787 2502 1857 etiam
2529 1801 2782 1853 videntur
2812 1794 2912 1848 sibi
2952 1789 3176 1844 nimium
3203 1781 3376 1839 scboli

1805 1902 2029 1977 [scioli],
2053 1905 2357 1955 asserentes
2385 1887 2831 1948 incontinentiam
2862 1877 3235 1937 sacerdotibus
3256 1887 3378 1927 esse

1804 1974 2118 2051 concessam
2147 1989 2200 2043 in
2227 1988 2319 2041 illo
2347 1981 2585 2054 Apostoli
2624 1998 2636 2032 ε
2671 1974 3036 2042 Unusquisque
3063 1980 3213 2017 siu'un.
3240 1977 3374 2014 uxo-

1805 2103 1913 2140 rem
1937 2084 2124 2136 haleat
2168 2078 2218 2146 (1
2250 2077 2374 2132 Cor.
2417 2074 2547 2142 vn);
2582 2069 2673 2138 qui
2716 2075 2896 2120 autem
2934 2077 3039 2114 non
3071 2054 3381 2121 intelligunt

1805 2192 1927 2246 qua'
1957 2175 2278 2243 loquuntur,
2322 2180 2494 2234 neque
2528 2163 2595 2217 de
2629 2159 2828 2229 quibus
2864 2154 3129 2229 allirmant
3154 2147 3204 2219 (Ι
3238 2146 3377 2229 Tim.

1808 2267 1878 2334 t);
1903 2273 2016 2326 aut,
2050 2263 2094 2318 si
2130 2259 2469 2328 intelligunt,
2507 2267 2662 2308 suam
2716 2249 2956 2317 ipsorum
2993 2238 3378 2298 conscientiam

1807 2359 2144 2425 impugnant.
2182 2326 2340 2414 Nam,
2389 2351 2680 2400 attestautc
2716 2340 2874 2392 beato
2899 2333 3248 2400 Hieronymo,
3273 2326 3381 2380 Co-

1806 2424 1995 2502 rinthii
2029 2445 2396 2497 inter‘caitera
2446 2435 2514 2489 ab
2540 2429 2799 2501 Apostolo
2823 2424 3153 2496 qurmsica'aut
3184 2434 3253 2472 an
3281 2431 3381 2470 nn-

1808 2555 1905 2609 per
1945 2535 2151 2591 renatis
2188 2533 2240 2585 in
2275 2529 2495 2585 Christo
2524 2520 2761 2579 carnalis
2798 2516 2990 2586 Copula
3018 2513 3163 2566 licita
3191 2517 3336 2563 esset
3365 2522 3376 2557 :

1808 2603 2009 2702 quibus
2055 2628 2130 2680 ita
2171 2622 2452 2690 rescripsit
2486 2615 2821 2686 Apostolus:
2861 2608 2938 2661 De
2987 2603 3173 2676 quibus
3205 2608 3382 2652 autem
3426 2626 3435 2634 -

1809 2718 2097 2788 scripsistis
2143 2713 2294 2773 mihi,
2339 2711 2524 2762 bonum
2556 2714 2630 2758 est
2676 2703 2934 2754 hominem
2974 2694 3242 2746 mulierem
3281 2703 3384 2740 non

1812 2820 2022 2878 tangere
2081 2820 2097 2857 .'
2149 2811 2361 2873 propter
2434 2793 2836 2867 fornicatimmu
2896 2796 2985 2839 aut
3031 2781 3384 2861 unusquisque

1811 2915 1962 2954 suam
1991 2911 2202 2951 uxorem
2233 2893 2443 2956 habeat,
2477 2899 2796 2956 unaquaque
2818 2880 2987 2933 cirum
3013 2871 3186 2928 suum.
3219 2869 3384 2924 Επιῖὶ

1814 2994 1890 3046 rir
1931 2975 2163 3042 debitum
2217 2983 2425 3045 reddat,
2460 2977 2709 3032 similiter
2742 2981 2916 3024 autent
2968 2976 3015 3019 et
3069 2978 3204 3037 texier
3248 2959 3381 3012 riro.

1816 3079 2011 3133 Mulier
2050 3076 2131 3128 sui
2159 3070 2392 3141 corporis
2429 3073 2733 3137 potestatem
2771 3074 2870 3111 non
2911 3055 3119 3117 habeat,
3152 3051 3240 3105 sed
3273 3049 3384 3111 uir;

147 3156 314 3202 seruo
343 3144 593 3205 sumcere
622 3147 834 3222 deum"
888 3145 1083 3197 “erm”
1127 3152 1308 3196 tamen
1353 3157 1449 3196 ⁸⁵0⁵
1477 3155 1710 3210 Ρ¹’²¹⁵“¹⁰“
1740 3175 1780 3230 C
1814 3167 2065 3224 similiter
2093 3173 2140 3218 et
2169 3164 2248 3217 vir
2277 3162 2359 3215 sui
2407 3157 2638 3226 corporis
2676 3158 2983 3222 potestatem
3029 3160 3128 3197 non
3179 3141 3386 3204 haheat,

146 3251 271 3290 nere
292 3237 361 3291 de
389 3236 631 3291 cavendo
655 3237 994 3301 anathemate
1019 3248 1125 3286 non
1149 3233 1358 3287 tmdeat.

213 3324 329 3378 χιι.
377 3325 550 3380 Vetus
605 3325 1008 3378 Testamentum
1063 3323 1258 3390 partim
1313 3322 1365 3375 in
1418 3319 1709 3389 mysteriis,

146 3417 344 3484 partim
395 3415 453 3468 in
511 3414 810 3468 moralibus
859 3412 1142 3483 praeceptis
1196 3410 1507 3465 continetur
1548 3426 1559 3460 :
1596 3413 1710 3465 sed.

146 3507 470 3560 adveniente
499 3505 737 3569 Christo,
769 3503 999 3572 cessavit
1035 3502 1087 3555 in
1132 3500 1403 3572 mysteriis
1439 3509 1493 3554 ct
1517 3513 1712 3553 carna-

148 3597 291 3651 libus
315 3595 704 3661 observantiis,
727 3595 854 3664 quia
879 3594 992 3662 ipse
1013 3601 1098 3647 est
1127 3593 1244 3646 lint-
1277 3592 1390 3645 sive
1427 3589 1715 3658 completio

147 3685 303 3756 legis;
345 3685 404 3737 in
455 3684 752 3738 moralibus
809 3691 1088 3752 praeceptis
1125 3682 1304 3734 adhuc
1349 3689 1549 3745 manet,
1590 3693 1713 3746 quia

149 3788 366 3843 semper
414 3781 502 3826 cst
532 3771 930 3850 observandum
972 3785 984 3821 :
1029 3769 1223 3837 Diliges
1251 3769 1546 3835 proximum
1570 3774 1718 3817 tuum

149 3865 283 3918 sicut
331 3866 561 3932 teipsum
597 3861 810 3932 (Matth.
858 3860 956 3930 sit)
984 3900 1000 3927 ,
1035 3870 1084 3914 cl
1126 3860 1351 3926 reliqua.
1399 3857 1720 3923 Quicunque.

149 3973 280 4027 ergo
309 3971 379 4009 ex
411 3955 529 4024 lege
548 3955 784 4023 aliquam
827 3955 1097 4008 carnalem
1136 3951 1538 4007 observantiam
1578 3963 1719 4002 novo

149 4047 369 4117 quidem
409 4043 760 4099 Testamento
804 4044 1084 4098 adversam
1113 4043 1286 4096 adhuc
1325 4043 1716 4096 observandam

148 4153 268 4193 esse
288 4135 644 4206 dogmatizat,
668 4135 853 4204 procul
875 4133 1038 4188 dubio
1061 4147 1184 4186 cum
1211 4125 1571 4186 Galatis.'imo
1595 4145 1717 4182 cum

149 4229 448 4293 Ebionitis,
475 4227 732 4296 iudaizat.
760 4209 1055 4294 Ciiiiiugale
1095 4231 1274 4278 autem
1301 4235 1438 4289 opus
1465 4222 1718 4273 sacerdo-

149 4332 266 4378 tum
299 4323 446 4376 inter
479 4319 715 4374 carnalis
736 4319 882 4387 legis
905 4315 1302 4371 observantiam
1329 4322 1670 4378 computatur
1706 4329 1717 4363 ε

147 4415 354 4487 quibus
382 4426 626 4482 unquam
655 4408 831 4481 [forte,
861 4407 913 4462 iu
958 4421 1143 4476 quam.
1186 4402 1382 4474 Hann]
1423 4402 1720 4456 sacerdoti-

1815 3260 1905 3314 sed
1937 3257 2146 3310 mulier.
2197 3252 2377 3307 Nolite
2427 3241 2679 3319 frauddr:
2720 3243 2963 3305 invicem,
3015 3236 3118 3288 nisi
3150 3235 3284 3302 forte
3325 3245 3390 3284 ea:

1815 3363 2064 3402 consensu
2091 3345 2160 3398 ad
2186 3354 2409 3410 tempus,
2429 3318 2490 3391 ut
2514 3335 2702 3390 vacetis
2727 3329 2956 3384 orationi
2983 3325 3034 3396 tl
3060 3325 3294 3386 Cor.vn,
3312 3318 3384 3387 1):

1814 3440 1956 3508 quod
1986 3437 2057 3489 ita
2105 3433 2323 3501 exponit
2363 3432 2554 3484 beatus
2601 3423 2961 3490 Hieronymus
2997 3415 3052 3469 in
3087 3413 3227 3493 libro
3259 3425 3391 3464 eon-

1815 3502 1895 3582 tra
1922 3525 2266 3582 Jovinianum
2299 3542 2311 3576 :
2349 3518 2464 3572 Non
2513 3515 2642 3570 dixit
2678 3510 2972 3582 Apostolus
3007 3514 3227 3577 propter
3273 3502 3388 3555 lor-

1821 3617 2146 3674 nicationem
2189 3613 2354 3668 ducat
2407 3607 2786 3677 unusquisque.
2834 3615 3113 3664 uxorem,
3151 3596 3393 3673 alioquin

1825 3709 1923 3760 hac
1959 3702 2310 3758 excusatione
2347 3697 2555 3751 libidini
2591 3694 2738 3747 frena
2768 3691 3023 3748 laxasset,
3051 3695 3111 3738 ut
3151 3680 3392 3750 quoties-

1820 3809 2035 3860 cunque
2080 3805 2215 3844 uxor
2273 3787 2560 3848 moriatur,
2595 3781 2755 3836 toties
2782 3773 3027 3831 ducenda
3073 3772 3144 3825 sit
3176 3769 3300 3831 alia,
3328 3781 3396 3820 ne

1823 3880 2186 3941 lorniccmur;
2216 3876 2308 3929 sed
2333 3871 2696 3938 unusquisque
2729 3878 2941 3917 uxorem
2983 3875 3133 3913 suam
3163 3857 3347 3910 habeat
3377 3872 3392 3907 :
3439 3875 3442 3880 ’

1819 3987 2005 4036 suam,
2061 3966 2269 4035 inquit,
2319 3963 2536 4027 habent,
2591 3975 2687 4013 sua
2742 3967 2960 4019 utatur,
3014 3967 3177 4022 quam
3226 3950 3394 4002 babe-

1825 4064 1914 4116 bat
1961 4073 2249 4124 antequam
2274 4056 2515 4110 crederet
2539 4071 2551 4105 :
2586 4067 2748 4121 quam
2776 4049 2979 4102 bonum
3007 4051 3125 4098 erat
3144 4057 3255 4095 non
3278 4050 3397 4092 tan-

1821 4169 1967 4221 gere.
2002 4163 2048 4203 ei
2093 4156 2210 4217 post
2242 4147 2399 4200 ﬁdem
2436 4143 2636 4198 Christi
2680 4152 2922 4194 sororem
2963 4142 3172 4206 tantum
3212 4143 3396 4191 nosse,

1824 4256 1929 4292 non
1963 4238 2270 4312 coniugem,
2314 4235 2415 4288 nisi
2450 4229 2740 4307 loruieatio
2773 4234 2982 4280 tantum
3031 4219 3396 4276 excusabilem

1825 4330 2043 4383 laceret.
2081 4325 2262 4379 Nolite
2297 4322 2548 4392 fraudare
2583 4320 2833 4381 invicem,
2863 4315 2965 4367 nisi
3000 4314 3134 4384 forte
3171 4328 3233 4364 ex
3273 4326 3398 4363 ron-

1825 4435 1975 4473 scnsu
2009 4417 2077 4470 ad
2120 4426 2350 4485 tempus,
2385 4421 2442 4466 ut
2474 4411 2667 4465 vacetis
2711 4407 2964 4462 orationi.
2999 4403 3108 4458 Oro
3142 4412 3212 4468 te,
3242 4401 3402 4471 qua'lc

147 4507 253 4563 bus
299 4506 411 4559 hoc
459 4510 670 4555 tantum
702 4501 754 4554 in
790 4500 905 4569 lege
933 4497 1295 4553 successionis
1327 4511 1488 4548 causa
1530 4494 1714 4563 legitur

1826 4509 1954 4564 illud
1985 4509 2188 4562 bonum
2236 4513 2340 4570 cst,
2375 4503 2519 4573 quod
2549 4517 2704 4560 orare
2741 4497 3007 4570 prohibet,
3035 4494 3180 4565 quod
3205 4507 3404 4560 corpus

149 4609 507 4657 concessum,
554 4592 681 4661 quia
729 4607 791 4644 ex
829 4591 931 4642 alia
978 4589 1117 4642 tribu
1166 4588 1348 4641 nullus
1383 4603 1448 4640 eo
1486 4597 1724 4653 tempore

145 4685 404 4756 pervenit
439 4683 508 4736 ad
554 4681 933 4735 sacerdotium.
981 4679 1114 4733 Nam
1152 4686 1339 4732 nostro
1375 4687 1613 4745 tempore
1658 4692 1722 4730 cx
1758 4678 1764 4684 ’

152 4775 407 4846 quolibet
442 4784 639 4839 genere
672 4770 980 4823 sacerdotes
1020 4769 1218 4837 eligere
1259 4767 1399 4832 licet,
1444 4767 1642 4834 quibus
1674 4778 1727 4820 et

149 4868 354 4923 merito
389 4859 732 4916 interdicitur
755 4857 1040 4926 coniugale
1089 4872 1247 4925 opus,
1295 4872 1420 4909 cum
1463 4870 1570 4909 non
1613 4856 1724 4922 jam

126 4968 511 5014 successores
545 4950 778 5005 habeant
809 4947 1165 5001 necessarios.
1199 4945 1539 5015 Quapropter
1573 4947 1726 5015 quis-

151 5051 280 5120 quis
310 5057 368 5103 ct
403 5047 513 5100 hoc
539 5051 778 5112 tempore
805 5039 933 5092 illud
955 5037 1242 5093 Judaicnm
1291 5039 1603 5108 coniugium
1633 5055 1725 5093 sa-

152 5140 478 5196 cerdotibus
521 5137 683 5189 licere
720 5148 842 5187 cum
880 5130 1202 5193 Sozomeno,
1250 5129 1332 5183 vel
1391 5129 1569 5198 potius
1604 5146 1727 5184 cum

155 5228 393 5295 Ebione,
406 5225 761 5296 d‘ogmatizat,
778 5240 884 5279 non
912 5222 1240 5293 negligenter
1267 5221 1395 5274 illud
1426 5221 1731 5274 inevitabile

157 5321 459 5373 anathema
485 5314 795 5370 considerat
814 5313 991 5388 [forte,
1020 5313 1342 5369 consideret.
1373 5310 1590 5382 "ARD.],
1623 5326 1731 5379 quo

160 5409 277 5478 ipse
323 5406 627 5477 Apostolus
655 5407 956 5474 specialiter
995 5405 1341 5460 Judaicarum
1391 5403 1731 5457 observatio-

159 5515 290 5553 num
316 5495 1172 5567 pradicatores'anathematizat,
1199 5495 1414 5550 Galatas
1446 5493 1730 5562 iudaizan-

162 5596 242 5644 tes
265 5588 344 5642 ita
374 5586 664 5641 deterrens
701 5600 714 5634 :
758 5582 859 5636 Sed
887 5585 1006 5638 licet
1033 5602 1124 5640 nos
1163 5595 1254 5639 aut
1281 5584 1494 5654 angelus
1519 5583 1582 5635 de
1609 5584 1734 5635 cwlo

160 5677 487 5750 evangelizet
515 5673 681 5738 vobis,
699 5682 1042 5742 prazterquam
1070 5694 1225 5746 quam
1251 5676 1385 5747 quod
1413 5674 1736 5744 euangeliza-

165 5787 277 5830 tnus
289 5770 460 5833 vobis,
479 5764 760 5819 anathema
781 5764 1061 5838 sit(Galat.
1079 5769 1136 5837 I).
1154 5767 1283 5823 Item
1297 5783 1422 5822 vero
1441 5767 1734 5831 inculcans,

1826 4599 2028 4656 Christi
2060 4597 2304 4667 accipere
2327 4610 2434 4648 non
2458 4591 2738 4662 permittit,
2768 4587 3007 4658 qnandiu
3038 4585 3180 4638 enim
3207 4583 3402 4650 impleo

1831 4689 2008 4744 mariti
2034 4686 2292 4750 ollicium,
2321 4699 2430 4738 non
2460 4682 2659 4751 impleo
2690 4677 3038 4734 continentis.
3078 4672 3238 4725 Jubet
3262 4671 3400 4722 idem

1828 4779 2122 4848 Apostolus
2139 4776 2192 4829 in
2211 4775 2317 4828 alio
2342 4772 2462 4828 loco
2498 4780 2558 4825 ut
2581 4784 2794 4839 semper
2809 4779 3028 4843 oremus
3045 4761 3095 4832 (I
3113 4760 3289 4812 Thess.
3314 4761 3397 4828 v):

1828 4871 1872 4924 si
1917 4883 2132 4937 semper
2160 4881 2403 4930 oramus,
2445 4877 2721 4930 nunquam
2768 4853 3023 4924 coniugio
3059 4851 3402 4906 serviendum

1826 4967 1931 5018 est.
1983 4954 2425 5027 quandoquidem
2479 4949 2912 5020 quotiescunque
2961 4942 3119 4995 uxori
3163 4940 3405 4994 debitum

1828 5047 2022 5109 reddo,
2061 5023 2230 5096 orare
2253 5056 2360 5094 non
2396 5053 2640 5107 possum.
2677 5023 2768 5088 Sic
2804 5042 2858 5087 et
2893 5031 3085 5098 Petrus
3127 5029 3406 5099 apostolus

1831 5135 1988 5188 docet
2029 5128 2370 5183 Christianos
2422 5136 2484 5180 ut
2543 5125 2827 5181 inﬁrmiori
2877 5122 3101 5177 vasculo
3155 5115 3404 5172 muliebri

1832 5225 2095 5276 honorem
2128 5217 2387 5283 tribuant,
2425 5217 2493 5272 ab
2525 5231 2688 5285 Opere
2711 5212 2982 5283 coniugali
3007 5215 3302 5269 cessantes,
3339 5219 3404 5257 ne

1831 5313 2194 5382 impediantur
2216 5326 2406 5365 eorum
2429 5309 2724 5363 orationes.
2744 5303 2877 5369 Quis
2890 5314 3018 5368 ergo
3038 5311 3186 5352 sana:
3207 5294 3425 5350 mentis

1833 5406 2120 5474 praedictas
2144 5402 2374 5473 apostoli
2390 5397 2686 5456 sententias
2711 5395 2777 5448 de
2798 5387 3096 5446 exercendo
3133 5387 3403 5456 coniugali

1833 5511 1995 5565 opere
2029 5492 2405 5550 sacerdotibus
2452 5487 2712 5547 ascribat,
2759 5495 2990 5550 quorum
3024 5478 3404 5547 quotidianum

1833 5595 1916 5639 est
1954 5583 2185 5638 ollicium
2225 5594 2334 5632 non
2377 5576 2541 5630 modo
2572 5587 2748 5634 orare,
2791 5570 2881 5623 sed
2927 5577 2980 5620 et
3008 5566 3189 5619 divina
3224 5581 3404 5623 sacra—

1836 5681 2016 5726 menta
2055 5674 2422 5728 contrectare,
2451 5660 2748 5732 prtesertim
2789 5668 2912 5711 cum
2962 5655 3015 5707 in
3050 5654 3239 5708 eodem
3285 5653 3404 5705 loco

1837 5765 2000 5818 etiam
2037 5758 2256 5813 cuilibet
2297 5753 2609 5810 Christiano
2649 5761 2889 5820 tempore
2922 5745 3185 5803 orationis
3232 5743 3407 5814 iniun-
