3944 6416
534 443 629 498 70‘7

1295 440 1351 495 s.
1378 440 1699 497 cnnconu
1728 440 1817 495 vn
1843 438 1991 505 ora.
2030 438 2209 495 PARS
2244 439 2330 495 III.
2354 472 2419 482 —
2453 402 2767 499 comm
2804 445 3106 501 nonam.

3652 449 3759 505 768

534 559 694 628 gatur
732 554 1100 612 continentia?
1140 550 1341 623 Nempe
1388 555 1434 609 si
1486 555 1777 624 Apostolus
1804 554 1891 608 his
1933 552 2095 607 etiam
2126 553 2172 607 A
2196 549 2522 609 feminarum
2556 557 2829 610 consortia
2865 557 3027 612 licere
3061 573 3074 608 :
3106 564 3161 613 et
3192 557 3296 615 hoc
3322 558 3443 614 ideo
3472 569 3531 615 ut
3561 576 3596 614 a
3636 575 3764 613 ma-

532 644 903 701 sacerdotibus
924 643 1194 697 carnalem
1219 644 1466 712 copulam
1491 643 1824 707 concederet,
1850 641 2091 712 profecto

532 734 843 789 contrarius
864 733 966 787 sibi
989 740 1154 797 esset,
1180 733 1272 801 qui
1295 732 1361 786 ad
1384 732 1565 787 Titum
1590 726 2094 801 scribens'praecipit

535 834 594 880 ut
639 826 947 881 sacerdotes
972 825 1169 891 sobrii,
1200 825 1332 893 justi
1380 826 1510 890 sint,
1558 832 1720 893 atque
1755 824 2092 879 continentes

534 915 666 985 (Tit.
694 916 791 986 vi).
818 916 885 970 Et
919 930 1030 970 non
1071 915 1159 970 hic
1183 915 1574 980 sacerdotibus,
1604 914 1697 969 sed
1719 902 1891 978 laicis,
1918 922 1973 967 et
2006 913 2091 970 his

532 1021 644 1059 non
687 1005 917 1060 solidum
948 1005 1126 1059 cibum
1166 1005 1259 1059 sed
1300 1004 1531 1059 lacteum
1572 1014 1759 1072 potum
1800 1002 2090 1069 ministrat,

538 1104 727 1165 utputa
776 1094 1093 1165 neophytis,
1125 1094 1220 1164 Qui
1265 1095 1506 1149 nondum
1541 1094 1673 1160 sibi,
1706 1093 1934 1148 necdum
1971 1092 2093 1149 aliis

536 1185 861 1241 sufficienter
882 1194 1035 1240 erant
1058 1185 1398 1241 instructi....
1438 1184 1577 1238 idem
1608 1184 1894 1253 Apostolus
1916 1199 2094 1238 sacer-

536 1277 713 1331 dotale
733 1276 966 1331 oﬂicium
988 1277 1202 1346 penitus
1232 1276 1557 1331 intercludit.
1588 1274 1787 1330 Eadem
1819 1275 1981 1328 etiam
2008 1289 2096 1327 ra-

537 1367 683 1420 tione
708 1367 968 1435 probatur
1006 1366 1072 1420 ad
1112 1366 1304 1430 laicos,
1335 1381 1442 1419 non
1478 1364 1804 1430 sacerdotes,
1851 1372 2096 1432 spectare

537 1454 801 1522 quidquid
834 1454 989 1512 idem
1002 1453 1290 1523 Apostolus
1321 1454 1509 1508 scribit
1526 1455 1592 1508 de
1616 1453 1913 1508 exercendo
1938 1467 2096 1523 opere

541 1544 833 1614 conjugali,
871 1553 929 1598 ut
968 1544 1135 1598 illud:
1176 1543 1323 1609 Quod
1360 1545 1406 1597 si
1438 1561 1492 1597 se
1530 1560 1632 1597 non
1666 1544 1955 1610 continent,
1999 1559 2096 1597 nu-

542 1634 685 1688 bant.
718 1634 905 1688 Melius
928 1643 1005 1688 est
1029 1635 1215 1688 nubere
1252 1652 1410 1704 quam
1432 1636 1515 1687 uri
1540 1634 1593 1702 (Ι
1616 1634 1735 1689 Cor.
1762 1636 1859 1702 vn)
1883 1654 1895 1687 :
1918 1634 1970 1688 id
1992 1644 2095 1699 est,

545 1725 737 1780 melius
778 1734 862 1780 est
881 1726 1119 1794 legitimo
1151 1726 1349 1779 marito
1378 1725 1592 1780 misceri
1626 1740 1786 1795 quam
1814 1724 2102 1779 fornicari.

542 1812 610 1867 Et
634 1813 763 1869 illud
787 1834 799 1869 :
825 1813 1041 1868 Solutus
1072 1831 1125 1868 es
1148 1815 1212 1869 ab
1240 1816 1440 1869 uxore?
1468 1814 1576 1868 noli
1597 1832 1825 1885 quazrere
1852 1830 2096 1889 uxorem;

538 1905 587 1957 si
610 1914 782 1958 autem
806 1906 1062 1974 acceperis
1085 1921 1315 1971 uxorem,
1340 1922 1440 1958 non
1460 1907 1717 1974 peccasti;
1733 1914 1780 1957 et
1798 1906 1844 1957 si
1870 1905 2103 1973 nupserit

542 1994 705 2062 virgo,
735 2010 836 2046 non
859 2002 1035 2062 peccat
1068 1992 1277 2063 (Ibid).
1310 1993 1421 2048 Hoc
1454 1994 1635 2062 itaque
1675 1994 1824 2048 nullo
1850 1981 2019 2047 modo
2036 1992 2102 2047 de

541 2083 912 2139 sacerdotibus
948 2085 1031 2137 vel
1059 2084 1124 2138 de
1148 2084 1269 2139 aliis
1296 2086 1644 2139 continentiae
1667 2084 1927 2139 dedicatis
1961 2084 2101 2138 dici-

544 2178 653 2235 tur,
677 2171 771 2225 sed
795 2172 861 2224 de
894 2172 1000 2226 illis
1040 2180 1247 2225 tantum
1275 2174 1370 2241 qui
1408 2173 1642 2242 legitime
1668 2172 1947 2241 conjugari
1976 2187 2102 2239 pos-

546 2269 690 2314 sunt.
718 2258 871 2315 Unde
900 2261 1090 2315 beatus
1114 2260 1472 2332 Hieronymus
1503 2263 1559 2316 in
1581 2262 1723 2316 libro
1748 2261 2061 2331 supradicto
2084 2277 2096 2325 ξ

512 2347 622 2423 ’Si,
668 2348 860 2419 inquit,
908 2350 1151 2418 nupserit
1189 2350 1360 2419 virgo,
1398 2364 1527 2405 non
1554 2350 1831 2419 peccabit,
1865 2364 1973 2402 non
2014 2348 2102 2402 illa

541 2435 692 2504 virgo
716 2451 835 2505 quae
879 2438 1043 2491 semel
1073 2437 1166 2491 Dei
1206 2438 1373 2492 cultui
1410 2439 1653 2493 dedicata
1685 2456 1697 2489 :
1728 2440 1923 2492 harum
1958 2438 2102 2492 enim

544 2525 593 2578 si
617 2539 723 2594 qua
750 2526 1010 2599 nupserit,
1035 2527 1435 2581 damnationem
1462 2528 1697 2592 habebit,
1723 2529 1849 2597 quia
1871 2529 2103 2598 primam

541 2614 750 2669 irritam
776 2614 903 2670 fecit
930 2615 1109 2670 fidem.
1150 2616 1207 2670 Si
1239 2626 1419 2671 autem
1459 2617 1564 2671 hoc
1602 2618 1668 2672 de
1694 2618 1873 2693 viduis
1900 2618 2104 2672 dictum

541 2705 832 2775 objecerit,
873 2714 1079 2775 quanto
1113 2706 1285 2776 magis
1316 2707 1382 2761 de
1426 2707 1729 2778 virginibus
1772 2708 2102 2777 praevalebit,

541 2808 667 2847 cum
697 2794 859 2848 etiam
891 2794 975 2849 his
1025 2809 1134 2848 non
1177 2796 1334 2850 limat
1366 2796 1566 2864 quibus
1596 2797 1885 2866 aliquando
1917 2797 2099 2851 licuit:

544 2882 779 2952 virgines
813 2884 955 2937 enim
987 2900 1109 2953 quae
1154 2894 1277 2953 post
1320 2886 1786 2939 consecrationem
1824 2886 2107 2955 nupserint

544 2989 655 3028 non
685 2984 793 3029 tam
831 2974 1088 3028 adultera:
1111 2983 1239 3029 sunt
1283 2990 1445 3045 quam
1470 2975 1706 3028 incestae.
1734 2974 1791 3027 Si
1811 2960 2105 3044 ergohpraz-

543 3062 704 3117 dicta:
743 3063 973 3132 apostoli
1015 3064 1296 3117 sententiae.
1340 3062 1667 3131 hujusmodi.
1703 3063 2107 3117 continentibus

544 3154 815 3209 carnalem
860 3154 1107 3223 copulam
1147 3169 1256 3206 non
1288 3152 1633 3253 concedunt”
1674 3160 1879 3231 quanto
1925 3153 2106 3207 minus

545 3234 914 3299 sacerdotibus
934 3244 1211 3309 pmaxime
1240 3259 1363 3297 cum
1393 3240 1498 3297 illa:
1528 3234 1843 3312 sim‘pliciter
1875 3244 1940 3296 ad
1971 3234 2104 3297 cn‘n-

546 3331 827 3387 tinentiam
853 3333 961 3387 sint
982 3342 1327 3400 consecratze,
1360 3334 1433 3386 illi
1459 3319 1637 3405 autem
1668 3333 1799 3402 ipsis
1825 3334 2108 3387 continen-

546 3418 693 3476 tibus
714 3421 822 3476 sint
843 3423 1067 3490 pradati,
1108 3408 1162 3476 et
1192 3432 1287 3492 per
1321 3423 1680 3479 venerandam
1713 3439 1909 3478 manus
1935 3424 2107 3492 impo-

546 3511 828 3573 sitionem,
853 3518 908 3563 et
939 3525 1033 3578 per
1058 3514 1390 3566 sacrosancti
1423 3513 1736 3567 chrismatis
1775 3515 2103 3568 unctionem.

544 3597 810 3653 Praeterea
857 3598 997 3652 idem
1046 3598 1337 3666 Apostolus
1390 3599 1523 3666 ipsis
1579 3591 1778 3667 quibus
1828 3600 2109 3669 conjugale

545 3703 684 3758 opus
704 3703 953 3743 exercere
973 3690 1218 3744 concedit
1234 3731 1247 3755 ,
1284 3689 1487 3745 eisdem
1512 3690 1676 3743 etiam
1717 3691 1983 3746 secundas
2004 3708 2107 3745 nu-

545 3777 687 3846 ptias
713 3776 850 3831 inire
875 3778 1099 3831 licenter
1138 3778 1419 3848 permittit.
1458 3777 1648 3833 Soluto
1668 3779 1812 3834 enim
1845 3781 1913 3835 ab
1941 3796 2108 3835 uxore

524 3866 707 3920 aliam
750 3867 945 3921 ducere
973 3869 1239 3934 concedit,
1273 3877 1327 3923 et
1351 3869 1526 3924 viduae
1562 3862 1797 3925 nubendi
1836 3872 2106 3926 licentiam

548 3948 811 4008 attribuit.
828 3953 1143 4009 Nullatenus
1161 3972 1291 4026 ergo
1306 3950 1612 4013 sacerdotes
1634 3960 1736 4013 sub
1758 3960 2107 4028 permissoria

548 4044 786 4099 carnalis
819 4045 1024 4114 cepula:
1066 4046 1332 4099 sententia
1365 4036 1794 4115 comprehendit,
1829 4049 2027 4117 quibus
2053 4049 2107 4103 in

546 4135 774 4204 epistola
814 4136 879 4190 ad
907 4134 1248 4189 Timotheum
1281 4143 1335 4189 et
1364 4130 1545 4189 Titum
1575 4136 1863 4206 bigamiam
1896 4139 2109 4206 penitus

547 4225 839 4293 prohibuit,
872 4238 995 4280 cum
1034 4224 1220 4294 jubeat
1252 4234 1461 4280 tantum
1504 4226 1666 4281 unius
1703 4227 1889 4283 uxoris
1934 4228 2108 4283 virum

549 4313 672 4381 eligi
695 4314 763 4367 ad
781 4314 1139 4373 sacerdotium
1167 4334 1179 4368 :
1202 4332 1325 4369 nam
1342 4332 1440 4371 nec
1456 4317 1595 4385 apud
1610 4318 1853 4373 ethnicos
1875 4318 2107 4388 bigamia

552 4400 747 4455 licebat
756 4391 1123 4465 Sacerdotibus
1133 4406 1289 4460 beato
1296 4406 1625 4479 Hieronymo
1636 4416 1908 4464 asserente
1921 4419 2108 4464 contra

2189 640 2514 709 joribus.....
2543 645 2673 713 quia
2715 646 2975 715 scriptum
2999 656 3081 702 est
3113 665 3127 701 :
3159 646 3226 701 Et
3251 657 3399 703 erant
3428 650 3539 704 illis
3573 650 3761 703 omnia

2192 735 2488 787 communia
2519 735 2657 803 (Act.
2696 735 2778 805 ιι),
2815 738 2956 791 inter
2985 753 3108 807 qua:
3141 737 3404 795 ‘Nicolaus
3446 739 3759 795 numeravit

2191 829 2245 874 et
2282 821 2553 892 conjugia.
2593 822 2743 879 Sicut
2774 839 2903 894 ergo
2936 826 3025 880 ille
3050 828 3405 896 apostolicum
3445 831 3758 899 exemplum

2192 910 2358 978 nimis
2385 914 2703 982 generaliter
2731 925 2785 970 et
2824 906 3073 984 perverse
3103 928 3381 987 acceptum
3422 919 3477 973 in
3502 920 3760 975 haeresim

2193 1009 2433 1055 mutasse
2474 1001 2725 1069 refertur,
2758 1005 2838 1059 sic
2867 1013 2921 1058 et
2968 1006 3057 1063 isti
3089 1006 3219 1061 illud
3255 1006 3538 1077 Apostoli:
3583 1006 3762 1063 Unus-

2195 1092 2409 1160 quisque
2452 1089 2666 1145 aratorem
2699 1110 2849 1147 suam
2879 1095 3063 1149 habeat
3108 1095 3161 1166 (1
3183 1096 3305 1152 Cor.
3334 1098 3454 1167 vn),
3477 1100 3642 1155 nimis
3666 1115 3764 1169 ge-

2196 1179 2452 1233 neraliter
2479 1190 2532 1235 et
2582 1183 2991 1249 perversissime
3042 1183 3474 1254 interpretantes,
3528 1187 3583 1240 in
3612 1202 3767 1241 erro-

2197 1283 2310 1323 rem
2336 1271 2562 1325 vertissc
2592 1282 2868 1339 notantur,
2892 1274 2986 1343 qui
3025 1276 3128 1331 sub
3147 1276 3337 1330 eodem
3359 1278 3606 1346 exemplo
3628 1293 3767 1333 eon-

2196 1366 2281 1413 tra
2306 1361 2555 1415 eumdem
2575 1361 2891 1431 Apostolum
2915 1365 3285 1420 sacerdotibus
3308 1367 3591 1437 conjugale
3622 1383 3767 1437 opus

2198 1462 2516 1517 concessum
2566 1450 2743 1506 fallaci
2785 1453 3081 1522 pertinacia
3114 1456 3462 1511 contendunt.
3501 1455 3769 1523 Quamvis

2199 1539 2341 1595 enim
2399 1542 2455 1596 in
2508 1545 2680 1599 sacris
2732 1545 3014 1607 ordinibus
3076 1547 3385 1615 promiscua
3435 1547 3769 1603 feminarum

2200 1631 2476 1685 consortia
2524 1634 2696 1702 magis
2736 1632 3051 1689 detestanda
3087 1635 3196 1689 sint
3228 1652 3393 1705 quam
3439 1637 3769 1706 singularia,

2200 1716 2540 1787 depravatori
2573 1729 2750 1775 tamen
2784 1724 3094 1791 apostolicae
3142 1721 3497 1780 institutionis
3523 1726 3625 1795 ipsi
3654 1726 3771 1781 lun—

2202 1808 2493 1863 resiarcha:
2520 1809 2740 1864 Nicolao
2779 1812 2960 1867 minus
3013 1813 3322 1885 .mputanda
3348 1815 3563 1869 videtur
3599 1830 3770 1883 quam

2137 1879 2179 1932 Β
2205 1896 2344 1951 istis.
2371 1897 2461 1953 llle
2482 1902 2628 1953 enim
2663 1916 2727 1954 eo
2749 1903 2966 1970 quidem
3032 1879 3269 1973 tempore
3286 1879 3639 1973 apostolicam
3669 1906 3785 1959 dor

2204 1988 2432 2043 ctrinam
2483 1991 2620 2044 male
2664 1992 3043 2061 interpretatus
3064 2004 3165 2059 est,
3202 2010 3325 2048 eum
3348 1996 3439 2048 vix
3483 1996 3537 2048 in
3574 1995 3773 2065 primis

2202 2092 2400 2132 nomen
2429 2077 2849 2137 Christianitatis
2872 2083 3204 2151 inuenisset,
3227 2099 3349 2139 cum
3376 2084 3687 2153 evangelica
3718 2095 3774 2138 et

2202 2168 2495 2235 apostolica
2527 2170 2772 2224 doctrina
2809 2173 3045 2225 nondum
3087 2184 3231 2227 esset
3275 2188 3369 2239 per
3403 2184 3574 2228 totum
3608 2188 3773 2227 mun-

2201 2256 2330 2310 dum
2351 2258 2593 2324 dilatata,
2623 2260 2858 2313 nondum
2892 2270 2969 2315 tot
3009 2262 3319 2327 virtutibus,
3342 2270 3423 2317 tot
3460 2262 3654 2332 signis,
3691 2270 3775 2315 tot

2200 2346 2585 2404 sacratissimis
2608 2358 2919 2404 sanctorum
2941 2360 3236 2421 martyrum
3261 2352 3556 2420 triumphis
3574 2366 3776 2420 appro—

2160 2436 2477 2503 »hata;isti
2535 2449 2712 2494 autent
2771 2441 3018 2494 eamdem
3062 2441 3361 2495 doctrinam
3406 2441 3519 2510 jam
3573 2441 3777 2511 ubique

2203 2526 2464 2593 ignotam,
2495 2544 2591 2581 nec
2618 2528 2835 2584 rusticis
2857 2528 3176 2596 jamdudum
3199 2528 3405 2600 [notam
3424 2546 3524 2584 nec
3548 2530 3777 2585 rusticis

2198 2616 2516 2684 jamdudum
2550 2616 2837 2688 ignotam],
2884 2619 2992 2671 imo
3013 2620 3126 2687 jam
3163 2621 3231 2674 ab
3258 2621 3482 2689 antiquo
3503 2621 3777 2690 sanguine

2204 2716 2514 2761 sanctorum
2564 2706 2785 2760 Patrum
2822 2720 3189 2777 consecratam
3234 2719 3289 2765 et
3326 2709 3775 2781 irrefragabiliter

2202 2797 2608 2851 eorroboratam
2633 2836 2650 2862 ,
2703 2798 3129 2853 obstinatissima
3176 2802 3478 2855 temeritate
3524 2801 3777 2856 nituntur

2203 2887 2516 2954 depravare.
2556 2885 2710 2941 Unde
2740 2895 2798 2940 et
2830 2887 2975 2941 illam
3012 2890 3367 2957 perditionem
3397 2890 3778 2961 subterfugere

2167 2988 2175 2995 ο
2204 2973 2504 3040 nequibunt
2524 2987 2687 3040 quam
2711 2972 2826 3040 ipse
2846 2974 3094 3042 princeps
3119 2978 3487 3045 apostolorum
3507 2979 3777 3047 deprava-

2134 3195 2175 3250 C

2205 3060 2414 3132 toribus
2437 3059 2841 3129 Scripturarum
2872 3064 3131 3133 assignat,
3160 3066 3253 3133 qui
3279 3064 3547 3133 Epistolas
3573 3082 3779 3136 coapo-

2207 3150 2329 3204 stoli
2360 3150 2478 3219 ejus
2512 3150 2663 3205 Pauli
2691 3152 2941 3227 itanobis
2972 3155 3330 3209 commendat:
3356 3154 3422 3208 In
3445 3157 3658 3226 quibus,
3683 3158 3776 3212 in-

2207 3240 2342 3308 quit,
2377 3239 2629 3309 Epistolis
2659 3252 2780 3296 sunt
2803 3243 3044 3313 quietiam
3074 3244 3308 3313 diﬂicilia
3338 3247 3628 3315 intellectu,
3659 3266 3779 3319 quia

2207 3331 2405 3385 indocti
2434 3340 2483 3385 et
2504 3333 2774 3387 instabiles
2800 3334 3110 3402 depravant,
3140 3336 3276 3387 sicut
3300 3344 3347 3389 et
3374 3346 3591 3391 caeteras
3625 3336 3777 3393 Scri-

2205 3431 2409 3489 pturas,
2440 3423 2509 3476 ad
2538 3432 2690 3476 suam
2730 3424 2962 3492 ipsorum
3005 3424 3351 3492 perditionem
3394 3425 3448 3496 (1
3471 3426 3622 3481 Petr.
3662 3429 3772 3496 tu).

2206 3508 2250 3563 .V
2255 3525 2317 3564 os
2338 3526 2487 3580 ergo,
2517 3510 2731 3576 fratres,
2758 3513 3104 3580 prtescientes
3123 3515 3393 3570 custodite
3414 3532 3482 3570 ne
3504 3517 3779 3586 insipien-

2209 3600 2344 3654 tium
2373 3614 2567 3654 errore.
2605 3601 2836 3677 traducti
2876 3601 3137 3655 excidatis
3162 3616 3195 3654 a
3230 3605 3449 3671 propria
3494 3606 3776 3659 ﬁrmitate.

2209 3690 2279 3747 Ut
2310 3702 2489 3746 autem
2522 3682 2721 3746 clarius
2750 3690 2951 3746 eniteat
2979 3692 3297 3760 Apostolum
3356 3693 3411 3747 in
3470 3695 3776 3764 superiori-

2207 3782 2310 3838 bus
2334 3784 2614 3839 sententiis
2646 3799 2752 3837 non
2786 3783 3179 3849 sacerdotibus,
3223 3783 3316 3838 sed
3347 3784 3523 3849 laicis,
3554 3786 3777 3840 carnale

2161 3921 2178 3939 ,
2206 3874 2593 3929 commercium
2626 3874 2937 3938 indulsisse,
2954 3873 3237 3941 diligenter
3255 3854 3613 3941 itépiciamus
3638 3876 3774 3945 quid

2190 3961 2350 4015 idem
2390 3961 2679 4029 Apostolus
2716 3961 2996 4016 ministros
3027 3969 3337 4016 sanctorum
3366 3962 3660 4020 observare
3680 3966 3777 4020 de-

2208 4060 2412 4116 cernat,
2436 4059 2490 4105 et
2515 4052 2714 4119 quibus
2734 4065 2918 4105 saeros
2936 4051 3153 4106 ordines
3169 4052 3390 4106 concedi
3413 4054 3495 4106 vel
3515 4055 3773 4125 denegari

2208 4143 2520 4204 constituat.
2552 4141 2686 4196 Nam
2720 4142 2772 4196 in
2795 4142 2982 4197 eadem
3028 4143 3321 4211 apostOlica
3355 4142 3697 4199 institutione
3721 4153 3777 4199 et

2207 4233 2581 4288 defensoribus
2628 4234 2977 4288 sacerdotalis
3018 4234 3419 4290 incontinentiae
3454 4246 3774 4305 perpetuum

2180 4326 2483 4379 .silentium
2523 4325 2797 4388 evidenter
2850 4325 3183 4393 imponitur,
3230 4333 3284 4380 et
3333 4324 3556 4393 praefata
3599 4326 3772 4380 nostri

2208 4415 2487 4483 apostolici
2554 4414 2751 4468 statuta
2820 4413 3262 4481 iriefragahiliter
3306 4415 3769 4481 corroborantur;

552 4488 915 4571 Iovinianum.
960 4484 1197 4562 Legam,
1232 4496 1438 4563 inquit,
1469 4504 1775 4562 nostrates,
1818 4498 2109 4569 antequam
2142 4508 2185 4561 D
2210 4505 2409 4572 quippe
2430 4519 2552 4573 quae
2587 4504 2720 4557 nulli
2751 4518 2968 4558 sacrum
3011 4502 3245 4557 cilicium
3287 4502 3769 4567 interdicunt,‘nisi

554 4570 742 4649 religio
773 4588 958 4634 nostra
1000 4578 1226 4650 fulgeret
1260 4582 1316 4635 in
1346 4583 1577 4650 mundo,
1606 4586 1870 4641 unicubas
1898 4602 2110 4656 semper

553 4670 809 4725 habuisse
854 4670 997 4724 inter
1035 4680 1309 4726 matronas
1342 4673 1534 4738 decus,
1568 4684 1683 4743 per
1704 4674 1823 4729 illas
1858 4673 2111 4731 Fortuna:

552 4759 803 4814 muliebri
826 4775 980 4815 sacra
1006 4759 1122 4813 ﬁeri
1146 4761 1325 4827 solita,
1352 4762 1559 4815 nullum
1583 4763 1923 4817 sacerdotum
1956 4764 2108 4832 biga-

554 4866 723 4917 mum,
737 4852 942 4905 nullum
954 4850 1220 4907 ﬂaminem
1233 4846 1564 4915 bimaritu‘m.
1579 4851 1969 4923 Hierophantas
1983 4870 2113 4923 quo-

570 4954 661 5008 lue
706 4940 1109 4997 Atheniensium
1163 4958 1334 5012 usque
1384 4936 1547 4997 hodie
1586 4945 1775 5000 cicuta:
1818 4947 2113 5009 sorbitione

557 5030 807 5095 castrari,
832 5041 884 5084 et
905 5043 1189 5102 postquam
1225 5034 1278 5088 in
1302 5035 1671 5104 pontiﬁcatum
1706 5036 1859 5090 electi
1890 5036 2109 5105 fuerint,

556 5114 705 5173 viros
736 5134 857 5173 esse
882 5121 1155 5187 desinere;
1177 5126 1485 5195 quicunque
1504 5136 1679 5181 autem
1707 5128 1946 5196 praedicti
1970 5130 2113 5199 Apo-

557 5210 679 5265 stoli
712 5209 875 5264 verba
911 5210 1173 5264 intantum
1221 5215 1522 5275 adulterant
1543 5228 1601 5272 ut
1632 5220 1733 5286 sub
1756 5209 1947 5279 eorum
1986 5236 2109 5290 per-

558 5316 711 5355 versa
766 5301 1225 5381 interpretatione,
1256 5304 1418 5358 etiam
1465 5310 1836 5369 sacerdotibus
1880 5312 2113 5366 inconti-

557 5394 794 5448 nentiam
823 5394 986 5448 licere
1016 5392 1351 5463 consignent,
1389 5397 1575 5463 procul
1619 5398 1783 5451 dubio
1813 5411 2111 5467 sequuntur

558 5480 837 5538 Nicolaum
872 5484 1286 5548 heresiarchen,
1327 5499 1488 5553 quem
1517 5483 1765 5542 Clemens
1794 5487 2115 5542 Alexandri-

560 5584 662 5622 nus
693 5569 747 5622 in
780 5572 937 5628 tertio
968 5572 1108 5627 libro
1141 5572 1469 5625 Stromatum
1503 5572 1665 5627 refert
1690 5588 1911 5634 uxorem
1956 5590 2111 5629 suam

560 5657 776 5712 cuilibet
806 5661 968 5716 etiam
996 5662 1197 5717 volenti
1251 5661 1609 5732 prostituisse,
1639 5674 1692 5719 et
1733 5666 1835 5719 hoc
1868 5666 2112 5736 exemplo

566 5761 665 5802 suo
698 5749 951 5807 docuisse
993 5753 1201 5809 cunctis
1246 5754 1548 5823 promiscua
1602 5767 1759 5828 atque
1803 5756 2111 5811 communia

2212 4608 2373 4662 quem
2405 4602 2457 4645 et
2479 4593 2773 4661 apostolica
2812 4591 3321 4662 prmceptapenitns
3361 4592 3431 4647 ab
3462 4592 3585 4663 ipso
3615 4607 3771 4648 sacro

2210 4683 2397 4737 ordine
2420 4683 2717 4737 secludunt.
3139 4725 3142 4728 .
3324 4722 3325 4725 η

2281 4770 2419 4827 XIV.
2444 4773 2639 4828 Beatus
2672 4789 2801 4844 ergo
2851 4771 3053 4828 Paulus
3095 4772 3373 4843 apostolus
3416 4773 3665 4829 scribens
3702 4774 3769 4827 ad

2213 4863 2552 4919 Timotheum
2575 4864 2642 4920 de
2677 4865 2847 4920 sacris
2880 4848 3162 4920 ordinibus
3198 4864 3276 4920 ita
3310 4873 3540 4919 testatur
3569 4881 3581 4915 :
3609 4862 3771 4916 Fide—

2211 4956 2299 5020 lis,
2322 4955 2515 5023 inquit,
2538 4972 2705 5009 sermo
2732 4972 2750 5008 :
2777 4954 2836 5010 Si
2857 4957 2973 5025 quis
3001 4957 3354 5024 episcopatum
3369 4953 3657 5017 desiderat,
3681 4952 3753 5004 bo

2212 5059 2334 5095 num
2360 5058 2488 5110 opus
2516 5042 2794 5095 desiderat.
2841 5042 3053 5110 Oportet
3075 5057 3196 5111 ergo
3220 5041 3515 5113 episcopum
3542 5040 3770 5106 irrepre—

2211 5130 2513 5185 hensibilem
2545 5147 2673 5196 esse,
2698 5132 2852 5183 unius
2895 5130 3074 5183 uxoris
3121 5124 3313 5191 uirum,
3350 5126 3607 5193 sobrium,
3639 5142 3765 5194 pru-

2210 5221 2432 5284 dentem,
2478 5219 2746 5289 pudicum,
2790 5227 3056 5281 ornatum,
3110 5202 3766 5282 haspitalem,doctoreas,

2210 5326 2311 5364 non
2352 5309 2694 5375 vinolentum,
2732 5326 2834 5362 non
2869 5321 3251 5376 percussorem,
3290 5306 3379 5360 sed
3432 5305 3766 5369 modestum;

2214 5418 2314 5454 non
2357 5400 2663 5469 litigiosum,
2703 5415 2805 5451 non
2844 5395 3112 5465 cupidum,
3156 5394 3245 5449 sed
3277 5410 3387 5449 sua
3428 5396 3611 5450 domui
3647 5398 3767 5450 bene

2212 5492 2579 5560 praepositum;
2614 5489 2753 5557 ﬁlios
2794 5486 3063 5538 habentem
3099 5484 3332 5539 subditos
3358 5501 3477 5539 cum
3510 5487 3655 5539 omni
3674 5502 3767 5540 ca-

2213 5580 2408 5652 stitate,
2449 5577 2507 5631 Si
2529 5576 2643 5646 quis
2672 5582 2845 5626 autem
2870 5572 3046 5627 domui
3074 5590 3184 5630 sua:
3201 5590 3419 5644 praesse
3438 5575 3768 5644 nescil,qsto-

2213 5669 2363 5721 modo
2384 5666 2629 5720 Ecclesia:
2659 5662 2754 5715 Dei
2776 5663 3099 5732 diligentiam
3117 5665 3322 5718 habebit
3339 5665 3366 5718 .’
3389 5662 3515 5731 Non
3544 5663 3769 5733 neopltg-

2216 5766 2345 5826 tum,
2377 5774 2435 5810 ne
2458 5757 2512 5809 in
2542 5754 2831 5822 superbiam
2860 5752 3026 5809 elatus
3060 5754 3114 5807 in
3123 5754 3389 5822 judicium
3410 5753 3620 5807 incidat
3646 5751 3766 5805 dia-
