3944 6378
125 458 219 513 769

1356 401 1722 497 coactum!
1777 431 2111 490 nonsxuu
2157 432 2197 486 ι.

3259 430 3360 482 770

127 566 242 622 teli.
285 562 507 634 Oportet
551 569 728 616 autem
771 567 820 614 et
871 557 1023 612 illum
1087 555 1438 609 testimonium
1513 548 1698 603 habere
1726 546 1770 602 Α
1798 556 2015 616 propter
2045 543 2336 600 auferenda
2384 525 2682 604 schismata
2736 541 2794 619 in
2835 549 2950 596 toto
2979 542 3256 596 decretum
3281 551 3367 599 est

128 658 308 711 bonum
347 653 414 707 ab
460 653 543 706 his
582 652 673 723 qui
703 650 834 720 [oris
874 657 996 703 sunt
1038 656 1093 701 ut
1127 662 1230 700 non
1267 646 1326 699 in
1358 644 1690 714 opprobrium

129 746 322 800 incidat
379 752 433 798 et
478 744 537 797 in
584 742 829 813 laqueum
884 739 1104 795 diaboli.
1169 737 1433 792 Diaconos
1495 735 1691 790 simili-

129 833 242 888 liter
264 832 508 904 pudicos,
532 849 635 886 non
665 832 940 901 bilingues,
973 846 1077 884 non
1123 827 1288 882 multo
1320 827 1440 882 vino
1462 825 1688 890 deditas,

128 939 223 976 non
253 930 406 991 turpe
433 921 640 976 lucrum
664 929 940 987 sectantes,
971 920 1216 973 habentes
1237 917 1544 988 mysterium
1569 916 1694 985 ﬁdei

127 1014 180 1066 in
204 1011 529 1066 conscientia
556 1027 710 1080 pura.
745 1009 814 1064 Et
835 1009 890 1064 hi
915 1010 1146 1079 primum
1191 1011 1491 1079 probentur,
1541 1014 1590 1060 et
1617 1007 1694 1058 sic

129 1104 446 1168 ministrent,
474 1100 679 1156 nullum
699 1087 906 1155 crimen
960 1100 1224 1154 habentes.
1273 1097 1520 1152 Mulieres
1545 1097 1697 1151 simi-

128 1193 246 1245 liter
292 1191 536 1262 pudicas,
582 1206 687 1244 non
738 1191 1090 1253 detrahentes,
1123 1188 1350 1251 sobrias,
1400 1186 1578 1255 fideles
1639 1187 1695 1238 in

129 1282 388 1336 omnibus.
439 1281 696 1335 Diacones
740 1282 846 1334 sint
887 1281 988 1335 viri
1019 1279 1174 1333 unius
1221 1280 1423 1344 uxoris,
1452 1279 1541 1348 qui
1564 1277 1694 1346 ﬁliis

129 1374 233 1426 suis
273 1372 400 1425 bene
431 1371 650 1441 praesint
681 1379 733 1424 et
779 1370 1020 1424 domibus
1079 1371 1220 1434 suis;
1255 1370 1344 1439 qui
1396 1368 1533 1421 enim
1577 1367 1698 1420 bene

131 1462 567 1525 ministraverint,
592 1461 815 1530 gradum
845 1461 948 1514 sibi
981 1460 1170 1513 bonum
1195 1459 1466 1529 acquirent
1490 1465 1539 1510 et
1562 1457 1698 1509 mul—

133 1561 236 1632 tgm
266 1551 523 1620 ﬁduciam
554 1553 608 1604 in
629 1545 881 1621 ﬁdeque?
911 1560 988 1604 est
1009 1551 1064 1604 in
1087 1549 1299 1604 Christo
1317 1548 1446 1602 Jesu
1477 1547 1531 1618 (Ι
1560 1547 1694 1600 Tim.

132 1639 230 1708 tn).
255 1639 392 1693 Item
405 1639 473 1693 ad
495 1638 675 1693 Titum
710 1657 723 1694 :
754 1639 950 1709 Hujus,
981 1639 1176 1708 inquit,
1216 1638 1292 1690 rei
1313 1639 1488 1707 gratia
1513 1636 1698 1707 reliqui

132 1738 178 1781 te
200 1725 395 1794 Crette,
437 1736 496 1781 ut
535 1745 598 1782 ea
630 1737 747 1799 qua:
787 1729 974 1798 desunt
1025 1728 1280 1797 corrigas,
1319 1734 1368 1779 et
1406 1727 1697 1779 constituas

130 1833 219 1886 per
248 1817 490 1870 civitates
531 1817 875 1887 presbyteros,
917 1817 1055 1870 sicut
1089 1833 1180 1886 ego
1217 1815 1312 1869 tibi
1349 1815 1614 1884 disposui;
1649 1814 1696 1866 si

1794 636 1924 691 orbe
1946 645 2005 689 ut
2029 649 2174 689 unus
2216 633 2282 687 de
2329 631 2659 703 presbyteris
2686 639 3088 702 [imponeretur
3131 632 3363 698 caeteris,

1793 726 1860 781 ad
1888 739 2050 796 quem
2076 723 2258 779 omnis
2290 737 2422 777 cura
2469 721 2723 776 Ecclesia:
2766 721 3075 790 pertineret.
3117 718 3250 776 Post
3273 720 3368 775 de-

1793 814 2145 884 scriptionem
2174 823 2352 868 autem
2384 812 2623 881 episcopi
2645 820 2698 866 et
2725 810 3191 881 presbytericaute
3215 809 3364 878 Apo-

1795 906 1968 960 stolus
2000 905 2279 975 subiungit
2305 904 2371 958 de
2392 903 2714 958 diaconibus
2749 901 2822 955 ita
2867 901 3164 969 decernens
3190 919 3204 952 :
3237 899 3368 952 Dia-

1795 1011 1949 1058 conos
1983 995 2250 1060 similiter,
2296 994 2349 1047 id
2371 1001 2473 1059 est,
2509 999 2710 1060 Oportet
2763 985 2873 1045 esse
2905 989 3145 1059 pudicos,
3174 996 3277 1042 etc.
3313 987 3368 1056 (Ι

1801 1083 1937 1159 Tim.
1968 1081 2072 1154 ιιι),
2097 1099 2162 1138 ac
2187 1084 2235 1140 si
2290 1083 2532 1151 diceret.
2565 1080 2720 1146 Quod
2760 1080 2827 1134 de
2865 1078 3137 1148 episcopis
3173 1086 3226 1133 et
3249 1093 3372 1148 prc—

1796 1173 2027 1244 sbyteris
2083 1172 2316 1238 decrevi,
2371 1172 2476 1226 hoc
2528 1171 2670 1225 idem
2719 1177 2773 1223 et
2825 1168 2891 1223 de
2935 1168 3257 1222 diaconibus
3284 1181 3371 1220 me

1797 1265 1985 1321 sciatis
2017 1264 2337 1319 decrevisse.
2375 1263 2520 1317 Satis
2549 1277 2676 1332 ergo
2706 1261 2979 1315 evidenter
3015 1266 3177 1329 patet,
3199 1268 3260 1314 ut
3291 1277 3366 1315 ae-

1797 1353 1981 1416 stimo,
2005 1351 2320 1421 Apostolum
2354 1351 2408 1403 in
2441 1349 2815 1418 superioribus
2868 1349 2983 1403 suis
3030 1346 3366 1402 dillinitioni-

1798 1442 1899 1496 bus
1922 1442 2085 1496 etiam
2117 1441 2458 1510 presbyteros
2481 1456 2605 1493 cum
2641 1439 2912 1508 episcopis
2954 1446 3008 1493 et
3048 1438 3370 1492 diaconibus

1798 1533 2273 1601 comprehendisse
2299 1552 2312 1584 :
2340 1531 2481 1584 unde
2522 1539 2576 1584 et
2616 1530 2812 1583 merito
2858 1530 3084 1598 quilibet
3119 1543 3306 1583 eorum
3337 1542 3369 1581 a

1800 1623 1970 1677 sacris
1999 1621 2192 1677 olliciis
2223 1622 2588 1684 dimoventur,
2620 1619 2930 1688 quicunque
2974 1634 3039 1671 ex
3078 1619 3184 1672 illis
3220 1619 3274 1670 in
3310 1633 3371 1672 se

1800 1711 2151 1781 apostolicam
2203 1709 2643 1763 informationem
2698 1707 3004 1776 corrupisse
3051 1707 3364 1775 probantur.

1801 1801 2001 1872 Nempe
2024 1801 2318 1870 Apostolus
2343 1809 2573 1855 testatur
2613 1800 2919 1867 episc0pos,
2959 1799 3298 1868 presbyteros
3319 1806 3372 1851 et

130 1903 245 1973 quis
277 1904 393 1957 sine
417 1905 636 1958 crimine
657 1913 754 1970 est,
790 1907 945 1958 unius
982 1875 1168 1958 uxoris
1188 1906 1286 1971 vir,
1328 1903 1468 1972 ﬁlio;
1507 1904 1699 1957 haben;
1733 1875 1775 1928 Β
1802 1895 2062 1948 diaconos
2117 1899 2367 1960 oportere
2422 1888 2596 1956 turpis
2636 1888 2771 1939 lucri
2809 1902 2916 1939 non
2953 1903 3072 1940 esse
3127 1887 3370 1955 cupidos.

131 1995 332 2065 ﬁdeles,
357 2013 460 2051 non
479 1998 535 2050 in
563 1998 895 2051 accusatione
913 1997 1161 2063 luxuriae,
1193 2006 1287 2050 aut
1314 2013 1417 2051 non
1441 1998 1698 2052 subditos.

136 2085 355 2155 Oportet
384 2099 557 2139 autem
577 2087 871 2156 episcopum
905 2089 1018 2140 sine
1037 2089 1256 2140 crimine
1278 2103 1406 2152 esse,
1435 2088 1574 2140 sicut
1608 2087 1702 2140 Dei

131 2175 546 2244 dispensatorem
571 2192 592 2240 ;
627 2191 729 2230 non
763 2163 1062 2248 superbum,
1093 2193 1197 2231 non
1225 2177 1562 2242 iracundum,
1601 2193 1704 2229 non

131 2264 473 2331 vinolentum,
495 2280 600 2319 non
637 2282 1012 2335 percussorem,
1050 2282 1154 2320 non
1193 2269 1362 2336 turpis
1397 2267 1535 2321 lucri
1563 2269 1707 2338 cupi-

132 2353 278 2420 dum,
327 2353 420 2408 sed
472 2354 803 2424 hospitalem,
840 2355 1132 2426 benignum,
1181 2357 1437 2421 sobrium,
1475 2357 1702 2426 justum,

134 2450 397 2508 sanctum,
429 2443 806 2508 continentem,
844 2443 1234 2511 amplectentem
1258 2459 1375 2497 eum
1398 2445 1490 2514 qui
1516 2461 1703 2498 secun-

133 2533 259 2585 dum
305 2531 604 2585 doctrinam
628 2539 731 2585 ~est
761 2530 968 2600 ﬁdelem
991 2547 1298 2595 sermonem,
1339 2540 1397 2602 ut
1430 2540 1608 2599 potens
1633 2533 1702 2585 sit

133 2623 184 2670 et
205 2616 478 2670 exhortari
501 2617 559 2670 in
577 2617 820 2671 doctrina
864 2633 996 2670 sana
1032 2626 1086 2671 et
1117 2633 1202 2671 eos
1224 2617 1315 2687 qui
1337 2619 1703 2672 contradicunt

134 2720 373 2776 arguere.
399 2703 536 2760 Sunt
577 2705 733 2760 multi
777 2706 1147 2771 inobedientes,
1175 2705 1444 2777 vaniloqui
1472 2717 1522 2760 et
1547 2709 1702 2762 sedu-

136 2800 323 2859 ctores,
355 2795 582 2848 maxime
604 2794 694 2864 qui
717 2794 780 2847 de
803 2794 1196 2848 circumcisione
1216 2803 1335 2847 sunt
1357 2810 1378 2859 ;
1405 2811 1531 2865 quos
1553 2812 1706 2865 opor-

136 2890 209 2939 tet
238 2885 508 2955 redargui,
533 2885 622 2950 qui
647 2885 912 2938 universas
942 2885 1121 2938 domos
1167 2884 1488 2951 subuertunt,
1513 2886 1705 2939 docen-

136 2984 232 3040 tes,
254 2990 375 3044 quce
395 2990 499 3027 non
518 2983 738 3044 oportet,
763 2977 928 3044 turpis
945 2975 1080 3028 lucri
1101 2978 1296 3045 gratia.
1332 2974 1397 3029 Et
1424 2984 1548 3044 post
1567 2992 1704 3045 pau-

134 3078 198 3118 ca
231 3081 245 3117 :
281 3061 508 3133 lncrepa
549 3063 671 3117 illos
693 3065 840 3132 dure,
876 3075 936 3119 ut
957 3069 1064 3121 sint
1085 3068 1203 3120 sani
1224 3067 1281 3120 in
1303 3066 1428 3136 ﬁde,
1466 3068 1706 3120 non‘in-

137 3153 404 3210 tendentes
450 3151 693 3208 Judaicis
755 3155 951 3224 fabulis
998 3163 1050 3210 et
1112 3154 1383 3210 mandatis
1434 3151 1724 3212 hominum

137 3244 496 3299 aversantium
527 3260 581 3298 se
605 3262 637 3298 a
662 3247 878 3301 ueritate
911 3246 1040 3319 (Tit.
1066 3246 1129 3316 ι).

203 3331 327 3386 XV.
356 3331 416 3386 ιιι
443 3332 619 3402 primo
644 3333 808 3419 igitur
840 3338 1138 3392 notandum
1167 3347 1249 3393 est
1269 3338 1326 3391 in
1372 3338 1460 3394 his
1483 3349 1707 3410 aposto-

136 3421 257 3477 licis
286 3419 720 3478 institutionibus
746 3423 849 3478 sub
873 3425 1093 3480 nomine
1117 3425 1363 3495 episcopi
1399 3426 1560 3482 etiam
1585 3443 1710 3497 pre-

136 3511 391 3582 sbyteros
416 3512 795 3581 comprehendi
817 3531 839 3590 ;⁸
888 3513 1328 3571 inconvenienter
1355 3516 1503 3571 enim
1558 3515 1706 3587 Apo-

137 3605 315 3662 stolus
337 3612 464 3675 post
493 3603 908 3674 descriptionem
940 3606 1181 3677 episcopi
1215 3608 1396 3663 statim
1425 3608 1492 3662 de
1525 3608 1709 3663 diaco—

136 3694 305 3747 nibus
336 3691 624 3758 subinfert,
653 3693 701 3746 si
736 3708 844 3747 non
873 3703 928 3748 et
977 3697 1320 3765 presbyteros
1373 3698 1477 3752 sub
1499 3697 1709 3765 episco-

135 3782 245 3851 pali
269 3781 634 3856 descriptione
649 3782 1144 3852 comprehenderet,
1157 3784 1250 3854 qui
1262 3794 1384 3854 post
1394 3785 1706 3854 episcopum

135 3870 400 3941 proximi,
428 3878 483 3924 et
503 3869 637 3939 ipsis
663 3869 982 3925 diaconibus
1004 3871 1370 3927 indubitanter
1399 3882 1527 3928 sunt
1559 3881 1709 3926 ante-

135 3961 327 4031 positi.
358 3959 470 4014 Aut
494 3961 638 4015 enim
683 3976 952 4030 nusquam
1008 3961 1074 4016 de
1097 3962 1438 4018 ordinatione
1483 3964 1708 4034 presby—

136 4058 388 4104 terorum
423 4047 578 4113 dixit,
613 4049 708 4101 aut
762 4049 866 4102 sub
916 4049 1138 4102 nomine
1179 4050 1556 4118 episcOporum
1615 4066 1710 4106 eos

135 4136 451 4207 descripsit.
492 4134 595 4190 Sed
648 4135 1007 4206 incongruum
1041 4146 1184 4191 esset
1229 4145 1290 4191 ut
1343 4139 1710 4206 prietermisso

135 4227 412 4299 magistro
466 4226 777 4281 ministrum
816 4227 936 4297 ejus
968 4227 1316 4292 describeret,
1356 4243 1482 4283 cum
1527 4238 1714 4284 tamen

132 4315 408 4387 magister
448 4314 827 4369 ecclesiasticis
877 4314 1326 4384 dispositionibus
1359 4317 1531 4386 magis
1553 4327 1712 4372 esset

134 4402 515 4460 necessarius.
545 4401 810 4458 Pun-terea
840 4419 965 4459 cum
1009 4404 1302 4474 Apostolus
1350 4404 1474 4459 Tito
1521 4405 1711 4475 praeci-

1802 1978 1991 2035 Omnis
2013 1989 2192 2033 autem
2221 1976 2564 2031 Simoniacus
2593 1975 2888 2043 turpissimi
2915 1985 2968 2028 et
2996 1974 3371 2031 nefandissimi

1803 2072 1946 2144 lucri.
1965 2069 2332 2124 indubitanter
2357 2077 2437 2122 est
2463 2066 2710 2134 cupidus,
2733 2080 2860 2134 ergo
2883 2065 3023 2119 inter
3059 2079 3244 2119 sacros
3278 2079 3373 2117 or-

1801 2159 1956 2214 dines
2001 2158 2308 2210 nullatenus
2333 2163 2416 2210 est
2451 2154 2872 2222 computandus,
2904 2153 3111 2208 scilicet
3152 2152 3373 2222 jamdu-

1801 2249 1930 2303 dum
1962 2263 2056 2316 per
2087 2246 2440 2316 apostolicam
2472 2244 2796 2298 sententiam
2833 2244 3046 2312 penitus
3073 2244 3140 2296 ab
3167 2235 3382 2297 eisdenl
3438 2294 3443 2299 ,

1803 2344 2132 2404 segregatus.
2168 2333 2474 2388 Notandum
2519 2340 2732 2396 autem,
2780 2331 2827 2384 si
2885 2331 3190 2400 ncophytus
3237 2330 3374 2393 inter

1803 2440 1988 2480 sacros
2023 2422 2239 2476 ordines
2267 2436 2374 2474 non
2410 2422 2686 2489 recipitur,
2711 2420 2801 2488 qui
2827 2424 3006 2472 tamen
3042 2419 3182 2472 inter
3209 2419 3412 2494 laicosf

1801 2529 1961 2584 posse
1985 2512 2185 2566 salvari
2236 2511 2498 2576 creditur,
2531 2517 2735 2578 quanto
2766 2508 2938 2577 magis
2985 2507 3106 2561 inde
3132 2517 3258 2561 sunt
3287 2509 3391 2584 se-ﬁ;

1801 2603 2055 2672 gregandi
2077 2601 2276 2670 cupidi,
2302 2601 2413 2654 sive
2435 2598 2723 2667 avari,'qui
2757 2607 2883 2652 sunt
2907 2597 3173 2650 idolorum
3198 2598 3337 2650 servi

1801 2665 2083 2764 qui:jnxta
2106 2665 2445 2760 Apostolum,
2480 2665 2781 2741 nullatenus
2807 2686 2993 2739 habent
3019 2665 3392 2740 ha’reditatcml

1804 2783 1858 2834 in
1887 2781 2098 2836 Christo
2147 2789 2197 2832 et
2234 2795 2388 2850 regno
2433 2777 2529 2831 Dei
2563 2777 2776 2848 (Ep/tes.
2835 2774 3049 2844 v).ltem
3087 2773 3380 2842 Apostolus

1804 2869 2046 2938 praecipit
2091 2868 2144 2921 in
2201 2867 2573 2935 superioribus
2618 2875 2676 2918 ut
2724 2864 2993 2933 episcOpi,
3057 2861 3377 2930 presbyteri,

1804 2958 2017 3012 diaconi
2039 2957 2145 3010 sint.
2167 2956 2346 3024 pudici
2373 2964 2426 3008 et
2453 2955 2820 3017 continentes;
2856 2967 2955 3006 nec
2990 2951 3210 3014 mirum,
3250 2964 3375 3003 cum

1805 3055 1860 3100 et
1886 3047 2054 3100 laicos
2079 3046 2323 3100 hortetur
2344 3045 2409 3099 ad
2435 3042 2847 3108 continentiam,
2874 3041 3060 3096 dicens
3086 3060 3099 3094 :
3136 3040 3266 3094 Volo
3287 3057 3380 3094 au-

1809 3143 1910 3188 tem
1939 3151 2114 3189 omnes
2158 3135 2388 3187 homines
2423 3149 2532 3186 esse
2573 3134 2711 3186 sicut
2744 3131 3017 3200 meipsum,
3040 3129 3226 3208 utique
3247 3143 3381 3183 con-

1810 3230 2042 3285 tinentes
2065 3225 2118 3297 (Ι
2147 3225 2268 3291 Cor.
2300 3224 2418 3293 vn).
2447 3223 2582 3278 item
2611 3242 2622 3275 :
2657 3221 2933 3291 Reliquum
2959 3227 3056 3282 est,
3086 3228 3142 3271 ut
3166 3219 3255 3288 qui
3285 3218 3382 3271 ha-

1807 3320 1924 3373 bent
1951 3333 2158 3380 uxores,
2193 3323 2442 3383 tanquam
2467 3329 2567 3366 non
2586 3313 2832 3364 habentes
2849 3312 2954 3362 sint
2979 3308 3189 3378 (Ibid)
3207 3308 3332 3361 Item
3361 3326 3373 3361 :

1817 3408 1950 3473 Viri,
1983 3407 2188 3475 diligite
2207 3421 2392 3480 uxores
2425 3412 2643 3466 vestras,
2669 3404 2804 3455 sicut
2830 3398 2898 3454 et
2927 3401 3167 3480 Christus
3196 3399 3381 3452 Eccle-

1805 3500 1945 3553 siam
1977 3472 2190 3568 (Ephes.
2240 3493 2315 3564 v).
2353 3475 2512 3548 ‘Unde
2565 3492 2925 3562 Hieronymus
2962 3506 2985 3543 ε·
3010 3472 3067 3543 Si
3104 3488 3380 3553 Christus,

1806 3587 2004 3657 inquit,
2030 3594 2239 3650 sancte,
2267 3593 2436 3649 caste,
2484 3583 2531 3638 si
2571 3583 2776 3651 absque
2820 3581 2928 3635 ulla
2965 3580 3176 3634 macula
3207 3579 3385 3648 diligit

1807 3677 2125 3740 Ecclesium,
2149 3674 2251 3728 viri
2296 3667 2523 3743 quoque
2549 3673 2601 3726 in
2655 3672 2904 3726 castitate
2929 3683 3128 3725 uxores
3149 3685 3278 3725 suas
3301 3669 3385 3722 di-

1807 3769 1994 3837 ligant,
2036 3775 2089 3820 et
2135 3765 2271 3818 sciat
2314 3764 2668 3832 unusquisque
2698 3778 2784 3814 eas
2819 3777 2973 3814 suum
3025 3761 3287 3828 possidere
3329 3759 3386 3812 in
3403 3789 3407 3795 υ

1806 3856 2224 3925 sanctiﬁcatione
2251 3861 2303 3906 et
2334 3852 2547 3916 honore,
2585 3866 2685 3924 non
2732 3852 2789 3902 in
2839 3851 3081 3918 passione
3110 3849 3385 3916 desiderii,

1807 3949 1944 4002 sicut
1985 3954 2036 3999 et
2066 3954 2260 4015 gentes,
2299 3957 2418 4012 qua:
2462 3940 2626 3994 Deum
2666 3941 2913 4010 ignorant
2945 3938 3000 4009 (Ι
3056 3939 3233 3993 Thess.
3285 3944 3383 4008 tv).

1809 4038 1980 4105 Quem
2041 4026 2299 4090 honorem
2363 4041 2439 4086 ita
2499 4031 2887 4100 interpretatur
2943 4030 3133 4085 beatus
3189 4028 3387 4085 Hiero-

1810 4143 2007 4199 nymus
2037 4145 2051 4180 :
2083 4123 2162 4191 Si,
2197 4123 2393 4195 inquit,
2431 4123 2770 4177 abstinemus
2803 4113 2904 4175 nos
2946 4136 2976 4173 a
3007 4119 3174 4185 coitu,
3207 4122 3386 4173 bono-

1809 4233 1924 4274 rem
1947 4215 2198 4271 muliebri
2221 4212 2745 4268 vasculotribuimus
2771 4210 2849 4270 :si
2877 4222 2984 4271 non
3020 4209 3380 4274 abstinemus,

1809 4303 2154 4374 perspicuum
2176 4309 2260 4355 est
2281 4299 2475 4354 honori
2495 4296 2826 4352 contrariam
2842 4310 2962 4351 esse
2974 4293 3355 4349 contumeliam
3367 4334 3381 4348 .

1810 4394 2079 4449 Prmterea
2103 4390 2284 4445 omnis
2306 4390 2540 4459 populus
2571 4385 2808 4441 ﬁliorum
2837 4384 3023 4450 lsrael,
3055 4385 3121 4440 ad
3143 4393 3384 4454 montem

132 4493 252 4565 piat
273 4504 338 4546 ut
357 4491 727 4562 per'civitates
755 4493 1095 4563 presbyteros
1123 4493 1356 4559 ordinet,
1381 4493 1562 4548 statim
1588 4510 1712 4549 eum
1746 4506 1789 4562 ι)
1814 4498 2134 4543 accessurus
2152 4490 2208 4537 et
2225 4479 2321 4536 Dei
2342 4479 2618 4549 eloquium
2643 4478 2708 4533 de
2737 4478 3261 4549 longinquotantum
3291 4493 3390 4532 au-

131 4584 203 4640 de
224 4582 577 4639 ordinatione
595 4599 786 4639 eorum
821 4584 1122 4638 informans
1153 4585 1422 4639 subinfert
1449 4605 1460 4639 :
1498 4586 1711 4656 Oportet

129 4673 450 4742 episcopum
498 4672 611 4724 sine
648 4672 867 4725 crimine
911 4688 1022 4725 esse
1068 4671 1199 4739 (Tit.
1233 4671 1293 4741 ι).
1334 4671 1479 4726 Idem
1529 4675 1752 4756 Τίιῐιο-ο

130 4762 268 4816 tbeo
298 4758 498 4815 scribit
527 4777 541 4812 :
590 4757 718 4814 Noli
753 4760 1006 4831 negligere
1046 4762 1273 4831 gratiam
1304 4778 1420 4831 qum
1475 4764 1603 4816 data
1636 4775 1714 4818 est

133 4852 237 4908 tibi
265 4867 366 4922 per
385 4851 708 4920 prophetiam
730 4862 845 4929 ciem
883 4853 1213 4922 impositione
1235 4871 1480 4908 manuum
1503 4857 1714 4924 presby-

135 4942 263 4998 terii
305 4939 365 5012 (I
416 4938 551 4994 Tim.
601 4942 705 5010 tv);
733 4941 820 5022 cui
863 4941 917 4997 in
947 4944 1295 5013 sequentibus
1325 4943 1508 4998 statim
1534 4944 1669 4999 dixit
1697 4963 1708 4998 :

137 5028 369 5086 Nemini
385 5045 596 5082 manum
624 5031 728 5082 cito
753 5031 1060 5099 imposueris
1092 5030 1304 5103 (Ibid.),
1327 5034 1473 5103 quod
1498 5035 1714 5104 proprie

132 5121 534 5190 episcoporum
565 5126 651 5174 est
698 5133 872 5188 :ergo
917 5120 1165 5173 eumdem
1206 5121 1522 5192 episcopum
1584 5123 1716 5178 dicit

133 5224 310 5282 quem
337 5217 396 5263 et
412 5207 784 5278 presbyterum
837 5207 1152 5261 nominavit.
1187 5207 1276 5262 Sic
1303 5210 1492 5266 beatus
1525 5212 1714 5268 Hiero-

136 5313 348 5376 nymus
381 5312 435 5352 et
487 5307 709 5354 sanctus
748 5300 1088 5365 Ambrosius,
1136 5299 1421 5369 pnedtctas
1471 5303 1714 5370 Apostoli

137 5385 453 5444 sententias
483 5384 710 5442 ﬁdeliter
754 5398 1101 5458 exponentes,
1150 5400 1417 5444 uastantur
1445 5393 1584 5460 apud
1618 5409 1716 5447 an-

138 5478 334 5547 tiquos
389 5473 533 5531 idem
580 5473 748 5532 fuisse
802 5480 1113 5548 episcopum
1153 5490 1206 5535 et
1237 5481 1628 5550 presbyterum,
1659 5492 1716 5538 ut

137 5581 351 5621 nomen
377 5576 553 5622 unum
591 5558 729 5622 es'set
769 5569 950 5636 oliicii,
995 5572 1142 5625 aliud
1164 5573 1356 5627 aetatis.
1395 5571 1588 5627 Postea
1619 5590 1716 5629 au-

139 5667 275 5722 tem,
314 5664 378 5709 ut
423 5654 785 5724 Hieronymus
813 5661 1026 5727 asserit,
1057 5677 1180 5717 cum
1227 5661 1596 5730 unusquisque
1621 5679 1716 5720 eos

139 5763 287 5808 quos
315 5747 693 5817 haptizaverat
727 5765 854 5806 suos
880 5767 997 5808 esse
1042 5764 1274 5824 putaret,
1329 5769 1436 5809 non
1491 5756 1714 5826 Christi,

1813 4576 2049 4640 diturus,
2074 4572 2256 4629 triduo
2289 4569 2616 4626 sanetilicari
2640 4577 2694 4623 et
2724 4583 2784 4622 se
2824 4567 3103 4622 continere
3147 4568 3216 4622 ab
3250 4583 3388 4622 uxo-

1814 4667 1968 4720 ribus
1987 4665 2211 4734 jubetur
2244 4659 2438 4725 (Exod.
2481 4656 2618 4726 xu).
2661 4656 2790 4711 iure
2819 4671 2948 4727 ergo
2978 4659 3272 4726 Apostolus
3299 4674 3389 4712 sa-

1814 4769 2033 4808 crorum
2060 4751 2327 4805 ministris
2359 4747 2808 4802 incontinentiam
2860 4748 3156 4812 interdixit,
3200 4745 3293 4815 qui
3333 4753 3390 4802 et

1814 4841 2166 4899 saecularibus
2195 4838 2391 4893 debent
2424 4838 2746 4908 praemincre
2800 4841 2855 4890 in
2901 4837 3170 4899 castitate,
3209 4834 3303 4904 qui
3334 4845 3392 4891 et

1813 4932 1987 5002 ipsius
2038 4929 2273 5000 Spiritus
2326 4930 2499 4984 sancti
2547 4926 2870 4983 locutorium
2927 4918 3122 4984 ell’ecti.
3147 4925 3391 4993 quotidie

1814 5020 2106 5076 Dominum
2143 5037 2242 5090 pro
2278 5019 2478 5089 pepulo
2503 5018 2700 5071 debent
2731 5014 3096 5081 interpellare.
3142 5013 3389 5081 Quicun-

1815 5129 1921 5185 que
1940 5128 2068 5182 ergo
2090 5113 2285 5165 horum
2321 5107 2664 5162 incontinens
2700 5120 2820 5161 esse
2845 5105 3131 5176 detegitur,
3165 5107 3235 5161 ab
3272 5108 3389 5176 ipso

1819 5201 2073 5274 Apostolo
2107 5199 2279 5254 sacris
2302 5198 2584 5252 ordinibus
2610 5196 2872 5251 interesse
2901 5199 3184 5266 pronibetu
3195 5215 3236 5257 r.
3263 5213 3386 5252 cum

1815 5307 1910 5363 per
1937 5289 2385 5346 incontinentiam
2418 5288 2729 5358 apostolicae
2772 5286 3098 5339 institutioni
3149 5287 3385 5352 seipsum

1815 5381 2151 5454 subtraxisse
2202 5379 2468 5434 videatur.
2510 5376 2646 5431 Nam
2683 5374 2829 5444 quod
2865 5373 3154 5444 Apostolus
3201 5374 3332 5428 dicit
3371 5394 3383 5428 :

1821 5471 1986 5528 Unius
2019 5474 2199 5526 uxoris
2223 5474 2391 5525 virum
2417 5469 2464 5540 (ι
2500 5469 2634 5521 Tim.
2672 5468 2776 5537 nt).
2806 5467 2955 5534 iuxta
2985 5467 3386 5523 attestationcm

1817 5574 2126 5618 sanctorum
2162 5563 2402 5625 Patrum,
2428 5569 2552 5614 ante
2593 5560 2989 5614 ordinationem
3013 5563 3244 5625 tantum,
3275 5574 3387 5614 non

1817 5655 2142 5728 postipsam
2163 5661 2248 5706 est
2278 5652 2680 5722 intelligendum
2733 5647 2880 5702 Unde
2912 5658 3134 5703 sanctus
3158 5649 3358 5718 Cypria

1820 5761 1942 5810 nus,
1975 5745 2029 5796 in
2059 5741 2196 5795 libro
2229 5740 2304 5796 De
2347 5742 2631 5798 duodecun
2666 5735 3035 5806 abusionibus,
3085 5740 3213 5795 dicit
3239 5741 3385 5808 quod
