3944 6426
499 524 594 576 ΠΙ

1193 515 1248 568 S.
1290 511 1614 569 CREGORII
1653 509 1740 564 VII
1773 509 1920 565 OPP.
1963 508 2140 587 PARS
2181 507 2338 563 HI.—
2357 506 2671 588 CONCILIA
2711 506 3012 562 ROMANA.
3048 522 3052 528 '

3719 73 3897 302 τνςτἾ

3651 505 3759 564 773

501 637 626 692 talis
647 646 770 688 esse
823 629 1016 684 debeat
1065 627 1356 695 episcopus
1404 633 1464 677 ut
1519 631 1645 677 ante
1701 622 2072 691 episcopatum
2105 627 2151 682 Α
2175 619 2390 673 Domini
2437 618 2672 674 Iacobus
2703 639 2715 674 :
2748 619 2813 672 In
2857 621 3036 675 niultis
3060 622 3197 674 enim
3224 621 3537 689 oﬁ'endimus
3575 636 3757 676 ornats

501 739 666 780 unam
691 727 906 774 tantum
931 729 1153 769 uxorem
1179 713 1447 778 habuerit,
1479 728 1587 765 non
1620 712 1820 780 plures.
1853 708 2005 764 Unde
2025 717 2081 764 ct

503 821 726 868 sanctus
787 807 1150 876 llieronymus
1208 804 1262 856 in
1318 800 1655 871 apologetico
1700 799 1768 853 ad
1827 797 2081 852 Pamma-

503 907 687 961 chium
715 919 728 956 :
766 898 1038 969 Episcopi,
1081 893 1402 964 presbyteri,
1434 891 1684 955 diaconi,
1719 898 1814 944 aut
1841 888 2081 957 virgines

503 996 770 1064 eligantur
798 999 892 1043 aut
930 986 1100 1050 vidui,
1147 985 1230 1038 vel
1283 992 1427 1037 certe
1475 990 1599 1052 post
1632 978 1995 1035 sacerdotium
2028 977 2084 1031 in

503 1097 764 1142 :cternum
790 1079 992 1151 pudici.
1025 1079 1178 1141 ltem,
1197 1079 1389 1131 beatus
1408 1074 1723 1139 Zacharias,
1754 1074 1836 1126 vir
1864 1080 2086 1142 aposto-

505 1177 665 1238 licus,
690 1172 934 1225 scribens
957 1167 1023 1221 ad
1049 1175 1296 1220 sanctum
1316 1161 1656 1218 Bonifacium
1680 1159 2087 1231 Moguntiaccn-

507 1281 623 1318 sem
647 1259 1116 1329 archiepiscopum
1154 1257 1225 1308 ita
1257 1255 1495 1308 decrevit
1523 1273 1536 1306 :
1571 1251 1733 1316 Cum,
1771 1251 1967 1319 inquit,
1994 1258 2086 1303 tua

509 1351 823 1408 fraternitas
875 1349 928 1400 in
982 1346 1213 1399 concilio
1247 1343 1564 1412 Moguntina
1609 1340 1916 1395 consederit
1961 1354 2087 1414 eum

506 1441 912 1495 Carolomanno
942 1433 1401 1490 excellentissimo
1425 1432 1566 1496 viro,
1594 1432 1640 1486 si
1664 1446 1804 1500 quos
1829 1429 2092 1498 repererit

507 1533 812 1602 episcopos,
828 1526 1192 1597 presbyteros,
1209 1531 1302 1577 aut
1329 1523 1610 1586 diaconos,
1637 1529 1828 1575 contra
1851 1533 2092 1573 canones

507 1625 592 1677 vel
618 1627 818 1677 statuta
866 1617 1087 1670 Patrum
1130 1614 1452 1677 excessisse,
1485 1612 1644 1666 idest
1699 1611 1756 1663 in
1797 1609 2089 1673 adulterio,

509 1714 590 1767 vel
617 1711 661 1766 si
698 1709 880 1779 plures
913 1720 1113 1760 uxores
1148 1703 1476 1767 habuerunt,
1506 1709 1601 1755 aut
1644 1700 1810 1754 etiam
1862 1699 1986 1753 aliis
2010 1714 2098 1753 ca—

509 1802 717 1872 pitulis,
749 1798 948 1868 quibus
982 1808 1224 1850 canones
1281 1791 1530 1846 obviasse
1566 1791 1783 1860 reperit,
1841 1798 1933 1843 tua
1968 1804 2096 1842 san-

511 1895 672 1948 ctitas
697 1890 841 1942 nulla
887 1887 1097 1940 ratione
1125 1883 1426 1952 apostolica
1468 1881 1791 1936 auctoritate
1821 1879 2098 1948 permittat

512 1997 608 2036 eos
635 1978 947 2034 sacerdotio
971 1974 1144 2044 fungi,
1187 1973 1314 2042 quia
1361 1973 1496 2026 tales
1541 1987 1572 2025 a
1604 1986 1706 2024 suo
1755 1970 1978 2038 proprio
2001 1983 2096 2022 ore

514 2072 637 2126 falsi
668 2069 1023 2123 nominantur
1049 2063 1381 2124 sacerdotes,
1405 2070 1459 2115 et
1485 2061 1782 2115 deteriores
1815 2057 2096 2114 saeculari-

514 2161 616 2214 bus
639 2172 760 2212 esse
790 2162 1092 2209 noscuntur
1121 2152 1214 2220 qui
1260 2166 1318 2205 se
1349 2165 1522 2219 neque
1557 2166 1587 2203 a
1641 2147 2098 2203 fornicationibus

516 2263 746 2318 neque'a
769 2245 992 2300 nefariis
1032 2241 1401 2297 matrimoniis
1451 2240 1742 2294 abstinent.
1766 2237 1902 2290 Nam
1953 2237 2099 2319 quod

516 2339 640 2392 inde
664 2336 932 2398 sentiunt,
958 2333 1172 2385 dicente
1204 2329 1436 2383 Domino
1477 2345 1490 2380 :
1527 2325 1836 2380 Sacerdotes
1875 2326 1976 2378 mei
2014 2341 2098 2378 se-

519 2426 620 2479 mel
650 2426 848 2478 nubant
873 2439 890 2487 ;
919 2431 973 2476 et
1017 2420 1314 2491 Apostolus
1345 2437 1355 2472 ε
1396 2417 1564 2471 Unius
1600 2416 1782 2469 uxoris
1807 2415 1978 2469 virum
2008 2433 2022 2480 ;
2047 2424 2102 2469 et

519 2518 624 2571 hoc
649 2523 774 2569 ante
803 2513 1168 2568 sacerdotium
1226 2518 1542 2577 susceptum
1600 2508 1678 2561 uti
1726 2507 1935 2561 licitum
1973 2516 2096 2561 est:

521 2622 648 2661 nam
677 2621 704 2658 a
743 2605 830 2658 die
854 2601 1090 2670 suscepti
1121 2599 1410 2653 sacerdotii
1439 2597 1602 2651 etiam
1651 2597 1720 2650 ab
1740 2597 1860 2664 ipso
1882 2597 2101 2664 proprio

522 2694 778 2763 conjugio
846 2689 1166 2760 prohibendi
1220 2696 1366 2741 sunt.
1423 2685 1576 2740 Unde
1631 2693 1688 2739 et
1738 2683 2101 2754 Hieronymus

523 2785 588 2838 ad
620 2780 970 2852 Vigilantiam
1020 2777 1264 2832 scribens
1303 2784 1532 2829 testatur
1572 2772 1858 2828 :Ecclesia
1908 2769 2102 2826 Orien-

523 2873 594 2926 tis
641 2881 695 2924 et
740 2868 998 2938 AZgypti,
1047 2875 1103 2919 et
1146 2865 1442 2933 apostolica
1485 2864 1676 2928 sedes,
1721 2871 1816 2914 aut
1865 2861 2103 2930 virgines

527 2960 756 3014 clericos
823 2955 1098 3025 accipiunt
1142 2962 1235 3007 aut
1287 2952 1652 3016 continentes,
1705 2958 1818 3015 aut,
1873 2950 1918 3004 si
1967 2963 2104 3003 uxo-

529 3065 616 3104 res
647 3045 955 3109 habuerint,
981 3043 1162 3098 mariti
1185 3058 1307 3096 esse
1328 3041 1627 3106 desistunt;
1661 3041 1936 3110 quomodo
1957 3039 2103 3094 enim

522 3140 678 3205 juxta
751 3134 1002 3190 eumdem
1058 3132 1419 3202 Apostolum,
1475 3141 1537 3186 ut
1599 3131 1917 3200 praedictum
1989 3138 2100 3194 est,

2181 708 2324 780 (Jac.
2379 713 2460 777 ιι).
2511 709 2663 764 Multi
2713 719 2894 764 autem
2949 711 3066 765 sine
3111 712 3338 766 crimine
3383 712 3754 782 reperiuntur.

2183 796 2335 852 Unde
2363 797 2555 852 beatus
2598 799 2935 868 Augustinus
2987 799 3041 852 in
3081 808 3312 853 tractatu
3335 799 3756 870 quadragesimo

2183 890 2361 959 primo
2385 905 2546 958 super
2573 889 2797 946 Joannis
2819 891 3156 962 evangelium
3187 899 3436 944 testatur.
3463 890 3569 946 Sed
3596 892 3761 961 plane

2184 982 2340 1036 multi
2369 982 2503 1051 justi
2538 982 2666 1036 dicti
2691 991 2820 1037 sunt
2853 982 2969 1038 sine
2991 983 3233 1053 querela,
3271 983 3413 1052 quod
3437 982 3758 1053 intelligitur

2185 1071 2305 1126 sine
2337 1071 2582 1126 crimine.
2613 1069 2766 1126 Nulla
2790 1073 2936 1127 enim
2966 1073 3183 1142 querela
3199 1072 3354 1152 justa
3377 1072 3550 1126 estde
3578 1072 3669 1126 his
3704 1072 3762 1126 in

2187 1163 2352 1218 rebus
2397 1164 2682 1231 humanis,
2723 1166 2817 1236 qui
2860 1181 2971 1221 non
3020 1167 3223 1221 habent
3267 1167 3494 1221 crimen.
3539 1166 3763 1220 Crimen

2189 1271 2319 1310 vero
2339 1264 2424 1310 est
2456 1264 2737 1325 peccatum
2768 1271 2934 1328 grave
2963 1255 3310 1312 accusatione
3330 1265 3386 1310 et
3411 1256 3764 1313 damnatione

2190 1346 2606 1416 dignissimum;
2634 1345 2726 1416 qui
2761 1361 2894 1415 ergo
2920 1355 3030 1400 tam
3060 1363 3222 1417 grave
3259 1346 3556 1412 admiserit,
3601 1345 3764 1414 juxta

2191 1436 2546 1506 Apostolum,
2591 1435 2910 1506 peceatum,
2953 1451 3170 1492 sacrum
3223 1435 3468 1491 ordinem
3517 1435 3768 1490 obtinere

2193 1541 2304 1580 non
2327 1525 2539 1580 debeat.
3522 1515 3526 1519 I

2265 1613 2403 1668 XVI.
2433 1613 2504 1669 Ut
2528 1623 2708 1670 autem
2736 1616 2854 1672 haec
2887 1615 3184 1686 apostolica
3209 1613 3476 1670 institutio
3505 1614 3572 1668 de
3593 1613 3770 1669 sacris

2195 1704 2477 1759 ordinibus
2504 1705 2662 1760 nobis
2692 1706 2992 1762 evidentior
3015 1708 3128 1771 fiat,
3152 1706 3296 1761 beati
3328 1704 3639 1775 Hieronymi
3669 1720 3771 1758 ex-

2196 1795 2541 1864 positionem.
2569 1810 2732 1863 super
2763 1796 3008 1850 eamdem
3048 1797 3394 1851 considerare
3421 1810 3532 1851 non
3565 1794 3768 1866 pigeat,

2199 1885 2436 1953 quieam
2479 1885 2534 1937 in
2577 1885 2715 1938 libro
2769 1894 2956 1939 contra
2991 1883 3335 1940 Iovinianum
3375 1885 3449 1937 ita
3487 1884 3769 1938 dilucidat.

2129 1941 2172 1994 Β
2201 1941 2306 2026 Sed
2353 1981 2408 2026 et
2446 1972 2566 2041 ipsa
2603 1973 2926 2042 episcopalis
2965 1974 3157 2028 electio
3196 1988 3410 2028 mecum
3453 1972 3612 2037 facit;
3655 1989 3772 2028 non

2197 2063 2344 2117 enim
2391 2063 2593 2117 dicitur
2631 2083 2644 2117 :
2692 2062 2933 2134 Eligatur
2961 2066 3250 2135 episcopus
3282 2064 3376 2134 qui
3419 2080 3584 2118 unam
3618 2064 3774 2119 ducit

2198 2167 2445 2216 uxorem,
2471 2161 2524 2206 et
2545 2151 2686 2207 filios
2708 2152 2892 2217 faciat,
2916 2154 3008 2208 sed
3033 2154 3127 2222 qui
3157 2169 3322 2207 unam
3353 2153 3604 2207 habuerit
3628 2169 3773 2208 uxo-

2200 2256 2316 2294 rem
2343 2249 2396 2293 et
2419 2240 2558 2295 filios
2591 2241 2647 2294 in
2695 2241 2845 2294 omni
2872 2243 3115 2298 subditos
3133 2242 3437 2312 disciplina.
3456 2242 3618 2298 Certe
3638 2259 3774 2298 con-

2199 2328 2369 2382 literis
2398 2342 2508 2381 non
2547 2342 2707 2398 posse
2743 2343 2865 2383 esse
2906 2329 3216 2399 episcopum
3243 2331 3339 2399 qui
3376 2331 3432 2384 in
3453 2332 3775 2402 episcopatu

2199 2414 2339 2470 tilios
2388 2413 2570 2469 faciat.
2607 2415 2862 2486 Alioquin
2905 2417 2952 2472 si
2999 2419 3366 2488 deprehensus
3407 2419 3601 2486 fuerit,
3658 2437 3775 2477 non

2199 2507 2358 2574 quasi
2423 2506 2508 2560 vir
2567 2507 2858 2574 tenebitur,
2934 2508 3030 2563 sed
3053 2509 3208 2579 quasi
3257 2509 3465 2564 adulter
3484 2511 3776 2566 damnabi-

2199 2605 2319 2659 tur;
2360 2603 2456 2648 aut
2487 2597 2736 2664 permitte
2766 2597 3136 2652 sacerdotibus
3171 2589 3420 2654 exe'rcere
3457 2615 3624 2669 opera
3669 2617 3777 2655 nu-

2200 2686 2460 2755 ptiarum,
2495 2694 2555 2739 ut
2598 2685 2738 2739 idem
2773 2686 2884 2740 sint
2927 2687 3164 2756 virgines
3191 2688 3334 2757 quod
3360 2689 3564 2757 mariti,
3589 2698 3685 2744 aut
3727 2692 3776 2745 si

2202 2775 2574 2830 sacerdotibus
2608 2789 2808 2830 uxores
2850 2791 2958 2830 non
2999 2776 3124 2831 licet
3152 2783 3395 2847 “urgere,
3423 2778 3477 2832 in
3499 2794 3566 2833 eo
3596 2781 3778 2834 sancti

2202 2872 2331 2919 sunt
2369 2859 2515 2933 quia
2541 2864 2824 2939 imitantur
2848 2867 3164 2934 pudicitiam
3198 2868 3540 2938 virginalem.
3574 2866 3683 2924 Sed
3721 2878 3780 2925 et

2203 2956 2307 3010 hoc
2335 2954 2677 3009 inferendum
2701 2971 2712 3006 :
2739 2954 2795 3008 Si
2823 2955 2993 3011 laicus
3015 2965 3070 3011 et
3087 2958 3397 3027 quicunque
3422 2957 3595 3012 ﬁdelis
3619 2974 3781 3014 orare

2204 3060 2314 3099 non
2361 3053 2538 3114 potest
2580 3045 2687 3101 nisi
2716 3054 2870 3100 vacet
2901 3044 3130 3118 [careat]
3171 3047 3240 3101 ab
3266 3047 3441 3102 cilicio
3479 3049 3779 3120 conjugali,

2205 3135 2493 3201 sacerdoti,
2530 3137 2616 3190 cui
2647 3150 2860 3206 semper
2905 3149 3004 3204 pro
3048 3137 3249 3206 populo
3273 3136 3546 3193 offerenda
3568 3140 3785 3195 sacriﬁ—

527 3246 588 3285 se
631 3228 1029 3290 continerent,"
1075 3223 1125 3278 si
1171 3238 1295 3276 cum
1375 3221 1698 3292 conjugibus
1765 3220 2105 3275 incontinen—
2131 3253 2174 3309 ο
2207 3225 2311 3289 cia,
2349 3240 2559 3295 semper
2586 3232 2671 3280 est
2706 3227 3010 3280 orandum:
3049 3228 3094 3282 si
3133 3243 3346 3298 semper
3368 3228 3633 3284 orandum
3672 3239 3784 3296 est,

527 3322 659 3374 tiam
705 3331 956 3372 exemere
997 3313 1286 3370 deberent?
1325 3311 1458 3378 Quae
1490 3312 1617 3381 quia
1643 3312 1918 3379 contraria
1956 3319 2104 3376 sunt,

533 3410 841 3465 nullatenus
866 3405 1029 3461 simul
1057 3420 1178 3460 esse
1203 3412 1449 3473 possunt.
1491 3401 1596 3456 Sed
1618 3412 1672 3456 et
1697 3403 1800 3455 hoc
1825 3403 2109 3471 diligenter

531 3498 929 3568 inspiciendum
955 3494 1100 3563 quod
1124 3492 1416 3561 Apostolus
1432 3491 1659 3561 jusserit
1685 3492 1809 3562 eligi
1840 3490 1908 3544 ad
1930 3507 2108 3546 sacer-

531 3587 763 3651 dotium,
797 3600 919 3638 nam
947 3583 1039 3652 qui
1080 3582 1192 3650 jam
1239 3597 1334 3652 per
1361 3582 1810 3636 incontinentiam
1843 3582 1984 3636 filios
2017 3596 2109 3650 ge—

536 3683 771 3733 neraret.
802 3675 894 3728 sed
920 3673 1012 3742 qui
1036 3673 1241 3726 dudum
1279 3671 1422 3725 filios
1445 3670 1659 3725 adultos
1683 3680 1737 3724 ct
1771 3671 1906 3724 bene
1938 3671 2111 3722 nutri-

536 3777 624 3821 tos
648 3765 945 3818 habuisset.

606 3855 743 3911 Nota
793 3863 973 3908 autem
1020 3851 1340 3920 Apostolum
1386 3850 1757 3905 inobedientes
1798 3859 1852 3905 et
1905 3850 2112 3903 vanilo-

533 3963 678 4019 quos
721 3945 1031 4000 nullatenus
1075 3943 1215 3996 inter
1264 3956 1452 3996 sacros
1487 3941 1706 3996 ordines
1746 3948 2111 4010 computasse,

537 4039 651 4093 imo
677 4036 882 4105 peritos
911 4033 1220 4088 sacerdotes
1259 4031 1516 4085 constitui
1543 4031 1862 4099 prmeepisse
1911 4031 1979 4083 ad
2013 4031 2115 4083 hos

537 4129 728 4198 utique
769 4124 1074 4196 arguendos
1104 4123 1198 4191 qui
1227 4121 1508 4175 universas
1551 4121 1743 4175 domos
1773 4121 2113 4185 subvertunt,

539 4219 798 4274 docentes
821 4230 943 4286 qua:
983 4229 1090 4268 non
1133 4221 1345 4282 oportet
1369 4212 1544 4280 turpis
1577 4212 1715 4266 lucri
1740 4211 1949 4281 gratia;
1976 4225 2114 4280 quos

541 4306 709 4361 etiam
737 4304 871 4358 dure
895 4302 1160 4369 increpari
1184 4303 1338 4369 jubet
1364 4318 1430 4356 ne
1452 4300 1696 4356 Judaicis
1720 4301 1918 4354 fabulis
1940 4301 2117 4354 inten-

541 4398 694 4462 dant,
721 4403 775 4450 et
813 4393 1082 4448 mandatis
1111 4391 1392 4445 hominum
1423 4391 1790 4444 aversantium
1827 4405 1885 4443 se
1919 4404 1949 4442 a
1978 4389 2117 4441 veri-

543 4496 676 4551 tate,
703 4496 762 4538 ut
802 4485 876 4536 illi
919 4484 1012 4552 qui
1034 4484 1189 4552 juxta
1218 4481 1532 4536 mandatum
1567 4478 1720 4533 Pauli
1751 4477 2114 4540 Samosateni,

2208 3329 2338 3385 ergo
2368 3329 2582 3384 semper
2607 3315 2903 3370 carendum
2945 3317 3313 3388 matrimonio.
3352 3316 3488 3372 Nam
3513 3326 3569 3373 et
3594 3322 3653 3374 in
3687 3335 3784 3376 ve-

2208 3406 2312 3461 teri
2338 3396 2472 3475 lege,
2499 3405 2591 3475 qui
2616 3421 2714 3476 pro
2736 3407 2934 3476 populo
2959 3406 3166 3462 hostias
3202 3407 3519 3475 offerebant,
3540 3423 3652 3464 non
3686 3425 3786 3466 so-

2208 3485 2345 3550 lum.
2368 3495 2423 3550 in
2453 3496 2705 3552 domibus
2729 3497 2844 3551 suis
2873 3513 2983 3551 non
3007 3509 3184 3566 erant,
3225 3499 3319 3554 sed
3343 3499 3509 3554 etiam
3529 3500 3786 3570 purifica-

2209 3588 2409 3641 bantur
2432 3586 2523 3656 [ad
2544 3585 2780 3656 tempus]
2807 3588 2876 3640 ah
2901 3588 3160 3642 uxoribus
3182 3588 3419 3658 separati
3438 3597 3496 3643 et
3524 3590 3711 3644 vinum
3732 3598 3787 3644 et

2211 3677 2440 3730 siceram
2457 3691 2564 3729 non
2587 3676 2843 3730 bibebant
2863 3675 3054 3746 (Levit.
3069 3677 3283 3747 x),qu:e
3305 3679 3481 3732 solent
3502 3678 3786 3734 libidinem
3828 3723 3836 3727 .

2141 3814 2145 3815 ,
2212 3781 2525 3836 provocare.
2556 3765 2840 3837 Eliguntur
2854 3767 3032 3823 mariti
3059 3768 3112 3822 in
3137 3769 3498 3824 sacerdotium
3523 3786 3538 3821 :
3564 3786 3674 3825 non
3697 3785 3788 3824 no-

2214 3872 2301 3926 go,
2329 3857 2456 3926 quia
2481 3872 2590 3911 non
2629 3867 2756 3912 sunt
2777 3859 2912 3912 tanti
2937 3859 3173 3930 virgines
3201 3861 3390 3928 quanti
3416 3869 3549 3915 sunt
3594 3875 3789 3916 neces-

2215 3949 2345 4002 sarii
2392 3948 2718 4001 sacerdotes.
2742 3946 2998 4016 Nunquid
3045 3949 3173 4018 quia
3199 3947 3256 4002 in
3285 3950 3528 4005 exercitu
3551 3949 3790 4007 fortissi-

2191 4037 2578 4107 ~musquisque
2595 4038 2874 4108 eligendus
2885 4047 2987 4103 est,
3012 4037 3214 4094 idcirco
3234 4055 3341 4094 non
3361 4051 3716 4097 assumentur
3735 4051 3790 4097 et

2217 4126 2566 4191 inlirmiores,
2597 4142 2722 4180 cum
2747 4142 2938 4182 omnes
2963 4126 3132 4182 fortes
3154 4143 3275 4183 esse
3295 4144 3403 4184 non
3444 4131 3713 4198 possunt?
3740 4131 3790 4186 si

2215 4215 2483 4270 exercitus
2532 4215 2741 4269 viribus
2785 4224 2994 4268 tantum
3040 4225 3353 4280 constaret,
3384 4226 3438 4272 et
3481 4234 3590 4272 non
3622 4220 3790 4274 etiam

2219 4320 2444 4360 numero
2467 4303 2719 4369 militum,
2743 4304 3101 4373 adjicerentur
3123 4305 3498 4363 imbecilliores
3530 4327 3544 4362 :
3569 4323 3717 4363 nunc
3736 4317 3792 4364 et

2219 4380 2577 4450 secundarum
2609 4403 2663 4449 et
2693 4395 2975 4448 tertiarum
3001 4395 3196 4450 virium
3227 4397 3426 4467 gradus
3439 4399 3746 4454 assumitur
3765 4440 3781 4463 ,

2222 4494 2280 4538 ut
2304 4485 2459 4538 turba
2495 4493 2550 4538 et
2583 4498 2812 4537 numero
2843 4486 3115 4540 exercitus
3155 4487 3511 4555 compleatur.
3552 4487 3620 4541 Et
3645 4503 3788 4558 quo—

548 4582 662 4636 sive
701 4577 945 4642 Ebionis,
981 4574 1262 4629 Judaicam
1309 4571 1757 4637 incontinentiam
1788 4565 2118 4622 Christianis
2151 4567 2195 4620 D
2221 4574 2403 4638 modo,
2440 4573 2674 4643 inquies,
2709 4567 3020 4642 frequenter
3056 4574 3109 4627 in
3145 4575 3487 4630 ordinatione
3528 4577 3788 4631 sacerdo-

544 4667 919 4723 sacerdotibus
963 4664 1126 4719 licere
1151 4662 1538 4733 dogmatizant.
1579 4659 1719 4724 Quid
1746 4673 1878 4728 ergo
1915 4656 2116 4723 mirum

549 4763 594 4816 si
621 4762 782 4814 etiam
810 4769 993 4812 noster
1027 4757 1358 4826 apostolims
1397 4753 1709 4824 hujusmodi
1749 4751 2119 4804 inobedientes

548 4867 578 4904 a
607 4865 762 4903 sacro
790 4847 964 4900 cilicio
987 4846 1234 4907 dimovit,
1272 4860 1411 4913 quos
1445 4853 1496 4898 et
1530 4841 1824 4911 Apostolus
1852 4838 1987 4892 dure
2031 4837 2084 4889 in
2110 4864 2118 4871 -

547 4939 782 5008 crepari,
809 4954 916 4991 non
948 4935 1118 4990 sacris
1150 4934 1432 4988 ordinibus
1467 4931 1836 4994 annumerari,
1862 4926 2115 4983 decrevit.

553 5026 784 5080 Videsne
838 5041 967 5094 ergo
999 5041 1161 5093 quam
1217 5021 1598 5076 incvitabiliter
1645 5020 1753 5072 sint
1785 5017 2118 5071 observanda

552 5117 724 5173 nostri
767 5116 1009 5185 Gregorii
1055 5124 1274 5180 statuta,
1307 5130 1427 5184 quae
1480 5128 1510 5166 a
1563 5109 1934 5166 sacratissimo
1975 5107 2121 5161 fonte

554 5207 956 5276 Scripturarum
991 5205 1236 5257 videmus
1287 5203 1547 5256 derivata.
1597 5198 1885 5253 Sciendum
1940 5205 2118 5249 autem

551 5295 872 5365 Apostolum
907 5293 1253 5348 constituisse
1307 5302 1364 5344 ut
1407 5289 1692 5344 ordinandi
1736 5289 1848 5341 sive
1886 5287 2120 5340 ordinati

552 5387 676 5442 sine
692 5385 919 5440 crimine
940 5394 1139 5447 essent,
1154 5399 1259 5437 non
1284 5383 1400 5437 sine
1425 5391 1662 5450 peccato.
1682 5379 1816 5432 Nam
1841 5380 1893 5432 in
1921 5378 2122 5432 mundo

556 5476 757 5539 nullus,
799 5473 953 5542 juxta
993 5473 1375 5540 Augustinum,
1402 5471 1641 5538 exceptis
1671 5469 1908 5538 parvulis
1951 5469 2124 5536 bapti-

552 5561 720 5638 gzatis,
769 5561 884 5615 sine
916 5570 1136 5629 peccato
1175 5570 1546 5622 conversatur,
1581 5565 1869 5613 attestante
1903 5555 2018 5623 ipso
2043 5554 2124 5608 di-

559 5649 851 5703 lectissimo
885 5648 1096 5702 Domini
1146 5647 1354 5702 Joanne
1399 5666 1410 5699 :
1455 5648 1512 5701 Si
1555 5649 1870 5710 dixerimus,
1930 5645 2122 5714 inquit,

561 5739 682 5806 quia
711 5747 981 5806 peccatum
1019 5757 1118 5792 non
1149 5741 1418 5803 habemus,
1443 5740 1544 5808 ipsi
1582 5756 1671 5792 nos
1713 5738 2032 5801 seducimus,
2077 5747 2124 5789 et

554 5826 748 5878 .reritas
784 5827 836 5879 in
874 5827 1017 5880 nobis
1060 5845 1158 5880 non
1201 5838 1274 5881 est
1309 5827 1359 5896 (1
1399 5827 1557 5884 Joan.
1595 5830 1731 5898 vin).
1783 5829 1906 5882 item
1962 5825 2125 5880 frater

2221 4663 2312 4716 tali
2339 4663 2594 4718 sacerdos
2633 4661 2787 4731 virgo
2825 4662 3134 4732 negligitur,
3175 4671 3228 4717 et
3276 4663 3505 4720 maritus
3549 4666 3790 4720 assumi-

2221 4755 2333 4807 tur?
2355 4754 2491 4819 Quia
2518 4752 2655 4806 forte
2683 4759 2736 4803 et
2765 4760 2960 4805 caetera
2985 4768 3149 4821 opera
3176 4753 3471 4824 virginitati
3494 4769 3605 4808 non
3629 4756 3792 4810 habet

2221 4841 2595 4910 congruentia,
2638 4848 2733 4892 aut
2766 4839 2918 4909 virg'o
2957 4850 3198 4909 putatur,
3228 4849 3282 4894 et
3314 4857 3424 4894 non
3447 4850 3553 4908 est,
3590 4838 3686 4897 aut
3706 4855 3791 4900 est

2220 4929 2546 5000 virginitatis
2593 4927 2925 4999 [virginitas]
2957 4930 3195 4994 infamis,
3229 4937 3324 4983 aut
3352 4939 3498 4984 certe
3532 4931 3649 5001 ipsa
3678 4935 3790 4990 vir-

2220 5021 2418 5092 ginitas
2445 5020 2585 5088 parit
2608 5018 2657 5072 ei
2688 5019 3019 5086 superbiam,
3045 5027 3098 5072 et
3126 5019 3256 5073 dum
3288 5019 3391 5074 sibi
3415 5023 3697 5092 applaudit
3724 5025 3792 5079 de

2221 5113 2336 5166 sola
2377 5109 2621 5176 corporis
2660 5107 2942 5172 castitate,
2997 5108 3223 5164 virtutes
3255 5119 3480 5165 caateras
3539 5112 3795 5182 negligit;

2222 5214 2330 5252 non
2359 5198 2503 5250 fovet
2524 5209 2808 5264 pauperes,
2842 5206 2938 5250 aut
2957 5200 3202 5267 pecuniae
3235 5199 3483 5267 cupidior
3509 5209 3615 5254 est.
3651 5199 3791 5256 Eve-

2223 5289 2303 5341 nit
2329 5286 2598 5340 interdum
2625 5294 2683 5338 ut
2712 5286 2922 5339 tristior
2953 5287 3154 5351 vultus,
3206 5286 3496 5341 adductum
3541 5291 3790 5359 superci-

2223 5379 2390 5441 lium,
2440 5376 2685 5429 incessus
2719 5389 3040 5443 pomparum
3078 5373 3295 5429 ferculis
3329 5375 3575 5448 [similis]
3617 5377 3791 5432 offen-

2223 5467 2315 5522 dat
2345 5464 2623 5533 populum,
2651 5470 2704 5516 et
2727 5463 2819 5531 Qui
2858 5463 2993 5516 nihil
3037 5463 3198 5525 habet
3243 5466 3389 5534 quod
3431 5466 3793 5535 reprehendat

2225 5556 2278 5607 in
2313 5553 2416 5605 vita
2455 5551 2695 5604 habitum
2735 5553 2911 5605 solum
2965 5551 3138 5606 oderit
3188 5563 3242 5608 et
3292 5555 3588 5608 incessum.
3635 5553 3792 5612 Multi

2224 5642 2494 5710 eliguntur
2521 5656 2628 5693 non
2649 5655 2834 5694 amore
2874 5641 2978 5704 sui,
3033 5643 3125 5696 sed
3147 5644 3368 5698 alterius
3396 5643 3544 5710 odio.
3576 5642 3640 5700 In
3670 5648 3792 5716 pte-

2226 5734 2410 5802 risque
2432 5731 2746 5799 suffragium
2771 5740 3009 5784 meretur
3041 5735 3156 5788 sola
3191 5734 3534 5802 simplicitas,
3572 5744 3628 5791 et
3655 5736 3792 5792 aite-

2227 5827 2342 5879 rius
2372 5821 2669 5893 prudentia:
2714 5830 2767 5875 et
2812 5823 3087 5881 calliditati
3121 5826 3277 5898 quasi
3319 5812 3526 5884 malitia
3551 5811 3792 5900 iopponio
