3944 6380
139 455 238 512 7T5

1410 449 1781 506 CONCILIUM
1823 449 2160 506 IlOMANUM
2197 451 2235 504 I.

3284 459 3386 516 774

138 579 248 620 tur.
274 562 687 633 Nonnunquam
717 571 832 617 erat
853 564 998 633 vulgi
1035 565 1317 634 plebisque
1343 561 1632 632 judicium,
1664 570 1719 616 et
1746 563 1790 618 Α
1818 561 1988 630 scopi,
2019 561 2337 630 presbyteri,
2364 569 2458 616 aut
2507 562 2723 617 diaconi
2761 573 2911 632 sunt,
2943 567 3039 622 sed
3067 568 3113 623 si
3157 578 3386 626 virtutes

139 656 194 708 in
229 653 608 710 sacerdotibus
655 655 1076 723 comprobandis
1155 655 1532 724 unusquisque
1597 654 1715 709 suis

137 743 390 796 moribus
415 740 579 807 favet,
620 751 678 796 ut
718 758 827 796 non
861 752 972 798 tam
1011 744 1216 798 bonum
1253 759 1417 812 quam
1447 743 1532 798 sui
1560 743 1716 796 simi-

137 830 248 884 lem
274 838 484 900 qurerat
515 831 885 900 praepositum.
944 831 1136 886 Evenit
1183 831 1469 901 aliquoties
1510 839 1572 886 ut
1599 846 1717 886 ma-

139 921 259 985 riti,
298 935 422 989 qua:
454 935 581 989 pars
612 920 788 989 major
835 929 919 975 est
975 922 1030 975 in
1057 922 1278 1006 p0pulo,
1331 921 1540 975 maritis
1562 921 1720 990 quasi
1756 943 1760 948 -

143 1009 251 1062 sibi
277 1009 630 1078 applaudant,
657 1017 710 1063 et
734 1009 787 1063 in
811 1024 877 1064 eo
899 1026 959 1064 se
979 1025 1100 1065 esse
1123 1010 1454 1064 arbitrentur
1479 1026 1588 1065 non
1612 1011 1722 1064 vir-

142 1096 327 1166 gines,
352 1098 399 1152 si
426 1097 611 1152 mariti
635 1098 834 1168 virgini
865 1098 1486 1169 praeponantunDieam
1517 1101 1721 1170 aliquid

143 1190 301 1258 quod
351 1188 536 1244 forsan
591 1205 718 1244 eum
774 1191 1074 1246 oﬂensione
1130 1192 1424 1246 multorum
1478 1193 1723 1247 dicturus

145 1291 301 1341 sum,
333 1276 427 1330 sed
463 1276 589 1330 boni
611 1292 720 1331 non
743 1277 878 1330 mihi
899 1266 1221 1343 irascentur,
1247 1278 1376 1348 quia
1405 1293 1500 1332 eos
1525 1293 1716 1347 pecca-

147 1362 193 1415 ti
229 1363 570 1417 conscientia
604 1380 715 1418 non
739 1366 1028 1420 remordet.
1072 1365 1343 1421 Interdum
1373 1367 1478 1421 hoc
1504 1375 1558 1421 et
1586 1382 1723 1436 pon-

150 1450 366 1505 tiﬁcum
393 1451 522 1505 vitio
550 1453 748 1507 accidit
777 1454 906 1523 quia
930 1469 1040 1508 non
1065 1455 1335 1520 meliores,
1367 1455 1461 1508 sed
1488 1455 1727 1523 argutio-

150 1554 250 1593 res
281 1539 337 1593 in
367 1541 573 1594 clerum
614 1542 844 1612 eligunt,
873 1551 926 1596 et
959 1543 1232 1610 simplices
1283 1558 1529 1611 quosque
1569 1551 1728 1611 atque

151 1630 478 1686 innocentes
511 1631 776 1686 inhabiles
823 1641 1033 1701 putant.
1088 1632 1152 1686 Et
1175 1633 1423 1686 aﬁinibus
1459 1643 1512 1686 et
1529 1648 1729 1702 cogna-

151 1721 230 1776 tis
262 1723 423 1790 quasi
447 1730 672 1776 terrena:
705 1723 910 1776 militia:
938 1723 1110 1778 ollieia
1141 1725 1473 1793 largiuntur;
1507 1725 1620 1778 sive
1641 1725 1727 1776 di-

152 1811 337 1864 vitum
362 1811 910 1880 obediuntjussioni;
939 1814 1194 1882 quodque
1217 1814 1304 1870 his
1352 1815 1534 1882 pejus,
1575 1812 1728 1885 [illis]

1819 650 2105 703 habuerint
2126 651 2406 703 nominum
2443 665 2666 705 suorum
2690 662 2742 706 et
2777 653 3095 711 oﬁiciorum.
3126 658 3384 728 Alioquin

1819 737 1866 791 si
1891 737 2154 790 diaconus
2192 738 2448 806 episeopo
2483 754 2584 792 suo
2619 741 2857 794 sanctior
2898 740 3078 806 fuerit,
3111 759 3240 797 num
3275 761 3384 798 non

1819 840 1885 885 ex
1918 841 1983 880 eo
2004 827 2148 895 quod
2188 827 2240 879 in
2282 825 2520 880 inferiori
2559 837 2728 898 gradu
2773 839 2892 895 est,"
2929 831 3070 899 apud
3107 831 3384 886 Christum

1821 916 2054 970 deterior
2078 915 2182 969 erit
2199 917 2222 967 ἲ
2241 903 2396 970 Absit
2434 925 2494 970 ut
2518 916 2823 986 Stephanus
2843 919 3122 987 diaconus,
3145 906 3240 990 qui
3273 922 3387 990 pri-

1825 1021 1946 1060 nius
1980 1006 2240 1076 martyrio
2274 1015 2357 1060 est
2396 1017 2710 1071 coronatus,
2746 1009 2923 1062 minor
2962 1009 3178 1064 futurus
3219 1011 3289 1064 sit
3330 1012 3385 1064 in

1825 1111 1993 1165 regno
2033 1096 2294 1149 cmlorum
2343 1097 2528 1150 multis
2577 1098 2864 1166 episcopis,
2909 1109 2962 1153 et
3013 1099 3294 1154 Timotheo
3333 1108 3389 1155 et
3481 1111 3484 1114 ’

1825 1185 1968 1247 Τὶιο,
2003 1201 2142 1253 quos
2177 1195 2236 1238 ut
2267 1185 2535 1254 subjicere
2571 1204 2677 1240 non
2723 1189 2915 1254 audeo,
2953 1188 3025 1242 ita
3082 1205 3181 1243 nec
3231 1199 3384 1244 ante-

1825 1289 2043 1344 ponere.

1895 1361 2188 1431 IIueusque
2233 1372 2454 1416 sanctus
2493 1362 2873 1433 Hieronymus,
2909 1364 3002 1434 qui
3045 1373 3261 1434 quantm
3291 1379 3388 1418 au-

1828 1449 2090 1503 ctoritatis
2146 1449 2325 1514 fuerit,
2357 1451 2519 1504 etiam
2553 1452 2694 1520 apud
2736 1452 3039 1521 episcopos,
3082 1453 3390 1520 apostolicae

1829 1539 1973 1594 sedis
2002 1539 2215 1593 decreta
2263 1539 2402 1593 beati
2454 1539 2653 1593 Gelasii
2713 1556 2862 1609 papae
2907 1541 3039 1593 satis
3094 1541 3388 1604 insinuant,

1829 1629 2112 1697 quaeinter
2141 1630 2480 1684 authenticas
2505 1639 2559 1683 et
2591 1630 2880 1683 eanonieas
2907 1630 3215 1683 sanctiones
3256 1645 3392 1698 opn-

1832 1719 1980 1772 scula
2036 1719 2208 1787 ipsius
2239 1720 2568 1790 _recipienda
2621 1734 2740 1772 esse
2781 1719 3077 1773 decernunt
3105 1737 3129 1784 τη
3156 1719 3295 1772 sicut
3338 1728 3394 1773 et

1833 1809 2003 1862 sancti
2025 1807 2297 1877 Cypriani,
2321 1809 2616 1873 Ambrosii,
2651 1808 2938 1876 Augustini
2973 1809 3250 1876 opuscula,
3280 1808 3393 1861 sive
3446 1821 3449 1825 '

152 1901 451 1958 clericatus
479 1903 685 1957 donant
717 1904 965 1973 gradum,
1020 1921 1257 1974 quorum
1292 1884 1584 1976 obsequiis
1625 1907 1735 1960 sint
1765 1884 1806 1938 Β
1836 1906 2095 1954 tractatus
2138 1898 2471 1965 reliquorum
2521 1906 2832 1951 sanctormn
2882 1897 3126 1964 Patrum,
3158 1899 3251 1967 qui
3296 1915 3395 1953 nec

153 1992 396 2047 deliniti.
439 1993 660 2064 Alioqui
701 1994 748 2048 si
766 1995 923 2063 juxta
962 1997 1287 2050 sententiam
1325 1998 1592 2066 Apostoli,
1627 2012 1737 2052 non

153 2095 326 2140 erunt
353 2087 612 2156 episcopi,
657 2088 762 2143 nisi
803 2089 1004 2154 mariti,
1043 2089 1156 2159 ipse
1196 2089 1488 2160 Apostolus
1525 2091 1735 2160 episco-

153 2191 269 2246 pus
297 2191 418 2231 esse
446 2191 556 2230 non
597 2178 775 2243 debet,
803 2189 862 2234 ut
887 2179 980 2248 qui
1022 2180 1177 2234 docet
1203 2179 1318 2252 [qui
1353 2181 1510 2252 dixit]
1547 2201 1559 2236 :
1609 2182 1736 2235 Volo

154 2274 345 2319 autem
365 2283 538 2321 omnes
563 2285 674 2321 esse
708 2269 845 2322 sicut
880 2285 971 2339 ego
993 2286 1108 2323 sum
1136 2269 1189 2341 (I
1218 2271 1340 2326 Cor.
1372 2273 1488 2340 vn).
1523 2341 1526 2344 .
1553 2272 1618 2327 Et
1645 2272 1738 2326 Jo—

157 2373 343 2414 annes
389 2359 643 2430 indignus
679 2361 782 2415 hoc
820 2363 990 2431 gradu
1027 2364 1409 2429 mstimabitur,
1446 2374 1499 2419 et
1546 2381 1738 2421 omnes

154 2446 406 2517 virgines
442 2447 543 2518 [et]
573 2450 936 2516 continentes,
986 2453 1188 2520 quibus
1233 2455 1389 2522 quasi
1436 2455 1738 2523 pulcherri-

155 2533 273 2590 mis
293 2537 523 2605 gemmis
557 2535 812 2592 Ecclesia:
847 2539 1048 2592 monile
1082 2541 1388 2596 decoratur.
1417 2536 1734 2611 Episcopus,

156 2625 466 2695 presbyter,
493 2627 776 2692 diaconus,
806 2643 914 2681 non
958 2637 1086 2684 sunt
1127 2632 1444 2684 meritorum
1495 2633 1735 2698 nomina,

157 2713 262 2768 sed
284 2713 606 2780 ciliciorum,
636 2733 735 2772 nec
759 2718 986 2773 dicitur:
1021 2718 1079 2773 Si
1103 2721 1218 2790 quis
1241 2722 1596 2789 episcopatum
1643 2723 1736 2775 de-

157 2802 392 2868 siderat,
435 2804 646 2863 bonum
701 2807 962 2862 honorem
999 2808 1275 2881 [gradum]
1311 2811 1603 2877 desiderat,
1643 2813 1738 2866 sed

159 2887 360 2942 bonum
379 2905 510 2958 opus
530 2891 797 2945 desiderat
829 2893 882 2963 (Ι
913 2893 1049 2949 Tim.
1099 2899 1206 2966 ιιι),
1253 2898 1400 2966 quod
1454 2898 1508 2951 in
1544 2899 1738 2968 majori

159 2977 360 3032 ordine
379 2979 711 3035 constitutus
743 2983 935 3049 possit,
961 2984 1008 3037 si
1039 2984 1186 3051 velit,
1216 2986 1564 3040 occasionem
1588 3002 1740 3040 exer-

158 3064 464 3119 cendarum
491 3066 688 3121 habere
709 3068 988 3123 virtutum.
1024 3069 1241 3138 Opertel
1284 3086 1405 3140 ergo
1444 3073 1740 3140 episcopum

160 3152 678 3222 irreprelzensibilem
704 3171 834 3222 esse,
863 3165 922 3210 ut
943 3156 1075 3210 nulli
1101 3156 1235 3211 vitio
1277 3157 1616 3226 mancipatus
1639 3158 1735 3222 sit;

160 3243 328 3294 unius
359 3243 546 3308 uxoris
588 3245 780 3311 virum,
843 3247 938 3314 qui
979 3261 1149 3318 unam
1199 3262 1422 3301 uxorem
1468 3246 1737 3313 habuerit,

161 3345 282 3385 non
306 3331 537 3395 habeat;
574 3333 830 3398 sobrium,
857 3334 992 3398 sive,
1018 3343 1083 3386 ut
1119 3335 1312 3388 melius
1355 3334 1407 3386 in
1434 3333 1621 3388 Grzeco
1658 3336 1740 3400 di:

161 3417 332 3481 citur,
359 3420 685 3486 vigilantem,
711 3421 972 3489 νηφάλιων,
1019 3406 1289 3519 pudicum,
1335 3421 1439 3475 hoc
1467 3422 1610 3474 enim
1667 3423 1740 3475 si-

162 3506 395 3577 gniﬁcat
428 3511 639 3582 σώφρων
673 3508 991 3587 [σώφρωνα];
1023 3506 1266 3588 ornatum
1300 3517 1355 3565 et
1398 3511 1643 3565 castitate
1688 3521 1742 3565 et

157 3595 444 3662 moribus;
477 3595 807 3665 hospitalem,
834 3606 894 3653 ut
926 3599 1199 3654 imitemur
1219 3599 1513 3664 Abraham,
1541 3609 1594 3654 et
1616 3616 1741 3654 eum

162 3684 499 3755 peregrinis,
535 3685 646 3740 imo
685 3685 740 3741 in
789 3671 1089 3758 peregrinis
1118 3689 1380 3758 suscipiat
1432 3688 1739 3764 Christum;

161 3775 463 3841 doctorem,
490 3769 625 3830 nihil
656 3777 801 3848 enim
829 3779 1051 3846 prodest
1095 3778 1145 3831 ei
1199 3779 1535 3850 conscientia
1569 3780 1744 3832 virtu-

162 3872 290 3919 tum
311 3863 542 3933 perfrui,
566 3866 670 3921 nisi
710 3876 765 3921 et
800 3867 1064 3930 creditum
1125 3867 1228 3920 sibi
1280 3867 1538 3936 populum
1575 3868 1745 3936 possit

166 3952 450 4008 instruere
467 3963 524 4008 et
544 3956 719 4010 valeat
746 3957 1024 4011 exhortari
1073 3955 1128 4010 in
1153 3956 1400 4010 doctrina
1439 3965 1494 4010 et
1533 3973 1628 4011 eos
1651 3959 1744 4027 qui

165 4041 562 4096 contradicunt
586 4039 912 4113 redarguere
936 4062 952 4109 ;
976 4060 1078 4097 non
1104 4045 1442 4111 vinolentum",
1478 4047 1606 4115 quia
1650 4049 1744 4117 qui

165 4127 394 4200 semper
432 4130 487 4183 in
511 4131 1054 4200 sanctis‘sanctorum
1081 4140 1185 4199 est,
1228 4143 1281 4187 et
1302 4135 1457 4190 offert
1501 4138 1749 4202 hostias,

162 4229 228 4276 et
263 4220 456 4275 vinum
499 4228 552 4274 et
597 4207 825 4278 siceram
871 4236 981 4275 non
1038 4221 1206 4287 bibit;
1272 4221 1411 4293 [qui]
1464 4224 1545 4278 sic
1597 4225 1748 4279 bibat

161 4311 477 4382 episcopus,
499 4321 556 4366 ut
595 4328 664 4366 an
691 4313 886 4367 biberit
918 4314 1192 4384 ignoretur
1231 4313 1381 4385 [quia
1410 4316 1464 4369 in
1499 4316 1626 4371 vino
1659 4317 1745 4370 lu-

163 4401 339 4456 xuria
359 4399 493 4472 est];
520 4417 623 4454 non
669 4419 1042 4472 percussorem,
1065 4403 1119 4457 id
1143 4411 1243 4468 est,
1273 4404 1364 4473 qui
1387 4405 1748 4461 conscientias

1837 1989 1891 2042 in
1914 1988 2015 2042 ﬁde
2040 2003 2139 2041 nec
2169 1988 2223 2040 in
2261 1987 2641 2056 praedicatione
2671 2003 2701 2040 a
2726 1997 2910 2041 saneta
2942 1987 3184 2041 Itoniana
3211 1987 3393 2042 Eccle-

1834 2078 1914 2132 sia
1944 2078 2248 2141 deviarunt,
2289 2077 2380 2131 sed
2424 2077 2477 2130 in
2513 2076 2632 2143 ejus
2672 2077 3164 2130 communicatione
3219 2094 3394 2146 usque

1835 2167 1902 2221 ad
1932 2167 2092 2221 ﬁnem
2130 2167 2252 2220 vitae
2282 2167 2658 2236 perdurarunt.
2698 2165 2965 2219 Intantnm
3006 2183 3238 2235 namque
3262 2167 3390 2220 bea—

1813 2265 1923 2311 ,ως
1982 2255 2228 2311 Gelasius
2286 2257 2340 2309 in
2393 2256 2663 2326 prindictis
2724 2256 2953 2309 decretis
3015 2259 3391 2310 auctoritatem

1836 2348 2009 2402 sancti
2049 2345 2358 2411 Hieronymi
2390 2346 2548 2399 nobis
2585 2347 2926 2400 commendat
2968 2355 3025 2399 nt
3063 2353 3115 2400 et
3163 2347 3394 2400 aliorum

1834 2435 2114 2504 opuscula,
2167 2435 2322 2503 juxta
2364 2434 2482 2502 ejus
2535 2433 2821 2501 judicium,
2877 2435 3132 2503 rapienda
3185 2435 3267 2488 vel
3306 2451 3425 2490 re--

1836 2526 2073 2593 spuenda
2105 2540 2224 2579 esse
2261 2525 2458 2578 ibidem
2489 2524 2758 2578 decernat.
2787 2524 3106 2594 Quicunque
3143 2541 3272 2594 ergo
3301 2525 3396 2578 dc-

1836 2615 2004 2669 bitam
2034 2614 2395 2668 obedientiam
2434 2614 2745 2682 apostolicae
2784 2615 2897 2668 sedi
2953 2615 3262 2682 impendere
3295 2631 3395 2668 vo-

1837 2704 2016 2766 luerit,
2073 2703 2380 2756 nullatenus
2443 2702 2755 2769 hnjusmodi
2812 2710 3124 2756 sanctorum
3174 2703 3410 2772 Patrum

1837 2793 2199 2862 singularibus
2221 2792 2500 2845 sententiis
2549 2790 2885 2860 repugnabit.
2921 2785 3217 2861 IIucusquc'
3245 2792 3395 2848 suﬁi-

1838 2883 1946 2936 eiat
1970 2882 2172 2936 dixisse
2201 2881 2330 2952 quid
2378 2880 2670 2949 Apostolus
2703 2881 2882 2950 exigat
2927 2897 2958 2934 a
3003 2883 3396 2946 sacerdotibus,

1838 2971 1981 3040 quod
2015 2971 2326 3040 quicunque
2377 2970 2603 3024 ﬁdeliter
2657 2971 3012 3038 perspexerit,
3055 2987 3396 3040 nequaquam

1839 3067 2038 3112 statuta
2059 3059 2242 3130 nostri
2275 3058 2556 3126 apostolici
2601 3058 2932 3111 obliteranda
2963 3059 3244 3131 judicabit,
3276 3075 3398 3129 qua:

1841 3163 1939 3201 nec
1990 3147 2187 3215 aliquis
2230 3155 2574 3200 contemnere
2616 3148 2831 3214 poterit,
2885 3148 2992 3200 nisi
3047 3158 3100 3202 et
3156 3148 3400 3224 ipsorum

1839 3237 2207 3304 apostolorum
2239 3235 2524 3290 sententiis
2560 3252 2857 3305 repugnare
2881 3238 3023 3301 velit,
3047 3239 3246 3306 quibus
3282 3239 3398 3307 ipsa

1839 3325 2052 3378 Veritas
2082 3326 2135 3376 in
2173 3325 2462 3392 Evangelio
2513 3324 2823 3380 ﬁdelissime
2865 3328 3130 3394 promittit
3161 3313 3176 3380 ὲ
3234 3329 3402 3380 Amen

1838 3415 1956 3466 dico
1991 3415 2130 3466 vobis
2155 3429 2172 3464 :
2202 3413 2321 3464 Erit
2350 3414 2616 3466 remissius
2643 3423 2796 3467 terra:
2823 3413 3064 3469 Sodoma:
3088 3418 3142 3469 in
3182 3418 3266 3470 die
3306 3419 3400 3486 ju—

1838 3504 1968 3555 dicii
1995 3519 2151 3571 quam
2183 3501 2287 3555 illis
2317 3501 2411 3569 qui
2454 3517 2730 3564 sermones
2764 3511 2974 3558 vestros
3025 3521 3134 3559 non
3177 3521 3398 3576 recepe-
3449 3575 3453 3584 Ι

1841 3603 1966 3647 runt
1997 3591 2210 3658 (Matth.
2249 3592 2346 3661 XI).
3354 3666 3358 3668 ἡ
3385 3637 3400 3658 ,χ

1909 3682 2071 3737 XVII.
2096 3682 2360 3748 Quartum
2391 3689 2571 3736 autem
2609 3683 2778 3736 nostri
2821 3685 3103 3752 apostolici
3125 3686 3400 3742 decretum

1841 3775 2084 3844 prtecipit
2111 3783 2168 3827 ut
2189 3772 2417 3841 populus
2441 3771 2760 3826 clericorum
2791 3772 2963 3825 ollicia
2995 3788 3105 3827 non
3155 3775 3398 3844 recipiat,
3481 3843 3486 3850 _

1842 3878 1980 3933 quos
2002 3862 2172 3916 sacris
2195 3860 2515 3924 canonibus,
2543 3860 2652 3912 imo
2685 3861 3008 3929 evangelicis
3038 3872 3091 3916 et
3134 3866 3397 3932 apostoli-

1843 3955 1922 4009 cis
1982 3950 2446 4013 institutionibus,
2484 3949 2758 4003 adversari
2812 3952 3072 4020 percipiat
3105 3969 3118 4005 :
3157 3955 3403 4011 videlicet

1845 4059 1982 4115 quos
2005 4044 2159 4112 juxta
2183 4031 2474 4096 censuram
2510 4048 2822 4094 sanctorum
2853 4039 3073 4094 Patrum
3113 4030 3405 4100 damnatos

1846 4138 1900 4190 in
1927 4135 2201 4204 propriam
2226 4149 2416 4188 eorum
2456 4132 2750 4202 perniciem
2780 4133 2937 4186 altari
2981 4133 3291 4188 ministrare
3317 4137 3400 4188 vi-

1844 4226 1988 4278 deat.
2017 4222 2216 4290 Nempe
2236 4223 2629 4275 Antiochenum
2652 4221 2945 4274 concilium
2968 4236 2999 4274 a
3024 4223 3398 4280 sacratissimo

1845 4313 2270 4368 Chalcedonensi
2305 4311 2556 4377 concilio,
2585 4320 2643 4364 ut
2683 4312 3052 4380 praediximus,
3087 4314 3400 4381 indubitati:

1845 4409 1928 4454 ter
1975 4400 2307 4463 roboratum,
2357 4398 2527 4475 oﬁicia
2578 4400 2956 4455 damnatorum
3006 4402 3397 4475 clericorum‘a

164 4489 522 4560 singulorum
547 4506 653 4545 non
685 4493 1172 4562 pereutiat;neque
1207 4494 1352 4548 enim
1384 4495 1622 4565 pugilem
1644 4496 1742 4550 de-
1775 4511 1819 4565 ι)
1848 4489 2059 4560 populis
2113 4489 2276 4558 recipi
2341 4474 2742 4545 districtissim‘e
2793 4491 3060 4559 prohibet,
3126 4474 3396 4548 intantum

165 4580 372 4634 scribit
400 4596 580 4635 sermo
601 4583 949 4649 apostolicus,
985 4583 1080 4636 sed
1119 4583 1425 4649 pontiﬁcem
1476 4586 1740 4650 instituit;

163 4669 315 4738 Quid
339 4667 519 4721 facere
548 4684 656 4722 non
686 4670 879 4723 debeat
909 4671 1084 4734 docet,
1132 4686 1275 4724 nunc
1299 4687 1329 4725 e
1353 4674 1571 4741 regione
1615 4675 1744 4742 quid

164 4753 367 4809 faciat.
391 4752 500 4807 Sed
522 4755 650 4823 quid
666 4756 691 4808 ?
722 4756 1031 4822 modestum,
1057 4774 1159 4809 non
1189 4758 1496 4827 litigiosum,
1525 4777 1629 4813 non
1653 4779 1745 4814 cu-

163 4843 388 4917 pidum,
414 4842 639 4896 domum
660 4859 813 4899 suam
837 4855 1125 4914 regentem,
1162 4847 1300 4914 ﬁlios
1332 4848 1601 4902 habentem
1623 4852 1745 4903 sub-

165 4935 462 4990 ditoscum
483 4934 628 4987 omni
650 4934 995 5007 castitate“
1036 4936 1169 4990 Tim.
1219 4937 1320 5006 ιιι).
1373 4936 1502 4991 Vide
1544 4948 1744 5007 quanta

165 5022 448 5095 pudicitia
476 5023 723 5093 exigatur
751 5022 805 5077 in
828 5025 1098 5094 episcopo,
1123 5035 1182 5080 ut
1207 5027 1250 5080 si
1298 5025 1390 5079 ﬁlii
1411 5026 1530 5094 ejus
1571 5027 1746 5094 impu-

164 5113 292 5170 dici
318 5111 542 5178 fuerint,
560 5101 674 5180 ipse
687 5113 1100 5182 episcopusesse
1126 5129 1232 5168 non
1256 5115 1444 5183 possit,
1472 5124 1527 5168 et
1558 5116 1744 5170 eodem

167 5199 365 5254 oIBcio
389 5191 631 5254 oﬂendat
656 5199 940 5266 Dominum
994 5217 1102 5269 quo
1128 5201 1348 5255 offendit
1369 5211 1421 5255 et
1434 5202 1545 5256 IIeIi
1569 5205 1747 5271 ponti—

167 5288 302 5353 fex;
325 5289 664 5356 corripuerat
681 5292 892 5360 quidem
905 5293 1064 5356 ﬁlios,
1093 5292 1184 5347 sed
1206 5293 1331 5361 quia
1355 5307 1460 5346 non
1483 5294 1762 5363 abjecerat,

168 5379 586 5446 delinquentes,
599 5388 889 5444 retrorsum
900 5383 1150 5438 ceciditet
1162 5391 1404 5436 mortuus
1414 5391 1516 5445 est,
1529 5384 1746 5439 lucerna

136 5511 141 5519 .
173 5467 285 5522 Dei
317 5474 618 5532 antequam
639 5469 1085 5539 exstingueretur.
1114 5471 1355 5524 Mulieres
1385 5471 1628 5524 similiter
1651 5489 1748 5540 pu-

172 5558 336 5610 dicas
367 5561 425 5606 et
447 5552 658 5619 reliqua
686 5553 892 5624 (Ibid.).
927 5557 986 5612 In
1007 5561 1154 5614 omni
1185 5559 1349 5629 gradu
1372 5566 1425 5610 et
1450 5574 1578 5610 sexu
1603 5569 1749 5614 tenet

176 5648 454 5725 pudicitia
504 5644 815 5714 primatum.
852 5648 1043 5706 Cernis
1084 5669 1212 5722 ergo
1256 5651 1397 5721 quod
1441 5651 1745 5719 episcopus,

174 5740 500 5815 presbyter,
539 5732 797 5788 diaconus
823 5728 946 5789 non'
972 5739 1090 5793 ideo
1125 5742 1232 5796 sint
1285 5740 1420 5794 beati
1459 5739 1585 5808 quia
1637 5739 1748 5805 epi-

1811 4642 1818 4648 _
1844 4582 2048 4636 scilicet
2071 4588 2129 4633 ut
2158 4579 2322 4632 etiam
2353 4579 2422 4632 ab
2462 4579 2690 4632 ecclesia
2722 4579 3054 4648 abjiciemlos
3087 4595 3209 4635 esse
3268 4597 3399 4637 cen-

1843 4680 1958 4728 seat
1978 4671 2069 4740 qui
2097 4670 2203 4723 illis
2235 4668 2445 4723 clericis
2481 4669 2670 4722 saltem
2695 4670 3236 4736 commnnicaverint,
3259 4687 3400 4740 quos

1845 4759 2184 4813 interdictum
2221 4756 2323 4811 sibi
2361 4756 2716 4810 ministerium
2746 4765 3009 4826 usurpare
3031 4755 3395 4828 cognoverint.

1846 4848 1936 4903 Sic
1958 4849 2100 4903 enim
2125 4857 2378 4918 quartum
2408 4847 2649 4916 ejusdem
2690 4849 2904 4902 concilii
2945 4857 3105 4917 caput
3126 4857 3354 4905 testatur
3383 4871 3395 4906 :
3422 4905 3427 4910 .

1847 4936 1903 4990 Si
1932 4939 2056 5006 quis
2079 4938 2364 5006 episcopus
2396 4952 2427 4991 a
2455 4938 2659 5006 synodo
2684 4939 2990 5002 damnatus,
3019 4939 3100 4991 vel
3123 4943 3401 5012 presbyter

1844 5035 1936 5079 aut
1969 5028 2230 5080 diaconus
2273 5027 2341 5079 ab
2378 5026 2650 5093 episcopo,
2698 5025 2816 5079 ausi
2859 5017 3060 5081 fuerint
3102 5031 3301 5099 aliquid
3334 5034 3401 5102 de

1845 5129 2002 5168 sacro
2046 5113 2348 5166 ministerio
2380 5112 2691 5180 contingere
2716 5156 2728 5178 ,
2763 5116 2876 5170 sive
2921 5119 3209 5187 episcopus
3246 5121 3398 5186 juxta

1844 5201 2227 5269 praecedentem
2248 5202 2711 5268 consuetudinem,
2739 5205 2850 5264 sive
2871 5208 3146 5275 presbyter
3166 5217 3258 5259 aut
3277 5209 3366 5260 dia
3395 5241 3402 5248 ι

1846 5276 2034 5356 conus,
2063 5291 2210 5344 nullo
2237 5291 2396 5344 modo
2422 5292 2578 5346 liceat
2606 5295 2654 5346 ei
2685 5303 2739 5348 et
2762 5295 2816 5346 in
2851 5295 2954 5346 alia
2995 5295 3201 5363 synodo
3239 5296 3398 5349 resti-

1847 5381 2069 5434 tntionis
2082 5395 2232 5450 spem
2256 5391 2348 5435 aut
2372 5382 2548 5436 locum
2571 5383 2765 5436 habere
2792 5380 3204 5448 satisfactionis;
3232 5386 3321 5439 sed
3347 5396 3402 5440 et

1846 5459 2308 5528 communicantes
2340 5472 2389 5523 ei
2417 5459 2786 5538 omnes'abjici
2817 5471 2882 5524 de
2911 5471 3162 5540 ecclesia,
3194 5486 3248 5529 et
3281 5493 3398 5530 ma-

1847 5561 1989 5614 xime
2011 5568 2358 5628 posteaquam
2393 5557 2569 5626 [forte,
2597 5560 2692 5627 qui
2721 5564 3094 5632 posteaquam]
3118 5565 3401 5618 didicerint

1848 5650 2105 5701 adversus
2127 5655 2452 5698 memoratos
2474 5648 2733 5714 prolatam
2760 5648 2925 5703 fuisse
2946 5652 3283 5713 sententiam,
3318 5652 3400 5706 eis
3419 5721 3423 5726 η

1848 5735 2244 5791 communicare
2271 5736 2607 5791 tentaverint.
2643 5736 2799 5792 Juxta
2839 5739 3001 5808 hujus
3030 5739 3220 5807 capitis
3246 5748 3398 5796 teno-
