3944 6442
538 546 640 605 775

1322 535 1376 589 S.
1419 535 1744 592 GREGORII
1784 535 1875 593 Ἧι
1910 538 2061 595 οΡΡ.
2097 539 2276 597 PARS
2307 540 2787 599 [IL—CONCILIA
2826 543 3129 601 ROMANA.

3660 551 3762 610 776

533 669 651 712 rem
680 650 852 708 sancti
879 647 1087 710 Patres,
1121 642 1220 713 qui'
1238 642 1294 697 in
1323 642 1674 698 Chalcedone
1699 646 2101 702 sacratissimos
2129 659 2173 713 Α
2200 648 2303 704 illis
2334 650 2634 717 calamitas,
2664 652 2755 707 ubi
2791 655 2926 710 tales
2949 655 3341 713 intercessores
3367 659 3433 714 ad
3462 660 3645 718 locum
3675 678 3762 720 re.

534 757 771 799 canones
811 736 1327 809 promulgaverunt,
1374 746 1567 787 omnes
1608 734 2102 789 eommunicatores

535 828 818 900 cujusdam
863 820 1103 879 damnati
1150 818 1422 873 Timothei
1466 818 1814 874 Alexandrini
1855 821 2103 890 praesulis

533 913 1030 990 excommunicatos
1063 922 1184 963 esse
1208 915 1577 973 censuerunt;
1607 906 1700 976 qui
1726 906 1893 961 Leoni
1930 907 2103 975 impe-

534 1006 706 1064 ratori
747 1017 848 1081 pro
879 1001 1070 1056 eodem
1112 996 1397 1051 Timotheo
1440 995 1747 1051 consulenti
1790 995 1896 1051 hoc
1939 995 2103 1050 modo

535 1096 969 1164 rescripserunt:
1001 1088 1108 1143 Eos
1143 1088 1309 1142 etiam
1338 1086 1454 1156 qui,
1487 1100 1613 1139 cum
1665 1084 1870 1140 scirent
1912 1083 2103 1138 Timo-

532 1188 721 1243 theum
747 1183 916 1237 fuisse
948 1181 1286 1244 damnatum,
1320 1175 1725 1231 communicare
1755 1175 1844 1229 ille
1865 1174 1983 1229 sine
2005 1189 2100 1243 pe-

533 1277 707 1333 riculo
746 1272 1106 1336 crediderunt,
1144 1276 1431 1342 extraneos
1470 1280 1592 1319 esse
1637 1280 1669 1318 a
1721 1263 1816 1319 Dei
1862 1262 2101 1318 Ecclesia

531 1366 840 1436 judicamus
866 1400 882 1427 ,
930 1358 1228 1414 secundum
1296 1355 1740 1423 consequentiam
1799 1352 2101 1423 regularem

534 1455 682 1510 nulla
703 1453 785 1508 eis
812 1450 968 1506 venia
1000 1463 1100 1503 nec
1140 1460 1237 1515 spe
1285 1444 1645 1498 restitutionis
1680 1443 1790 1497 ullo
1820 1443 1982 1496 modo
2016 1457 2101 1495 re-

536 1549 806 1607 manente,
832 1537 1065 1593 sicut83
1090 1533 1271 1604 regula
1295 1532 1361 1586 de
1396 1532 1595 1586 talibus
1617 1541 1801 1600 aperte
1838 1530 2099 1597 decernit,

450 1682 453 1683 ν
542 1631 700 1701 cujus
728 1628 944 1682 initium
979 1633 1099 1680 est:
1139 1624 1196 1676 Si
1218 1622 1340 1691 quis
1362 1623 1649 1689 episcopus
1684 1638 1715 1674 a
1739 1621 1971 1692 synodo,
1993 1628 2096 1674 etc.

536 1721 875 1790 Quapropter
921 1724 975 1771 et
1027 1722 1213 1768 noster
1259 1712 1592 1780 apostolicus
1640 1711 1834 1765 merito
1888 1709 2100 1779 popul.s

534 1812 710 1866 olﬁeia
742 1806 1055 1879 bujusmodi
1078 1806 1401 1860 clericorum
1445 1802 1740 1872 prohibuit,
1780 1816 1987 1865 eorum,
2012 1800 2098 1853 in-

534 1916 721 1971 quam,
750 1914 889 1968 quos
920 1910 1028 1949 non
1064 1903 1173 1949 tam
1198 1894 1312 1962 ipse
1348 1891 1625 1945 damnavit
1660 1905 1823 1959 quam
1845 1903 1875 1942 a
1895 1888 2097 1942 sanctis

2201 738 2418 807 gimiuis
2443 742 2800 809 adducuntur,
2835 747 2928 813 qui
2950 746 3043 801 Dei
3067 750 3238 817 magis
3259 750 3314 803 in
3343 765 3403 805 se
3424 751 3759 810 iracundiam

2200 839 2517 896 promovent
2563 847 2727 900 quam
2775 850 2873 904 per
2924 837 3244 909 semetipsos
3286 841 3502 908 populis
3545 844 3762 913 placare

2199 916 2513 992 debuerant.
2734 918 2737 921 λ
2920 976 2929 978 ,
3652 924 3653 927 ‘

2267 1005 2397 1066 iure
2444 1023 2575 1077 ergo
2622 1012 2793 1066 nostri
2847 1014 3109 1082 temporis
3153 1015 3447 1087 Gregorius
3500 1022 3759 1090 populum

2195 1094 2509 1164 huiusmodi
2534 1111 2987 1170 praesumptorum
3004 1103 3176 1159 ollicia
3197 1107 3434 1176 recipere
3460 1111 3760 1182 prohibuit,

2198 1185 2738 1253 quos.sanctissimus
2780 1191 3091 1259 :equivoeus
3130 1202 3184 1255 et
3221 1211 3444 1265 regnum
3476 1200 3633 1269 culpa
3660 1216 3760 1256 sua

2199 1289 2556 1345 prmgravare,
2590 1287 2645 1333 et
2670 1278 2763 1334 Dei
2798 1282 3133 1355 iracundiam
3181 1285 3237 1339 in
3269 1302 3328 1341 se
3356 1289 3529 1357 magis
3561 1304 3760 1358 provo-

2199 1377 2323 1417 care
2344 1365 2615 1419 asseruit:
2644 1368 2905 1437 scriptum
2931 1379 3012 1425 est
3044 1372 3187 1425 enim
3216 1390 3229 1425 :
3256 1373 3360 1437 Qui
3385 1377 3633 1429 averterit
3666 1394 3763 1431 au-

2201 1468 2307 1504 rem
2330 1468 2482 1506 suam
2507 1469 2568 1506 ne
2588 1455 2964 1526 audiatlegem,
2976 1461 3311 1527 exsecrabilis
3332 1464 3432 1515 erit
3451 1465 3561 1533 ejus
3583 1468 3759 1518 oratio

2200 1541 2380 1611 (Prov.
2412 1544 2621 1615 xxvm).
2646 1545 2765 1611 Quo
2790 1548 3014 1602 crimine
3038 1565 3228 1629 omnes
3262 1552 3587 1622 obligantur,
3627 1556 3759 1629 qui-

2198 1645 2413 1699 cunque
2438 1634 2714 1688 canonicis
2748 1636 3119 1691 sanctionibus
3142 1620 3415 1695 obstinato
3449 1620 3760 1699 animo—rc-

2198 1717 2509 1788 fragautur;
2560 1723 2701 1776 unde
2751 1732 2807 1777 et
2852 1740 3039 1779 eorum
3079 1726 3252 1781 oﬁicia
3292 1730 3489 1783 merito
3540 1732 3757 1800 populis

2197 1807 2590 1863 interdicuntur
2629 1827 2860 1880 quorum
2899 1806 3172 1872 Orationes
3215 1818 3556 1887 omnipotens
3612 1820 3757 1875 Dens

2198 1913 2306 1951 non
2339 1899 2461 1953 dico
2497 1915 2605 1953 non
2643 1902 2851 1970 recipit,
2894 1903 2988 1956 sed
3025 1913 3353 1958 exsecratur.
3398 1905 3501 1961 Sed
3530 1908 3642 1977 jam
3684 1908 3755 1963 ad

534 1989 789 2045 Patribus
844 1986 1161 2057 jamdudum
1218 1985 1505 2037 damnatos
1568 1995 1688 2035 esse
1749 1979 2087 2032 monstravit.
2128 1974 2170 2027 Β
2196 1986 2371 2055 ipsum
2424 1986 2530 2043 vas
2572 1989 2850 2044 ειεειίοηιε
2891 1990 3202 2059 veniamus,
3255 1994 3350 2062 qui
3392 2002 3448 2047 ει
3498 1974 3780 2064 νάφθα.

533 2083 801 2139 Praeterea
835 2079 1212 2135 sanctissimus
1251 2090 1389 2145 papa
1428 2073 1752 2136 Alexander,
1779 2086 1810 2125 a
1844 2070 1904 2123 Β.
1933 2070 2091 2124 Petro

535 2174 780 2244 quintus,
832 2171 927 2240 qui
968 2169 1149 2238 potius
1207 2167 1261 2219 in
1311 2164 1527 2220 camino
1573 2162 1715 2233 ignis
1758 2160 2091 2215 concremari

536 2277 703 2333 quam
730 2260 945 2313 mentiri
972 2254 1302 2317 fortissimus
1325 2252 1525 2306 athleta
1554 2250 1769 2319 delegit,
1804 2249 1918 2318 ipse
1946 2262 2090 2301 nam-

537 2365 643 2421 que
680 2363 779 2402 nec
801 2345 1128 2416 loquendum
1156 2343 1237 2396 eis
1257 2356 1376 2395 esse
1400 2347 1626 2395 testatur
1662 2337 1860 2405 quibus
1890 2342 1946 2388 et
1973 2334 2090 2411 epif

536 2414 736 2507 scopus
782 2414 889 2506 pro
923 2433 1216 2489 sceleribus
1259 2444 1448 2484 eorum
1482 2427 1711 2482 sentitur
1736 2425 2013 2489 adversus,
2040 2414 2100 2476 et

536 2528 643 2582 hoc
669 2541 734 2579 ex
756 2526 924 2595 ipsius
948 2522 1204 2593 principis
1226 2518 1594 2588 apostolorum
1621 2513 1940 2569 auctoritate
1960 2527 2092 2566 con-

537 2618 739 2681 ﬁrmat,
767 2616 841 2668 ita
854 2664 859 2679 ην
873 2614 1077 2676 dicens,
1110 2625 1229 2677 cap.
1255 2610 1288 2661 ti
1315 2626 1328 2659 :
1356 2606 1415 2659 Β.
1452 2605 1643 2659 Petrus
1670 2605 1724 2656 in
1755 2601 2091 2656 ordinatione

534 2705 712 2758 sancti
764 2697 1175 2771 praedecessor-is
1240 2693 1412 2747 nostri
1460 2690 1751 2745 Clementis
1818 2689 2091 2741 instruens

536 2793 742 2862 clerum
770 2796 825 2842 et
843 2786 1101 2857 populum
1136 2782 1249 2835 ait:
1276 2780 1335 2833 Si
1360 2780 1613 2832 inimicus
1644 2777 1805 2829 fuerit
1844 2774 2091 2828 Clemens

535 2881 700 2947 alicui
731 2893 829 2948 pro
869 2877 1081 2931 actibus
1132 2873 1267 2937 suis,
1298 2869 1484 2929 :nolite
1519 2883 1615 2921 vos
1660 2873 2000 2935 exspectare,
2032 2870 2091 2916 ut

529 2972 658 3039 ipse
695 2967 850 3022 vobis
890 2966 1072 3032 dicat;
1108 2962 1244 3015 Cum
1275 2960 1366 3013 illo
1396 2958 1563 3011 nolite
1595 2956 1755 3009 amici
1795 2968 1955 3018 esse;
1996 2952 2092 3005 sed

539 3060 826 3113 observare
848 3054 1138 3123 prudenter
1158 3048 1363 3103 debetis
1390 3054 1443 3099 et
1464 3043 1725 3098 voluntati
1747 3043 1865 3110 ejus
1889 3041 2092 3107 absque

535 3143 959 3201 commonitione
988 3136 1355 3192 obsecundare
1374 3174 1389 3199 ,
1437 3142 1491 3187 et
1523 3140 1762 3185 avertere
1798 3144 1895 3182 vos
1926 3127 1995 3180 ab
2025 3140 2091 3179 eo

534 3234 631 3306 cui
653 3223 830 3302 ipsum
854 3229 1062 3294 sentitis
1084 3228 1400 3287 adversum;
1433 3221 1526 3275 sed
1551 3234 1650 3272 nec
1683 3216 1829 3285 loqui
1859 3216 1944 3269 bis
1967 3213 2090 3283 qui—

950 3312 1209 3382 loquitur,
1240 3284 1302 3364 ut
1324 3281 1697 3375 unusquisque
1724 3281 1817 3372 qui
1844 3304 1898 3355 in
1933 3281 2089 3369 culpa
2114 3281 2156 3338 (ἶ

529 3421 642 3481 est,
686 3411 815 3463 dum
843 3405 991 3475 cupit
1022 3401 1263 3456 omnium
1300 3396 1545 3451 vestrum
1594 3392 1861 3445 amicitias
1907 3388 2049 3443 l'erre
2071 3426 2087 3452 ,

537 3499 756 3555 festinet
788 3496 948 3549 citius
969 3486 1305 3546 reconciliari
1328 3481 1499 3551 ei'qui
1526 3476 1776 3534 omnibus
1800 3484 2011 3546 praeest,
2036 3484 2092 3529 et

538 3603 635 3659 per
675 3588 778 3659 hoc
820 3584 1002 3637 redeat
1032 3580 1101 3634 ad
1130 3577 1353 3633 salutem
1381 3612 1396 3640 ,
1442 3586 1567 3625 eum
1600 3568 1817 3623 obedire
1867 3564 2091 3633 coeperit

540 3655 761 3733 monitis
795 3670 1146 3743 praesidentis.
1182 3669 1237 3721 Sl
1262 3682 1386 3720 vero
1416 3665 1539 3734 quis
1568 3662 1775 3715 amicus
1814 3657 1976 3711 fuerit
2004 3655 2089 3709 his

538 3768 740 3839 quibus
775 3740 889 3832 ipse
927 3776 1034 3815 non
1076 3759 1333 3827 loquitur,
1364 3770 1506 3821 unus
1546 3740 1629 3805 est
1661 3760 1715 3803 et
1747 3750 1862 3816 ipse
1888 3762 1955 3799 ex
1985 3745 2089 3806 illis

538 3838 637 3927 qui
664 3849 1017 3925 exterminare
1051 3845 1145 3899 Dei
1170 3842 1461 3896 Ecclesium
1486 3838 1699 3899 volunt;
1727 3843 1781 3887 et
1813 3848 1936 3887 cum
1965 3846 2088 3885 cor-

541 3923 673 4017 pore
684 3941 962 3996 vobiscum
984 3923 1103 3991 esse
1123 3934 1388 3994 videatur,
1420 3934 1596 3981 mente
1619 3932 1673 3978 et
1692 3923 1874 3977 animo
1901 3928 2089 3974 contra

540 4011 639 4091 vos
670 4042 780 4098 est;
825 4040 879 4084 et
917 4036 1000 4082 est
1034 4025 1202 4079 multo
1232 4020 1473 4090 nequior
1504 4016 1676 4070 hostis
1702 4015 1789 4068 hic
1818 4026 1979 4081 quam
2014 4011 2090 4063 illi

538 4125 787 4199 quiforis
819 4126 964 4184 sunt,
999 4126 1053 4170 et
1090 4097 1597 4168 evidenterinimici
1640 4110 1797 4167 sunt;
1836 4102 1921 4154 hic
1945 4099 2089 4153 enim

538 4193 636 4290 per
663 4211 1018 4283 amicitiarum
1044 4204 1274 4275 speciem
1307 4215 1427 4270 quae
1454 4198 1669 4251 inimica
1701 4202 1827 4249 sunt
1848 4193 2012 4263 gerit,
2036 4201 2090 4247 et

542 4408 669 4461 ceps
707 4362 1075 4458 apostolorum
1105 4375 1214 4435 tam
1255 4378 1437 4433 stricte
1469 4373 1716 4444 prohibet
1746 4386 1812 4423 ne
1854 4369 1977 4439 quis
2008 4368 2088 4421 eis

543 4457 749 4539 saltem,
775 4477 1022 4542 loquatur
1041 4470 1134 4537 qui
1168 4466 1477 4536 apostolicis
1505 4459 1764 4516 institutis
1788 4473 1895 4511 non
1912 4457 2087 4531 ’obse-

546 4575 784 4633 cundare
825 4562 1289 4636 deprehendantur
1311 4598 1327 4623 ,
1379 4555 1452 4608 ibi
1491 4554 1654 4607 etiam
1694 4546 2089 4618 evidentissime

546 4673 693 4722 vetat
722 4677 790 4716 ne
820 4635 1052 4729 populus
1087 4653 1281 4706 missas
1320 4655 1414 4700 aut
1448 4644 1655 4712 reliqua
1690 4639 1861 4694 oliicia
1902 4635 2090 4704 hujus-

548 4754 693 4812 modi
726 4752 794 4806 ab
822 4724 919 4802 eis
957 4742 1195 4811 recipiat.
1232 4737 1345 4791 Mos
1376 4734 1525 4789 enim
1563 4730 1745 4802 pepuli
1788 4726 1911 4791 Dei,
1938 4724 2090 4812 juxta

547 4843 935 4916 Augustinum,
971 4847 1069 4904 pro
1119 4832 1247 4904 lege,
1284 4826 1545 4881 tenendus
1587 4817 1898 4887 comprobat
1934 4811 2089 4865 nobis

548 4907 672 4993 cum
692 4927 1011 4989 canonibus,
1025 4929 1085 4976 ut
1100 4914 1374 4987 (forte,ne)
1387 4911 1612 4993 populus
1621 4907 1985 4975 cujuscunque
1998 4914 2087 4953 sa-
2132 4908 2133 4911 ‘

551 4989 782 5077 cerdotis
809 5016 1006 5083 missas
1054 5006 1257 5069 audiat,
1282 5002 1399 5071 ejus
1440 4989 1607 5052 etiam”
1637 4993 1860 5061 singulis
1884 4992 2087 5044 saluta-

552 5109 790 5167 tionibus
832 5106 894 5159 in
932 5080 1096 5161 missa
1132 5094 1467 5165 respondeat.
1495 5086 1829 5154 Quapropter
1862 5079 2090 5149 populus

552 5196 859 5275 hujusmodi
898 5190 1364 5262 praevaricaton
1398 5182 1591 5237 missas
1616 5177 1917 5246 nullatenus
1944 5169 2088 5223 reci-

549 5262 683 5364 piat,
733 5269 781 5342 si
828 5283 998 5353 ipsius
1045 5275 1301 5346 principis
1331 5271 1708 5347 apostolorum
1770 5262 2088 5333 sententiam

548 5383 833 5437 observare
859 5372 1018 5426 volet.
1798 5422 1801 5425 η

545 5494 554 5519 ι
616 5468 801 5523 XVIII.
830 5460 1225 5520 .Sanctissimus
1262 5466 1399 5521 papa
1433 5448 1725 5517 Gregorius
1751 5444 1994 5515 scribens
2012 5442 2087 5499 ad

547 5578 703 5631 reges
722 5560 1063 5613 Francorum,
1079 5552 1161 5607 de
1186 5541 1495 5615 hujusmodi
1530 5536 1897 5597 sacerdotibus
1922 5546 2086 5589 cano-

547 5626 677 5707 num
694 5644 1167 5715 centemptoribus,
1182 5653 1299 5707 cap.
1324 5634 1444 5698 155,
1466 5637 1690 5686 testatur
1705 5626 1848 5698 quod
1866 5638 2088 5693 regnum

546 5747 612 5794 ex
642 5738 797 5807 culpa
842 5737 1026 5789 talium
1070 5730 1409 5786 sacerdotum
1438 5728 1825 5793 praegravetur;
1869 5728 1923 5773 et
1970 5723 2091 5786 post
2132 5776 2133 5779 η

546 5840 717 5892 pauca
741 5824 1046 5894 subjungit:
1075 5817 1262 5889 Major,
1298 5816 1488 5884 inquit,
1522 5820 1805 5869 metuenda
1841 5817 1925 5866 est
1954 5808 2089 5865 locis

2188 2083 2394 2131 statuto
2428 2078 2600 2131 nostri
2636 2076 2913 2146 apostOliei
2957 2093 3258 2135 consonare
3287 2095 3394 2135 non
3429 2082 3752 2137 dubitatur:

2190 2164 2249 2217 Si
2287 2181 2352 2229 ιδ,
2378 2165 2570 2234 inquit,
2620 2152 2710 2235 qui
2755 2167 2922 2235 fra'er
2958 2168 3290 2233 nominetur,
3320 2177 3397 2221 est
3425 2170 3751 2238 fornicator,

2188 2265 2278 2307 aut
2326 2272 2553 2320 avarus,
2609 2264 2699 2307 aut
2758 2256 2913 2308 idolis
2964 2258 3188 2309 serviens
3214 2297 3229 2323 ,
3279 2267 3369 2310 aut
3429 2257 3751 2331 maledicus,

2188 2355 2278 2397 aut
2325 2346 2576 2408 ebriosus,
2608 2353 2701 2396 aut
2737 2359 2935 2412 rapax,
2958 2360 3074 2397 cum
3108 2346 3408 2413 Iiujustnodi
3442 2362 3534 2400 nec
3574 2349 3752 2401 cibum

2187 2434 2375 2485 sumite
2410 2431 2461 2502 (1
2507 2432 2630 2487 Cor.
2665 2432 2769 2501 ιιι),
2803 2432 3045 2487 videlicet
3089 2434 3182 2502 qui
3231 2435 3421 2487 nolunt
3462 2435 3620 2503 juxta
3660 2452 3752 2491 ec-

2186 2522 2515 2576 clesiasticas
2541 2522 2848 2575 sanctiones
2881 2522 3177 2587 emendari,
3211 2522 3337 2576 licet
3361 2523 3525 2577 certis
3569 2532 3625 2577 et
3646 2540 3750 2593 pn-

2187 2611 2342 2665 blieis
2365 2610 2681 2664 criminibus
2707 2610 2817 2664 sint
2849 2611 3090 2679 obligati.
3116 2610 3246 2663 Item
3293 2610 3362 2664 ad
3397 2609 3751 2666 Thessaloni-

2188 2718 2399 2757 censes:
2432 2702 2809 2754 Renuntiamus
2833 2709 3006 2753 autem
3034 2700 3195 2766 vobis,
3223 2701 3436 2769 fratres,
3460 2702 3517 2753 in
3541 2681 3751 2756 nomine

2190 2791 2399 2844 Domini
2456 2791 2617 2863 nostri
2666 2788 2793 2841 Iesu
2843 2788 3063 2852 Christi,
3102 2797 3158 2841 ut
3198 2789 3524 2841 subtrahatis
3569 2789 3749 2842 vosab

2180 2882 2327 2933 omni
2358 2881 2521 2948 fratre
2546 2878 2845 2931 ambulante
2888 2877 3185 2930 inordinate
3217 2886 3265 2929 et
3314 2893 3417 2929 non
3459 2882 3749 2929 secundum

2190 2960 2521 3049 traditionem
2541 2983 2696 3036 quam
2720 2975 3021 3035 acceperunt
3043 2984 3076 3020 a
3110 2966 3256 3019 nobis
3288 2965 3376 3035 (II
3409 2965 3588 3020 Thess.
3635 2965 3744 3034 tu).

2191 3058 2255 3111 Et
2271 3056 2435 3125 paulo
2467 3062 2616 3122 post:
2651 3051 2709 3107 Si
2731 3053 2846 3121 quis
2884 3067 2985 3104 non
3013 3052 3183 3104 obedit
3227 3052 3375 3105 verba
3412 3062 3609 3117 nostro,
3654 3067 3752 3121 per

2190 3144 2464 3214 epistolam
2507 3144 2641 3195 hunc
2681 3149 2874 3203 notate,
2899 3148 2947 3191 et
3013 3144 3115 3191 non
3144 3140 3582 3191 commisceamini
3625 3155 3748 3192 tam

2189 3204 2303 3299 illo,
2336 3241 2393 3285 ut
2424 3230 2774 3307 confundatur
2803 3227 3013 3298 (lbid.).
3033 3225 3175 3301 Cum
3199 3214 3396 3294 quibus
3423 3225 3587 3294 igitur
3600 3204 3759 3293 ApoJ

2189 3322 2360 3377 stolus
2384 3320 2567 3374 ﬁdeles
2601 3304 2700 3371 nec
2727 3302 3062 3386 corporalem
3115 3315 3297 3369 cibum
3358 3329 3573 3369 sumere
3617 3330 3747 3383 pcr-
3782 3302 3783 3305 “

2190 3408 2373 3472 mittit,
2428 3414 2483 3460 et
2530 3421 2560 3459 a
2611 3418 2844 3474 quorum
2900 3402 3178 3457 consertio
3232 3401 3415 3455 ﬁdeles
3466 3401 3750 3455 discedere

2186 3488 2448 3567 praecipit,
2473 3494 2541 3548 de
2584 3492 2784 3547 eisdem
2832 3490 3139 3561 apostolicae
3188 3489 3549 3544 institutionis
3607 3504 3747 3543 eon-

2187 3587 2541 3655 temptoribus
2564 3584 2762 3653 populo
2778 3583 3015 3652 praecipit
3045 3590 3229 3636 noster
3270 3581 3602 3651 apostolicus
3625 3620 3641 3647 ,
3683 3592 3750 3635 ut

2186 3679 2267 3732 eis
2304 3677 2494 3730 saltem
2515 3674 2583 3727 ad
2625 3660 2966 3726 Dominicam
2996 3685 3239 3725 mensam
3287 3685 3396 3724 non
3430 3671 3744 3724 communi-

2187 3773 2355 3830 caret,
2385 3772 2440 3817 et
2460 3776 2650 3817 eorum
2673 3745 2915 3814 societati
2943 3772 3001 3812 se
3022 3758 3213 3811 saltem
3242 3770 3308 3810 eo
3331 3765 3573 3831 tempore
3604 3758 3745 3814 sub.

2187 3854 2442 3918 traheret,
2476 3866 2601 3906 cum
2637 3849 2715 3903 illi
2734 3840 2921 3913 contra
2967 3846 3050 3902 l‘as
3075 3855 3130 3900 et
3160 3845 3251 3915 jus
3279 3860 3437 3900 sacra
3484 3847 3747 3916 mysteria

2189 3947 2243 4000 in
2288 3944 2581 4015 perniciem
2622 3955 2775 3995 suam
2812 3944 3170 4006 usurparent;
3220 3934 3375 4005 jtma
3418 3936 3744 4007 Apostolum

2187 4037 2333 4091 enim
2367 4052 2379 4087 :
2411 4034 2699 4102 quicunque
2743 4027 3077 4080 Dominicum
3125 4039 3310 4101 panem
3340 4031 3389 4076 et
3412 4023 3631 4076 calicem
3650 4038 3747 4076 su-

2188 4127 2283 4179 mit
2316 4098 2543 4190 indigne,
2582 4098 2812 4187 corporis
2832 4124 2881 4168 et
2915 4113 3184 4183 sanguinis
3210 4098 3420 4167 Domini
3464 4112 3745 4180 reus_erit,

2186 4227 2234 4270 et
2242 4214 2513 4284 judicium
2545 4210 2644 4263 sibi
2673 4208 2951 4261 manducet
2989 4214 3039 4259 et
3068 4203 3195 4257 bibit
3212 4202 3265 4273 (1
3294 4201 3417 4257 Cor.
3442 4207 3551 4284 tu);
3592 4203 3747 4272 quod

2185 4282 2374 4358 omnes
2403 4300 2626 4363 faciunt,
2652 4296 2747 4365 qui
2787 4292 3195 4348 fornicationem
3217 4298 3272 4344 et
3291 4282 3578 4345 avaritiam
3627 4304 3743 4344 non

2185 4394 2360 4449 solum
2389 4401 2659 4467 exercere,
2681 4385 2774 4439 sed
2793 4383 2956 4443 etiam
2976 4382 3247 4439 obstinato
3268 4380 3454 4433 animo
3478 4378 3745 4433 defende-

2186 4499 2245 4537 re
2270 4484 2602 4550 praasumunt
2633 4494 2645 4528 :
2676 4475 2742 4529 de
2790 4474 2989 4549 quibus
3035 4470 3327 4539 Apostolus
3369 4470 3541 4523 dicit;
3587 4468 3743 4534 Quo-

2119 4579 2163 4631 ι)
2188 4569 2330 4620 niam
2353 4566 2439 4634 qui
2471 4563 2603 4616 talia
2640 4570 2824 4631 agunt,
2868 4574 3079 4628 regnum
3138 4556 3237 4617 Dei
3258 4572 3362 4609 non
3402 4557 3743 4625 possidebunt

2191 4653 2333 4723 (Gal.
2364 4652 2445 4720 v):
2497 4649 2589 4719 qui
2622 4650 2783 4702 ctiam
2832 4660 2930 4715 pro
2973 4644 3176 4699 eisdem
3201 4643 3547 4712 {criminibus
3578 4645 3741 4712 juxta

2187 4745 2474 4809 canonicas
2494 4743 2799 4797 sanctiones
2831 4736 3066 4794 damnati
3095 4735 3440 4791 interdictum
3477 4735 3580 4789 sibi
3621 4734 3742 4789 olli-

2188 4838 2329 4891 cium
2345 4833 2630 4887 temeraria
2652 4829 3001 4898 usurpatione
3018 4826 3381 4897 frequentant.
3399 4822 3603 4893 Nempe
3631 4823 3737 4891 ipsi

2187 4941 2323 4995 quos
2370 4924 2580 4993 proprie
2613 4914 2869 4975 v0camus
2906 4918 3258 4987 pmnitentes,
3304 4917 3432 4971 licet
3482 4929 3599 4985 pro.
3630 4914 3740 4967 hu-

2181 5013 2418 5085 jusmodi
2444 5011 2760 5066 criminibus
2794 5008 3067 5086 canonica:
3084 5005 3383 5073 disciplina:
3422 5004 3562 5056 colla
3600 5002 3738 5055 sub-

2189 5104 2425 5167 mittant,
2441 5116 2549 5159 non
2576 5093 2753 5155 tamen
2779 5097 2975 5153 divinis
2997 5094 3354 5153 sacramentis
3383 5100 3495 5164 tam
3532 5100 3746 5161 κων-ε

2187 5192 2576 5259 approximant.
2628 5187 2799 5252 Unde,
2844 5186 2998 5254 juxta
3035 5180 3355 5249 sententiam
3399 5176 3559 5247 beati
3577 5180 3746 5235 inno-

2187 5278 2346 5334 centii
2396 5294 2563 5347 papae,
2598 5292 2698 5331 nec
2748 5275 2992 5328 inﬁrmos
3035 5270 3357 5340 pmnitenm
3390 5272 3449 5324 ει
3500 5269 3745 5339 reliquos

2185 5376 2502 5439 aegrotantes
2530 5380 2684 5421 sacro
2703 5362 2994 5416 chrismate
3043 5356 3171 5426 ungi
3199 5355 3346 5425 lica,
3385 5357 3604 5426 quibus,
3654 5358 3745 5409 in-

2185 5459 2321 5529 quit,
2356 5442 2739 5525 ptenitentibus
2771 5449 2975 5516 reliqua
3010 5446 3342 5516 denegantur
3373 5452 3741 5510 sacramenta,

2176 5565 2254 5602 .ne
2273 5545 2510 5615 sibiipsis
2542 5540 2942 5598 damnationem
2965 5531 3145 5605 potius
3170 5552 3331 5606 quam
3355 5536 3741 5609 remissionem

2186 5634 2486 5703 acquirant,
2508 5630 2559 5707 .si
2588 5628 2775 5683 eadem
2800 5636 2913 5679 tam
2941 5624 3179 5703 indigni,
3199 5624 3439 5678 nondum
3475 5637 3611 5677 sane
3638 5634 3742 5690 per

2187 5720 2552 5789 paenitentiam
2581 5715 2648 5769 ad
2668 5714 2885 5783 plenum
2921 5714 3153 5784 purgati,
3175 5712 3493 5785 percipiant.
3519 5709 3581 5777 Si
3604 5718 3741 5783 eum

2187 5811 2525 5878 paenitentes,
2552 5805 2718 5860 etiam
2738 5803 3000 5858 canonice
3020 5817 3119 5873 pro
3142 5799 3463 5863 criminibus
3498 5796 3738 5871 suissu-
