3944 6402
172 560 246 590 ll.‘

1382 534 1750 593 (ZONCIIJL'M
1793 536 2057 590 ROMANI
2087 537 2129 588 Μ
2173 537 2209 591 Ι.

3288 546 3387 594 ἷῖςιί

159 653 502 717 tisfacicntes,
534 653 734 706 divinis
759 651 1440 720 sam-amentisjudicautur
1473 653 1675 721 indigni
1699 693 1712 714 ,
1748 655 1788 708 Λ
1818 652 2109 718 perniciem
2137 651 2493 717 depravantes
2529 651 2596 704 ita
2637 668 2666 720 p
2701 655 2986 708 ouuntianl
3019 676 3029 708 :
3069 658 3386 726 Quicunque,

156 750 349 816 quanto
383 742 559 810 magis
589 742 663 794 illi
694 741 786 809 qui
812 756 916 794 non
944 735 1222 809 pmuiterc,
1256 742 1346 793 sed
1373 743 1560 809 cttlpas
1585 757 1712 793 suas

152 832 460 904 jamdudum
489 832 792 899 publicatas
823 833 1169 900 pertinaciter
1199 831 1483 887 defendere
1511 850 1713 886 conan-

157 934 250 985 tur,
276 923 374 991 qui
399 932 454 976 et
489 919 764 974 obstinato
796 921 979 973 animo
1017 921 1328 975 resistentes
1369 923 1530 974 etiam
1587 922 1710 990 Spi-

156 1014 304 1068 ritum
330 1023 584 1069 sanctum
640 1012 1014 1079 blasphemarc
1051 1013 1386 1081 probantur?
1445 1015 1532 1069 Sic
1566 1016 1708 1067 enim

156 1104 331 1156 beatus
363 1102 627 1156 Damasus
654 1117 790 1169 papa
822 1101 875 1154 iu
911 1103 1139 1169 epistola
1179 1103 1246 1155 ad
1271 1113 1516 1156 sanctum
1541 1105 1710 1157 Aure-

155 1195 272 1247 lium
294 1192 780 1262 Carthagiueusem
809 1192 1276 1263 archiepisc0pum
1306 1205 1552 1250 testatur.
1584 1195 1711 1248 Vio-

156 1285 365 1347 latores,
391 1284 586 1352 inquit,
621 1298 892 1336 canonum
915 1284 1208 1338 voluntarii
1242 1287 1475 1354 graviter
1523 1302 1552 1338 a
1581 1303 1710 1340 san-

155 1374 244 1427 ctis
262 1371 519 1426 Patribus
543 1371 877 1439 judicantur,
919 1381 972 1425 et
998 1387 1027 1425 a
1062 1371 1263 1442 Spiritu
1315 1384 1522 1437 sancto,
1555 1375 1711 1442 cujus

157 1462 408 1516 instinctu
432 1476 495 1514 ac
522 1461 667 1513 dono
699 1460 853 1514 dilati
882 1469 1031 1524 sunt,
1067 1462 1414 1526 damnantur,
1449 1465 1709 1532 quoniam

156 1554 520 1622 blasphemare
565 1551 842 1620 Spiritum,
876 1561 1122 1606 sanctum
1148 1569 1255 1606 non
1305 1555 1598 1625 incongrue.
1629 1557 1709 1608 vi-

155 1644 361 1707 dentur,
395 1644 487 1712 qui
519 1644 680 1696 etiam
730 1659 758 1696 e
800 1651 916 1696 ntra
949 1654 1166 1698 sanctos
1204 1661 1443 1699 canones
1479 1664 1584 1700 non
1619 1663 1711 1701 ne-

155 1735 403 1787 cessitate
435 1732 724 1801 compulsi,
767 1726 860 1787 Sed
895 1733 1146 1798 libenter,
1195 1745 1248 1788 ut
1285 1736 1560 1804 prielixum
1606 1747 1710 1800 est,

154 1826 347 1895 aliquid
385 1836 478 1879 aut
503 1836 748 1894 proterve
782 1836 968 1896 agunt,
1020 1836 1115 1880 aut
1164 1818 1710 1897 l"q:'tipraesumunt,

154 1924 241 1968 aut
283 1914 463 1968 facere
517 1915 822 1970 volentibus
883 1923 1077 1984 sponte
1147 1919 1511 1972 consentiunt.
1550 1919 1713 1974 Talis

1816 740 2147 793 recusaverit
2182 740 2402 792 missam
2448 741 2721 806 conjugati
2757 744 3072 812 presbyteri,
3099 750 3384 801 anathema

1815 829 1910 889 sit,
1947 827 2194 880 videlicet
2240 836 2300 879 ttt
2338 842 2432 880 eos
2477 829 2958 883 anathematizatos
3008 849 3127 886 esse
3157 835 3382 887 deinon-

1814 928 1987 972 strent
2016 919 2108 986 qui
2153 919 2469 986 apostolicis
2513 919 2775 974 institutis
2801 924 3112 976 obedientes
3151 927 3381 978 inconti-

1815 1008 2056 1061 nentiqu
2089 1009 2427 1063 sacerdotum
2455 1010 2650 1062 missas
2675 1013 2908 1079 recipere
2929 1015 3246 1067 detrectant.
3277 1014 3380 1067 Sed

1814 1094 2043 1161 frustra;
2085 1113 2210 1149 nam
2261 1098 2575 1165 praiiiclum
2633 1110 2795 1168 caput
2849 1102 2968 1152 illos
3006 1113 3214 1157 tantum
3251 1120 3382 1157 ana-

1813 1187 2127 1242 thematizat
2152 1189 2244 1256 qui
2270 1200 2529 1256 respuunt
2559 1191 2851 1261 presbyteri
2888 1194 3238 1261 oblationem,
3272 1211 3381 1250 non

1811 1276 1902 1344 qui
1936 1277 2096 1329 modo
2131 1278 2311 1339 habet,
2343 1278 2433 1331 sed
2477 1279 2569 1348 qui
2602 1282 2874 1348 quondam
2907 1284 3096 1338 habuit
3133 1301 3376 1338 uxorem.

1814 1363 1890 1416 Eo
1920 1366 2064 1419 enim
2105 1376 2364 1436 tempore.
2397 1378 2454 1421 ut
2489 1371 2744 1438 prologus
2790 1373 3124 1442 (iangrcusis
3165 1375 3382 1430 concilii

1813 1463 2062 1516 testatur,
2091 1465 2246 1508 erant
2274 1456 2511 1509 hmretici
2547 1469 2839 1513 sectatores
2870 1462 3152 1527 cujusdam
3186 1462 3380 1516 Hasta--

1813 1544 1933 1604 thii,
1967 1545 2058 1612 qui
2106 1546 2373 1612 legitimas
2415 1549 2630 1616 nuptias
2685 1551 2840 1622 quasi
2897 1554 3121 1604 mortale
3172 1555 3376 1607 crimen

1813 1635 2287 1700 comit-munitam,
2353 1648 2662 1693 asserentes
2716 1643 2920 1694 nullum
2991 1645 3042 1695 in
3110 1643 3381 1712 conjugali

1813 1725 1980 1790 gradu
2018 1727 2253 1793 positum
2304 1743 2454 1794 spem
2488 1729 2686 1782 habere
2717 1733 2856 1799 apud
2887 1731 3210 1796 Dominum;
3240 1736 3382 1787 unde.

1812 1824 1866 1867 et
1886 1815 2185 1868 oblationes
2208 1818 2640 1886 j‘n‘cshvterorum
2661 1821 2819 1874 etiam
2845 1832 2966 1897 ante
2990 1823 3379 1878 ordinationem

1814 1905 2050 1974 legitime
2101 1909 2514 1975 conjugatorum
2547 1913 2820 1980 respuisse
2855 1915 3162 1979 traduntur,
3185 1918 3385 1984 quipje

152 2003 289 2058 enim
336 2003 688 2072 praesumptio
723 1981 1010 2058 manifeste
1055 2020 1224 2066 unum
1270 2022 1441 2075 genus
1464 2019 1545 2062 es;
1599 2009 1714 2062 ma-
1749 1981 1791 2034 Β
1819 1997 2116 2064 legitimum
2151 1998 2466 2066 eoujugium
2491 2016 2588 2067 pro
2627 2003 2840 2054 mortali
2864 2003 3092 2056 crimine
3126 2005 3387 2072 deputan-

154 2096 553 2164 sphemantium
592 2094 854 2164 Spiritum
891 2106 1162 2161 sanctum,
1188 2101 1471 2166 quoniam,
1519 2112 1576 2156 ut
1603 2103 1714 2170 jam

153 2187 484 2254 pmlibatum
507 2193 610 2249 est,
632 2194 821 2240 contra
876 2202 1000 2240 etim
1028 2188 1156 2256 agit,
1185 2190 1340 2258 cujus
1366 2193 1487 2245 nisu
1520 2202 1572 2246 ct
1597 2189 1718 2261 gra-

153 2277 220 2330 tia
244 2277 404 2331 iidem
444 2277 616 2330 sancti
654 2292 893 2331 canones
927 2287 1056 2331 sunt
1075 2279 1223 2332 editi.
1277 2280 1464 2350 Itaque
1504 2283 1579 2336 iili
1625 2300 1716 2337 sa-

152 2369 412 2433 cerdotes,
439 2369 531 2438 qui
564 2377 671 2423 tam
700 2369 1040 2440 gravissimis
1061 2372 1386 2428 criminibus
1421 2384 1548 2428 sunt
1582 2377 1718 2429 obli—

151 2461 274 2528 gati,
309 2461 422 2512 imo
457 2461 549 2530 qui
581 2476 677 2529 pro
694 2461 898 2516 eisdem
943 2464 1241 2518 secundum
1265 2467 1529 2522 canonica
1564 2469 1719 2521 insti-

151 2559 260 2604 tuta
281 2551 397 2620 jam
431 2560 559 2605 sunt
582 2547 844 2616 damnati,
874 2554 1184 2609 nullatenus
1213 2556 1316 2610 nisi
1348 2557 1401 2609 in
1424 2558 1717 2625 perniciem

152 2656 302 2694 suam
331 2641 641 2695 sacriﬁcare
677 2651 924 2709 possunt.
981 2641 1134 2696 Unde
1169 2653 1224 2697 et
1261 2645 1333 2698 illi
1370 2663 1480 2700 non
1527 2663 1718 2716 parum

149 2731 485 2800 deliquerunt
510 2730 688 2802 [form
723 2732 1138 2805 delinquerent],
1170 2737 1480 2807 quicunque
1507 2740 1640 2809 ipsis
1666 2741 1718 2793 in

150 2823 422 2891 propriam
449 2837 633 2876 necem
662 2824 968 2878 sacriﬁeare
997 2829 1388 2896 usurpautibus
1414 2846 1509 2898 per
1534 2832 1720 2884 solitas

152 2911 536 2980 responsiones
562 2912 614 2965 in
641 2913 811 2968 missa
841 2915 1076 2969 scienter
1107 2919 1390 2987 coeperari
1425 2935 1720 2988 praesume-

150 3010 286 3055 rent.
345 2999 462 3054 Non
511 3003 656 3056 cnim
694 3018 790 3071 pro
838 3019 1004 3072 parvo
1046 3006 1275 3059 crimine
1312 3007 1622 3073 haberetur,
1674 3011 1716 3061 si

149 3091 271 3160 quis
293 3092 458 3145 alicui
489 3093 728 3160 seipsum
755 3094 1046 3148 crudeliter
1068 3096 1331 3151 occidenti
1367 3098 1599 3152 scienter
1625 3115 1718 3153 co-

150 3191 489 3250 operaretur.
523 3167 935 3251 Saliietilissirxie
972 3199 1104 3253 ergo
1132 3187 1218 3240 vir
1265 3189 1595 3256 apostolicus
1620 3207 1719 3259 po-

150 3271 336 3342 pulum
364 3272 674 3341 huj—usmodi
700 3283 1151 3342 pr:csumptorum
1175 3278 1718 3345 usurpatiouilmsio-
1751 3311 1790 3363 ρ

148 3371 353 3417 tet-esse
376 3362 670 3431 prohibuit,
689 3379 825 3432 quas
847 3380 954 3417 non
979 3366 1153 3419 solum
1174 3366 1492 3422 ductoribus
1507 3386 1717 3435 eorum,

149 3455 244 3509 sed
267 3464 324 3508 et
347 3455 733 3522 receptoribus,
766 3456 1104 3522 perniciosas
1134 3472 1379 3510 essenon
1429 3459 1717 3528 ignoravit.

151 3540 244 3598 Sic
265 3546 412 3597 enim
428 3541 543 3611 ipse
565 3542 827 3596 Dominus
843 3560 871 3596 a
891 3543 1029 3598 Core
1045 3546 1271 3614 ejusque
1288 3549 1617 3616 sequacibus
1635 3568 1722 3604 sa-

146 3632 427 3687 criﬁcandi
464 3632 697 3686 oﬂicium
750 3629 1142 3701 usurpandbus
1164 3636 1405 3706 reliquos
1458 3639 1600 3693 ﬁlios
1645 3639 1722 3694 ls—

153 3724 267 3778 rael
300 3722 583 3778 discedere
606 3725 878 3792 praecepit,
906 3739 972 3777 ue
999 3715 1246 3793 ’peccatis
1270 3742 1458 3782 eorum
1485 3729 1724 3782 involve-

90 3805 95 3807 ’
151 3822 360 3874 rentur,
383 3812 572 3880 sicque
595 3812 969 3867 crudelissima
1003 3823 1175 3868 morte
1197 3831 1319 3869 cum
1344 3818 1546 3871 eisdem
1571 3819 1724 3872 dam-

150 3903 270 3956 nari
325 3891 684 3955 mererentur.
723 3901 858 3955 Nam
904 3903 1005 3971 ipsi
1042 3904 1445 3971 haeresiarchzc,
1478 3908 1724 3961 videlicet

147 3989 310 4053 Core,
337 3989 569 4054 Dathan,
597 3999 648 4044 et
672 3990 896 4052 Abiron,
920 4005 1043 4044 cum
1075 3992 1322 4047 universa
1345 4009 1533 4061 eorum
1563 3996 1724 4050 subs—

150 4081 326 4134 tantia
349 4081 457 4133 vivi
480 4081 546 4134 ad
579 4079 854 4134 infernum
884 4096 950 4134 ex
980 4082 1275 4150 improviso
1298 4084 1722 4151 descenderunt;

148 4185 420 4239 sequaces
449 4185 580 4224 vero
624 4186 815 4226 eorum
850 4187 944 4240 per
977 4174 1153 4242 ignem
1194 4189 1223 4227 a
1256 4173 1482 4230 Domino
1513 4179 1727 4246 penitus

145 4260 405 4317 comburi
461 4269 774 4313 meruerunt
825 4261 1020 4327 (Nam.
1084 4264 1223 4331 ιη).
1270 4263 1475 4318 Horum
1547 4267 1730 4336 itaque

148 4353 503 4406 subitaneam
528 4358 582 4405 et
600 4351 1032 4405 crudelissimam
1059 4353 1319 4406 ultionem
1346 4354 1421 4406 illi
1448 4355 1728 4424 diligenter

145 4442 458 4503 attendant,
501 4441 593 4509 qui
629 4449 826 4494 contra
858 4441 1152 4508 apostolica
1208 4451 1474 4510 praecepta
1507 4443 1728 4497 interdi-

143 4541 304 4587 ctum
331 4529 437 4585 sibi
464 4529 797 4583 sacerdotale
839 4529 1077 4583 officium
1106 4531 1377 4584 obstinata
1429 4533 1729 4587 temeritate

150 4631 459 4693 usurpant;
498 4637 596 4675 nec
664 4616 838 4674 otiose
884 4630 1112 4675 mortem
1160 4620 1320 4682 ,Osca:
1365 4624 1732 4686 considerent,

141 4715 273 4784 qui,
296 4727 426 4767 cum
451 4710 615 4772 David
640 4727 824 4765 arcam
847 4710 1061 4764 Domini
1089 4713 1155 4766 de
1188 4711 1478 4769 Philistiim
1513 4715 1567 4768 in
1591 4731 1730 4769 novo

112 4854 118 4858 .
147 4806 408 4872 plaustro
433 4802 734 4866 reduceret,
767 4818 796 4854 a
824 4801 1056 4856 Domino
1087 4817 1380 4870 percussus
1419 4804 1642 4868 interiit,
1666 4821 1740 4858 co-

145 4891 306 4962 quod
355 4904 570 4952 arcam,
615 4891 742 4943 licet
764 4891 876 4958 jam
908 4900 1181 4953 casuram,
1217 4908 1381 4946 manu
1425 4902 1731 4948 sustentare

147 4980 588 5055 praesumpserit.
618 4978 676 5031 Si
698 4979 844 5032 enim
867 4981 1178 5034 ille’merito
1222 4981 1383 5050 periit
1407 4983 1497 5050 qui
1532 4993 1732 5048 temere

143 5073 409 5144 quidem,
436 5068 531 5123 sed
552 5065 799 5136 benigne,
839 5082 1021 5120 arcam
1055 5067 1268 5121 Domini
1297 5078 1504 5123 tantum
1539 5072 1729 5141 tetigit,

145 5169 373 5235 quanto
407 5158 582 5230 magis
622 5157 711 5211 ille
739 5155 832 5226 qui
867 5164 1057 5211 contra
1096 5156 1178 5220 [as
1199 5165 1253 5211 et
1279 5158 1371 5226 jus
1404 5159 1582 5228 ipsum
1607 5175 1732 5213 eor-

148 5268 266 5324 pns
301 5248 522 5304 Domini
573 5252 913 5302 contrectare
945 5246 1158 5330 sibique
1210 5246 1558 5316 inoorporare
1598 5265 1735 5317 prte-

146 5340 336 5394 sumit
363 5338 655 5408 indignus?

229 5430 380 5485 XIX.
417 5429 649 5496 Quidam
686 5441 867 5486 tamen
900 5430 1034 5484 satis
1079 5417 1329 5495 imperite
1381 5438 1572 5482 nostro
1600 5443 1733 5496 apo—

151 5517 364 5575 stolico
388 5516 655 5584 objiciunt
687 5526 940 5589 quartum
976 5513 1307 5584 Gangrcnsis
1335 5515 1551 5568 concilii
1583 5515 1735 5583 capi-

154 5609 372 5666 tulum:
399 5603 718 5676 Quicunque
735 5607 996 5663 discernit
1013 5622 1043 5660 a
1066 5603 1378 5674 presbytero
1397 5602 1489 5671 qui
1512 5615 1736 5654 uxorem

155 5697 365 5754 habuit
389 5693 537 5764 quod
581 5708 689 5748 non
721 5706 965 5765 Oporteat
990 5712 1055 5751 eo
1103 5694 1445 5753 ministrante
1492 5692 1558 5746 de
1583 5691 1736 5744 obla-

158 5790 319 5842 tione
339 5783 640 5856 percipere,
664 5786 947 5840 anathema
969 5787 1059 5840 sit.
1085 5784 1199 5840 Hoc
1228 5784 1389 5839 etiam
1415 5781 1736 5850 capitulum,

155 5879 320 5948 juxta
340 5872 491 5927 Petri
517 5871 747 5938 ευθειοῆ
776 5876 1198 5937 attestationem,
1224 5875 1276 5927 iu
1306 5889 1459 5928 suam
1494 5873 1739 5939 ipsorum

494 5961 760 6020 Pyrum"
807 5961 1131 6022 CXLVIII.

1821 2093 1930 2148 tes;
1967 2085 2154 2153 quales
2198 2086 2359 2139 etiam
2397 2087 2442 2140 si
2473 2089 2721 2156 quisboc
2768 2101 3008 2158 tempore
3049 2103 3386 2160 perpetrasse

1817 2176 2105 2244 detegitur,
2143 2178 2298 2232 aitari
2334 2180 2642 2232 ministrare
2665 2181 2818 2247 juxta
2853 2198 3090 2235 canones
3116 2199 3223 2236 non
3265 2200 3388 2252 pct-

1821 2265 2070 2318 mittitur.
2097 2264 2287 2319 Merito
2309 2270 2992 2335 ergoanathematinuntur
3028 2273 3186 2325 itdcm
3226 2274 3390 2326 luere-

1823 2355 1911 2408 tici
1962 2355 2393 2425 dogmatizantcs
2430 2367 2620 2412 contra
2661 2360 2788 2413 illud
2821 2362 3064 2428 Apostoli
3095 2381 3105 2414 :
3152 2361 3209 2415 Si
3239 2380 3388 2414 arce-

1820 2445 1959 2511 petis
1993 2461 2228 2506 uxorem,
2269 2459 2369 2496 non
2420 2449 2648 2512 peccasti
2684 2447 2746 2514 (Ι
2779 2448 2901 2502 Cor.
2934 2451 3085 2517 vti);
3140 2462 3193 2503 et
3216 2452 3341 2504 illud
3375 2470 3388 2503 :

1825 2537 2038 2606 Oportet
2064 2539 2356 2607 episcopum
2377 2542 2530 2593 unius
2550 2541 2727 2593 uxoris
2741 2558 2848 2593 esse
2868 2542 3034 2593 cirum
3056 2541 3107 2607 (1
3135 2542 3266 2594 Tim.
3286 2545 3390 2596 ttt‘.

1825 2625 1975 2696 Smpe
2011 2629 2247 2696 positam
2305 2639 2484 2683 autem
2532 2631 2704 2683 nostri
2741 2632 3025 2699 apostolici
3086 2632 3389 2685 institutum

1823 2719 1954 2770 nulli
1985 2721 2230 2786 prohibet
2261 2721 2450 2773 audire
2495 2723 2717 2774 missam
2764 2724 2909 2778 illius
2935 2725 3231 2793 presbyteri
3267 2727 3393 2794 qui,

1817 2808 1971 2875 juvta
2003 2813 2358 2878 apostolicam
2384 2815 2821 2881 permissionem,
2847 2825 2972 2867 ante
2998 2810 3215 2869 sacrum
3241 2820 3390 2870 ordi-

1823 2913 1945 2950 nem
1983 2915 2149 2952 unam
2192 2911 2402 2956 taulttm
2439 2918 2664 2954 uxorem
2700 2903 2884 2955 habuit
2908 2945 2922 2962 ,
2955 2906 3245 2976 quamloct
3280 2907 3396 2958 sine

1822 2989 2049 3042 crimine
2095 3005 2317 3044 uxorem
2347 2993 2544 3046 ducere
2568 2994 2770 3061 potuit;
2806 2995 2896 3046 sed
2925 2994 3068 3047 illius
3100 2997 3393 3064 presbyteri

1822 3079 1944 3148 qui,
1997 3090 2186 3134 contra
2239 3082 2589 3150 Apostolum,
2647 3085 2697 3135 iu
2748 3085 2974 3138 crimine
3020 3085 3395 3140 fornicationis

1822 3171 2090 3239 detegitur
2138 3173 2339 3239 jacere,
2376 3188 2535 3241 quem
2584 3173 2698 3241 ipse
2750 3173 3066 3240 Apostolus,
3117 3185 3170 3228 et
3203 3177 3394 3246 reliqui

1824 3263 1996 3316 sancti
2056 3263 2242 3316 Patres
2289 3278 2679 3334 successorque.
2730 3280 2917 3321 eorum
2956 3277 3136 3320 noster
3179 3279 3396 3338 aposto—

1825 3351 1961 3405 licus
1986 3367 2016 3404 a
2060 3353 2432 3406 saeratissimo
2457 3353 2637 3406 ofticio
2679 3370 3047 3424 segregavere.
3077 3355 3241 3426 Igitur
3274 3360 3396 3428 quia

1824 3461 2039 3513 cunque
2067 3446 2382 3514 hujusmodi
2432 3448 2868 3516 presbyterorum
2917 3449 3114 3502 missas
3155 3452 3393 3516 respuit,

1826 3534 2132 3587 nullatenus
2168 3544 2346 3588 tamen
2373 3537 2640 3602 superiori
2666 3535 3146 3591 Eustathianorum
3173 3541 3395 3592 anathe-

1825 3629 1952 3681 mati
1981 3629 2299 3697 subj—accbit,
2323 3644 2446 3682 cum
2471 3629 2672 3697 optime
2697 3631 2954 3698 Apostoto
2979 3633 3283 3685 consentiat
3302 3637 3395 3703 qui

1825 3729 1876 3770 et
1911 3720 2280 3773 sacerdotibus
2323 3721 2931 3778 continentiamindicit
2959 3733 3011 3774 et
3036 3725 3217 3780 lideles
3256 3742 3396 3794 pra‘?

1824 3810 2219 3863 varicatorihus
2268 3827 2578 3865 sermonum
2625 3814 2744 3881 ejus
2793 3809 3233 3868 admisceri'non
3271 3833 3395 3885 per-

1827 3899 2010 3953 mittit.
2047 3898 2352 3966 Notandum
2402 3888 2772 3970 autemquod
2827 3911 3013 3955 noster
3068 3903 3395 3971 Gregorius,

1821 3987 1978 4054 juxta
2023 3997 2339 4040 sanctorum
2387 3988 2608 4042 Patrum
2663 3999 2894 4056 statuta,
2930 3994 3098 4065 prius
3161 3995 3396 4050 ineonti-
3458 4013 3465 4038 τ

1829 4088 2017 4135 nentes
2075 4078 2421 4146 presbyteros
2478 4080 2656 4135 ollieio
2720 4074 2990 4150 privavit,
3052 4088 3396 4154 postmodum

1827 4169 2066 4238 populo,
2131 4185 2198 4221 ne
2262 4185 2452 4222 eorum
2504 4172 2677 4225 ollicia
2733 4174 3028 4241 reciperet,
3088 4177 3397 4242 interdixit;

1830 4261 1971 4314 unde
2023 4275 2131 4313 non
2177 4269 2286 4313 tam
2327 4262 2779 4330 incontinentium
2822 4280 2984 4331 quam
3035 4281 3133 4332 pro
3167 4267 3416 4320 ineonti--

1829 4355 2011 4405 nentia
2052 4353 2433 4405 damnatorum
2482 4354 2680 4406 missas
2725 4353 2914 4406 audire
2967 4355 3303 4422 prohibuit,’
3331 4372 3402 4410 ne

1827 4450 1880 4493 et
1918 4441 2150 4509 pepulus
2205 4455 2263 4492 se
2315 4440 2469 4508 juxta
2513 4440 2910 4494 Antiochenum
2956 4445 3245 4498 concilium
3296 4447 3403 4500 sub

1829 4530 2392 4585 excommunicatione
2433 4539 2689 4601 poneret,
2754 4532 2800 4586 si
2852 4548 3042 4588 eorum
3095 4535 3267 4590 ollicia
3313 4552 3401 4590 re-

1769 4621 2012 4690 Dcipere
2050 4631 2419 4690 prtesumerct.
2468 4620 2588 4690 Ipse
2645 4630 2825 4676 autem
2885 4621 3120 4693 Spiritus
3183 4635 3404 4680 sanctus

1832 4728 1927 4781 per
1954 4711 2258 4769 Samuelem
2293 4715 2606 4782 prophetam
2631 4715 2790 4769 docet
2823 4717 3082 4784 populum
3134 4726 3194 4770 ut
3235 4732 3404 4771 cano-

1833 4803 1972 4859 nicis
2002 4793 2436 4858 institutionibus
2461 4805 2633 4858 nostri
2651 4806 2937 4874 apostolici
2975 4807 3154 4877 potius
3187 4807 3406 4860 obediat

1832 4909 1995 4963 quam
2028 4893 2337 4963 hujusmodi
2376 4902 2829 4968 praesumptorum
2863 4895 3125 4974 sacriﬁcia
3160 4895 3212 4947 in
3261 4897 3407 4964 peri-

1833 4984 2015 5036 culum
2051 4999 2210 5037 suum
2264 4983 2506 5052 recipiat.
2557 4983 2694 5037 Dicit
2739 4985 2882 5034 enim
2925 4981 3158 5035 :Melior
3180 4977 3408 5039 astabo;

1832 5073 2030 5126 dientia
2080 5089 2236 5142 quam
2291 5073 2548 5131 victimae,
2589 5078 2641 5120 et
2682 5069 2987 5122 auscultare
3039 5074 3208 5139 magis
3248 5089 3406 5143 quam

1834 5163 2020 5231 offerre
2040 5161 2502 5229 adipem'arietum,
2523 5158 2771 5225 quoniam
2790 5159 2946 5226 quasi
2965 5170 3237 5227 peccatum
3264 5165 3408 5215 ario-

1833 5250 1984 5302 landi
2003 5257 2081 5301 est
2110 5262 2416 5315 repugnare,
2437 5253 2488 5297 et
2509 5246 2661 5313 quasi
2687 5245 2854 5299 scelus
2895 5245 3220 5300 idololatria
3271 5250 3407 5301 nolle

1835 5336 2159 5404 acquiescere
2205 5332 2257 5402 (1
2279 5332 2401 5402 Reg.
2431 5333 2542 5400 xv).
2608 5333 2776 5402 Igitur
2816 5335 3050 5403 populus
3094 5335 3405 5404 apostolicis

1836 5423 2100 5480 institutis
2127 5425 2384 5478 obediens
2419 5424 2839 5478 inobedientium
2871 5425 3210 5478 sacerdotum
3233 5421 3406 5476 officia

1834 5524 1890 5570 et
1914 5523 2252 5570 sacramenta
2281 5525 2515 5577 recusat,
2552 5531 2621 5570 ne
2674 5516 2789 5584 ipse
2842 5516 3048 5568 crimen
3090 5511 3407 5565 idololatriae

1837 5620 1934 5676 per
1955 5604 2368 5660 iuobedientiam
2401 5605 2668 5662 incurrat.
2688 5602 2817 5658 Item
2841 5600 3102 5654 Dominus
3126 5601 3251 5652 alibi
3284 5615 3408 5668 pro-

1839 5701 2071 5749 testatur
2117 5712 2130 5745 :
2191 5693 2614 5746 Misericordia":
2663 5690 2796 5751 volo,
2834 5697 2882 5740 et
2931 5703 3033 5739 non
3085 5687 3406 5752 sacriﬁcium

1842 5781 2058 5850 (Matth.
2086 5781 2183 5849 rx),
2214 5781 2412 5848 quibus
2439 5780 2646 5834 scilicet
2674 5778 2890 5845 placens
2922 5775 3052 5839 Deo,
3075 5784 3134 5828 ut
3158 5790 3251 5843 per
3275 5775 3394 5827 obe-

1842 5869 2096 5923 dientiam
2119 5869 2298 5935 potius
2320 5867 2515 5940 anima:
2547 5882 2660 5920 suae
2688 5865 3009 5942 misereatur
3037 5863 3225 5932 (Ereti.
3255 5866 3402 5928 xxx),

3017 5954 3092 6010 ‘25
