3944 6430
482 563 588 617 779

964 557 1019 610 s.
1062 553 1381 611 cneooun
1418 541 1506 610 Vll
1541 549 1741 606 PAPAS
1777 501 2055 606 Oreum!
2105 499 2278 603 tuas
2315 544 2398 598 ιιι.
2437 575 2504 584 -
2541 508 2856 599 conexus
2895 536 3198 626 nomn.
3236 550 3238 552 ν

3607 541 3712 596 739

483 671 572 727 cui
598 668 940 739 potissimum
967 675 1050 721 est
1080 655 1462 728 misercndum,
1489 677 1651 733 quam
1697 675 1742 714 cs
1770 676 1820 714 ιιι
1861 658 2041 712 inobe-

2143 652 2516 727 baeresiarchis
2542 651 2712 715 ﬁdem
2737 636 3306 722 sanctorum-Patrum
3351 651 3714 720 impugncn’z,

485 759 952 827 dientia,,aut-per
972 771 1030 812 se
1053 763 1146 810 aut
1175 755 1340 808 alium
1377 752 1608 808 Domino
1647 748 1836 804 oli'erat
1874 747 2040 802 sacrie

904 810 1086 900 autem
1145 841 1492 897 considerare
1533 833 1696 909 quam
1752 836 2041 892 clementer

487 943 671 991 noster
699 930 1028 1004 apostolicus
1067 930 1230 985 etiam
1267 929 1416 999 ipsos
1440 932 1838 996 contemptores
1872 935 2039 978 cano-

485 1041 618 1080 num
641 1025 699 1079 in
727 1021 1097 1093 superioribus
1124 1018 1340 1076 statutis
1362 1015 1631 1082 tractavit,
1654 1028 1794 1085 quos
1829 1020 2039 1067 tantum

485 1131 518 1172 a
549 1115 643 1170 tali
666 1114 841 1170 otiicio
867 1111 1112 1177 removit,
1137 1109 1281 1186 quod
1307 1116 1488 1164 tamen
1507 1104 1817 1160 nullatenus
1848 1101 1954 1158 nisi
1983 1102 2040 1157 in

483 1204 776 1277 perniciem
798 1213 953 1258 suam
974 1201 1244 1257 celebrare
1268 1204 1509 1269 possent,
1536 1194 1584 1251 si
1612 1192 1892 1250 canonicis
1913 1206 2042 1247 san-

487 1292 759 1348 ctionibus
787 1296 1145 1360 repugnantes
1169 1289 1347 1358 ipsum
1369 1284 1630 1355 Spiritum
1658 1292 1905 1339 sanctum
1933 1281 2042 1336 bla-

489 1382 770 1453 sphemare
802 1394 911 1434 non
941 1379 1277 1434 desisterent.
1299 1375 1547 1446 ipsorum
1576 1388 1706 1434 sane
1730 1373 2038 1432 diuturnam

488 1469 907 1542 obstinationem
950 1463 1268 1538 jamdudum
1321 1465 1501 1522 acrius
1531 1464 1864 1535 plectendam
1898 1479 2038 1518 non-

488 1560 618 1615 dum
651 1559 831 1614 debita
865 1558 1150 1614 scveritate
1187 1556 1414 1627 punivit.
1458 1555 1564 1613 Sed
1595 1544 1740 1622 illos,
1763 1563 1822 1610 ut
1850 1555 2038 1610 saltem

487 1648 664 1703 adhuc
696 1647 932 1702 redirent
959 1645 1027 1702 ad
1061 1659 1176 1712 cor,
1195 1653 1420 1715 paterno
1447 1643 1640 1700 affectu
1689 1639 2049 1715 exspectavit,
2080 1631 2082 1634 ’

489 1747 549 1793 ιιι
573 1739 654 1793 vel
681 1739 735 1793 in
761 1739 864 1793 hoc
882 1752 1036 1792 suam
1057 1735 1456 1792 damnationem
1473 1747 1801 1806 cognoscere
1823 1733 2038 1801 vellent,

487 1843 611 1883 cum
645 1829 902 1900 populum
927 1842 960 1882 a
981 1826 1304 1897 recipiendis
1323 1820 1723 1905 eorum'oinciis
1742 1824 2040 1894 justissima
2082 1868 2090 1876 .

489 1920 818 1989 prohibitum
839 1933 1035 1990 negare
1067 1932 1174 1970 non
1199 1925 1438 1986 possent.

556 2009 674 2064 XX.
704 2039 775 2048 —
799 2007 1068 2064 Fortassis
1103 2015 1279 2062 autem
1313 2006 1509 2077 aliquis
1529 2004 1657 2062 dicit
1682 2025 1696 2061 :
1721 2005 1831 2060 Cur
1855 2013 2040 2060 noster

489 2099 778 2171 Gregorius
802 2107 912 2153 tam
931 2097 1200 2155 contraria
1221 2083 1419 2155 nostrae
1439 2094 1816 2152 consuetudini
1842 2087 2040 2151 statuta

489 2188 762 2244 observari
795 2187 1124 2258 praeceperit,
1152 2201 1251 2243 cur
1273 2199 1382 2250 non
1415 2183 1598 2254 potius
1630 2190 1872 2239 nostram
1909 2196 2042 2239 con-

488 2276 824 2333 suetudinem
865 2275 1022 2346 quasi
1051 2271 1387 2328 misericordi
1434 2260 1863 2327 dissimulatione
1901 2269 2040 2324 tole-

490 2365 654 2419 rarit?
689 2364 793 2422 Sed
823 2364 910 2421 ille
947 2363 1130 2418 audiat
1162 2361 1292 2433 quid
1323 2360 1382 2430 Β.
1404 2358 1517 2415 ιιρο
1539 2371 1696 2430 papa,
1721 2359 1815 2430 qui
1861 2373 2042 2414 sacra-

493 2457 700 2512 tissimo
742 2453 1166 2510 Cbalcedonensi
1205 2451 1433 2508 concilio
1474 2446 1714 2522 praefuit,
1758 2451 2038 2519 decernat;

490 2549 583 2617 qui
623 2545 854 2601 Anatolii
898 2543 1144 2616 praesulis
1174 2539 1753 2611 Constantiuopoiitani
1791 2553 2044 2609 praesum-

489 2637 725 2712 ptionem
746 2635 1004 2691 cohibens
1032 2634 1107 2689 ita
1137 2633 1450 2704 pronuntiat
1481 2649 1494 2684 :
1539 2628 1682 2701 quod
1737 2629 1790 2682 in
1808 2637 2040 2705 .reatum

492 2724 720 2798 Romani
763 2723 1031 2794 pontiﬁcis
1070 2721 1376 2791 deputetur,
1402 2719 1449 2775 si
1475 2718 1744 2774 institutio
1771 2725 2038 2774 canonum

490 2828 598 2868 non
631 2813 966 2884 prohibente,
996 2820 1051 2867 et
1077 2811 1132 2866 in
1169 2811 1272 2867 hoc
1304 2807 1461 2881 quasi
1484 2807 1803 2864 connivente
1843 2808 2040 2865 alicubi

446 2911 450 2914 ’
491 2902 738 2956 violetur.
765 2900 895 2956 item
921 2885 1296 2956 sanctissimus
1324 2897 1496 2954 nostri
1515 2896 1811 2970 apostolici
1850 2898 2042 2952 homo-

493 3007 686 3062 nymus
719 2991 962 3048 scribens
991 2988 1208 3064 “Victori
1241 2989 1494 3059 episeopo
1549 2987 1690 3044 hanc
1744 2987 2038 3068 terribilem

492 3097 545 3141 et
571 3085 869 3158 generalem
898 3082 1217 3142 sententiain
1258 3084 1480 3155 protulit
1507 3102 1521 3138 :
1551 3081 1807 3155 Quisquis
1839 3081 1907 3137 ad
1934 3081 2040 3147 hoc

449 3233 465 3248 ι
493 3175 721 3244 facinus,
749 3175 994 3250 videlicet
1033 3173 1350 3232 Simoniaca:
1377 3184 1472 3231 aut
1497 3175 1891 3246 neophytorum
1929 3172 2042 3226 ιιω-

493 3279 693 3331 reseos,
713 3259 1110 3320 emendandum
1142 3262 1298 3331 oilicii
1319 3252 1417 3319 sui
1432 3259 1857 3325 consideratione
1879 3260 2040 3316 vehe-

495 3341 701 3407 menter
722 3367 828 3407 non
851 3350 1061 3417 arserit,
1088 3365 1213 3409 eum
1245 3351 1362 3422 ipso
1387 3366 1444 3408 se
1465 3350 1666 3408 habere
1687 3365 1798 3406 non
1838 3349 2045 3406 dubitet

492 3439 792 3510 portionem
835 3455 866 3494 a
890 3453 1000 3510 quo
1030 3439 1181 3518 prius
1208 3440 1311 3497 boc
1331 3482 1345 3491 .
1361 3439 1632 3512 piaculare
1683 3438 1944 3512 ﬂagitium
1989 3447 2044 3494 et

470 3532 697 3588 .crimen
733 3531 962 3601 sumpsit
981 3517 1280 3588 exordium.
1314 3531 1478 3604 Igitur
1499 3517 1554 3586 et
1574 3529 1661 3586 ille
1693 3529 2041 3586 nihilominus

493 3619 712 3675 Ebionis
741 3618 1110 3675 haeresiarchas
1137 3616 1402 3690 particeps
1423 3618 1707 3690 detegitur,
1732 3610 2040 3689 quicunque

494 3723 593 3778 pro
622 3708 799 3770 debito
825 3706 985 3765 cilicii
1003 3709 1154 3775 illius.
1165 3707 1436 3776 haeresim,
1459 3708 1513 3764 id
1534 3717 1620 3766 est
1634 3706 1914 3764 Iudaicam
1956 3708 2039 3762 in-

496 3796 900 3863 continentiam,
928 3796 1200 3852 modernis
1220 3783 1586 3864 sacerdotibus
1613 3796 1896 3866 prohibere
1929 3811 2040 3850 non

496 3887 778 3960 studuerit.
801 3886 921 3957 ipsa
941 3901 1160 3957 quoque
1175 3876 1539 3942 sacratissima
1568 3885 1815 3952 concilia,
1833 3899 1899 3939 ex
1927 3884 2042 3954 qui-

497 3978 597 4032 bus
627 3985 827 4032 statuta
848 3977 1019 4048 nostri
1041 3976 1320 4048 apostolici
1351 3974 1734 4046 produxerant,
1757 3974 1892 4029 adeo
1924 3989 2040 4028 am-

495 4063 692 4134 plexati
719 4071 846 4130 sunt
867 4063 1036 4118 sancti
1055 4062 1260 4130 Patres,
1286 4073 1366 4130 ut,
1398 4063 1538 4119 sicut
1562 4051 1806 4133 ipsorum
1841 4062 2038 4132 scripta

497 4146 795 4215 testantur,
812 4149 991 4220 potius
1016 4150 1220 4220 seipsos
1259 4150 1486 4205 diversis
1523 4150 1807 4205 tormentis
1853 4150 2035 4219 aiiiigi,

493 4239 604 4294 imo
637 4240 899 4325 se‘potius.
915 4241 1201 4296 crudeliter
1234 4239 1402 4296 occidi
1455 4239 1823 4310 permitterent
1876 4227 2037 4309 quam

2074 1981 2408 2054 B-dazmoaes
2443 1997 2639 2052 habere
2677 1993 2893 2067 fatetur.
2944 1995 3062 2052 Non
3111 1984 3269 2068 ergo°-
3289 2001 3472 2055 minus
3500 2010 3585 2056 est
3614 2017 3704 2058 re-.
3737 2036 3744 2042 η

2067 3314 2107 3371 C

2141 751 2320 796 tamen
2348 753 2538 796 eorum
2567 733 2863 813 moralibus
2883 734 3103 820 statutis
3148 752 3271 792 cum
3323 737 3436 809 ipsa
3483 738 3712 810 quidem

2140 830 2243 885 fide
2261 843 2356 898 per
2370 828 2586 884 eosdem
2603 831 2822 884 sanctos
2836 823 3028 888 Patres
3044 823 3232 890 eodem
3253 835 3497 898 tempore
3516 831 3709 886 eadem

2117 915 2536 985 subscriptione
2558 908 2832 971 roboretis.
2851 901 3124 988 ob‘Stinate
3162 915 3456 986 resistunt,
3486 935 3614 991 quas
3658 930 3713 974 ιῖι

2138 998 2264 1061 cum
2286 1005 2601 1068 eradem'iide
2633 1019 2700 1078 ex
2722 990 3093 1076 sact'atiSsiino
3123 999 3272 1064 fonte
3296 990 3712 1078 scripsimus.

2138 1103 2542 1151 emanaverunt.
2837 1117 2839 1120 ⁴
2873 1135 2878 1138 -
2940 1153 2950 1166 ,

2212 1188 2315 1244 Sed
2337 1189 2391 1242 in
2423 1188 2527 1242 hac
2557 1199 2748 1242 eorum
2778 1184 3166 1247 nefandissima
3207 1187 3497 1245 rebellione
3539 1193 3706 1247 etiam

2139 1277 2311 1348 ipsam
2332 1273 2492 1332 iidem
2516 1275 2691 1332 sancti
2722 1273 2908 1331 Patres
2935 1275 3232 1346 probantur
3257 1278 3556 1348 adnulla:-e,
3575 1297 3704 1336 cunt

2139 1369 2194 1422 in
2221 1365 2546 1423 authenticis
2567 1365 2939 1422 sanctionibus
2968 1367 3343 1422 auctoritatem
3366 1370 3582 1426 illorum
3603 1386 3708 1443 pro

2140 1456 2308 1511 nihilo
2345 1455 2673 1526 ducuntqui
2697 1464 2754 1510 et
2773 1455 2934 1511 ﬁdem
2955 1470 3053 1511 sua
3076 1459 3396 1513 auctoritate
3417 1463 3708 1517 conﬁrma-

2138 1555 2361 1607 verunt.
2399 1545 2715 1624 Nullatenus
2758 1545 3078 1622 saneaii‘cui
3111 1546 3244 1602 ﬁdes
3263 1558 3580 1607 sanctorum
3604 1549 3708 1609 Pa-

2140 1647 2283 1694 trum
2302 1637 2538 1708 proderit
2564 1637 2658 1708 qui
2690 1627 2882 1691 eorum
2911 1636 3190 1694 canonicis
3208 1647 3369 1709 atquc
3401 1641 3704 1700 moralibus

2137 1715 2417 1798 praeceptis
2437 1713 2546 1782 non
2567 1726 2808 1793 obedire,
2831 1727 2928 1782 sed
2953 1726 3298 1796 pertinaciter
3319 1730 3572 1789 resistere
3589 1741 3705 1789 stu-

2137 1819 2338 1895 duerit;
2391 1829 2539 1884 nam,
2566 1821 2630 1873 ut"
2656 1816 2893 1878 Iacobus
2929 1816 3097 1872 frater
3145 1816 3362 1874 Domini
3405 1809 3638 1879 testatur
3683 1840 3702 1876 :

2142 1907 2186 1966 1³⁵
2192 1910 2301 1964 idea
2331 1907 2443 1963 sine,
2465 1909 2703 1977 operibus
2726 1916 2936 1962 mortua
2971 1916 3049 1963 est
3084 1905 3223 1982 (Jac.
3257 1910 3349 1980 n);
3385 1911 3602 1980 qualem
3646 1921 3707 1969 (ι

2135 2079 2434 2148 sistendum
2459 2087 2820 2157 pertinacibus
2842 2088 3272 2148 autbenticarum
3298 2090 3704 2149 institutionum

2136 2179 2610 2250 impugnatoribus
2631 2191 2797 2248 quam
2822 2177 2988 2236 sacra:
3017 2180 3142 2236 ﬁdei
3175 2181 3551 2246 violatoribus,
3574 2197 3703 2239 cum

2135 2279 2192 2324 et
2220 2265 2566 2325 daemonibus
2612 2269 2987 2347 assimiientur
3045 2270 3356 2341 quicunque
3406 2271 3706 2331 institutio-

2138 2375 2260 2417 nem
2290 2367 2598 2415 sanctorum
2632 2357 2852 2413 Patrum
2867 2359 2937 2442 in
2962 2358 3066 2414 ﬁde
3091 2365 3298 2415 tantum
3322 2369 3378 2416 et
3400 2377 3511 2416 non
3535 2362 3702 2417 etiam

2138 2450 2194 2504 in
2223 2448 2633 2505 conversatione
2677 2463 2778 2518 pro
2808 2436 3024 2502 rvi-ribus
3081 2458 3442 2517 assectantur,
3505 2451 3596 2521 qui
3644 2460 3704 2507 ct

2137 2541 2372 2611 culpam,
2398 2526 2525 2610 quia
2557 2538 2987 2595 humanum'i'uit
3029 2541 3385 2610 committere,
3402 2567 3413 2577 ·-
3428 2534 3706 2602 diabolico

2135 2631 2396 2686 instinctu
2424 2644 2531 2684 non
2559 2630 2752 2686 timent
2777 2621 3121 2701 pertinaciter
3134 2631 3441 2707 defendere.
3455 2634 3705 2706 Amplius

2136 2722 2314 2792 ipsum
2350 2718 2455 2774 Vas
2481 2720 2835 2788 eleptionisin
2865 2736 2964 2778 sua
2989 2736 3220 2792 persona
3249 2723 3505 2779 omnibus
3526 2726 3706 2782 eccle-

2137 2807 2371 2864 siasticis
2393 2807 2701 2878 pastoribus
2729 2808 2862 2865 dicit
2889 2828 2901 2863 :
2933 2806 2994 2864 Si
3027 2811 3467 2882 eaangelizavero,
3491 2831 3595 2868 non
3621 2824 3704 2870 est

2137 2899 2264 2954 mihi
2286 2899 2478 2969 gloria,
2509 2897 2794 2953 necessitas
2827 2899 2966 2953 enim
2998 2901 3128 2955 mihi
3148 2901 3434 2968 incumbit;
3465 2920 3543 2958 rte
3561 2905 3705 2959 enim

2135 2999 2210 3044 est
2236 2989 2385 3053 mihi,
2409 2989 2454 3041 si
2485 3005 2586 3042 non
2607 2987 3026 3058 euangelisavero
3057 2989 3111 3061 (1
3132 2991 3254 3047 Cor.
3289 2993 3386 3065 ix).
3413 2992 3706 3060 Quomodo

2136 3095 2265 3151 ergo
2294 3087 2478 3135 noster
2509 3079 2838 3149 apostolicus
2867 3080 3014 3134 istud
3043 3096 3118 3136 me
3164 3082 3532 3156 subterfugere
3581 3102 3710 3155 pos-

2138 3176 2238 3234 set,
2265 3168 2309 3223 si
2341 3183 2550 3240 gregem
2579 3167 2684 3223 sibi
2705 3169 3056 3224 commissum
3083 3170 3236 3239 juxta
3267 3172 3437 3241 ipsius
3456 3175 3708 3244 Ap“sz

2138 3266 2400 3329 praecepta
2446 3258 2727 3314 instituere
2761 3258 3084 3330 negligereti
3119 3260 3350 3317 Sanctus
3385 3263 3548 3318 etiam
3585 3263 3715 3334 δρία

2140 3349 2276 3404 ritus
2314 3363 2409 3418 per
2461 3347 2796 3405 Ezechielem
2850 3349 3166 3419 prophetam
3219 3352 3437 3408 cuilibet
3492 3356 3707 3424 pastori

2141 3439 2432 3493 terribilem
2479 3438 2748 3508 proponit
2775 3438 3135 3494 conditionem
3171 3459 3182 3494 :
3221 3439 3300 3508 Si,
3351 3442 3547 3512 inquit,
3597 3459 3706 3497 non

2138 3526 2334 3580 dixeris
2365 3527 2627 3596 peccaturi
2653 3566 2669 3592 ,
2719 3525 2888 3580 Morte
2913 3528 3171 3595 morieris,
3212 3538 3261 3582 et
3311 3531 3599 3586 ostenderis
3641 3541 3706 3584 ut

2139 3616 2343 3670 recedat
2366 3617 2431 3670 ab
2458 3615 2824 3686 iniquitatibus
2852 3612 2982 3684 suis,
3010 3617 3119 3687 ipse
3149 3619 3355 3689 quidem
3389 3621 3445 3674 in
3467 3624 3704 3691 peccatis

2137 3705 2248 3758 suis
2278 3705 2558 3770 morietur,
2601 3705 2905 3776 sanguinem
2943 3714 3117 3760 autem
3152 3707 3265 3774 ejus
3305 3708 3367 3762 de
3411 3727 3572 3764 manu
3605 3723 3706 3768 tua

2138 3793 2421 3863 requiram.
2472 3790 2532 3846 Si
2561 3801 2735 3846 auum
2769 3781 2990 3859 diceris,
3033 3803 3084 3848 et
3120 3795 3213 3849 ille
3244 3803 3608 3868 contempserit
3648 3813 3708 3857 et

2139 3898 2241 3935 non
2277 3881 2548 3950 obedierit,
2588 3880 2683 3936 ille
2723 3883 2782 3936 in
2826 3881 3103 3937 sceleribus
3154 3884 3282 3954 suis,
3307 3889 3594 3953 morietur;
3642 3900 3706 3947 tu

2138 3980 2313 4025 autem
2353 3972 2584 4026 animam
2632 3979 2778 4026 tuam
2815 3970 3059 4026 liberabis
3085 3965 3300 4042 (Ezech.
3325 3979 3542 4048 xxxm).
3590 3978 3709 4038 liac

2138 4060 2354 4131 quidem
2385 4061 2734 4116 translatione
2764 4059 2821 4115 8.
2863 4059 3200 4134 Augustinus
3243 4065 3299 4124 in
3351 4082 3604 4124 sermone
3633 4072 3714 4141 de

2138 4150 2346 4220 psalmo
2376 4167 2501 4204 χιιι
2531 4151 2719 4218 utitur,
2750 4152 3039 4223 statimque
3070 4155 3185 4211 suis
3214 4157 3554 4215 auditoribus
3577 4149 3714 4218 sub¥

2133 4239 2310 4310 jungit
2345 4258 2357 4293 :
2388 4238 2518 4296 Dico
2540 4241 2712 4308 vobis,
2725 4241 2896 4296 libero
2920 4242 3155 4299 animam
3178 4261 3384 4314 meam;
3416 4248 3470 4302 in
3502 4265 3714 4323 magno

494 4316 840 4386 violatoribus
860 4316 1167 4386 earumdem
1199 4330 1553 4384 sanctionum.
1586 4327 1892 4383 consentire
1929 4329 2052 4383 vel~
2135 4328 2278 4383 enim
2334 4345 2454 4384 sum
2507 4345 2616 4385 non
2674 4331 2914 4401 periculo
2961 4333 3056 4388 sed
3106 4333 3274 4389 exitio
3329 4316 3701 4405 constitutus,

493 4408 874 4476 lent.0b‘hanc
892 4419 1109 4485 causisin
1137 4435 1363 4492 magnus
1385 4419 1714 4474 Athanasius
1734 4418 2037 4488 patriarcha
2137 4417 2183 4472 si
2211 4411 2450 4474 tacuero.
2484 4416 2626 4474 Satis
2650 4435 2778 4491 ergo
2797 4429 2944 4490 patet
2970 4437 3133 4492 quam
3155 4424 3428 4480 immerito
3473 4428 3708 4496 quidam

494 4505 885 4583 Alexandrinus
903 4516 1026 4576 post
1045 4507 1284 4584 diversas
1313 4506 1644 4562 calamitates
1682 4503 1744 4560 in'
1789 4506 2037 4579 exsilium
2138 4515 2325 4562 nostro
2370 4497 2665 4578 apostolico
2720 4525 2819 4578 pro
2875 4512 3244 4578 superioribus
3292 4517 3513 4570 statiuis
3565 4517 3709 4572 indi-

493 4595 823 4686 deportatur.
844 4592 927 4686 Db
959 4595 1251 4686 hoc‘etiam
1279 4595 1440 4686 Felix
1477 4592 1613 4686 papa
1653 4593 1933 4652 Romanus
1960 4597 2038 4686 ab
2067 4628 2110 4686 ι)
2138 4605 2389 4686 gnentur
2420 4598 2515 4666 qui
2571 4605 2682 4650 tam
2736 4597 3028 4651 inevitabili
3088 4601 3412 4656 necessitate
3467 4611 3708 4660 coactus

493 4673 804 4756 episcopatu
828 4683 1104 4753 depositus
1126 4681 1384 4751 martyrio
1425 4681 1620 4749 legitur
1643 4679 1966 4755 catenatus,
1983 4693 2040 4738 et

492 4773 649 4830 multi
672 4770 1129 4850 ejuspresbyteri,
1150 4770 1404 4824 diacones
1432 4777 1485 4822 et
1511 4760 1704 4838 reliqui
1754 4782 1821 4822 ex
1869 4769 2034 4836 clero,

492 4864 651 4918 etiam
667 4849 806 4918 intra
822 4859 1136 4927 Ecciesiam,
1149 4858 1218 4914 ob
1232 4857 1472 4938 eam‘dem
1493 4872 1733 4925 causam,
1752 4857 1854 4915 heu
1872 4859 1885 4911 !
1924 4873 2042 4913 cru-

493 4953 762 5010 deiissime
792 4950 959 5007 occisi
990 4951 1261 5020 leguntur,
1289 4947 1536 5024 videlicet
1587 4946 1713 5024 quia
1759 4947 2038 5003 sectatori-

495 5041 594 5097 bus
631 5045 743 5098 Ατὶί
772 5043 832 5096 ἱιι
880 5041 1224 5096 violationem
1272 5035 1475 5097 Nicaeni
1524 5036 1740 5092 concilii
1791 5038 2039 5093 assentiri

494 5130 764 5185 nolebant.
783 5129 904 5185 Haec
925 5139 1102 5185 autem
1123 5137 1177 5183 et
1206 5117 1513 5198 hujusmodi
1543 5125 1952 5196 innumerabilia
1971 5142 2038 5181 ex

492 5217 870 5274 ecclesiasticis
926 5218 1167 5290 historiis
1233 5217 1435 5283 affatim
1497 5216 1747 5287 colligere
1811 5216 2035 5286 poteris.

494 5308 644 5364 Dicat
671 5321 798 5377 ergo
818 5305 996 5376 quivis
1020 5307 1291 5375 quomodo
1315 5315 1500 5362 noster
1548 5307 1878 5377 apostolicus
1922 5306 2038 5361 sine

450 5431 458 5441 ς
492 5413 593 5453 suo
619 5395 859 5468 periculo
883 5403 977 5449 aut
996 5383 1174 5463 potius
1196 5393 1358 5449 exitio
1399 5382 1662 5470 negligere
1686 5406 1868 5466 posset
1904 5396 2035 5466 quin

493 5496 601 5542 tam
625 5485 1010 5557 inevitabiiium
1037 5482 1411 5556 sanctionum‘,
1441 5493 1553 5537 non
1595 5483 1718 5537 dico
1770 5473 2040 5538 nomon;

492 5577 614 5644 bus,
648 5571 1252 5650 sed-impugnatoribus,
1280 5586 1346 5627 ex
1376 5559 1574 5627 “debito
1613 5570 1772 5625 cilicii
1817 5572 1902 5626 sui
1941 5573 2051 5626 ob-‘

493 5668 678 5733 viaret,
706 5665 902 5738 quibus
933 5664 1082 5732 ipsos
1124 5671 1341 5718 sanctos
1369 5660 1555 5718 Patres
1575 5661 1942 5738 etiamzusque
1969 5661 2038 5713 ad

496 5755 805 5824 sanguinem
831 5753 1093 5809 restitisse
1116 5767 1226 5806 non
1255 5751 1541 5821 ignoraret.
1590 5748 1848 5824 Quamvis
1889 5746 2034 5802 enim

497 5823 652 5895 modo
685 5842 900 5914 quidam
931 5857 1039 5897 non
1067 5849 1176 5896 tam
1202 5847 1379 5912 aperte
1404 5854 1526 5895 cum
1553 5839 1682 5893 Ario
1708 5823 1764 5892 et
1813 5835 2034 5908 reliquis

2135 4685 2318 4740 eadem
2375 4683 2674 4738 instituisse
2728 4683 3009 4754 detegitur,
3058 4686 3306 4742 videlicet
3350 4703 3420 4744 ne
3461 4693 3706 4760 propria

2103 4849 2106 4852 ἢ
2136 4773 2325 4829 mortis
2357 4773 2558 4828 crimen
2583 4773 2898 4841 incurreret,
2923 4774 2970 4829 si
2994 4789 3094 4830 nos
3121 4791 3187 4832 ex
3209 4776 3389 4835 debito
3418 4778 3582 4844 cilicii
3610 4783 3705 4839 sui

2137 4853 2414 4919 instituere
2431 4862 2739 4934 negligeret.

2204 4951 2346 5007 XXI.
2377 4981 2446 4992 ——
2464 4951 2727 5008 Praeterea
2750 4953 2795 5007 si
2825 4952 2897 5007 ob
2930 4954 3034 5008 hoc
3063 4964 3250 5012 nostro
3277 4961 3578 5028 apostolico
3614 4963 3706 5019 in-

2136 5041 2347 5112 dignari
2392 5049 2660 5114 satagunt,
2692 5058 2789 5098 cur
2833 5058 2942 5098 non
2987 5045 3166 5113 potius
3213 5046 3320 5103 illis
3355 5048 3462 5102 518
3491 5051 3705 5106 sanctis

2137 5134 2386 5189 Patribus
2414 5135 2470 5189 in
2497 5133 2674 5190 Nicaea
2693 5137 3049 5208 congregatis,
3073 5146 3132 5192 ut
3152 5137 3332 5210 [[οηε,
3357 5147 3472 5204 aut,
3495 5137 3706 5213 lium]

2137 5223 2241 5278 630
2267 5222 2516 5278 Patribus
2540 5224 2593 5278 in
2614 5223 2952 5280 Chalcedone
2976 5227 3317 5296 congregatis
3344 5235 3400 5279 et
3425 5226 3708 5298 coadnna-

2139 5311 2208 5366 tis
2233 5307 2595 5382 indignantur,
2619 5312 2734 5381 qui,
2757 5321 2817 5367 ut
2836 5313 3148 5382 prmdictu‘m
3176 5320 3281 5377 est,
3296 5320 3483 5366 contra
3514 5311 3704 5372 Simo-

2136 5394 2321 5454 niacos
2375 5407 2431 5453 et
2483 5400 2878 5454 incontinentes
2934 5396 3142 5454 altaris
3186 5398 3465 5456 ministros
3518 5405 3705 5465 multo

2137 5486 2377 5542 acriores
2396 5487 2690 5542 sententias
2719 5485 3058 5556 protulerunt
3083 5500 3244 5553 quam
3267 5496 3451 5544 noster
3478 5503 3703 5560 aposto-

2110 5574 2290 5652 licus.
2318 5567 2664 5646 lndignent'ur
2697 5587 2828 5628 sane
2856 5572 3200 5628 sanctissimo
3234 5591 3384 5646 papa:
3402 5577 3703 5641 Clementi.

2133 5662 2228 5731 qui
2262 5664 2519 5734 martyrio
2563 5662 2912 5745 suadecreta
2959 5661 3315 5732 conﬁrmavit,
3353 5681 3520 5736 quem
3575 5670 3705 5740 ipse

2134 5749 2381 5818 princeps
2407 5751 2510 5806 Sibi
2539 5763 2908 5805 successorem
2937 5749 3240 5808 destinavit.
3291 5755 3510 5825 Legitur
3540 5758 3704 5812 enim

2133 5826 2186 5890 in
2210 5839 2440 5895 decretis
2466 5839 2734 5909 ejus,cap.
2767 5837 2854 5904 46,
2879 5840 3019 5910 quod
3052 5842 3446 5901 incontinentes
3467 5845 3704 5913 penitus
