3944 6390
161 519 250 573 781
1358 513 1671 570 CONCiLlU
1683 513 1724 567 Μ
1771 514 2000 567 iiOMiI‘;
2011 515 2047 568 '1.-
2060 515 2103 566 Μ
2144 514 2184 567 i.
3305 553 3318 574 ι
3331 515 3399 576 32

156 629 223 683 ah
249 627 436 683 altaris
458 627 636 682 oﬂieio
658 627 968 694 removerit,
1000 626 1144 696 quod
1168 626 1332 681 etiam
1359 627 1732 681 cohabitatio-
1762 630 1806 685 Δ
1832 641 2173 697 pnepropcrc
2220 624 2304 697 agi
2337 643 2368 680 a
2397 642 2720 702 quacunque
2768 635 2922 698 parte
2946 630 3216 690 videatur.
3269 633 3397 703 quia

158 733 277 775 nem
306 727 694 773 extraneorum
727 718 1049 772 feminarum
1110 718 1321 772 clericis
1369 718 1727 787 prohibuerit,

156 809 298 882 quod
359 809 659 864 violatores
713 809 1025 883 hujusmodi
1093 795 1449 864 institutionis
1503 823 1732 879 prarsus

157 900 714 956 untbematizavcrit.
782 898 1132 972 lndignentur
1192 898 1354 953 etiam
1415 899 1731 954 beatissimo

158 977 306 1060 papre
364 990 663 1058 Silvestre,
702 991 796 1062 qui
849 991 903 1045 in
948 990 1246 1062 apostolica
1295 991 1420 1046 sede
1469 991 1732 1045 constitu-

161 1089 245 1138 tus
303 1081 754 1138 incontinentiam
805 1082 974 1137 totius
1026 1083 1216 1137 mundi
1271 1083 1633 1153 presbyteris,
1676 1093 1734 1138 ut

158 1171 477 1245 mdictum
525 1183 628 1238 est,
681 1173 976 1243 prohibuit,
999 1182 1054 1228 et
1098 1189 1289 1229 omnes
1345 1174 1472 1228 huic
1515 1174 1732 1229 decreto

160 1251 526 1334 repugnantes
576 1264 632 1317 in
685 1274 1004 1334 perpetuum
1056 1263 1393 1336 damnandos
1446 1281 1567 1320 esse
1634 1267 1730 1321 dc-

160 1353 344 1407 crcvit.
401 1353 758 1425 lndignen—tur
797 1355 962 1409 etiam
1015 1355 1176 1411 beato
1226 1356 1448 1427 martyri
1496 1356 1731 1412 Damaso

160 1457 326 1513 papae,
350 1443 514 1513 cujus
533 1444 855 1500 auctoritate
875 1446 1112 1501 secunda
1146 1446 1470 1501 universalis
1494 1446 1732 1517 synodus

130 1590 138 1597 ._
158 1529 761 1605 Consuntinpolitana
784 1535 980 1606 legitur
998 1537 1271 1592 roborata.
1297 1537 1427 1591 Item
1454 1537 1733 1593 sanetissi-

160 1638 247 1676 mo
269 1640 425 1694 papae
457 1623 626 1681 Leoni
649 1625 1173 1692 Cbalcedonensium
1199 1643 1469 1700 canonum
1501 1630 1730 1695 auctori,

160 1730 392 1785 quorum
429 1726 656 1788 uterque
684 1721 874 1775 eadem
907 1729 962 1776 et
996 1722 1292 1789 apostolica
1335 1725 1658 1779 auctoritate
1679 1725 1733 1778 in

159 1803 389 1859 decretis
437 1805 574 1872 suis,
621 1806 709 1860 ille
732 1807 972 1878 quidem,
1001 1823 1120 1878 cap.
1166 1810 1220 1874 4,
1259 1810 1347 1866 hic
1376 1821 1577 1875 autem,
1611 1827 1730 1882 cap.

158 1890 228 1956 5,
279 1892 356 1948 ita
414 1895 736 1965 generaliter
783 1895 1071 1954 decrevere
1124 1918 1138 1952 :
1198 1897 1392 1954 Omnia
1437 1901 1730 1959 decretalia

1830 734 1925 788 per
1961 718 2361 789 subreptionem
2399 720 2570 774 multa
2601 721 2943 789 proveniunt.
2992 721 3121 778 Jure
3153 741 3284 796 ergo
3323 726 3398 781 illi

1831 806 2036 876 absque
2086 807 2317 862 induciis
2344 807 2680 863 damnantur
2711 800 2806 880 qui
2833 810 3048 881 culpam
3076 829 3229 870 suam
3251 814 3399 886 jam-

1831 894 2037 949 dudum
2087 911 2116 949 a
2163 895 2366 951 sanctis
2407 895 2662 953 Patribus
2693 897 2917 955 diﬁinite
2945 901 3257 958 damnatam
3288 921 3399 961 non

1832 997 2046 1053 negare,
2075 986 2171 1039 sed
2197 977 2408 1054 publice
2432 994 2622 1041 contra
2641 988 2936 1057 apostolica
2969 999 3169 1047 statuta
3195 1008 3402 1050 conan-

1832 1079 1922 1125 tur
1946 1072 2248 1129 defensare.
2277 1072 2476 1146 Nempe
2498 1075 2559 1128 Β.
2597 1075 2909 1149 Gregorius,
2943 1081 3011 1136 ab
3039 1084 3187 1138 omni
3210 1086 3400 1140 catho-

1833 1162 1936 1217 lico
1981 1171 2199 1232 pastore
2230 1165 2423 1219 merito
2461 1167 2774 1235 imitandus,
2812 1179 3210 1243 contemptores
3255 1175 3401 1232 sedis

1831 1253 2140 1322 apostolicae
2167 1256 2330 1310 etiam
2366 1267 2490 1311 ante
2530 1269 2804 1328 peractam
2835 1252 3050 1332 culpam
3077 1263 3286 1322 solebat
3304 1283 3398 1323 cx-

1831 1346 2272 1401 communicarc:
2311 1349 2389 1403 sic
2413 1349 2558 1404 enim
2582 1349 2872 1406 Maximum
2908 1370 3002 1423 per
3043 1357 3394 1414 ambitionem

1834 1431 2148 1488 Salonitano
2168 1436 2502 1506 episcopatui
2524 1439 2968 1510 inthronizatum,
2992 1453 3045 1498 et
3065 1459 3252 1508 omnes
3276 1449 3396 1518 ejus

1831 1525 2172 1593 ordinatores
2219 1529 2764 1598 exeommunicavit,‘
2791 1549 2930 1604 quos
2963 1537 3148 1592 eadem
3170 1523 3396 1597 excom-

1832 1619 2146 1685 municatio,
2180 1621 2420 1675 nonium
2452 1635 2668 1692 peracta
2712 1626 2871 1696 culpa
2915 1645 3015 1698 pro
3043 1648 3150 1703 qua
3175 1650 3395 1692 exeam-

1832 1711 2093 1766 municati
2129 1721 2276 1778 sunt,
2305 1713 2589 1784 obligavit;
2621 1732 2746 1772 nam
2777 1719 3093 1790 priusquam
3128 1724 3398 1786 Maximus

1833 1799 2194 1869 ordinaretur,
2235 1804 2338 1859 sub
2366 1803 2926 1867 excommu‘nicatione
2968 1816 3243 1882 prohibuit
3269 1835 3396 1875 san-

1833 1900 1955 1946 ctus
2001 1891 2319 1962 Gregorius,
2345 1911 2412 1949 ne
2442 1896 2545 1950 hoc
2578 1886 3016 1966 'praésumeretur
3041 1923 3054 1971 ;
3083 1909 3227 1975 quod
3256 1926 3395 1979 prae-

158 1991 484 2040 cunctorum
535 1987 851 2056 pontificum
904 1989 1366 2058 praedecessorum
1413 2001 1724 2048 nostrorum
1763 1971 1805 2024 Β
1829 1993 2042 2052 ceptum
2064 1995 2467 2041 contemnentes
2492 1988 2889 2059 episcopi,cum
2913 1996 3228 2056 ordinarent
3251 2018 3400 2058 eum-

159 2073 476 2140 constituta,
505 2091 627 2146 quae
655 2071 724 2133 de
751 2079 1136 2138 ecclesiasticis
1170 2083 1456 2141 ordinibus
1480 2093 1534 2140 et
1557 2101 1727 2141 cano-

159 2176 287 2215 num
323 2165 669 2234 promulgata
703 2161 831 2221 sunt
851 2167 1201 2245 disciplinis,_
1227 2170 1299 2228 ita
1331 2173 1586 2230 omnibus
1608 2175 1726 2244 epi-

161 2251 342 2321 scOpis
367 2269 436 2308 ac
457 2257 670 2311 cunctis
702 2259 1026 2328 generaliter
1057 2261 1433 2333 sacerdotibus
1455 2265 1729 2320 custodire

157 2338 353 2395 debere
406 2344 731 2400 mandamus
777 2355 838 2401 ut
885 2346 932 2404 si
979 2348 1103 2419 quis
1151 2348 1207 2404 in
1240 2350 1329 2418 illa
1365 2353 1726 2421 commiserit,

157 2431 369 2486 veniam
404 2434 508 2490 sibi
535 2434 789 2508 deinceps
824 2440 1038 2494 noverit
1061 2439 1336 2511 denegari.
1379 2441 1730 2515 Indignentur

155 2521 318 2576 etiam
376 2527 709 2582 sanctissimi
765 2529 938 2584 nostri
987 2531 1279 2600 apostolici
1310 2535 1592 2604 mquivoco
1635 2538 1730 2607 qni

157 2613 259 2666 sub
290 2615 906 2683 generalianatb'emate
947 2621 1227 2678 damnavit
1248 2638 1439 2681 omnes
1469 2642 1500 2680 a
1542 2630 1728 2684 sacra-

160 2703 386 2760 tissimis
429 2717 664 2778 quatuor
704 2713 951 2770 conciliis
993 2713 1396 2773 dissentientes.
1449 2708 1562 2776 Sed
1604 2736 1728 2777 eum

159 2796 342 2851 nullus
389 2814 539 2856 same
585 2788 783 2859 mentis
847 2793 1183 2874 huiusmodi
1213 2801 1418 2863 sanctis
1478 2807 1730 2869 Patribus

155 2883 346 2954 [[ονιε,
380 2887 624 2957 Patrum,
651 2891 799 2948 Hann
821 2893 860 2965 ].
890 2895 1174 2952 sententiis
1218 2897 1546 2969 indignetur,
1583 2890 1732 2971 patet

155 2976 562 3035 cvidentissime
587 2997 751 3050 quam
809 2984 1253 3042 irrationabiliter
1297 2989 1516 3059 quidam
1555 2993 1730 3048 nostri

155 3069 443 3138 apostolici
467 3071 731 3129 institutis
754 3074 1122 3147 indignentur,
1144 3079 1205 3134 in
1231 3096 1465 3152 quorum
1489 3087 1732 3153 promul—

155 3161 376 3230 gatione
421 3163 730 3220 nullatenus
779 3180 810 3220 a
861 3167 1068 3223 sanctis
1091 3168 1346 3226 Patribus
1385 3172 1709 3243 discrepavit

153 3258 381 3320 excepto
432 3252 538 3308 hoc
567 3261 800 3321 tantum,
827 3258 974 3326 quod
1015 3274 1122 3314 non
1151 3269 1260 3314 tam
1301 3277 1514 3329 severe,
1541 3273 1598 3318 ut
1635 3265 1728 3331 illi,

154 3341 624 3412 contemptoribus
645 3361 916 3402 canonum
935 3351 1189 3429 obviavit.
1205 3351 1328 3408 illos
1342 3355 1486 3408 enim
1508 3355 1733 3420 clericos

151 3432 222 3486 ab
245 3431 428 3489 officio
460 3443 671 3493 tantum
699 3439 952 3508 privavit,
985 3443 1184 3513 quibus
1215 3445 1390 3499 sancti
1413 3445 1600 3502 Patres
1623 3463 1732 3502 non

155 3524 320 3579 modo
367 3527 634 3594 cilicium,
687 3531 781 3586 sed
829 3539 886 3586 et
937 3535 1178 3600 veniam,
1227 3543 1281 3589 et
1306 3537 1732 3594 ecclesiasticam

153 3619 601 3674 communionem
634 3613 986 3693 denegavere.
1019 3622 1104 3678 Nil
1139 3625 1373 3696 denique
1397 3628 1522 3682 novi
1549 3637 1734 3685 noster

153 3710 496 3775 apostolicus
520 3703 679 3768 nobis
703 3715 1101 3772 observandum
1130 3718 1384 3788 injunxit,
1408 3721 1552 3790 quod
1570 3721 1732 3776 etiam

156 3806 203 3869 si
226 3805 473 3872 fecisset,
511 3820 621 3860 non
657 3814 838 3861 tamen
870 3809 990 3863 sine
1035 3811 1276 3878 periculo
1306 3812 1425 3880 ejus
1459 3801 1734 3868 contemni

153 3903 488 3965 przeceptum
518 3904 723 3966 posset.
757 3895 892 3952 Nam
917 3900 1216 3968 apostolica
1252 3900 1406 3956 sedes
1452 3918 1518 3956 ex
1549 3904 1730 3958 divina

154 3985 506 4043 confessione
523 3980 705 4060 ifo’rte,
729 3990 1102 4057 concessione,
1131 3989 1328 4062 Iliam]
1350 3991 1494 4047 hunc
1521 4008 1733 4064 semper

152 4078 395 4134 obtinuit
439 4087 498 4134 et
538 4079 805 4136 obtinebit
853 4082 1180 4151 primatum,
1223 4091 1282 4138 ut
1330 4085 1496 4140 totius
1543 4087 1730 4141 mundi

131 4155 434 4224 Ecclesias
466 4184 578 4224 non
623 4172 800 4234 solum
845 4173 1084 4242 antiquis
1110 4175 1390 4242 institutis,
1433 4177 1526 4230 sed
1567 4179 1731 4234 etiam

151 4260 312 4316 novis
331 4259 611 4330 disponat,
644 4271 803 4330 prout
830 4263 1171 4318 diversorum
1205 4265 1499 4319 necessitas
1525 4277 1744 4336 tempo-_

152 4368 275 4406 tum
301 4352 565 4422 postulat,
590 4351 804 4424 Cogunt
838 4354 1005 4421 enim,
1037 4355 1115 4409 ait
1140 4365 1361 4411 sanctus
1395 4357 1729 4428 Augustinus
1775 4401 1777 4403 ι

145 4443 216 4496 ad
237 4441 609 4507 Bonifacium,
627 4445 824 4498 multas
843 4445 1086 4501 invenire
1099 4447 1412 4513 medicinas,
1436 4450 1726 4503 multorum

147 4533 533 4604 experimenta
569 4534 901 4589 morborum.
935 4534 1046 4590 Hoc
1077 4537 1267 4606 utique
1295 4539 1505 4594 diversa
1532 4539 1728 4595 Roma-

148 4641 353 4680 norum
393 4625 709 4695 pontificum
745 4627 958 4682 decreta
988 4636 1281 4695 testantur,
1307 4628 1360 4685 in
1393 4631 1589 4701 quibus
1628 4634 1729 4704 ipsi

145 4718 390 4773 diversis
444 4725 744 4787 temporum
791 4721 1208 4777 necessitatibus
1255 4723 1596 4780 consuluisse
1651 4726 1729 4781 lc-

141 4812 382 4879 guntitr.

216 4897 392 4952 KX".
423 4897 702 4953 Incassum
729 4911 909 4956 autem
935 4903 1134 4972 publici
1175 4911 1569 4972 contemptores
1603 4920 1732 4973 apo-

143 4991 364 5045 stolice
429 4985 785 5047 institutionis
837 4993 1092 5056 ginducias
1144 5009 1256 5048 sua:
1290 4993 1653 5048 damnationis
1701 5012 1728 5047 a

143 5090 344 5135 nostro
372 5081 675 5149 apostolico
703 5097 812 5152 qua
833 5068 975 5152 riunt,
1003 5097 1162 5152 quos,
1195 5089 1255 5136 ut
1282 5084 1596 5152 praedictum
1627 5093 1728 5146 est,

144 5172 328 5228 sancti
374 5170 570 5225 Patres
601 5171 805 5242 absqm
851 5133 1106 5228 \omnibus
1156 5173 1389 5227 induciis
1438 5175 1729 5228 damnave-

146 5274 302 5318 rant.
364 5262 425 5316 ln
461 5261 641 5317 dubiis
674 5263 820 5316 enim
874 5265 1058 5329 rebus,
1106 5265 1230 5320 licet
1275 5264 1438 5331 veris,
1491 5265 1728 5318 nondum

146 5363 338 5407 tamen
394 5352 704 5423 publicatis,
745 5353 1052 5408 necessario
1077 5355 1448 5408 conceduntur
1482 5354 1728 5416 inducite,

147 5455 208 5498 ut
238 5445 412 5514 juxta
435 5442 747 5500 sanctiones
779 5444 1202 5515 apostolicorum
1242 5443 1478 5496 virorum
1517 5443 1730 5508 Felicis,

144 5546 203 5591 et
234 5534 371 5590 Julii
409 5543 464 5588 et
489 5533 823 5602 reliquorum
851 5535 964 5606 ipse
994 5542 1281 5589 accusatus
1315 5533 1487 5602 possit
1516 5549 1572 5587 se
1595 5549 1729 5585 con-

149 5638 233 5682 tra
273 5620 634 5682 accusatores
654 5625 879 5692 plcniter
901 5640 1200 5696 praeparare
1231 5624 1295 5678 ad
1327 5624 1590 5677 abluenda
1625 5625 1731 5676 cri-

149 5719 338 5783 mina;
392 5715 540 5771 unde
566 5724 618 5768 et
660 5715 1214 5773 beatusEleutlicrius
1249 5732 1276 5768 a
1309 5715 1365 5767 Β.
1405 5714 1564 5768 Petro
1592 5717 1729 5768 duo-

149 5809 406 5862 dec‘imus
434 5808 492 5861 in
523 5806 760 5861 decretis
791 5809 926 5872 suis,
959 5824 1076 5879 cap.
1107 5809 1158 5874 l,
1195 5816 1422 5862 testatur
1451 5825 1462 5858 :
1497 5804 1733 5860 induciae

151 5916 264 5955 non
289 5898 525 5954 modicae
561 5897 629 5952 ad
658 5898 1031 5968 inquirendum
1054 5899 1243 5952 dandae
1264 5907 1408 5964 sunt,
1445 5914 1509 5950 ne
1531 5897 1732 5964 aliquid

1827 2073 1948 2127 dein
1986 2073 2300 2141 Maximum,
2331 2086 2456 2132 ante
2490 2090 2768 2148 peractam
2802 2083 3196 2143 ordinationem
3241 2103 3402 2151 erant

1826 2165 2464 2233 excommunicati,juxta
2479 2171 2876 2227 attestationcm
2897 2173 2951 2229 S.
2968 2174 3240 2248 Gregorii;
3267 2180 3399 2237 scri-

1827 2252 1906 2306 bit
1947 2255 2092 2308 enim
2141 2255 2194 2309 in
2249 2256 2477 2326 cpistola
2512 2261 2579 2313 ad
2632 2262 2884 2318 eumdem
2922 2263 3216 2323 Maximum
3261 2287 3400 2342 prte-

1829 2353 2163 2413 sumptorcm
2190 2388 2203 2411 ,
2263 2347 2336 2402 ita
2388 2348 2663 2407 detestans
2714 2354 2832 2423 ejus
2880 2361 3395 2418 consecrationem:

1829 2434 2001 2498 Quam
2029 2451 2160 2498 rem,
2193 2437 2388 2505 inquit,
2421 2455 2521 2494 nos
2557 2444 3023 2500 consecrationem
3049 2448 3228 2504 dicere
3249 2451 3400 2508 nullo

1830 2526 1990 2579 modo
2013 2540 2322 2594 possumus,
2346 2529 2472 2598 quia
2506 2531 2574 2585 ab
2609 2535 3095 2592 excommunicatis
3125 2540 3396 2599 celebrata

1829 2624 1930 2670 est.
1982 2615 2099 2672 Non
2133 2619 2279 2673 cnim
2309 2631 2431 2690 post
2475 2622 2875 2680 ordinationem
2921 2632 3400 2689 excommunicau-

1830 2707 2076 2790 doslsed
2103 2709 2160 2763 in
2201 2711 2315 2780 ipsa
2353 2713 2693 2770 ordinatione
2715 2715 2849 2772 dixit
2872 2722 3392 2782 excommunicatos.

1834 2799 1922 2853 Sic
1943 2801 2082 2854 idem
2098 2803 2428 2870 apostolicus
2447 2819 2541 2874 per
2563 2806 2947 2863 subdiaconem
2971 2826 3131 2865 suum
3152 2811 3396 2871 Natalem

1831 2891 2204 2949 Salonitanum
2250 2895 2565 2966 episcopum
2607 2899 2814 2969 absque
2863 2901 3115 2971 induciis,
3159 2906 3205 2961 si
3251 2923 3395 2978 pras-

1831 2992 1987 3055 cepto
2029 2986 2148 3056 ejus
2203 3001 2313 3042 non
2335 2987 2636 3054 obedissct,
2699 2991 2862 3060 pallio
2915 3003 2970 3048 et
3015 2999 3398 3054 communione

1831 3079 2046 3132 censuit
2066 3079 2388 3148 privandum
2413 3095 2553 3135 esse.
2587 3081 2697 3146 Sic,
2720 3083 2964 3151 inquam,
2989 3086 3103 3154 ipse
3129 3098 3182 3141 et
3203 3089 3396 3159 reliqui

1831 3167 2083 3238 cjusdcm‘
2117 3170 2261 3224 sedis
2290 3170 2529 3240 episcOpi
2560 3173 2830 3241 quoslibet
2853 3183 2906 3227 et
2929 3175 3134 3246 absque
3164 3179 3398 3235 induciis

1833 3257 2248 3325 damnaverunt,
2283 3261 2378 3329 qui
2406 3259 2646 3329 aliquam
2682 3276 2794 3315 rem
2827 3263 2930 3317 sub
2957 3269 3401 3324 excommunica-

1835 3349 1981 3417 tione
2021 3349 2106 3404 vel
2141 3349 2302 3426 cilicii
2347 3353 2706 3421 suspensione
2747 3352 3075 3422 prohibitam
3112 3361 3404 3418 temerario

1833 3439 2252 3508 usurpaverant.
2279 3430 2401 3498 ‘Ilas
2425 3457 2554 3512 ergo
2589 3451 2643 3496 et
2673 3444 2984 3512 liujusmodi
3018 3448 3254 3504 rationes
3276 3466 3400 3506 mo-

1831 3531 1984 3586 derni
2011 3540 2428 3602 praesumptores
2449 3542 2606 3587 caute
2630 3533 2993 3600 considerent,
3019 3551 3119 3591 nec
3143 3538 3401 3612 deinceps

1833 3620 2031 3691 injuste
2077 3635 2135 3674 se
2184 3620 2669 3691 absque‘induciis
2709 3621 2995 3678 damnatos
3037 3638 3160 3680 esse
3208 3627 3400 3684 existi-

1831 3719 1999 3765 ment.
2036 3708 2289 3765 Forsitan
2314 3718 2494 3764 autem
2539 3709 2737 3780 aliquis
2767 3711 2901 3766 adeo
2938 3711 3150 3782 delirat,
3173 3725 3235 3771 ut
3272 3719 3404 3774 sub-

1832 3805 1974 3858 ditos
2005 3803 2292 3873 cujuslibet
2325 3804 2567 3873 episcopi
2595 3820 2689 3873 per
2715 3805 2894 3874 ipsum
2917 3814 3126 3862 tantum
3162 3825 3270 3866 non
3305 3828 3404 3884 per

1835 3896 2139 3950 Romanum
2168 3895 2475 3963 pontificem
2504 3895 2752 3949 damnari
2779 3910 2940 3964 posse
2969 3897 3130 3953 dicat.

1901 3983 2087 4039 XXIII.
2128 3984 2233 4040 Sed
2263 3985 2340 4038 illi
2365 3982 2480 4055 ipsa
2505 3984 2720 4040 Veritas
2751 3987 2805 4040 in
2849 3977 3139 4060 Evangelio
3180 4003 3402 4051 contra-

1830 4076 1980 4142 dicit,
2004 4091 2126 4146 quae
2147 4074 2207 4129 Β.
2251 4075 2412 4130 Petro
2437 4075 2806 4146 principaliter
2837 4076 2979 4145 inter
2999 4080 3238 4152 reliquos
3265 4098 3402 4154 apo-

1832 4165 2000 4220 stolos
2034 4164 2138 4220 boc
2163 4165 2500 4236 privilegium
2536 4166 2844 4221 concessit:
2878 4165 3402 4242 Quodcunque-liga—

1830 4257 1963 4309 ceris
1975 4263 2348 4323 super-terram,
2366 4257 2469 4308 erit
2490 4254 2710 4324 ligatum
2730 4266 2779 4310 et
2795 4257 2850 4310 in
2871 4259 3013 4336 atriis
3027 4256 3242 4327 (Matt/2.
3265 4263 3397 4332 xvi);
3493 4246 3496 4249 l

1830 4344 1922 4414 qui
1972 4343 2116 4397 enim
2167 4343 2490 4414 generaliter
2537 4359 2731 4399 omnes
2779 4346 3089 4425 apostolica:
3147 4353 3399 4417 potestati

1830 4437 2082 4507 subjecit,
2114 4437 2263 4492 nullo
2286 4438 2448 4494 modo
2471 4438 2703 4509 alicujus
2730 4441 2971 4512 episcopi
2997 4442 3272 4499 Subditum
3305 4459 3381 4529 ea

1827 4532 1989 4601 cepit.
2045 4529 2199 4587 Unde
2251 4531 2390 4586 idem
2439 4532 2734 4603 Apostolus
2781 4544 2834 4590 et
2876 4551 2907 4590 a
2947 4536 3259 4594 senioribus
3316 4541 3402 4610 sui

1768 4656 1810 4708 ι)
1837 4625 2115 4694 temporis,
2156 4624 2208 4678 id
2248 4633 2331 4678 est
2368 4626 2719 4696 presbyteris,
2760 4611 3199 4697 siveepiscopis,
3235 4621 3310 4682 et!
3333 4633 3402 4684 ab

1836 4731 2023 4769 eorum
2057 4714 2304 4780 subditis,
2329 4708 2688 4770 obedientiam
2719 4707 3039 4782 generaliter
3064 4716 3401 4790 exegit,cum

1835 4816 1943 4859 tam
1980 4805 2211 4859 subditis
2238 4821 2400 4875 quam
2426 4805 2685 4876 praelatis,
2722 4814 2835 4861 tam
2871 4805 3086 4864 feminis
3114 4827 3280 4880 quam
3315 4811 3400 4864 vi-

1835 4895 1928 4960 ris,
1956 4896 2211 4964 specialia
2237 4897 2448 4950 vivendi
2469 4905 2734 4968 praecepta
2767 4898 2822 4952 in
2850 4896 3106 4969 Epistolis
3135 4900 3250 4954 suis
3284 4910 3366 4955 tra
3387 4931 3399 4942 ο

1834 4987 2063 5053 dilcrit;
2102 4988 2246 5057 quod
2281 4989 2556 5045 incassum
2594 4991 2708 5060 ipse
2737 4980 2960 5056 faceret,
2996 4991 3044 5043 si
3088 5004 3193 5044 non
3233 5008 3396 5062 gene-

1836 5078 2020 5131 raliter
2067 5095 2257 5135 omnes
2306 5081 2425 5150 ejus
2482 5081 2805 5135 institutioni
2853 5080 3070 5135 obedire
3121 5081 3395 5138 deberent.

1836 5169 2029 5224 Beatus
2054 5185 2268 5240 quoque
2280 5171 2588 5235 Anacletus,
2615 5172 2684 5224 ab
2711 5170 2830 5238 ipso
2857 5171 3098 5242 principe
3125 5177 3400 5244 apostolo-

1834 5277 1953 5313 rum
1999 5263 2275 5330 presbyter
2295 5262 2597 5326 ordinatus,
2644 5261 2697 5314 in
2735 5261 2965 5316 decretis
3003 5265 3140 5329 suis,
3180 5281 3299 5334 cap.
3343 5267 3395 5330 5,

1832 5361 2060 5405 testatur
2085 5372 2096 5404 :
2137 5351 2494 5406 Saerosancta
2537 5352 2781 5407 Romana
2808 5362 2860 5406 et
2891 5355 3186 5422 apostolica
3211 5355 3396 5409 Eccle—

1833 5443 1911 5496 sia
1951 5458 2055 5496 non
2081 5444 2148 5497 ab
2172 5443 2452 5513 apostolis,
2481 5444 2574 5499 sed
2602 5445 2670 5498 ab
2697 5445 2814 5511 ipso
2834 5442 3067 5498 Domino
3089 5452 3275 5498 nostro
3295 5447 3397 5513 pri-

1838 5541 2041 5586 matum
2073 5534 2322 5597 obtinuit,
2366 5534 2506 5587 sicut
2547 5533 2660 5602 ipse
2704 5531 2764 5584 Β.
2810 5531 2970 5586 Petro
3001 5531 3134 5586 dixit
3172 5542 3200 5584 ε’
3227 5531 3304 5585 Tu
3347 5551 3395 5585 es

1825 5627 2065 5690 'f’etrns,
2115 5631 2217 5678 etc.
2268 5623 2478 5692 (Ibid).
2539 5621 2681 5692 Ergo
2736 5622 2851 5675 inec
2899 5620 3196 5688 apostolica
3243 5623 3394 5674 setius

1838 5717 2002 5771 cardo
2024 5725 2076 5768 ct
2105 5721 2265 5782 caput
2295 5708 2537 5768 omnium
2568 5711 2926 5766 Ecclesiarum
2969 5725 2999 5762 a
3031 5708 3260 5782 Domino
3291 5725 3392 5761 non

1840 5812 1908 5864 ab
1937 5793 2041 5862 alio
2070 5789 2153 5863 est
2183 5791 2577 5872 constituta,-ct
2604 5807 2748 5878 sicut
2771 5795 2994 5858 cardine
3029 5799 3226 5853 osti'tim
3247 5800 3368 5867 ’γτιει

1841 5909 1947 5965 tur,
1982 5899 2055 5949 sic
2082 5898 2242 5967 hujus
2269 5906 2467 5952 sanctm
2490 5896 2632 5951 sedis
2653 5890 2979 5972 auctoritate
3001 5884 3306 5958 omne’sdict
3322 5889 3385 5939 le-
