3944 6434
485 536 586 583 737'.
1136 530 1210 578 Β.
1251 523 1575 579 (λιικουιιιι
1618 521 1706 574 γη
1741 520 1887 574 ΟΡΡ.
1933 521 2065 573 l’All

2174 520 2233 574 Il.
2276 552 2344 560 —-
2369 519 2685 576 CONCHJA
2727 521 3028 576 ΠΟΜᾹΝᾹ.

3613 521 3720 576 78.8

483 647 576 700 δίει·
604 642 831 695 Domino
858 645 1175 711 disponente
1206 647 1484 705 rgnntur.
1530 635 1658 688 item
1702 632 1759 686 Β.
1806 634 2054 686 Gelasius
2091 638 2127 690 ,κ
2156 635 2454 703 apostolico
2497 651 2660 702 quam
2709 636 2926 704 proprio
2962 635 3216 704 episeopo
3267 633 3484 689 obedire
3533 634 3718 699 debet,

483 738 671 790 doctor
689 734 1044 801 apostolicus,
1086 746 1204 799 cap.
1259 730 1309 782 ll
1347 748 1358 780 :
1405 728 1612 780 (Intacta
1655 741 1748 793 per
1792 723 2052 778 mundum

486 825 634 882 novit
669 820 912 879 Beelcsia
959 821 1101 890 quod
1135 825 1502 873 sacrosancta
1530 814 1774 868 Romana
1815 812 2052 868 Ecclesia

489 916 555 970 de
582 916 733 969 omini
769 912 1006 968 Eccli-Sia
1035 911 1114 966 fas
1150 909 1343 964 habeat
1373 907 1638 976 judicare,
1666 919 1763 958 nec
1801 905 2054 973 cuiquam

485 1005 552 1060 dc
584 1004 703 1073 ejus
726 1003 883 1056 liceat
904 1001 1150 1070 judicare
1172 997 1405 1067 judicio;
1435 997 1698 1066 siquidem
1725 997 1791 1050 ad
1818 997 1962 1050 illam
1988 996 2055 1050 de

488 1097 728 1168 qualibet
749 1092 933 1148 mundi
959 1100 1108 1160 parte.
1133 1087 1507 1167 appellandum
1530 1097 1632 1151 est,
1669 1081 1738 1142 ab
1761 1087 1848 1140 illa
1879 1095 2056 1140 autem

490 1165 691 1242 nemini
719 1183 986 1252 appellare
1018 1181 1222 1234 licitum
1248 1188 1351 1232 est.
1419 1165 1421 1167 1

561 1275 667 1331 Sed
705 1290 802 1328 nec
842 1273 928 1327 illa
961 1271 1317 1342 przeterimus,
1361 1269 1506 1339 quod
1549 1269 1847 1338 apostolica
1882 1267 2054 1330 sedes,

451 1405 456 1408 -
492 1371 611 1425 sine
647 1369 752 1422 ulla
779 1367 984 1437 synodo
1015 1363 1376 1434 praecedente,
1400 1359 1710 1414 exsolvendi
1733 1375 1871 1429 quos
1893 1374 2028 1431 svno

492 1463 596 1516 dus
615 1461 798 1528 iniqua
816 1457 1184 1517 damnaverat,
1206 1462 1259 1507 ct
1274 1451 1563 1514 damnandi
1581 1493 1594 1516 ,
1630 1451 1772 1504 nulla
1798 1449 2071 1504 existente

499 1552 729 1622 synodo,
753 1563 893 1618 quos
923 1546 1181 1616 oportuit,
1221 1542 1466 1598 habuerit
1493 1541 1820 1608 facultatem.
1866 1540 1930 1594 l-Zt
1961 1540 2061 1592 hoc

496 1634 753 1695 nimirum
787 1652 884 1706 pro
923 1650 1023 1688 suo
1050 1633 1372 1704 principatu,
1401 1645 1560 1700 quem
1603 1629 1661 1682 Β.
1704 1628 1894 1682 Petrus
1931 1628 2060 1697 apo—

495 1731 667 1784 stolus
698 1727 908 1782 homini
949 1741 1079 1779 voce
1127 1733 1179 1777 ct
1224 1722 1415 1786 tenuit,
1459 1731 1512 1774 et
1543 1735 1754 1789 semper
1789 1719 2056 1774 retinebit.

496 1821 590 1876 llis
627 1831 805 1875 antem
853 1814 1184 1871 sanctissimi
1221 1811 1408 1868 Patres
1447 1810 1721 1876 Callistus,
1767 1810 2058 1874 Fabianus,

497 1915 703 1974 Sivtus,
744 1909 1021 1976 Silvester,
1062 1905 1258 1968 Julius,
1295 1912 1348 1958 et
1407 1903 1596 1973 reliqui
1644 1901 2062 1955 inmnncrabilcs

495 2004 915 2072 adstipulunlur,
945 1999 1041 2070 qui
1061 1998 1194 2052 adeo
1217 1996 1502 2064 amplexati
1523 2004 1647 2048 sunt
1673 1995 1972 2058 veritatem,
2005 2002 2061 2045 ut

496 2097 677 2165 potius
705 2093 839 2146 mori
858 2105 1024 2160 quam
1049 2088 1267 2142 mentiri
1303 2085 1693 2140 desiderarent.
1731 2081 1902 2154 llujns
1933 2098 2061 2152 ergo

498 2183 759 2255 privilegii
791 2179 1112 2234 auctoritate
1147 2175 1204 2229 Β.
1256 2173 1569 2244 Simplicius
1594 2187 1730 2243 papa
1764 2188 1886 2226 κως
1931 2171 2062 2226 Gre-

497 2279 708 2349 gorium
757 2275 1110 2327 Mutinensem
1145 2269 1460 2338 episcopum
1519 2265 1848 2320 Ravennatis
1882 2263 2060 2317 archi-

502 2364 742 2435 episcopi
784 2362 1184 2430 sull‘raganeum
1217 2373 1246 2411 a
1283 2357 1486 2410 ditione
1510 2355 1752 2424 ejusdem
1799 2353 2063 2423 archiepi-

499 2457 646 2526 scopi
697 2455 909 2523 penitus
951 2449 1204 2512 absolvit,
1234 2457 1286 2504 ct
1317 2448 1418 2501 hoc
1450 2446 1590 2511 ideo,
1631 2445 1757 2514 quia
1787 2444 1927 2500 idem
1970 2459 2061 2498 ar-

498 2547 874 2615 clntpiscopm
910 2556 1032 2596 eum
1081 2540 1306 2592 invitum
1348 2536 1635 2590 Mutinensi
1671 2535 1937 2590 cathedra:
1976 2535 2062 2589 in-

502 2635 842 2691 tln'onizavit.
879 2631 1029 2696 ltem,
1060 2629 1116 2683 S.
1145 2628 1436 2698 Gregorius
1468 2625 1802 2681 llonoratum
1847 2623 2060 2678 Saloni-

499 2741 639 2784 tance
660 2727 913 2782 Ecclesia:
944 2723 1404 2786 arcliidiaconum,
1439 2721 1532 2790 qui
1554 2720 1666 2789 jam
1702 2733 1766 2774 ex
1792 2717 2062 2773 archidia-

500 2834 695 2879 conatn
733 2823 799 2875 ad
829 2817 1221 2890 presbyterium
1247 2814 1482 2878 devenit,
1531 2813 1700 2867 invito
1736 2812 1900 2867 etiam
1947 2809 2062 2880 epi-

500 2930 662 2983 scopo
685 2914 750 2967 ad
777 2911 1062 2980 pristinum
1083 2906 1308 2977 gradum
1332 2903 1824 2974 reduxil,deposito
1849 2901 2063 2971 quidem

497 3021 562 3056 eo
596 3017 755 3070 quem
793 2999 931 3052 idem
958 2996 1306 3058 Salonitanns
1335 2993 1619 3062 episcopus
1654 2992 1706 3044 in
1737 2991 1914 3045 locum
1949 2989 2066 3058 ejus

497 3093 785 3150 ordinavit.
844 3089 1182 3158 Quapropter
1218 3084 1556 3156 apertissime
1580 3082 1872 3153 desipiunt,
1902 3096 2068 3151 seque

502 3201 624 3239 rcus
679 3182 988 3251 apostolica:
1038 3175 1374 3233 auctoritatis
1418 3173 1690 3239 elliciunt,
1759 3172 2066 3242 quicunque

500 3278 619 3345 ejus
667 3274 917 3342 potestati
951 3279 1147 3323 temere
1189 3265 1561 3336 przejudicant,
1611 3278 1734 3317 cum
1780 3259 2065 3330 cujuslibet

502 3366 743 3437 episcopi
771 3363 1018 3418 subditos
1047 3374 1154 3413 non
1179 3373 1273 3427 per
1299 3355 1602 3411 Romanum
1624 3352 1951 3422 pontificem,
1971 3351 2064 3404 sed

503 3477 596 3530 per
645 3455 922 3527 prOprium
979 3447 1356 3506 tantummodo
1400 3445 1724 3509 antistitem,
1780 3441 1934 3514 ligari
1985 3440 2065 3495 vel

504 3550 639 3604 solvi
677 3563 834 3618 posse
886 3542 1215 3611 contingant.
1260 3538 1524 3591 Praeterea
1555 3534 1614 3588 Β.
1641 3532 1750 3588 Leo
1781 3549 1953 3618 papa:
1973 3531 2066 3600 qui

503 3648 754 3710 quartam
782 3632 1140 3688 universalem
1169 3628 1434 3701 synodum
1467 3623 1804 3710 Chalcedone
1837 3607 2066 3692 con'gre-

504 3700 667 3798 gavit,
703 3729 828 3780 item
864 3723 1089 3792 Vigilius
1121 3700 1276 3789 papa,
1305 3719 1407 3773 sub
1433 3733 1542 3785 quo
1571 3700 1759 3784 quint’a
1796 3713 2070 3767 universa-

506 3821 570 3872 lis
607 3815 844 3887 synodus
885 3808 1352 3878 Constantinopoli
1397 3806 1685 3883 convenit,
1711 3805 1837 3858 item
1879 3803 2069 3858 beatus

427 3952 434 3959 .
507 3910 666 3963 l’ater
692 3903 1005 3977 Gregorius,
1040 3903 1118 3970 bi,
1154 3902 1395 3972 inquam,
1428 3897 1623 3968 singuli
1655 3896 1842 3951 eadem
1878 3905 2067 3950 aucto-

509 4004 664 4055 ritate
697 3996 982 4072 praecipui,
1020 4008 1156 4065 pene
1192 3992 1380 4046 eadem
1417 4004 1548 4044 voce
1591 3987 1644 4042 in
1677 3987 1910 4056 decretis
1954 3985 2068 4040 suis

506 4089 784 4146 verissime
814 4093 1082 4142 testantur
1111 4084 1214 4138 hoc
1237 4081 1429 4136 modo:
1466 4079 1662 4133 Sancta
1691 4077 1933 4132 Romana
1963 4075 2068 4131 Ec-

505 4182 671 4238 clesia
695 4181 840 4235 vices
874 4195 1003 4234 suas
1045 4177 1118 4230 ita
1151 4175 1270 4230 aliis
1300 4172 1591 4244 impertivit
1630 4170 1886 4226 Ecclesiis
1914 4176 1976 4224 ut
2013 4168 2103 4220 in'

505 4283 713 4344 partem
747 4279 953 4325 vocatae
987 4269 1094 4323 sint
1133 4263 1534 4329 sollicitudinis,
1568 4277 1676 4317 non
1708 4262 1762 4315 in
1785 4257 2071 4330 plenitudi-

485 4378 627 4426 ,nem
671 4358 973 4430 potestatis.
1009 4355 1162 4411 Unde
1211 4349 1416 4423 liquido
1456 4353 1863 4407 demonstratur
1927 4350 2070 4419 quod

504 4453 730 4525 quilibet
773 4450 1061 4520 episcopus
1095 4462 1192 4501 nec
1233 4459 1398 4514 super
1426 4456 1639 4513 gregem
1665 4439 1766 4495 sibi
1812 4441 2071 4506 commis-

507 4559 629 4598 sum
654 4551 856 4596 tantam
889 4548 1208 4608 potestatem
1241 4535 1433 4592 habeat
1457 4541 1719 4602 quantum
1740 4528 2075 4602 [l’ro,qnan-

507 4633 640 4706 tam]
669 4631 864 4703 prazsul
909 4631 1279 4700 apostolicus:
1321 4626 1412 4696 qui
1446 4625 1569 4678 licet
1598 4639 1786 4691 curam
1819 4638 1972 4676 suam
2014 4624 2069 4675 in
2104 4630 2145 4684 Ι)

508 4725 753 4793 singulos
787 4723 1071 4792 episcopos
1102 4717 1366 4783 diviserit,
1401 4715 1551 4771 nullo
1581 4713 1741 4768 modo
1771 4721 1952 4766 tamen
1983 4726 2070 4783 se-

510 4814 687 4884 ipsum
723 4828 818 4867 sua
864 4805 1158 4866 universali
1187 4817 1241 4862 et
1268 4807 1552 4878 principali
1596 4813 1860 4874 potestate
1895 4803 2072 4872 priva-

509 4905 611 4970 vit;
637 4901 783 4957 sicut
802 4915 900 4955 nec
919 4915 1012 4954 rex
1039 4913 1199 4960 suam,
1227 4897 1466 4966 regalem
1484 4893 1780 4964 potentiam
1802 4891 2072 4957 diminuit,

509 4982 634 5048 licet
666 4977 1076 5061 regnumsuum
1103 4989 1158 5041 in
1189 4988 1436 5042 diversos
1481 4985 1668 5050 duces,
1705 4982 1930 5038 comites
1962 4979 2075 5033 sive

504 5081 715 5151 judices
745 5077 1007 5133 diviserit.
1035 5075 1172 5151 cum
1201 5077 1360 5146 igitur
1383 5075 1635 5133 dominus
1657 5071 1988 5144 apostolicus
2018 5069 2074 5122 in

509 5170 657 5225 omni
689 5166 928 5223 Ecclesia
973 5177 1085 5221 tam
1126 5152 1477 5236 principalem
1507 5171 1827 5233 potestatem
1858 5161 2070 5225 habeat,

511 5269 569 5312 ut
606 5259 773 5313 etiam
806 5255 974 5312 invito
1002 5255 1258 5324 episcopo
1291 5253 1580 5331 cujuslibet
1615 5248 1868 5306 Ecclesia:
1912 5248 2072 5318 quid-

505 5363 678 5420 quam
711 5349 766 5401 in
795 5363 860 5402 ea
898 5348 1054 5417 juxta
1087 5331 1388 5400 canonicas‘
1415 5335 1722 5404 sanctiones
1759 5340 1932 5412 possit
1963 5339 2074 5395 dis-

511 5453 730 5509 ponere,
765 5437 890 5507 quis
923 5435 1187 5507 denegare
1211 5433 1412 5504 poterit
1441 5432 1575 5503 quin
1608 5432 1810 5500 ubique
1832 5419 2078 5500 gentium

512 5541 622 5592 tam
679 5528 927 5583 subditos
971 5529 1349 5596 cp'seopornm
1395 5538 1559 5593 quam
1597 5522 1744 5591 ipsos
1791 5521 2074 5589 episcopos

511 5620 821 5689 apostolicae
842 5617 1203 5673 institutionis
1225 5625 1623 5686 contemptores
1659 5613 1919 5667 damnare
1948 5623 2074 5679 pos-

515 5712 585 5764 sit
607 5710 628 5764 Ἰ

585 5762 770 5856 Χςιγ.
813 5796 906 5853 His
951 5809 1132 5856 autem
1177 5796 1476 5857 rationibus
1514 5804 1568 5849 et
1610 5762 1714 5850 hoc
1767 5792 2104 5862 declaratur.

518 5892 661 5958 quod
697 5890 936 5962 cujusvis
966 5889 1200 5958 episcopi
1236 5886 1597 5957 parochianus
1637 5885 1813 5954 potius
1853 5881 2072 5937 domino

2154 742 2276 780 cum
2304 725 2604 803 auctoritas
2625 726 2826 795 proprii
2854 726 3159 780 nullatenus
3181 741 3304 780 eum
3329 727 3396 780 ab
3418 726 3720 796 apostolica

2154 818 2498 872 damnatione
2529 819 2702 872 valeat
2725 817 2976 884 liberare,
3010 817 3056 875 si
3093 817 3405 886 apostolicis
3431 819 3722 887 praeceptis

2156 908 2468 964 inobediens
2494 909 2778 964 exstiterit.
2833 907 2900 961 Et
2919 916 3142 964 econtra
3167 908 3420 963 dominus
3450 908 3720 977 apostoli-

2156 1015 2272 1068 cus,
2302 999 2347 1054 si
2373 997 2425 1055 ei
2455 999 2737 1063 obedierit,
2767 999 3015 1054 eumdem
3037 997 3108 1052 ab
3137 997 3285 1052 omni
3308 996 3558 1050 violentia
3587 1011 3722 1066 pro-

2156 1091 2258 1160 prii
2309 1089 2547 1161 cpiscopi
2583 1087 2835 1144 facillime
2870 1090 3065 1158 poterit
3110 1085 3395 1143 defendere
3416 1129 3432 1152 ,
3467 1087 3724 1148 videlicatt

2157 1193 2209 1240 et
2233 1185 2408 1252 ipsum
2432 1181 2822 1250 parochianum
2846 1181 2967 1250 ejus.
2993 1181 3196 1234 ditione
3230 1179 3444 1249 penitus
3473 1176 3724 1236 emanci-

2157 1275 2335 1346 pando
2359 1283 2412 1328 et
2431 1273 2744 1342 episcopum
2784 1270 2853 1324 ab
2883 1270 3080 1339 injuria
3123 1285 3216 1338 per
3247 1270 3641 1339 correptioncm
3667 1276 3724 1320 et

2157 1367 2557 1444 damnationem
2584 1362 2876 1432 apostolica
2905 1360 3224 1416 auctoritate
3245 1358 3587 1413 refrenando.
3621 1358 3723 1412 At-

2160 1460 2338 1522 tendat
2384 1471 2514 1510 sane
2555 1455 2797 1524 cujusjris
2835 1453 3074 1522 episcopi
3101 1450 3368 1516 subditus,
3396 1465 3461 1502 ne
3481 1450 3565 1502 vel
3591 1465 3725 1518 pro-
3779 1458 3788 1469 ’

2160 1549 2280 1618 prio
2306 1547 2558 1616 episcopo
2580 1552 2769 1598 contra
2797 1542 3090 1612 apostolica
3113 1549 3377 1611 praecepta
3415 1539 3634 1593 obediat
3666 1539 3723 1592 in

2161 1641 2360 1710 aliquo,
2407 1653 2531 1694 cum
2576 1634 2632 1690 S.
2674 1635 2967 1706 Gregorius
3011 1633 3457 1689 archidiaconum
3512 1629 3727 1684 Saloni-

2161 1743 2368 1797 tauum,
2400 1732 2453 1785 in
2478 1731 2658 1786 locum
2679 1726 2940 1782 Honorati
2965 1725 3076 1796 jam
3098 1723 3325 1794 depositi
3346 1723 3722 1793 subrogatum,

2160 1824 2488 1896 deposuerit,
2531 1837 2597 1876 eo
2643 1820 2788 1889 quod
2837 1819 2978 1873 idem
3026 1818 3246 1887 preprio
3281 1814 3617 1884 episc0pose
3667 1812 3724 1865 in

2163 1921 2341 1975 locum
2387 1917 2529 1970 illius
2558 1912 2813 1969 ordinari
2864 1917 2987 1980 post
3013 1907 3365 1978 apostolicam
3395 1903 3724 1976 prohibitio-

2164 2027 2286 2067 nem
2315 2005 2593 2064 obedierit.
2627 2003 2764 2057 Hinc
2802 2001 2962 2057 etiam
3001 2006 3148 2070 patet
3181 2013 3345 2068 quam
3382 1994 3727 2066 apertissime

2164 2105 2237 2158 illi
2269 2099 2538 2170 desipiant
2560 2097 2651 2168 qui
2677 2096 2865 2150 dicunt
2891 2091 3037 2163 quod
3066 2089 3267 2146 subditi
3291 2086 3582 2158 cujuslibet
3606 2085 3728 2154 epi-

2163 2192 2311 2262 sc0pi
2340 2187 2648 2260 apostolicae
2671 2184 2786 2240 sedi
2817 2182 3124 2236 nullatenus
3152 2177 3370 2234 obedire
3397 2173 3651 2238 debeant,
3680 2171 3727 2226 si

2162 2276 2382 2356 proprio
2412 2279 2644 2336 antistiti
2673 2275 2945 2339 obcdiant,
2971 2288 3094 2328 cum
3123 2287 3154 2326 a
3185 2268 3242 2325 S.
3274 2267 3534 2339 Gregorio
3554 2275 3608 2320 et
3637 2264 3729 2318 ille

2165 2377 2358 2432 merito
2380 2370 2765 2443 degradaretur
2787 2364 2882 2436 qui
2907 2373 2962 2419 et
2986 2378 3080 2432 per
3098 2359 3460 2417 obedientiam
3483 2356 3727 2427 episcopi

2164 2469 2248 2526 sui
2271 2464 2576 2538 apostolica:
2601 2453 2994 2516 sedi’adversus
3014 2453 3182 2508 fuisse
3202 2449 3486 2520 detegitur.
3517 2447 3726 2515 Nempe

2164 2535 2345 2614 nullus
2384 2555 2618 2610 debitam
2649 2547 3007 2604 obedientiam
3044 2542 3261 2616 proprio
3291 2540 3547 2612 episcopo
3573 2535 3731 2591 exhi-

2165 2653 2292 2706 bere
2328 2645 2540 2718 poterit,
2581 2641 2686 2696 nisi
2714 2639 2808 2709 qui
2853 2635 3163 2706 apostolica:
3205 2631 3319 2688 sedi
3359 2627 3670 2701 principalit
3705 2642 3731 2679 r

2164 2742 2382 2799 obedire
2406 2733 2692 2794 studuerit.
2730 2728 2920 2803 Omnis
2944 2727 3089 2783 enim
3116 2725 3210 2796 qui
3239 2725 3354 2778 vult
3372 2738 3493 2778 esse
3515 2721 3734 2791 episco.

2165 2835 2402 2908 pus,hoc
2420 2828 2653 2885 maxime
2674 2821 2904 2879 subditis
2926 2819 3040 2874 suis
3053 2816 3311 2880 inculcat,
3334 2823 3393 2868 ut
3414 2821 3734 2868 sanctorum

2166 2900 2385 2984 i’atrum
2427 2917 2686 2976 institutis
2713 2912 2917 2984 alisque
2960 2907 3110 2964 omni
3142 2902 3568 2962 contradictione
3594 2900 3732 2954 obeé

2165 3007 2345 3082 diant‘;
2375 3028 2515 3084 qum,
2540 3019 2601 3063 ut
2624 3005 2938 3078 prmdictum
2965 3010 3070 3067 est,
3099 2997 3409 3068 apostolicae
3433 2991 3549 3049 sedi
3580 2992 3735 3063 prin-

2167 3081 2414 3178 cipaliter
2441 3101 2509 3156 ab
2536 3097 2788 3155 omnibus
2826 3089 3182 3149 obediendum
3224 3100 3344 3141 esse
3384 3081 3731 3138 denuntiant.

2167 3171 2490 3265 Quicunque
2529 3204 2657 3258 ergo
2687 3202 2788 3242 suo
2829 3183 3068 3254 legitimo
3096 3177 3299 3250 pastori
3334 3175 3573 3265 debitam
3596 3171 3734 3227 obe-

2094 3301 2134 3356 (;
2167 3264 2425 3342 dientiam
2469 3278 2816 3342 exhibuerit,
2870 3275 3033 3330 etiam
3085 3267 3452 3341 principaliter
3506 3264 3737 3319 domino

2167 3374 2462 3447 apostolico
2491 3370 2706 3426 obedire
2735 3365 2990 3422 studebit.
3033 3361 3166 3416 Nam
3188 3363 3343 3430 juxta
3374 3358 3544 3428 ipsius
3572 3354 3736 3411 Veri—

2168 3457 2290 3523 tatis
2311 3465 2544 3521 edictum
2580 3479 2593 3516 :
2625 3457 2930 3528 Discipulbs
2951 3469 3060 3510 non
3085 3459 3168 3508 est
3192 3448 3540 3506 honorandus
3567 3461 3738 3515 super

2169 3558 2486 3628 magistrum
2528 3551 2742 3625 (Matth.
2773 3549 2849 3620 χ).
2894 3546 2950 3603 Si
2979 3555 3160 3604 autem
3189 3541 3454 3598 Dominus
3475 3538 3738 3610 apostoli-

2167 3666 2265 3707 cus
2303 3647 2520 3718 proprio
2570 3654 2628 3697 et
2671 3640 2914 3711 legitimo
2956 3635 3162 3706 pastori
3205 3634 3330 3703 jure
3371 3629 3737 3718 ’prqmonitur,

2168 3711 2371 3813 quan-to
2401 3711 2575 3806 inagis
2605 3733 2680 3789 illi
2711 3731 2804 3802 qui
2833 3744 2932 3784 nec
2961 3727 3152 3782 nititur
3177 3738 3297 3780 esse
3322 3711 3468 3812 quod
3511 3720 3735 3775 dicitur.

2171 3799 2278 3891 llas
2313 3849 2441 3904 ergo
2468 3799 2522 3887 ei
2560 3799 2872 3900 hujusmodi
2901 3823 3136 3878 rationes
3162 3799 3494 3904 quicupquc,
3537 3813 3737 3869 saltem

2169 3945 2234 3985 ex
2263 3899 2509 3990 rudibus,
2534 3899 2762 3978 ﬁdeliter
2786 3916 3051 3987 inspicere
3073 3899 3403 3984 dignabitﬁ‘,
3421 3907 3740 3963 nullatenus

2169 4019 2422 4092 praedicta
2452 4013 2624 4069 nostri
2650 4009 2931 4083 apostolici
2957 4013 3158 4062 statuta
3193 4000 3534 4082 proscribere
3565 4012 3737 4052 cona-

2171 4085 2345 4175 bitur;
2389 4103 2687 4176 prazsertim
2721 4116 2845 4155 cum
2896 4096 3075 4152 videat
3097 4089 3498 4148 evidentissime
3544 4085 3739 4142 eadem

2125 4215 2242 4256 ρει
2287 4204 2600 4253 sanctorum
2652 4191 2875 4247 Patrum
2915 4185 3215 4252 sententiis,
3259 4183 3372 4238 imo
3413 4189 3485 4236 cx
3534 4178 3740 4235 divinis

2173 4288 2490 4360 Scriptor-is,
2539 4298 2863 4351 emanasse.
2902 4279 3166 4334 Praeterea
3208 4289 3340 4328 vero
3383 4269 3740 4341 quamplures

2171 4383 2306 4436 alias
2334 4381 2570 4434 rationes
2611 4370 2984 4445 superioribus
3012 4372 3300 4423 annectere
3325 4371 3381 4418 et
3421 4362 3741 4416 innumera-

2171 4470 2302 4528 bilia
2330 4476 2643 4524 sanctorum
2687 4461 2914 4518 Patrum
2954 4456 3199 4528 exempla
3242 4451 3482 4526 praefatis
3514 4450 3741 4508 statutis

2171 4552 2470 4633 assignare,
2501 4560 2603 4613 hac
2636 4551 3064 4612 consideratione
3091 4544 3431 4618 praatermisi,
3459 4558 3527 4597 ne
3556 4541 3741 4613 gravia

2170 4667 2347 4710 essem
2373 4650 2578 4713 idiotis,
2604 4647 2801 4717 quibus
2831 4643 2922 4697 hic
2945 4638 3249 4711 specialiter
3276 4633 3588 4690 satisfacere
3606 4647 3740 4702 pro-

2172 4743 2328 4815 posui
2370 4761 2384 4797 :
2429 4740 2630 4812 quibus
2684 4751 2855 4808 pauca
2905 4749 2972 4789 ex
3022 4729 3208 4786 multis
3235 4736 3363 4785 tam
3420 4725 3744 4781 indubitatae

2173 4831 2418 4890 veritatis
2453 4829 2696 4886 suﬁloere
2720 4831 2968 4897 possunt,
2999 4821 3045 4875 si
3079 4816 3393 4889 indaganda
3419 4815 3599 4887 potius
3632 4830 3738 4870 ve-

2173 4921 2319 4983 ritati
2364 4939 2532 4996 quam
2574 4911 2926 4975 infructuosae
2967 4911 3301 4970 contentioni
3347 4925 3565 4981 cperam
3599 4909 3741 4964 dare

2171 5021 2396 5074 volunt;
2601 5009 2620 5062 ἶ
2648 5071 2652 5074 ,
2690 5034 2693 5036 ·
2741 5007 2744 5010 ⁴

2472 5089 2797 5162 oassa'va'no
2822 5111 3048 5154 euntem
3075 5110 3261 5160 Lassa,
3289 5109 3336 5148 s.
3367 5109 3412 5148 ι.

2244 5210 2320 5276 De
2341 5209 2523 5263 eadem
2549 5188 3002 5276 quodaliorum
3029 5191 3739 5276 occasionecomccratt'otg'a

2175 5262 2414 5350 uiguit.
2442 5262 2649 5350 Dieniia
2686 5270 2933 5350 episcopi,
2973 5266 3607 5350 quemadmodntnaum
3624 5262 3739 5350 di-

2173 5330 2314 5402 Eilis;
2337 5355 2436 5410 est,
2469 5333 2588 5399 'Iuec
2625 5330 2780 5396 habet
2825 5330 2996 5410 Ruga:
3027 5333 3440 5410 ισίαεὶηξαεςῃξξε
3474 5330 3636 5410 ροισι
3679 5333 3740 5386 in

2175 5400 2436 5473 till—trained
2470 5411 2781 5469 l’t’rdunenat'
2813 5426 2864 5480 ρ.
2895 5400 3017 5477 1'96,
3049 5416 3174 5459 tom.
3213 5402 3234 5456 Ι
3265 5400 3604 5457 Bibliotheca:
3628 5415 3738 5456 ισο-

2173 5497 2296 5541 ειηε
2327 5502 2470 5541 nocte
2490 5486 2743 5563 librorum
2766 5495 2890 5533 mss.
3301 5530 3304 5534 ,

2241 5599 2383 5678 Cum
2400 5613 2530 5671 ergo
2552 5595 2738 5652 Romae
2762 5591 2923 5665 positi
2951 5589 3262 5660 (Anselmus
3281 5587 3492 5643 scilicet
3519 5584 3737 5640 Lucen-

2173 5693 2250 5746 sis
2278 5688 2332 5746 et
2359 5689 2516 5761 ﬁngo
2545 5685 2778 5755 Diensis)
2808 5681 3245 5752 praestolarentur
3267 5680 3414 5735 diem
3446 5689 3742 5733 conccaa-

2173 5782 2337 5840 tionis
2365 5797 2501 5848 suae,
2540 5785 2803 5836 venerunt
2845 5773 3023 5829 nuntii
3062 5774 3205 5846 regis
3234 5771 3458 5826 lle-unci
3482 5766 3739 5832 Romam.

2173 5859 2424 5945 rogantes
2454 5888 2520 5927 ne
2551 5878 2737 5926 contra
2780 5881 2983 5923 morem
3015 5863 3468 5936 praedecessorum
3510 5855 3742 5917 sum
