3944 6374
119 521 210 572 illi}

1301 511 1667 568 tiONCll.ll.'-.\l
1717 508 2046 566 ιιολιλκιῑλι
2083 511 2120 565 1.

3229 507 3328 558 786

113 630 358 686 dominus
381 646 515 699 papa
555 645 646 684 eos
674 644 992 683 consecrare
1015 627 1168 681 vellet
1197 625 1290 696 qui
1326 627 1669 695 episcopatus
1706 625 1738 675 Α
1772 619 1918 683 ltcm,
1947 623 1998 674 in
2028 637 2117 674 vin
2163 621 2453 675 universali
2495 618 2697 689 synodo
2743 618 2920 671 habita
2965 637 2992 670 a
3104 620 3329 686 patriar-

116 721 424 775 clectionem
454 721 650 783 solam,
677 735 782 772 non
808 728 988 772 autem
1011 719 1214 773 donum
1245 734 1339 787 per
1353 717 1553 788 regiam
1579 732 1670 770 ac—

117 819 362 880 ceperant
393 808 788 863 investituram.
809 809 886 874 .At
916 810 1048 879 ipse,
1079 809 1386 864 convocatis
1425 809 1672 863 cardina-

119 899 272 960 libus,
313 897 637 966 legationem
665 899 808 968 regis
847 898 1076 967 aperuit,
1107 908 1160 953 et
1186 900 1314 968 quid
1337 899 1436 954 sibi
1467 898 1532 951 ad
1572 898 1673 951 hoc

121 985 586 1055 respondendum,
641 988 772 1058 quid
821 998 965 1043 esset
1010 987 1319 1043 faciendum
1371 986 1668 1042 admonuit.

121 1075 321 1141 Quibus
351 1075 806 1145 respondentibus
844 1092 1002 1132 usum
1044 1074 1301 1132 Ecclesia:
1348 1077 1492 1130 hunc
1531 1090 1672 1140 esse,

123 1165 260 1218 hunc
277 1163 465 1217 haberi
492 1179 588 1234 pro
612 1165 744 1233 lege,
769 1180 892 1219 eum
910 1165 1204 1221 auctoritas
1222 1166 1304 1220 eis
1321 1165 1465 1220 nulla
1487 1165 1554 1219 ad
1575 1166 1675 1220 hoc

123 1253 522 1323 sull’ragarctur,
547 1254 601 1308 in
630 1253 860 1310 Lucensi
894 1266 1070 1311 tamen
1093 1257 1264 1311 electo
1283 1257 1362 1311 eis
1387 1257 1674 1326 acquievit,

123 1350 180 1397 ut
201 1343 668 1398 consecrationem
683 1345 802 1413 ejus
824 1344 1082 1412 differret,
1107 1347 1279 1401 donec
1304 1346 1676 1400 investituram

123 1433 463 1502 episcopatus
507 1449 569 1488 ex
627 1435 778 1504 regio
820 1435 966 1490 dono
1012 1439 1325 1508 accepisset.
1383 1437 1440 1492 ln
1497 1437 1676 1495 Diensi

125 1536 247 1574 vero
274 1522 618 1591 acquiescere
651 1524 842 1589 noluit,
893 1526 984 1579 sed
1019 1542 1142 1580 eum
1173 1527 1346 1595 prima
1377 1544 1443 1584 XL
1475 1528 1678 1583 hebdoo

128 1609 297 1674 niaJa,
337 1610 576 1665 Sabbato
617 1612 669 1665 iu
707 1615 1100 1683 presbyterum,
1136 1626 1191 1670 et
1233 1615 1512 1672 Dominica
1547 1633 1680 1672 cou-

129 1699 354 1753 secravit
392 1701 444 1753 in
476 1702 810 1770 episc0pum.
837 1701 904 1756 Et
931 1703 1058 1773 quia
1084 1705 1215 1759 vidit
1245 1706 1346 1760 hoc
1369 1716 1682 1760 sanctorum

127 1785 342 1842 Patrum
372 1789 646 1846 adversari
672 1792 922 1858 decretis,
957 1802 1015 1847 ut
1045 1794 1099 1847 in
1134 1796 1394 1850 canonica
1423 1796 1684 1852 electione

128 1877 360 1948 episcopi
429 1881 739 1949 praevaleret
782 1883 988 1938 donum
1043 1886 1216 1956 regis,
1260 1885 1370 1938 imo
1413 1886 1684 1940 multoties

1723 765 1725 768 .
1770 703 1906 774 cliis,
1953 711 2055 764 sub
2089 709 2303 764 Nicolao
2337 709 2353 762 I
2391 709 2659 778 pontifice,
2705 724 2940 777 (apum,
2970 709 3327 775 promotioncs

1771 803 1851 856 vel
1885 802 2320 856 consecrationes
2354 801 2728 870 episcoporum
2768 799 3099 853 concordans
3131 799 3326 868 priori-

1773 889 1873 945 bus
1893 892 2137 947 coueiliis
2162 893 2275 946 haec
2306 901 2492 945 sancta
2515 899 2566 945 et
2600 889 2920 944 universalis
2954 889 3189 959 synodus
3222 890 3329 942 elo“-

1773 982 1949 1036 ctione
1995 992 2048 1037 ct
2097 983 2313 1038 decreto
2355 982 2730 1051 episcoporum
2781 981 2894 1034 licri
2938 982 3236 1043 constituit,
3279 989 3332 1034 ct

1774 1073 1961 1126 statuit
1985 1083 2145 1142 atque
2169 1073 2526 1143 promulgavit
2557 1072 2826 1126 neminem
2850 1071 3110 1124 laicorum
3138 1071 3332 1138 princi-

1775 1176 1900 1230 pmn
1931 1171 1986 1215 ct
2027 1171 2302 1230 potentum
2349 1171 2520 1216 semet
2567 1161 2803 1214 inserere
2831 1160 3078 1216 clectioui
3105 1160 3184 1214 vel
3212 1173 3333 1227 pro-

1777 1249 1997 1303 motioni
2035 1249 2355 1318 patriarcha:
2392 1250 2474 1302 vel
2507 1248 2879 1318 metropolita‘,
2911 1258 3003 1302 aut
3047 1247 3335 1316 cujuslibet

1775 1341 2032 1410 episcopi,
2063 1356 2129 1395 ne
2161 1340 2465 1395 inordinata
2497 1342 2625 1395 hinc
2655 1351 2706 1393 ct
2751 1342 3043 1408 incongrua
3077 1337 3168 1392 liat
3212 1355 3335 1392 cou-

1777 1429 1917 1484 fusio
1947 1430 2027 1483 vel
2057 1431 2348 1496 contentio,
2382 1431 2678 1500 przesertim
2725 1446 2847 1483 cum
2877 1429 3077 1482 nullam
3119 1428 3172 1481 in
3213 1427 3335 1482 tali-

1779 1519 1878 1574 bus
1907 1530 2570 1589 putestatem'qnemquam
2603 1518 3042 1587 potestativorum
3074 1517 3344 1593 laicorum_

1780 1608 1974 1663 habere
2026 1609 2328 1673 conveniat,
2362 1609 2452 1662 sed
2512 1608 2689 1676 potius
2741 1607 2919 1670 silere,
2966 1617 3017 1660 et
3066 1607 3338 1662 attendere

1779 1700 1882 1754 sibi
1925 1715 2208 1770 nsquequo
2247 1699 2561 1769 regulariter
2608 1714 2638 1752 a
2678 1699 2900 1768 collegio
2945 1696 3197 1751 Ecclesim
3219 1713 3340 1750 sus-

1781 1788 1944 1856 cipiat
2006 1789 2167 1843 lincm
2229 1790 2420 1843 electio
2487 1788 2654 1842 luluri
2726 1787 3014 1856 pontiﬁcis.
3095 1785 3149 1838 Si
3216 1786 3341 1854 quis

1787 1895 1912 1933 vero
1955 1880 2214 1934 laicorum
2266 1881 2331 1935 ad
2375 1880 2794 1935 concertauc'um
2845 1890 2897 1932 ct
2950 1879 3341 1947 cooperandum

131 1969 294 2037 ipsam
333 1970 650 2026 electionem
683 1973 1012 2038 immutaret,
1049 1977 1135 2030 vel
1161 1977 1568 2048 potiusinimm
1605 1977 1684 2032 fa-
1718 1945 1760 2005 Β
1790 1971 2045 2025 invitatur
2079 1971 2148 2026 ab
2188 1969 2447 2034 Ecclesia,
2501 1971 2625 2023 licet
2671 1969 2978 2038 hujusmodi
3021 1985 3145 2021 cum
3196 1984 3345 2021 reve-

130 2059 506 2122 ceret,.eodem
535 2061 681 2129 (ΗΒ)
700 2077 844 2116 anno
875 2063 929 2116 in
962 2063 1205 2119 Romana
1237 2066 1444 2136 synodo
1467 2067 1536 2121 50
1575 2066 1688 2136 epi-

131 2164 434 2217 scaporum,
478 2152 789 2208 considente
842 2155 1276 2226 presbyterorum
1319 2164 1374 2210 et
1433 2158 1688 2211 abbatum

133 2238 490 2304 multitudine,
515 2239 669 2308 juxta
699 2242 910 2296 decreta
941 2244 1263 2312 pontiﬁcalia
1294 2255 1347 2300 et
1393 2246 1688 2299 institutio-

133 2342 226 2382 nes
255 2328 552 2384 canonicos
594 2345 660 2383 ne
705 2330 806 2386 hoc
841 2332 1071 2402 amplius
1107 2352 1136 2389 a
1173 2352 1445 2407 quoquam
1489 2352 1692 2406 praesu-

132 2422 372 2468 meretur
399 2418 673 2486 prohibuit
712 2420 814 2474 sub
846 2420 1285 2478 interminatioue
1311 2425 1690 2488 anathematis,

133 2505 406 2560 decretum
457 2507 661 2564 faciens
691 2510 744 2563 in
789 2511 902 2566 haec
952 2515 1112 2568 verba
1147 2514 1246 2568 :Si
1285 2517 1401 2584 quis
1456 2519 1694 2585 deinceps

134 2595 485 2665 episcopatum
535 2597 612 2651 uel
648 2598 913 2653 abbatiam
961 2602 1022 2654 de
1060 2619 1218 2656 manu
1268 2604 1494 2673 alicujus
1546 2605 1696 2660 laicre
1751 2597 1757 2604 ’

136 2701 367 2753 personae
393 2690 694 2758 susceperit,
721 2691 1025 2747 nullatenus
1051 2695 1184 2748 inter
1213 2695 1476 2764 episcopos
1506 2695 1583 2766 rel
1605 2696 1697 2747 ab-

139 2777 276 2833 bates
311 2778 586 2847 habeatur,
620 2799 711 2837 nec
737 2785 850 2840 ulla
872 2787 920 2840 ei
943 2797 1000 2841 ut
1018 2789 1256 2859 episcopo
1286 2790 1363 2844 rel
1393 2789 1570 2842 abbati
1596 2807 1696 2842 an-

139 2868 334 2921 :lientia
378 2872 708 2928 concedatur.
759 2874 982 2947 Insuper
1023 2881 1071 2934 ei
1099 2883 1329 2950 gratiam
1363 2881 1426 2935 Β.
1465 2880 1612 2936 Petri
1651 2889 1699 2935 et

141 2961 413 3013 introitum
446 2961 677 3018 ecclesia:
707 2967 1095 3036 interdicimus,
1134 2979 1306 3042 quoad
1337 2989 1494 3043 usque
1530 2972 1698 3025 locum

142 3063 288 3115 quem
317 3047 414 3101 sub
442 3051 658 3106 crimine
682 3063 788 3108 tam
810 3057 1115 3114 ambitionis
1139 3078 1294 3130 quam
1319 3062 1699 3126 inobedientia',

141 3136 541 3203 quodestscelus
569 3141 908 3208 idololatriae,
930 3147 1082 3215 cepit;
1105 3149 1408 3202 deseruerit.
1443 3147 1703 3204 Similiter

1791 2061 1960 2116 rentia
2003 2061 2370 2128 obtemperare
2409 2059 2816 2113 ascisccntibus.
2865 2057 3123 2126 Quisquis
3166 2068 3344 2110 autem

1790 2156 2128 2212 surcularium
2173 2154 2475 2224 principum
2533 2163 2586 2207 et
2635 2163 2944 2223 potentum,
2995 2151 3074 2204 vel
3128 2151 3348 2205 alterius

1789 2247 2067 2316 dignitatis
2102 2247 2306 2311 laicus,
2345 2245 2603 2299 adversus
2650 2259 2989 2297 communem
3050 2254 3102 2296 et
3158 2257 3350 2296 conso-
3401 2261 3408 2266 ·

1794 2319 2009 2389 nantem
2053 2345 2216 2406 atque
2263 2334 2578 2390 canonicam
2627 2335 2939 2388 electionem
2996 2335 3346 2387 ecclesiastici

1792 2425 1999 2481 ordinis
2059 2441 2216 2496 agere
2283 2426 2600 2488 tentaverit,
2650 2426 2936 2479 anathema
3003 2427 3109 2486 sit,
3180 2425 3351 2478 donec

1795 2512 2005 2566 obediat
2057 2522 2109 2566 et
2155 2512 2486 2566 ‘conscntiat.
2536 2511 2663 2564 ltem
2729 2528 2790 2564 ex
2836 2512 3065 2565 concilio
3113 2509 3351 2574 Nicaeum,

1796 2618 1914 2672 cap.
1948 2606 2000 2654 ti.
2057 2600 2156 2655 Per
2195 2602 2374 2654 omnia
2417 2600 2763 2655 manifestum
2819 2611 2921 2667 est,
2967 2601 3094 2671 quia
3131 2602 3176 2656 si
3231 2602 3355 2670 quis

1795 2699 1989 2758 praeter
2038 2691 2368 2743 voluntatem
2426 2699 2479 2742 et
2545 2689 2932 2744 conscientiam
2999 2690 3351 2758 metmpolita:

1798 2778 1960 2832 fuerit
1993 2779 2294 2844 ordinatus,
2337 2779 2480 2832 hunc
2523 2787 2770 2832 sanctum
2805 2787 2859 2831 et
2890 2794 3142 2848 maguum
3174 2778 3356 2833 conci-

1799 2868 1931 2923 lium
1965 2867 2153 2924 statuit
2196 2883 2300 2923 non
2345 2867 2537 2921 debere
2575 2883 2694 2922 esse
2743 2868 3070 2943 episcopum.
3120 2865 3248 2922 ltem
3293 2885 3359 2922 ex

1800 2962 2026 3018 concilio
2078 2963 2432 3026 Antiocheno,
2484 2977 2694 3030 cap.....
2729 2960 2784 3014 Si
2815 2961 2935 3030 quis
2968 2959 3242 3031 presbyter
3278 2963 3360 3014 vel

1801 3053 2062 3106 diaconus
2096 3067 2190 3120 per
2241 3051 2552 3105 saecularem
2600 3050 2909 3118 dignitatem
2945 3049 3361 3105 Ecclesiamllci

1801 3143 2114 3208 obtinuerit,
2169 3142 2472 3210 dcjiciatur,
2525 3150 2578 3194 et
2621 3142 2733 3210 ipse
2764 3153 2816 3196 et
2849 3141 3124 3196 ordinatur
3168 3143 3285 3212 ejus
3331 3163 3361 3196 ει

143 3223 299 3276 etiam
325 3224 392 3277 de
424 3225 759 3294 inferioribus
790 3232 1154 3288 ecclesiasticis
1197 3236 1540 3306 dignitatibus
1575 3255 1698 3292 con-
1730 3269 1772 3326 ο
1804 3233 2180 3288 communione
2219 3232 2393 3287 modis
2432 3228 2684 3285 munibus
2719 3234 3126 3297 abscindantur,
3171 3247 3220 3288 ct
3257 3235 3364 3288 sint

143 3312 433 3364 stituimus.
470 3311 606 3368 Item
646 3318 692 3369 si
724 3319 839 3388 quis
872 3321 1267 3391 imperatorum,
1297 3325 1509 3393 ducum,
1555 3344 1702 3380 mar-

146 3401 408 3469 clrionum,
443 3407 713 3472 comitum,
747 3409 824 3462 vel
862 3411 1078 3478 quilibet
1113 3413 1448 3468 saecularium
1469 3426 1704 3484 potesta-

148 3492 276 3547 tum,
307 3493 405 3566 aut
447 3502 806 3555 personarum,
849 3491 1208 3566 incesti/uram
1247 3496 1594 3565 episcopatus,
1629 3499 1706 3552 vel

148 3562 377 3641 alicujus
410 3575 779 3630 ecclesiastica:
818 3549 1096 3649 dignita/tis
1134 3549 1703 3657 dare'prtzs'umps'erit,

99 3707 104 3710 .
147 3660 380 3729 ejusdem
409 3660 684 3720 sententia?
717 3668 919 3722 uinculo
951 3687 1005 3731 se
1034 3659 1503 3735 astrictumsciat.
1542 3666 1708 3732 Secu-

151 3763 236 3809 tus
255 3763 340 3810 est
362 3764 544 3809 autem
577 3757 630 3810 in
659 3758 760 3813 hoc
783 3742 1002 3814 Patruin
1028 3764 1292 3833 exempla,
1317 3765 1444 3820 licet
1469 3765 1581 3836 jam
1616 3783 1711 3836 per

152 3844 320 3898 multa
345 3860 622 3926 annorum
655 3850 926 3906 curricula
967 3852 1293 3910 damnabilis
1329 3856 1445 3911 haec
1481 3872 1711 3912 consue-

152 3933 280 3989 tudo
308 3935 640 4003 inolevissct,
679 3949 732 3993 et
768 3941 822 3994 in
848 3957 1007 4012 usum
1034 3959 1293 3999 conversa
1311 3955 1470 4000 esset.
1507 3944 1714 4014 Dicitur

153 4024 298 4078 enim
333 4025 390 4080 in
415 4043 491 4081 vn
523 4029 813 4084 universali
841 4033 1045 4102 synodo
1065 4050 1096 4086 a
1122 4034 1155 4088 5
1181 4035 1506 4102 patriarchis
1535 4037 1714 4090 ct-550

154 4109 412 4167 Patribus
459 4111 577 4168 ‘sub
643 4117 880 4172 Adriano
930 4135 1066 4188 papa
1117 4122 1322 4187 habita,
1381 4139 1500 4193 cap.
1557 4125 1649 4178 Ml
1699 4143 1712 4179 :

153 4199 347 4258 Omnis
396 4203 587 4259 electio
626 4205 885 4276 episcopi,
940 4210 1236 4280 presbyteri
1279 4213 1361 4266 vel
1392 4213 1634 4278 diaconi,
1684 4228 1715 4267 a

155 4291 496 4362 principibus
514 4291 674 4357 facta,
714 4294 865 4350 irrita
894 4309 1127 4365 maneat,
1157 4301 1452 4364 secundum
1477 4303 1716 4372 regulam

154 4395 276 4449 qua
303 4381 441 4436 dicit
475 4401 488 4436 :
518 4381 574 4437 Si
601 4384 726 4453 quis
752 4385 1036 4456 episcopus
1064 4389 1414 4445 saecularibus
1440 4395 1718 4462 potestati-

155 4468 259 4525 bus
286 4485 427 4526 usus
448 4469 744 4528 Ecclesiam
775 4489 872 4543 per
900 4475 1046 4545 ipsos
1075 4478 1384 4545 obtinuerit,
1421 4480 1720 4550 deponatur

1805 3324 1908 3380 sub
1942 3325 2282 3379 anathemate
2317 3324 2458 3378 sicut
2485 3323 2670 3379 Simon
2697 3323 2884 3393 Magos
2919 3340 2948 3378 a
2974 3322 3149 3378 Petro.
3187 3323 3241 3377 ln
3265 3325 3366 3377 ele-

1805 3417 1980 3470 ctione
2003 3417 2165 3486 igitur
2181 3427 2232 3470 ct
2255 3417 2658 3470 consecratione
2689 3413 3126 3470 dotuiniDicrtsis
3149 3415 3366 3468 eviden-

1807 3513 1886 3556 ter
1904 3495 2204 3557 ostehditur
2223 3512 2442 3572 operata
2470 3503 2742 3566 divinitas,
2775 3504 2900 3572 quia
2932 3519 3026 3572 per
3058 3503 3196 3558 hanc
3217 3520 3368 3558 occa-

1807 3593 2014 3646 sionem
2068 3603 2267 3647 sancta:
2312 3575 2411 3646 Dei
2466 3591 2718 3650 Ecclesiae
2773 3595 2874 3647 sub
2922 3604 3114 3662 papatu
3163 3595 3366 3648 domini

1807 3680 2063 3749 Gregorii
2103 3681 2286 3735 multis
2330 3691 2473 3735 retro
2525 3681 2683 3735 annis
2731 3681 3040 3736 obnubilata
3091 3672 3369 3736 electionis

1807 3768 2185 3823 ecclesiastica!
2223 3768 2491 3837 splenduit
2541 3770 2755 3824 veritas.
2803 3767 3042 3823 Viderint
3075 3769 3237 3838 igitur
3267 3769 3367 3822 viri

1810 3859 2012 3912 cordati
2036 3851 2165 3928 quid
2198 3859 2338 3926 juris
2370 3860 2803 3929 imperatoribus,
2832 3859 3064 3928 regibus.
3090 3871 3139 3914 et
3171 3861 3370 3929 princi-

1812 3948 1989 4016 pibus,
2025 3947 2078 4000 in
2132 3947 2392 4002 electione
2438 3950 2704 4016 pontilicis
2736 3959 3058 4004 reservetur.
3089 3948 3372 4003 Commisit

1813 4047 1992 4092 autem
2014 4037 2063 4091 ei
2096 4039 2238 4092 vices
2267 4053 2394 4092 suas
2424 4039 2477 4091 in
2510 4037 2700 4103 Gallia,
2743 4040 2832 4093 ubi
2861 4039 3154 4107 plurimum
3189 4038 3366 4090 Simo-

1814 4127 1918 4181 nia:
1951 4127 2198 4195 serpebat
2239 4127 2404 4195 pestis
2449 4127 2656 4195 iniqua,
2702 4128 2827 4196 quia
2858 4127 3060 4194 perrari
3089 4125 3194 4177 illic
3218 4135 3372 4177 erant

1815 4216 1908 4283 qui
1932 4230 2040 4268 non
2083 4224 2265 4268 essent
2314 4223 2407 4267 aut
2458 4213 2771 4279 Simoniaci,
2829 4223 2920 4266 aut
2970 4229 3000 4266 a
3053 4211 3374 4270 Simoniacis

1816 4303 2068 4368 ordinati,
2098 4311 2190 4356 aut
2212 4317 2307 4371 per
2334 4316 2552 4354 manum
2582 4301 3052 4370 laicam_iuvestiti,
3082 4301 3373 4369 plurimum

1819 4394 1894 4448 illi
1933 4394 2210 4449 inculcatis
2260 4401 2533 4462 potestate.
2559 4391 2682 4446 data
2727 4408 2832 4446 non
2876 4393 3044 4457 abuti,
3088 4392 3377 4462 quominus

1819 4481 2109 4550 depravata
2133 4479 2444 4551 corrigeret,
2472 4479 2778 4533 damnanda
2805 4480 3088 4560 recideret,
3121 4491 3304 4540 sancta
3324 4489 3378 4534 et

155 4569 207 4614 et
273 4573 611 4634 segregetur,
666 4580 961 4636 omnesque
1018 4569 1112 4638 qui
1166 4569 1244 4625 illi
1295 4573 1716 4629 communicant.
1752 4585 1796 4639 ι)
1823 4572 2292 4628 honesta'doeeret
2315 4581 2368 4626 et
2388 4569 2626 4625 docenda
2652 4569 2868 4624 faceret.

1227 4747 1328 4806 AD
1361 4713 1759 4809 Romanun
1803 4751 2237 4812 conamen
2274 4751 2323 4821 ι,

242 4884 482 4944 Contra
504 4883 770 4946 clericos
800 4886 1194 4973 Simoniacos
1225 4895 1288 4973 et
1319 4886 1809 4973 incontinentes
1829 4910 1863 4955 a
1892 4895 2200 4973 Gregorio
2224 4895 2337 4954 Vll
2369 4894 2664 4973 pontiﬁce
2699 4907 2865 4952 anno
2906 4889 3074 4959 107's,
3103 4887 3306 4964 priori

855 5027 858 5030 ,
902 4963 1415 5041 Quadragesimte
1458 4965 1872 5043 hebdomade,
1913 4963 2324 5043 celebratum,
2364 4963 2624 5032 additio.
2675 4984 2678 4986 ‘

1356 5083 1565 5155 (Suppl.
1594 5087 1769 5161 Maust
1791 5099 1920 5145 tom.
1949 5090 2014 5156 ll,
2038 5107 2092 5160 p.
2116 5093 2197 5160 ‘2.)

237 5223 498 5274 Actorum
543 5217 700 5286 hujus
728 5215 937 5271 concilii
975 5218 1238 5286 synopsim
1272 5221 1630 5272 tantummodo
1653 5235 1740 5273 cz-

168 5310 310 5364 ωε(
333 5307 578 5362 Labbeus
600 5315 722 5360 tom.
768 5305 887 5360 XII
921 5323 1042 5376 pag.
1075 5305 1198 5370 547,
1239 5304 1415 5360 Venet.
1439 5307 1564 5359 edit.
1603 5308 1738 5359 Acta

169 5399 287 5465 ipsa
325 5395 726 5450 interciderunt.
771 5395 1088 5450 Eorumdem
1135 5405 1345 5447 actuum
1391 5395 1739 5463 fragmentum

171 5485 327 5540 licuit
369 5483 502 5537 milii
560 5485 867 5553 inuestigare
908 5487 965 5539 in
1007 5484 1194 5538 Gerhoi
1241 5483 1739 5552 Reicberspergensis

171 5570 596 5643 expositionibus
619 5571 674 5623 in
711 5571 860 5628 Psal.
898 5575 967 5628 ad
997 5575 1132 5644 psal.
1183 5573 1250 5628 Χ.
1289 5591 1408 5643 pag.
1453 5572 1572 5627 157.
1605 5571 1741 5628 Con-

1843 5221 1969 5272 tinet
1993 5225 2182 5272 autem'
2207 5221 2554 5290 fragmentum
2599 5222 2740 5272 istud
2768 5222 2906 5288 ipsos
2947 5217 3154 5271 concilii
3172 5231 3392 5268 canones

1844 5308 2075 5374 tertium,
2103 5316 2152 5360 et
2177 5318 2442 5377 quartum,
2483 5319 2538 5361 ut
2559 5324 2622 5362 ex
2648 5308 2924 5362 collatione
2944 5306 3176 5376 synopsis
3197 5317 3396 5364 θρωπε·
3440 5366 3444 5370 _
3472 5337 3482 5352 .

1842 5397 1960 5449 dem
1985 5414 2242 5451 canonum
2276 5385 2634 5467 intelligimus.

1855 5488 1876 5502 ”
1915 5486 2206 5558 Gregorius
2232 5489 2493 5556 septimus
2521 5488 2649 5541 dicit
2686 5481 2702 5538 ἐ

1921 5575 1976 5630 Si
2018 5578 2111 5646 qui
2160 5587 2283 5630 sunt
2333 5577 2648 5645 presbyteri,
2680 5575 2760 5626 vel
2807 5569 3038 5631 diaconi,
3074 5565 3152 5618 vel
3178 5563 3394 5616 subdiu»

248 5721 568 5801 (428)..11110·
591 5699 1197 5801 1075I,_inquit__l’agiu_s,
1225 5742 1332 5794 quo
1363 5725 1596 5801 primum
1624 5724 1899 5782 decretum
1927 5738 2112 5782 contra
2144 5702 2497 5796 investituras
2541 5725 2742 5778 editum
2791 5725 2844 5776 in
2893 5722 3128 5773 llonnano
3173 5713 3406 5782 concilio

181 5789 465 5851 contendit
503 5789 571 5843 ad
593 5797 681 5842 au.
706 5789 1018 5857 Chr."l075,
1046 5789 1098 5846 ἦ.
1131 5796 1150 5847 ι
1181 5789 1369 5862 ρι’δρσιζ
