3944 6374
193 447 314 505 793

1407 458 1776 514 CONCILICM
1819 460 2153 518 ROMANUM
2194 461 2260 516 ΙΙΙ

3335 460 3437 514 79$

195 563 274 646 Fii
302 564 416 646 ,ΙίΡο
455 574 684 646 ’θλίψει
723 567 880 635 cpi“-
1065 570 1469 646 bnbcptunboe
1511 573 1775 646 titulojin-
1805 583 1848 639 Α
1875 589 2004 646 pore
2032 577 2087 632 in
2129 576 2428 646 Romanam
2455 576 2754 634 Ecclesium
2798 576 3188 646 insurgentium
3221 576 3436 646 expeti-

191 632 772 712 scriptaa_:_‘Dictatus'
785 653 962 712 peptz.
994 638 1140 704 Quas
1175 640 1292 695 sine
1320 641 1486 712 dubio
1529 643 1768 712 pontifex

192 703 540 776 eo__eonsilio
586 703 968 776 promulgavit,
1015 703 1074 762 ut
1111 725 1204 764 rex
1243 724 1310 763 ex
1354 711 1440 764 his
1485 703 1767 767 audaciam

714 769 1091 846 episcoporum
1112 788 1166 833 et
1191 778 1494 849 principum
1517 782 1621 836 hoc
1637 791 1773 837 tem-

1879 645 2050 701 retur.
2080 646 2212 701 Vide
2238 645 2532 704 Baronium
2559 662 2704 702 anno
2731 645 2888 713 1076,
2925 645 3150 701 numero
3175 645 3242 700 16
3273 655 3327 700 et
3355 662 3440 699 sc-

1876 716 2188 784 quentibns.
2321 736 2323 738 ·
2668 716 2708 757 ο

1047 912 1155 970 AD
1194 885 1628 974 CONCILIUM
1671 909 2076 972 ROMANUM
2117 909 2203 970 in
2246 909 2606 971 somno.

1392 1033 1583 1104 (Msssr
1621 1032 1804 1102 Suppl.
1841 1040 1881 1086 t.
1915 1027 1982 1096 ll,
2020 1044 2141 1100 pag.
2185 1029 2294 1099 16.)

284 1162 490 1233 Scitum
515 1171 600 1218 est
624 1161 853 1220 Romani
876 1165 1038 1238 hujus
1063 1167 1277 1224 concilii
1299 1169 1528 1225 habendi
1553 1183 1774 1224 causam

196 1254 512 1321 praebuisse
559 1254 952 1326 impudentiam
1002 1257 1219 1314 llenrici
1263 1260 1569 1316 Germania:
1616 1260 1776 1331 regis,

196 1357 323 1410 quo
368 1353 562 1412 agente
606 1346 1026 1404 conciliabulum
1073 1348 1382 1405 \Vormatize
1421 1362 1665 1425 coactum
1715 1365 1781 1404 eo

197 1431 505 1488 devenerat
532 1433 792 1498 audaciai,
832 1447 891 1490 ut
916 1436 1234 1513 Gregorium
1267 1456 1297 1493 e
1325 1441 1620 1509 pontilicali
1657 1441 1782 1495 sede

144 1524 157 1536 ‘
199 1523 488 1592 dejiceret.
526 1524 696 1595 Cujus
732 1528 1063 1586 deﬁnitionis
1089 1531 1412 1586 auctoritate
1446 1532 1615 1587 fretus
1639 1531 1781 1586 lien-

201 1613 362 1667 ricus
401 1615 605 1670 litteras
636 1615 962 1685 iujuriarum
985 1621 1174 1689 plenas
1201 1621 1349 1676 dedit
1375 1622 1441 1676 ad
1467 1621 1782 1676 Hildebran-

200 1706 342 1760 dum
375 1722 469 1761 seu
512 1707 830 1779 Gregorium
859 1726 1072 1782 papam,
1116 1728 1252 1782 quas
1283 1714 1520 1782 integras
1552 1713 1783 1768 inseruit

203 1795 268 1849 in
318 1796 440 1851 aliis
483 1798 678 1871 litteris
702 1816 767 1855 ea
801 1801 867 1855 de
903 1818 1066 1857 causa
1122 1805 1187 1858 ad
1241 1803 1542 1858 Romanum
1575 1805 1779 1858 clerum

201 1889 518 1946 destinatis.
549 1888 640 1946 Hae
667 1908 797 1947 vero
831 1894 1023 1949 litterae
1079 1903 1193 1948 tuin
1227 1895 1450 1965 qumad
1489 1893 1780 1948 chricum

201 1991 341 2036 cum
386 1994 508 2048 qua:
563 1979 632 2034 ad
679 1979 956 2036 Romanos
996 1983 1210 2053 scripta:
1237 1991 1385 2048 sunt,
1416 1998 1511 2051 per
1541 1982 1779 2052 bajulum

203 2068 671 2138 missagcregorii
690 2070 848 2140 jussu
870 2073 1106 2127 recitata:
1127 2081 1256 2128 sunt
1281 2073 1335 2126 in
1359 2074 1514 2142 plena
1540 2072 1780 2126 Romana

204 2161 420 2229 synodo
441 2163 571 2215 anni
599 2161 752 2229 l076,
776 2172 912 2220 teste
935 2163 1201 2218 annalista
1235 2161 1448 2218 Saxone
1470 2162 1693 2218 Eccardi
1717 2163 1782 2217 ad

205 2263 342 2302 ann.
366 2248 521 2314 1076,
547 2266 612 2306 ex
629 2267 739 2322 quo
763 2254 980 2308 easdem
1010 2253 1215 2308 litteras
1238 2253 1472 2322 integras
1502 2253 1779 2306 habemus.

203 2339 352 2394 Cum
389 2339 555 2412 igitur
579 2343 646 2398 ad
685 2353 805 2399 acta
831 2345 1019 2416 synodi
1052 2345 1168 2399 hate
1198 2345 1402 2414 pariter
1431 2344 1630 2412 scripta
1663 2357 1784 2410 per-

208 2431 443 2498 tineant,
473 2435 614 2502 aequi
643 2435 886 2504 bonique
926 2435 1125 2490 facient
1151 2437 1378 2489 lectores
1403 2433 1784 2488 ecclesiastica:

207 2521 468 2579 Historiae
515 2524 766 2592 studiosi,
800 2527 847 2581 si
879 2527 985 2582 huc
1013 2527 1306 2581 translatas
1351 2527 1612 2589 habeant;
1647 2540 1784 2593 quos

206 2622 398 2669 tamen
425 2617 776 2686 praemonitos
804 2617 927 2672 volo
955 2627 1013 2672 ut
1046 2633 1169 2687 qua:
1196 2618 1250 2672 in
1294 2615 1613 2688 Gregorium
1644 2615 1784 2670 foeda

203 2705 510 2775 iactantur,
536 2707 652 2763 base
676 2710 818 2764 dicta
847 2712 1116 2787 accipiant
1139 2711 1208 2764 ab
1237 2712 1452 2764 homine
1484 2708 1781 2778 impotenti,

208 2798 310 2867 qui
344 2800 602 2854 commoti
635 2800 804 2854 animi
851 2801 1093 2856 insanias
1139 2815 1248 2855 non
1282 2801 1524 2855 veritatis
1557 2799 1783 2856 consilia

210 2892 483 2958 st-quitur.

211 2998 491 3074 "sistens
509 3000 606 3056 Dei
638 3004 814 3074 gratia
855 3020 964 3067 rex,
1010 3005 1247 3058 universo
1288 3013 1486 3058 sartch
1537 3002 1786 3058 Romam:

290 3071 543 3145 Ecclesia:
568 3071 706 3128 clero
723 3083 770 3127 et
795 3074 1005 3142 populo,
1033 3075 1283 3145 gratiam,
1320 3074 1542 3127 salutent
1565 3085 1612 3126 et
1636 3091 1785 3127 onme

285 3142 496 3198 bonum.

286 3253 412 3309 [Lee
443 3254 575 3310 ﬁdes
600 3255 753 3309 ﬁrma
782 3265 835 3310 et
871 3257 1189 3311 inconcussa
1217 3255 1472 3319 creditur,
1495 3269 1616 3322 qua:
1637 3269 1780 3308 sem-

213 3357 312 3411 per
339 3351 394 3395 et
437 3344 622 3396 eadem
664 3353 718 3397 et
760 3345 1008 3412 przesenti
1055 3353 1109 3397 et
1141 3342 1348 3397 absenti
1386 3352 1650 3406 servatur,
1686 3358 1784 3397 nec

210 3430 474 3485 diuturna
499 3431 636 3500 ejus,
666 3433 752 3486 cui
777 3433 1022 3497 debetur,
1056 3433 1321 3498 absentia,
1354 3447 1450 3487 nec
1474 3431 1614 3501 longi
1645 3440 1782 3486 tem-

161 3582 176 3594 .
213 3522 367 3592 poris
399 3522 557 3576 taedio
597 3522 936 3590 immutatur,
966 3540 1129 3593 quam
1157 3525 1317 3579 talem
1350 3539 1446 3578 vos
1482 3523 1636 3578 nobis
1671 3539 1784 3578 ser-

212 3630 343 3668 vare
371 3614 597 3681 scimus,
625 3623 677 3668 et
699 3616 903 3685 gratias
941 3617 1180 3684 agimus;
1204 3624 1257 3668 et
1293 3625 1352 3669 ut
1379 3615 1565 3669 eadem
1597 3630 1783 3684 perse-

212 3717 366 3759 veret
394 3706 647 3774 petimus,
685 3706 962 3770 videlicet,
1014 3715 1093 3771 ut,
1139 3705 1280 3761 sicut
1329 3705 1546 3771 facitis,
1594 3705 1782 3760 amicis

1881 1163 2231 1229 existimans,
2283 1165 2338 1219 in
2378 1166 2554 1236 ipsum
2606 1174 2766 1235 caput
2816 1181 2983 1220 ausus
3037 1181 3096 1218 es
3141 1165 3438 1236 insurgeret

1881 1259 2145 1313 mandans
2179 1273 2300 1328 qua:
2339 1260 2504 1325 nosti,
2558 1260 2786 1323 scilicet,
2825 1268 2882 1312 ut
2931 1258 3038 1312 tuis
3086 1257 3264 1311 verbis
3300 1267 3441 1319 utar,

1879 1350 2023 1418 quod
2055 1359 2146 1404 aut
2185 1357 2242 1405 tu
2278 1351 2549 1416 morieris,
2597 1361 2693 1405 aut
2739 1351 2873 1405 mihi
2920 1350 3156 1404 animam
3185 1365 3440 1418 regnum-

1881 1455 1986 1510 que
2031 1441 2266 1496 tolleres.
2323 1441 2472 1496 Hanc
2527 1442 2825 1496 inauditam
2875 1440 3268 1496 contumaciam
3321 1455 3441 1508 ego,

1882 1545 1988 1585 non
2032 1532 2231 1596 verbis,
2275 1532 2366 1587 sed
2400 1548 2458 1587 re
2499 1530 2885 1586 confutandam
2919 1531 3250 1600 dijudicans,
3283 1544 3444 1598 gene-

1882 1621 2048 1675 ralem
2096 1631 2420 1677 eonventum
2466 1622 2710 1676 omnium
2742 1622 2893 1691 regni
2915 1622 3277 1691 primatuum,
3311 1619 3444 1687 ipsis

1883 1713 2334 1780 supplicantibus,
2389 1713 2574 1779 habui,
2619 1713 2712 1768 uhi
2754 1729 2877 1767 eum
2925 1727 2987 1766 ea
3018 1727 3139 1781 qua:
3186 1712 3444 1766 hactenus

1883 1811 2027 1856 metu
2059 1811 2113 1856 et
2156 1804 2451 1856 reverentia
2484 1803 2800 1858 tacebantur
2842 1803 2897 1856 in
2941 1803 3177 1857 medium
3219 1801 3444 1856 deducta

1885 1891 2132 1955 fuissent,
2160 1892 2302 1946 veris
2334 1893 2729 1947 assertionibus
2769 1893 3006 1957 illorum,
3039 1908 3176 1962 quas
3206 1908 3269 1946 ex
3300 1891 3444 1960 ipso—

1884 1998 2003 2036 rum
2035 1982 2231 2036 litteris
2252 1984 2460 2048 audies,
2503 1983 2681 2052 palam
2722 1981 2924 2050 factjim
2951 1992 3033 2037 est
3065 1993 3116 2036 te
3141 1984 3446 2036 nullatenus

1883 2073 1938 2126 in
1974 2075 2272 2142 apostolica
2315 2076 2438 2130 sede
2475 2089 2634 2143 posse
2686 2074 2990 2143 persistere.
3046 2072 3286 2138 Quorum
3322 2088 3446 2126 scn-

1885 2159 2068 2228 tenti'a,
2099 2165 2225 2233 quia
2264 2166 2413 2233 justa
2451 2174 2504 2219 et
2531 2165 2825 2234 probabilis
2855 2179 3035 2219 coram
3072 2163 3179 2217 Deo
3213 2163 3446 2217 homini-

1882 2256 2092 2325 busque
2122 2255 2418 2322 videbatur,
2452 2271 2552 2325 ego
2573 2271 2790 2325 quoque
2816 2257 3144 2320 assentiens,‘
3171 2272 3330 2311 omne
3349 2255 3447 2309 tibi

1886 2355 2117 2414 papatus
2143 2346 2256 2415 jus,
2296 2346 2439 2416 quod
2472 2347 2669 2400 habere
2699 2345 2850 2399 visus
2879 2361 2958 2410 es,
2991 2347 3334 2411 abrenuntio,
3368 2355 3449 2400 at-

1881 2429 1989 2504 que
2033 2445 2092 2490 ut
2139 2453 2167 2490 a
2213 2438 2339 2492 sede
2368 2437 2554 2501 urbis,
2587 2437 2742 2505 cujus
2785 2436 2919 2489 mihi
2960 2435 3299 2503 patriciatus,
3340 2435 3449 2489 Deo

1885 2527 2154 2580 tribuente
2192 2532 2248 2580 'ct
2288 2527 2472 2595 jurato
2505 2527 2874 2581 Romanorum
2904 2541 3152 2590 assensu,
3190 2523 3443 2589 debetur,

1887 2626 1945 2671 ut
1964 2617 2261 2672 descendas
2290 2616 2462 2670 edico.
2510 2636 2527 2663 ι

1957 2705 2080 2760 Ητεο
2111 2708 2281 2765 series
2306 2706 2545 2776 epistolae
2573 2714 2771 2760 nostrae
2793 2707 2859 2759 ad
2885 2704 3302 2760 Hildebrandum
3327 2719 3448 2758 mo—

1886 2785 2142 2862 na'chnm,
2175 2812 2340 2866 quam
2383 2796 2587 2851 ideirco
2622 2805 2676 2850 et
2713 2795 2865 2849 vobis
2906 2794 3251 2863 scripsimus,
3292 2805 3348 2848 ut
3396 2803 3451 2847 et

1885 2888 2039 2942 vobis
2078 2899 2264 2942 nostra
2294 2889 2565 2953 voluntas,
2611 2896 2664 2941 et
2686 2887 2861 2951 nobis,
2911 2888 3020 2940 imo
3068 2885 3180 2939 Deo
3206 2895 3258 2939 et
3292 2885 3450 2940 nobis

1886 2989 2063 3034 vestra
2100 2977 2400 3034 satisfaciat
2435 2978 2693 3033 Charitas.
2723 2977 3008 3048 Exsurgite
3033 2977 3194 3046 igitur
3219 2977 3272 3029 in
3302 2992 3450 3040 eum,

1886 3070 2204 3135 ﬁdelissimi,
2237 3079 2291 3124 et
2338 3070 2409 3125 sit
2453 3070 2662 3140 primus
2707 3070 2760 3123 in
2804 3069 2928 3134 ﬁde,
2975 3069 3184 3138 primus
3235 3069 3290 3122 in
3333 3069 3452 3138 ejus

1885 3161 2249 3214 damnatione.
2298 3159 2416 3212 Non
2465 3170 2648 3214 autem
2699 3169 2759 3214 ut
2806 3160 3124 3230 sanguinem
3169 3160 3287 3228 ejus
3327 3159 3451 3213 fun-

1883 3251 2023 3304 datis
2049 3235 2309 3326 dicimus,
2338 3250 2536 3319 quippe
2569 3265 2693 3304 cum
2733 3249 2907 3317 major
2948 3250 3019 3304 sit
3045 3251 3094 3304 ei
3126 3259 3250 3318 post
3281 3244 3449 3316 depo-

1885 3341 2134 3396 sitionem
2179 3357 2338 3410 pmna
2387 3342 2495 3394 vita
2560 3357 2722 3410 quam
2775 3355 2953 3404 mors;
3029 3339 3122 3393 sed
3176 3347 3235 3392 ut
3283 3355 3406 3393 eum
3435 3382 3448 3404 ,

1885 3434 1930 3488 si
1960 3433 2093 3487 nolit
2118 3422 2466 3498 descendere,
2502 3433 2727 3501 cogatis,
2751 3441 2803 3485 et
2825 3431 2988 3484 alium
3021 3429 3294 3484 communi
3333 3445 3452 3484 om-

1884 3527 2034 3580 nium
2053 3525 2432 3593 episcoporum
2456 3534 2508 3576 et
2525 3533 2703 3577 vestro
2725 3523 2956 3577 concilio
2985 3538 3016 3576 a
3039 3522 3196 3577 nobis
3223 3521 3451 3576 electum

1885 3618 1938 3669 in
1975 3615 2327 3684 apostolicam
2375 3613 2556 3668 sedem
2600 3603 2894 3683 recipiatis,
2937 3614 3033 3682 qui
3075 3612 3222 3682 quod
3251 3613 3353 3666 iste
3395 3611 3450 3663 in

1886 3704 2123 3761 Ecclesia
2148 3705 2474 3770 vulneravit,
2513 3717 2705 3758 curare
2733 3714 2786 3758 et
2809 3704 2936 3758 velit
2958 3713 3012 3758 et
3034 3701 3223 3772 possit.

138 3839 146 3845 .
213 3797 422 3851 nostris
449 3797 630 3861 amici,
660 3796 901 3850 inimicis
922 3796 1128 3851 inimici
1164 3797 1366 3868 jugiter
1399 3796 1663 3850 existatis.
1691 3793 1781 3847 ln-

1888 3814 2153 3871 HENBICUS
2202 3833 2302 3868 non
2338 3815 2669 3883 usurpative,
2711 3814 2799 3866 sed
2849 3814 2936 3880 pia
2974 3811 3072 3883 Dei
3121 3809 3452 3883 ordinatione
3515 3815 3518 3819 ’

211 3900 299 3942 ter
328 3902 470 3957 quos
514 3886 720 3942 scilicet
763 3885 1184 3943 Hildehrandum
1225 3887 1549 3941 monachum
1585 3895 1779 3940 notan-

212 3993 320 4047 tes,
369 3997 467 4036 vos
511 3982 564 4036 in
601 3983 720 4053 ejus
763 3982 1103 4036 inimicitiam
1145 3981 1478 4048 excitamus;
1511 3981 1603 4051 qui
1656 3981 1784 4035 huic

210 4071 476 4128 Ecclesia:
520 4073 822 4128 invasorem
873 4082 925 4126 et
975 4087 1376 4142 oppressorem,
1424 4082 1478 4127 et
1527 4072 1783 4127 Romana:

211 4164 533 4234 reipublicae
562 4165 644 4218 vel
680 4150 832 4234 regni
867 4165 1038 4218 nostri
1075 4164 1445 4219 insidiatorem
1485 4164 1784 4234 deprehen-

210 4258 421 4319 dimus,
455 4263 514 4308 ut
542 4256 597 4308 in
627 4257 874 4325 sequenti
906 4257 1136 4326 epistola
1161 4256 1265 4312 sibi
1308 4272 1339 4311 a
1383 4255 1537 4310 nobis
1577 4255 1781 4309 directa

211 4349 270 4402 in
301 4356 553 4416 promptu
577 4355 677 4400 est.

203 4427 214 4438 κ
367 4457 385 4490 c
406 4436 716 4505 HEINBICUS,
753 4438 853 4492 Del
882 4440 1056 4509 gratia
1090 4455 1200 4503 rex,
1233 4436 1627 4493 Hmnssnsnno.

291 4529 462 4585 «Cum
493 4530 756 4586 hactenus
782 4546 846 4585 ex
881 4540 932 4585 te
953 4546 1016 4584 ea
1045 4545 1165 4600 quae
1196 4529 1365 4598 patris
1387 4538 1513 4584 sunt
1536 4539 1784 4600 expecta-

209 4639 356 4688 rem,
389 4621 598 4691 tibique
641 4623 696 4675 in
738 4619 992 4674 omnibus
1030 4636 1226 4691 magna
1257 4621 1493 4677 ﬁdelium
1536 4630 1780 4675 nostrum

211 4712 594 4780 indignatione
617 4712 921 4777 obedirem;
952 4713 1165 4784 percepi
1189 4731 1219 4769 a
1249 4724 1300 4770 te
1333 4711 1780 4773 vicissitudinem.

209 4803 435 4873 qualem
477 4802 761 4871 oportebat
793 4803 861 4857 ab
912 4820 978 4858 eo
1016 4805 1111 4874 qui
1151 4805 1275 4860 vitae
1308 4803 1566 4872 regnique
1611 4803 1783 4856 nostri

212 4894 724 4967 perniciosissimus
764 4885 915 4968 esset;
951 4896 1141 4950 hostis.
1173 4893 1307 4948 Nam
1342 4909 1466 4948 cum
1499 4895 1551 4947 in
1592 4895 1784 4964 primis

210 5001 441 5044 omnem
479 4987 878 5042 hereditariam
913 4981 1251 5058 dignitatem,
1275 5001 1398 5056 qute
1422 4987 1555 5040 mihi
1597 4985 1666 5040 ab
1696 4986 1782 5041 illa

212 5079 351 5136 sede
395 5067 727 5144 debebatur,
770 5079 1003 5148 superbo
1039 5093 1176 5131 ausu
1226 5077 1529 5146 rapuisses,
1573 5078 1785 5148 longius

1955 3904 2063 3951 rex,
2105 3877 2483 4008 Illildcbrando,
2549 3883 2661 3951 iam
2702 3897 2802 3934 non
2845 3877 3151 3950 apostolico,
3182 3879 3270 3932 sed
3315 3877 3454 3948 falso

1955 3974 2136 4008 monac
2156 3974 2236 4008 ιο.-

1952 3974 2236 4010 monacno.-

1952 4063 2102 4119 lianc
2156 4063 2316 4116 talem
2376 4075 2475 4130 pro
2531 4058 2879 4114 confessione
2923 4069 3017 4115 tua
3070 4058 3447 4114 salutationem

1883 4150 2250 4222 promeruisti,
2289 4149 2382 4218 qui
2416 4148 2622 4202 nullum
2668 4149 2724 4202 in
2762 4146 3000 4203 Ecclesia
3043 4147 3285 4200 ordinem
3313 4159 3451 4214 pra:—

1883 4242 2096 4307 teriisti,
2124 4255 2287 4311 quem
2319 4239 2661 4295 confusionis
2709 4252 2816 4290 non
2843 4235 3088 4300 honoris,
3109 4233 3450 4289 maledictio-

1884 4333 1970 4389 nis
2017 4349 2126 4388 non
2161 4330 2575 4391 benedictionis,
2604 4327 2920 4396 participem
2973 4342 3080 4379 non
3134 4324 3346 4380 feceris.
3381 4323 3451 4380 Ut

1882 4425 2028 4479 enim
2062 4425 2128 4478 de
2154 4423 2338 4477 multis
2375 4434 2547 4488 pauca
2577 4426 2630 4471 et
2665 4417 2878 4488 egregia
2911 4417 3233 4487 loquamur;
3268 4425 3448 4494 recto-

1883 4529 1972 4569 res
1998 4521 2196 4568 sancta:
2237 4510 2516 4576 Ecclesiae,
2546 4509 2798 4565 videlicet
2837 4510 3296 4578 archiepiscopos,
3330 4507 3450 4575 “epi-

1883 4619 2098 4673 scopos,
2119 4603 2462 4675 presbyteros
2484 4617 2593 4657 non
2609 4603 2772 4656 modo
2796 4610 3014 4672 tangere
3045 4601 3187 4655 sicut
3215 4599 3450 4653 christos

1886 4695 2098 4750 Domini
2152 4711 2258 4748 non
2297 4694 2548 4759 timuisti,
2592 4694 2727 4762 quin
2755 4693 2901 4747 sicut
2935 4706 3120 4746 servos
3146 4688 3452 4742 nescientes

1884 4788 2012 4856 quid
2063 4787 2226 4841 faciat
2258 4786 2521 4840 Dominus
2566 4800 2754 4839 eorum
2799 4783 2900 4836 sub
2940 4781 3166 4850 pedibus
3196 4779 3303 4832 tuis
3332 4779 3447 4832 cal-

1885 4880 2055 4944 casti;
2085 4880 2137 4932 in
2169 4893 2400 4947 quorum
2425 4862 2834 4930 conculcatione
2865 4873 2959 4925 tibi
2997 4871 3235 4924 favorem
3262 4872 3329 4924 ab
3357 4887 3450 4925 ore

1885 4972 2033 5041 vulgi
2079 4968 2426 5038 comparasti,
2461 4980 2600 5034 quos
2630 4979 2821 5018 omnes
2847 4963 2920 5016 nil
2967 4963 3128 5028 scire,
3176 4972 3226 5016 te
3269 4973 3448 5018 autem

1887 5063 2068 5118 omnia
2107 5056 2560 5127 nossejudicasti,
2588 5070 2695 5124 qua
2718 5054 2901 5122 utique
2925 5056 3212 5119 sententia,
3247 5069 3351 5108 non
3381 5053 3448 5104 ad

210 5170 348 5226 inde
383 5142 755 5239 progrediens,
804 5142 1028 5239 regnum
1076 5167 1240 5224 Italiae
1285 5142 1540 5238 pessimis
1582 5142 1788 5226 auibus
1825 5171 1865 5223 ι)
1890 5151 2320 5239 aediﬁcationem,
2360 5147 2452 5239 sed
2487 5145 3021 5239 (td-destructionem
3069 5146 3143 5198 uti
3171 5142 3445 5239 studuisti.
3497 5161 3513 5168 -

209 5263 462 5317 alienare
485 5263 724 5316 tentasti.
752 5259 862 5316 Nec
892 5262 996 5317 hoc
1032 5271 1336 5328 contentus,
1368 5265 1424 5316 in
1450 5265 1785 5318 reverendis-

214 5350 396 5406 simos
419 5348 725 5418 episcopos,
762 5350 856 5418 qui
903 5351 1058 5404 nobis
1082 5350 1226 5404 velut
1268 5351 1585 5408 dulcissima
1615 5365 1784 5404 mem-

214 5441 320 5496 bra
348 5439 487 5494 uniti
515 5448 662 5507 sunt,
689 5455 911 5496 manum
929 5443 1141 5497 mittere
1170 5457 1277 5496 non
1306 5442 1554 5507 timuisti,
1585 5455 1805 5522 eosque.

216 5529 634 5599 superbissimis
678 5530 893 5600 injuriis
942 5533 1418 5599 acerbissimisque
1443 5533 1784 5586 contumeliis

215 5627 412 5673 contra
455 5618 641 5673 divina
675 5627 730 5674 et
765 5622 1000 5674 humana
1031 5621 1175 5690 jura,
1217 5630 1293 5677 ut,
1320 5621 1422 5688 ipsi
1460 5620 1631 5684 aiunt,
1689 5637 1781 5675 ex-

218 5709 515 5764 aeerbasti.
545 5708 676 5774 Quae
698 5711 879 5764 omnia
931 5727 1052 5764 cum
1097 5726 1196 5779 ego
1243 5712 1476 5781 quadam
1529 5712 1785 5781 patientia

218 5801 655 5865 dissimularem,
680 5809 736 5853 tu
758 5802 857 5855 hoc
889 5817 995 5854 non
1022 5801 1359 5869 patientiam,
1393 5804 1485 5857 scd
1521 5802 1788 5864 ignaviam

1889 5243 2090 5310 utjure
2122 5241 2225 5292 hoc
2256 5237 2314 5290 Β.
2355 5236 2696 5305 Gregorium,
2729 5236 2885 5304 cujus
2918 5252 3113 5290 nomen
3149 5233 3242 5287 tibi
3271 5233 3447 5284 vindi-

1887 5330 2046 5395 casti,
2080 5329 2146 5383 de
2178 5338 2227 5381 te
2259 5327 2610 5397 prophetasse
2633 5325 2905 5380 credimus
2928 5326 3005 5379 sic
3032 5327 3296 5379 dicentem
3326 5341 3336 5374 :
3367 5323 3451 5376 Ex

1886 5420 2150 5490 afﬂuentia
2215 5417 2562 5486 subjectorum
2615 5415 2916 5484 plerumque
2973 5415 3176 5465 animus
3239 5413 3449 5482 prtelati

1885 5511 2176 5575 extollitur,
2213 5519 2263 5561 ct
2303 5508 2528 5560 wstimat
2551 5521 2604 5557 se
2625 5503 2743 5572 plus
2780 5505 3014 5556 omnibus
3049 5519 3216 5571 nosse,
3247 5520 3362 5556 cum
3396 5518 3450 5551 se

1887 5604 2026 5656 videt
2062 5601 2179 5669 plus
2205 5596 2442 5649 omnibus
2465 5610 2631 5662 posse.
2666 5593 2731 5647 Et
2754 5609 2853 5646 nos
2875 5593 3095 5660 quidem
3127 5595 3239 5647 haec
3264 5590 3446 5643 ontnia

1890 5689 2285 5750 sustinuimus;
2335 5686 2462 5739 dum
2509 5684 2817 5752 apostolici:
2855 5685 2998 5739 sedis
3044 5685 3300 5739 honorem
3334 5694 3432 5730 ser-

1893 5788 2018 5833 vare
2049 5779 2420 5841 studeremus;
2475 5775 2565 5829 sed
2609 5783 2666 5825 tu
2699 5773 3058 5833 humilitatem
3090 5779 3328 5827 nostram
3384 5769 3446 5818 ti-
