3944 6372
177 455 288 510 797

290 588 375 642 De
443 606 606 643 causa
648 605 779 672 νςριδ
815 589 997 672 (deest
1023 589 1237 672 Henrici
1280 599 1334 645 et
1381 589 1637 662 aliorum]

665 647 885 712 Hererici
902 700 916 726 ,
948 669 999 713 et
1040 659 1291 716 aliorum.

255 785 327 841 Et
358 787 622 858 quoniam
645 788 713 843 lis
742 797 795 843 et
819 790 1155 859 perturbatio
1183 791 1354 862 (litem
1392 800 1446 846 et
1470 790 1752 860 perturba-

185 876 422 946 tionem)
447 878 598 948 regni
640 878 694 931 in
740 879 1036 934 maximum
1079 889 1278 936 sanctae
1321 879 1576 934 Ecclesia:
1608 878 1753 948 peri-

185 967 377 1022 culum
397 976 453 1022 et
479 968 860 1024 detrimentum
887 970 1127 1040 quotidie
1149 969 1447 1026 redundare
1476 969 1752 1024 cernimus

187 1054 324 1126 [lege
352 1055 675 1128 cernuntur]
693 1099 708 1120 ,
732 1057 906 1127 placet
922 1058 1076 1114 nobis
1101 1059 1380 1114 elaborare
1403 1072 1501 1128 pro
1521 1057 1749 1123 viribus,

187 1153 467 1212 quatenus
497 1146 676 1202 idonei
709 1157 818 1201 tam
844 1147 1101 1217 religione
1133 1164 1298 1218 quam
1337 1149 1499 1204 etiam
1526 1147 1750 1202 scientia

187 1235 463 1304 pollentes
491 1237 667 1292 nuntii
693 1253 724 1292 e
755 1239 924 1294 latere
966 1240 1275 1309 apostolica:
1308 1239 1452 1295 sedis
1479 1239 1545 1294 ad
1573 1247 1752 1307 partes

189 1323 314 1380 illas
354 1326 676 1395 mittantur,
721 1330 815 1399 qui
864 1337 1055 1385 omnes
1107 1330 1388 1401 religiosos
1436 1340 1490 1385 et
1530 1329 1752 1399 justitiae

188 1423 471 1474 amatores
501 1417 557 1472 in
591 1417 872 1476 Teutonici
905 1420 1052 1489 regni
1082 1422 1326 1491 partibus
1356 1427 1750 1477 commorantes

188 1505 464 1563 clericalis
492 1517 546 1564 et
585 1509 796 1564 laicalis
836 1511 1042 1566 ordinis
1090 1510 1238 1566 viros
1279 1520 1333 1566 et
1366 1511 1433 1566 ad
1473 1511 1576 1566 hoc
1615 1524 1753 1580 Opus

188 1595 422 1652 idoneos
478 1609 812 1665 convocent,
863 1615 984 1656 cum
1045 1601 1244 1671 quibus
1291 1600 1530 1670 (Domini
1581 1601 1750 1672 gratia

190 1687 492 1758 praeeunte)
513 1699 608 1744 aut
641 1690 800 1746 tinem
827 1701 882 1746 et
899 1684 1084 1762 pacem
1115 1693 1261 1763 justc
1292 1700 1637 1762 componant,
1661 1701 1753 1746 aut

186 1778 421 1833 veritate
450 1781 798 1852 praecognita,
831 1783 919 1837 cui
946 1783 1083 1851 parti
1127 1783 1298 1854 magis
1322 1782 1531 1853 justitia
1555 1781 1748 1846 faveat,

186 1867 254 1921 ad
291 1869 516 1938 plenum
542 1871 820 1927 addiScere
847 1874 1088 1940 valeant;
1116 1884 1383 1943 quatenus
1403 1863 1530 1944 pars
1551 1874 1747 1944 injusta
1785 1894 1826 1948 Β

173 1957 437 2025 .desistat,
475 1969 530 2016 et
557 1962 850 2032 apostolica
909 1965 1228 2020 auctoritate
1278 1965 1508 2028 munita,
1535 1965 1744 2034 justitia

183 2049 390 2118 vigoris
436 2060 491 2105 et
519 2053 858 2108 auctoritatis
901 2054 1066 2108 robur
1093 2056 1348 2110 obtineat.
1381 2055 1580 2111 Verum
1611 2071 1749 2127 quo-

178 2141 335 2194 niam
386 2143 680 2198 nonnullos
713 2145 981 2199 diabolico
1040 2146 1296 2222 instinctu
1341 2147 1622 2214 collectos,
1663 2157 1746 2218 ty-

185 2233 436 2288 rannidis
483 2249 595 2289 suae
639 2234 850 2290 facibus
900 2241 1185 2302 acc‘ensos,
1218 2237 1392 2308 turpis
1436 2238 1573 2292 lucri
1615 2253 1744 2292 ava-

184 2324 328 2380 ritiae
366 2327 735 2396 mancipatos,
769 2328 1095 2384 discordiam
1147 2329 1327 2399 potius
1363 2340 1524 2400 quam
1560 2345 1743 2399 pacem

185 2414 303 2469 fieri
351 2424 408 2471 et
448 2418 629 2472 videre
680 2419 1077 2496 desiderantes,
1107 2418 1222 2473 fore
1260 2434 1366 2473 non
1402 2421 1743 2490 ignoramus;

183 2512 480 2580 statuimus
526 2519 586 2566 ut
633 2512 777 2565 nulla
827 2527 1065 2580 unquam
1100 2527 1328 2582 persona
1372 2514 1601 2584 alicujus
1642 2530 1743 2585 po-

184 2603 405 2667 tentiae,
454 2602 569 2656 sive
611 2616 739 2660 rex.
782 2612 875 2656 aut
920 2603 1390 2674 archicpiscOpus,
1427 2605 1741 2674 cpiscopus,

185 2687 327 2755 dux,
375 2703 594 2755 comes,
641 2689 918 2756 marchio,
965 2690 1078 2745 sive
1134 2691 1321 2757 miles,
1375 2691 1574 2762 aliqua‘
1607 2708 1743 2761 ιιι-πε-
1812 2697 1823 2709 '

184 2782 530 2850 sumptione,
585 2781 943 2836 temerariove
1001 2797 1174 2850 ausu,
1241 2782 1459 2848 fraude,
1520 2782 1740 2846 dolove,

185 2885 280 2926 seu
339 2871 523 2941 aliqua
578 2870 1019 2941 perturbatione,
1088 2873 1278 2942 legatis
1336 2873 1540 2930 nostris
1590 2873 1742 2928 obsi-

184 2971 326 3017 stere
383 2969 439 3017 et
493 2963 794 3030 contraire,
844 2979 912 3019 ne
941 2963 1209 3040 justitiam
1269 2973 1325 3020 et
1371 2965 1531 3021 finem
1589 2982 1741 3022 com-

184 3061 421 3120 ponant,
467 3059 791 3120 pertentent.
849 3040 1168 3124 Quicunque
1213 3062 1392 3109 autem
1452 3057 1742 3129 temerario

184 3155 320 3194 ausu
365 3141 532 3210 (quod
571 3156 682 3196 non
729 3141 1004 3212 optamus)
1041 3144 1204 3213 hujus
1249 3152 1449 3199 nostra:
1477 3145 1741 3198 constitu-

184 3229 350 3285 tionis
406 3230 639 3285 violator
715 3233 1009 3298 exstiterit,
1070 3233 1366 3305 legatisque
1417 3235 1621 3290 nostris
1676 3235 1740 3289 ad
1771 3221 1810 3276 (ἶ

186 3316 327 3372 hanc
366 3333 556 3386 pacem
593 3312 1020 3389 componendam
1048 3323 1300 3378 euntibus
1340 3323 1744 3391 prtenominatis

185 3403 432 3463 fraudem
474 3424 747 3478 opponere
780 3412 1085 3478 tentaverit,
1113 3414 1332 3467 vinculo
1358 3429 1481 3468 eum
1520 3416 1743 3469 anathe-

183 3496 347 3553 matis
369 3497 672 3567 alligamus,
700 3501 754 3552 et
777 3514 884 3553 non
936 3496 1109 3565 solum
1173 3500 1228 3552 in
1290 3500 1504 3568 spiritu,
1555 3516 1739 3555 verum

183 3587 344 3642 etiam
376 3596 431 3642 et
457 3589 512 3642 in
537 3605 760 3658 corpore
789 3590 1009 3660 etpmni
1030 3591 1386 3659 prosperitate
1423 3591 1584 3660 hujus
1620 3591 1741 3645 vita:

183 3678 478 3750 apostolica
502 3688 764 3750 potestate
794 3669 1138 3747 innodamus,
1163 3687 1218 3736 ct
1243 3680 1524 3735 victoriam
1553 3680 1739 3750 ejusin

183 3769 348 3825 armis
385 3769 716 3844 auferimus;
752 3778 814 3826 ut
861 3771 939 3826 sic
984 3771 1175 3827 saltem
1220 3770 1640 3837 confundantur,
1687 3780 1742 3825 et

179 3857 381 3931 duplici
416 3860 737 3917 confusione
763 3870 826 3928 et
853 3862 1180 3929 contritione
1203 3870 1570 3918 conterantur.
1608 3859 1736 3917 [tem

181 3948 440 4006 Rainario
485 3967 614 4006 vero
650 3953 907 4023 Ugizzoni
944 3953 1222 4024 (Rainerio
1254 3971 1384 4010 vero
1423 3953 1737 4024 Vidicionis)

179 4038 289 4095 Ilio
315 4041 568 4096 inducias
596 4037 758 4097 trium
783 4045 1239 4099 hebdomadarum
1274 4045 1486 4099 damus.
1514 4045 1667 4110 Quod
1691 4045 1734 4100 si

181 4129 232 4182 in
257 4126 434 4198 spatio
467 4131 573 4184 isto
599 4147 783 4200 coram
808 4132 1089 4201 praesentia
1116 4137 1302 4186 nostra
1329 4141 1422 4187 aut
1442 4147 1539 4201 per
1571 4148 1629 4187 se
1643 4140 1736 4187 aut

179 4233 273 4288 per
301 4220 511 4291 legatos
546 4212 675 4276 suos
697 4220 966 4291 justitiam
989 4220 1164 4276 facere
1193 4221 1444 4286 noluerit,
1471 4236 1537 4275 eo
1589 4221 1734 4292 quod

178 4307 399 4365 fratrem
421 4326 581 4366 suum
609 4327 773 4366 manu
798 4326 897 4366 sua
930 4311 1219 4379 interemit,
1249 4319 1305 4366 et
1335 4311 1503 4367 multa
1548 4313 1734 4386 perjue

177 4398 256 4455 ria
284 4409 346 4456 ut
365 4402 622 4458 scelestus
649 4403 927 4458 incurrere
958 4417 1067 4456 non
1099 4401 1402 4464 abhorruit,
1439 4397 1494 4456 et
1534 4416 1733 4482 cegna:

178 4498 288 4546 tam
313 4509 472 4548 suam
493 4501 548 4548 et
569 4494 824 4564 pupillos,
852 4494 1052 4549 liberos
1081 4494 1267 4563 utique
1295 4491 1478 4547 fratris
1505 4493 1610 4560 sui,
1637 4507 1730 4549 ca—
1767 4533 1810 4587 υ

174 4587 288 4635 κη
313 4596 504 4636 eorum
537 4582 839 4652 diripienda
871 4592 925 4637 et
947 4583 1164 4653 praedia,
1197 4591 1388 4638 contra
1434 4582 1750 4664 periculum.

143 4665 149 4671 ’
173 4668 371 4725 animae
393 4686 507 4726 suae
531 4687 722 4727 vexare
745 4688 852 4727 non
873 4675 1087 4729 desinit.
1121 4674 1418 4729 Transacto
1444 4675 1731 4743 praenomi-

173 4769 303 4814 nato
317 4760 551 4814 termino
577 4763 919 4824 anathemate
935 4778 1060 4817 eum
1087 4763 1351 4833 alligando
1379 4763 1729 4832 percutimus.

175 4843 241 4901 Et
267 4847 436 4902 lilium
457 4847 758 4902 comitis....
783 4849 926 4904 datis
950 4850 1180 4905 induciis
1206 4865 1379 4920 usque
1401 4851 1457 4905 in
1495 4849 1729 4918 Palmas,

172 4934 337 4991 simili
359 4937 917 4993 excommunicatione
945 4937 1286 5005 innodamus,
1326 4955 1392 4994 eo
1436 4941 1580 5011 quod
1613 4939 1726 4996 Lu-

172 5040 388 5082 censem
457 5024 753 5082 Ecclesiam
805 5029 982 5099 quiete
1031 5043 1247 5083 manere
1290 5044 1388 5084 sua
1425 5031 1725 5101 diripienda

174 5116 397 5174 minime
430 5117 708 5188 permittit.
756 5118 1298 5175 Excommunicamus
1351 5118 1476 5190 (Leo
1525 5124 1728 5191 episco-

171 5219 268 5271 pus
294 5205 577 5274 Ostiensis,
605 5208 698 5263 lib.
729 5211 832 5280 In.)
859 5224 1046 5264 omnes
1084 5207 1466 5274 Nortmannos,
1503 5211 1597 5280 qui
1636 5208 1726 5264 in-

171 5292 592 5364 vadere_terram
617 5295 797 5353 Sancti
841 5297 982 5354 Petri
1015 5299 1278 5363 laborant,
1316 5299 1558 5353 videlicet
1584 5315 1726 5352 mar-

174 5378 350 5434 chiam
380 5380 710 5451 Firmanam,
740 5388 995 5444 ducatum
1033 5388 1401 5458 Spolctanum,
1428 5398 1480 5443 et
1516 5403 1610 5441 eos
1633 5388 1724 5456 qui

175 5467 539 5527 Beneventum
567 5463 831 5546 obsident,
858 5490 912 5535 et
940 5482 1033 5550 qui
1068 5481 1319 5535 invadere
1352 5490 1406 5534 et
1432 5479 1725 5548 deprmdari
1766 5509 1775 5521 -

175 5555 420 5618 nituntur
441 5558 792 5627 Campaniam
814 5577 866 5622 et
891 5569 1238 5634 maritimam,
1290 5579 1450 5638 atque
1476 5568 1724 5632 Sabinos,

178 5663 271 5704 nec
298 5666 406 5706 non
433 5658 489 5705 ct
516 5651 608 5720 qui
645 5661 850 5712 tentant
871 5660 1054 5713 urbem
1089 5661 1384 5715 Romanam
1427 5661 1722 5715 confunde-

1374 453 1741 512 coucuauu
1785 450 2120 509 nouum:
2159 454 2244 508 IV.
3316 460 3415 513 τἭ

1778 564 1926 620 Are.
1961 563 2258 634 Episcopus
2305 581 2431 622 vero
2475 567 2568 636 qui
2620 567 2853 636 accnptis
2898 568 3142 638 epistulis
3191 571 3415 638 nostris,

1853 663 1946 707 aut
1969 654 2221 724 cognitis,
2279 670 2454 724 neque
2487 671 2584 726 per
2639 671 2718 720 se,
2755 670 2932 725 neque
2966 671 3061 725 per
3097 658 3413 713 canonicam

1849 744 2253 799 excusationem
2276 745 2342 799 ad
2392 756 2710 816 praesentem
2749 746 3013 817 synodum
3038 757 3318 814 venerunt,
3351 751 3417 803 ab

1849 832 2139 903 episcopali
2175 834 2570 904 suspendimus.
2610 835 2808 899 officio,
2842 823 2922 889 et
2971 835 3284 905 quicunque
3325 853 3417 889 eo-

1849 935 1994 986 rum,
2018 935 2113 980 seu
2162 921 2448 992 episcopus
2472 922 2585 976 sive
2616 923 2912 994 presbyter,
2960 924 3231 993 praedictis
3255 923 3416 978 Nort-

1849 1007 2084 1072 mannis,
2109 1009 2284 1066 donec
2311 1011 2767 1065 excommunicati
2793 1011 3014 1077 fuerint,
3060 1013 3302 1066 divinum
3330 1014 3416 1066 of-

1851 1098 2030 1152 ficium
2057 1099 2265 1164 iecerit,
2302 1114 2333 1153 a
2363 1099 2682 1154 sacerdotali
2706 1100 2880 1156 oflicio
2916 1111 3173 1172 perpetuo
3198 1103 3412 1157 submo-

1849 1201 2056 1265 vemus.
2089 1187 2280 1242 Abbati
2306 1187 2548 1242 Farfcnsi
2582 1197 2704 1243 octo
2741 1189 2989 1244 similiter
3022 1190 3232 1244 dierum
3262 1191 3419 1246 indu-

1849 1277 1962 1331 cias
2017 1277 2401 1345 concedimus;
2455 1288 2577 1348 post
2621 1294 2781 1348 quem
2830 1281 3142 1346 terminum,
3198 1281 3300 1334 nisi
3350 1281 3418 1335 ad

1849 1369 2279 1423 emendationem
2306 1363 2536 1433 venerit,
2563 1373 3122 1449 excommunicamus,
3145 1380 3199 1425 et
3219 1372 3268 1425 ei
3291 1385 3416 1424 cor-

1852 1471 1952 1526 pus
1985 1468 2037 1511 ct
2059 1460 2377 1529 sanguinem
2422 1459 2634 1515 Domini
2679 1463 3071 1528 interdicimus,
3099 1463 3417 1534 abbatisque

1851 1543 2039 1603 Ordine
2068 1549 2121 1604 in
2149 1562 2464 1621 perpetuum
2499 1566 2684 1607 carere
2711 1566 2835 1608 eum
2860 1571 3145 1610 censemus
3258 1626 3265 1632 ἰ

1923 1637 1985 1691 Et
2009 1642 2263 1709 quoniam
2293 1641 2387 1696 Dei
2421 1643 2625 1712 judicio
2654 1645 2945 1700 nonnullos
2974 1645 3260 1716 naufragio
3295 1662 3416 1716 pcr-

1855 1728 1929 1782 irc
1981 1734 2381 1801 cognoscimus,
2433 1743 2486 1789 et
2521 1750 2615 1790 eos
2637 1734 2792 1805 quasi
2842 1737 2994 1806 legali
3020 1738 3131 1808 jam
3157 1738 3278 1806 jure
3303 1739 3418 1792 dia—

1854 1819 2029 1874 boiieo
2079 1822 2188 1876 imo
2247 1823 2526 1889 instinctu,
2553 1824 2621 1879 ab
2657 1825 2742 1879 his
2765 1826 2964 1895 quibus
2998 1827 3418 1880 miserit-orditur

1852 1910 2118 1964 sublevari
2149 1921 2202 1966 et
2237 1914 2504 1967 consolari
2533 1915 2790 1970 deberent
2827 1915 3124 1984 depraedari
3155 1917 3419 1984 conspici-

1851 2013 1993 2062 mus,
2029 2000 2318 2056 statuimus
2351 2011 2404 2056 ct
2442 2002 2546 2056 sub
2598 2003 2958 2058 anathematis
2981 2005 3217 2070 vinculo,
3277 2014 3332 2058 ut
3385 2023 3414 2060 a

1850 2093 2331 2160 przedccessoribus
2362 2095 2565 2149 nostris
2610 2102 2868 2150 statutum
2923 2105 3024 2162 est,
3070 2097 3324 2166 jnbemus
3357 2100 3415 2149 ut

1847 2180 2159 2251 quicunque
2181 2182 2500 2253 naufragum
2539 2183 2851 2254 quemlibet,
2885 2193 2937 2238 et
2991 2184 3129 2238 bona
3167 2184 3310 2238 illius
3335 2185 3417 2238 iu—

1849 2260 2074 2336 venerit,
2121 2286 2311 2326 secure
2362 2281 2470 2326 tam
2519 2289 2641 2327 cum
2679 2290 2842 2345 quam
2890 2273 3071 2328 omnia
3104 2289 3201 2329 sua
3252 2275 3413 2341 (bona

1845 2355 1966 2426 sua)
2002 2357 2256 2413 dimittat.
2319 2359 2697 2418 Ordinationcs
2759 2378 2887 2417 vero
2939 2364 3151 2417 illorum
3203 2363 3296 2433 qui
3347 2365 3416 2416 ab

1844 2444 2329 2504 excommunicatis
2355 2459 2484 2503 sunt
2539 2451 2793 2518 ordinati,
2836 2461 3149 2506 sanctorum
3188 2451 3412 2505 Patrum

1844 2547 2131 2606 sequentes
2184 2540 2429 2610 vestigia,
2481 2541 2664 2596 irritas
2708 2541 2821 2596 fieri
2869 2557 3174 2612 censemus.
3217 2541 3413 2595 lterum

1843 2635 2156 2681 sanctorum
2219 2629 2674 2702 praedecessorum
2718 2639 3032 2684 nostrorum
3084 2639 3284 2684 statuta
3338 2640 3414 2684 ιο·
3493 2648 3496 2651 ⁷

1844 2723 2056 2781 nentes,
2078 2731 2174 2770 eos
2196 2718 2286 2784 qui
2309 2719 2794 2774 cxcommunicatis
2825 2719 3079 2774 fidelitate
3107 2729 3199 2774 aut
3233 2736 3415 2774 sacra-

1842 2814 2027 2860 mento
2082 2807 2363 2862 constricti
2412 2817 2558 2874 sunt,
2619 2810 2917 2880 apostolica
2997 2801 3322 2884 auctaritate
3384 2827 3413 2865 a
3460 2856 3468 2863 .

1843 2908 2184 2961 sacramento
2235 2899 2590 2965 abstilvimus,
2639 2908 2694 2954 et
2715 2916 2784 2954 ne
2831 2901 2934 2954 sibi
2973 2891 3280 2955 fidelitatem
3312 2902 3411 2955 oh-

1844 2989 2061 3040 servent
2093 2987 2344 3040 munibus
2371 2986 2545 3040 modis
2569 2988 2937 3057 prohibemus.
2978 2987 3105 3041 ltcm
3140 2983 3245 3041 :l'lt
3279 3004 3414 3055 quu-

1843 3075 1988 3128 niam
2011 3076 2229 3139 multos,
2257 3074 2492 3143 peccatis
2518 3076 2720 3128 nostris
2744 3076 3102 3144 exigentibus,
3130 3089 3226 3144 pro
3249 3067 3412 3128 causa

1841 3165 2417 3219 excommunicationis
2440 3166 2615 3234 perire
2639 3166 2884 3235 quotidie
2935 3165 3232 3228 cernimus,
3289 3181 3413 3234 par-

1846 3253 1941 3307 tim
1970 3239 2292 3324 ignorantia,
2348 3256 2542 3324 partim
2598 3256 2762 3310 etiam
2813 3257 2979 3310 nimia
3037 3256 3412 3326 simplicitate,

1846 3343 2044 3412 partim
2091 3344 2306 3409 timore,
2358 3345 2550 3413 partim
2586 3345 2749 3398 etiam
2801 3332 3150 3408 necessitate,
3216 3344 3411 3396 devicti

1843 3436 2236 3498 misericordia,
2288 3436 2651 3490 auathematis
2688 3437 3007 3499 sententiam
3060 3435 3126 3488 ad
3176 3443 3409 3502 tempus,

1842 3532 2001 3592 prout
2025 3539 2338 3592 possumus,
2365 3525 2664 3594 opportune
2693 3533 3076 3599 temperamus.
3102 3524 3409 3593 Apostulira

1841 3627 2075 3682 namque
2125 3614 2444 3680 auctoritate
2473 3600 2835 3668 anathematis
2872 3613 3091 3668 vinculo
3116 3613 3225 3666 hos
3274 3603 3403 3685 subi
3455 3615 3466 3623 “

1841 3702 2126 3767 trahimus,
2178 3704 2428 3758 videlicet
2476 3689 2693 3769 uxores,
2743 3704 2961 3767 liberos,
2999 3718 3204 3766 servos,
3235 3703 3406 3755 auri!-

1840 3791 1940 3856 las,
1972 3807 2068 3846 seu
2091 3792 2378 3860 mancipia,
2415 3807 2514 3848 nec
2549 3807 2657 3847 non
2679 3792 2916 3847 rusticos
2939 3801 2992 3845 et
3013 3793 3329 3856 servientes,
3355 3803 3406 3845 (ιι

1839 3895 2030 3934 omnes
2053 3881 2190 3935 alios
2214 3881 2309 3950 qui
2339 3896 2447 3935 non
2474 3881 2610 3936 adeo
2653 3882 2888 3936 curiales
2919 3883 3065 3945 sunt,
3119 3890 3177 3934 ut
3213 3897 3400 3935 eorum

1837 3968 2067 4023 consilio
2091 3967 2294 4022 scelera
2324 3976 2719 4038 pcrpctrentur,
2752 3979 2806 4023 et
2828 3969 2949 4034 illos
2972 3967 3065 4037 qui
3095 3968 3404 4036 ignorantur

1835 4057 2319 4112 cxcommunicatis
2361 4057 2788 4120 communicant,
2821 4070 2916 4110 seu
2945 4055 3066 4109 illos
3117 4053 3209 4122 qui
3255 4069 3452 4132 com-ﬁ.

1835 4146 2119 4200 municant
2137 4159 2264 4198 cum
2295 4145 2376 4198 eis
2396 4145 2490 4213 qui
2512 4145 2915 4200 communicant
2953 4145 3368 4202 excommunira
3396 4177 3402 4183 -
3435 4147 3439 4150 ’

1833 4235 1923 4290 tis.
1950 4234 2271 4304 Quicunque
2298 4243 2477 4288 autem
2523 4242 2616 4287 aut
2664 4230 2868 4297 orator,
2899 4233 3014 4287 sive
3060 4235 3399 4304 peregrinus,

1833 4333 1928 4380 aut
1949 4325 2125 4380 viator
2154 4325 2210 4380 in
2255 4332 2456 4380 terram
2488 4323 3080 4381 excommunicattirum
3104 4323 3398 4386 devenerit,

1833 4415 1928 4470 ubi
1953 4429 2061 4470 non
2087 4413 2259 4484 possit
2283 4427 2485 4480 emere,
2507 4412 2591 4466 vel
2618 4426 2725 4466 non
2773 4412 2934 4467 habet
2972 4413 3112 4467 unde
3142 4424 3304 4478 emat,
3333 4415 3401 4466 ab

1833 4503 2315 4562 cxcommunicatis
2364 4503 2666 4574 accipiendi
2714 4501 2989 4558 licentiam
3019 4503 3231 4558 damus.
3259 4502 3323 4556 Et
3353 4504 3398 4557 si
3475 4556 3477 4558 .

1835 4595 1958 4664 quis
1986 4594 2474 4659 excommunicatis
2497 4609 2596 4664 pro
2631 4595 3042 4658 sustentatione,
3080 4609 3186 4648 non
3213 4609 3400 4662 supcr-

1835 4683 1935 4740 bia:
1967 4685 2059 4740 sed
2085 4671 2438 4739 humanitatis
2489 4699 2673 4749 causa,
2712 4683 2915 4753 aliquid
2969 4684 3099 4738 dare
3142 4681 3396 4760 voluerit,

1832 4774 1948 4829 ﬁeri
1985 4773 2095 4829 non
2117 4769 2486 4844 prohibemus.
2682 4801 2687 4805 -
2939 4802 2946 4812 -
3177 4794 3180 4796 ν
3285 4821 3288 4823 Α

1905 4865 2096 4919 Actum
2125 4859 2310 4919 Roma:
2337 4865 2391 4918 in
2414 4863 2640 4918 ecclesia
2662 4861 2872 4914 Domini
2891 4859 3185 4915 Salvaturis
3207 4861 3398 4930 quinto

1831 4952 2014 5010 Nonas
2044 4953 2241 5019 Martii,
2275 4949 2567 5008 indictione
2592 4951 2785 5018 prima.

2305 5055 2457 5093 ΝΟτᾸΞ
2495 5055 2735 5096 SEVERI?“
2765 5055 2911 5092 DlNll.

1896 5128 2210 5200 Gentilium.
2242 5126 2338 5200 llis
2367 5130 2504 5200 actis
2535 5129 2884 5200 synodalibus
2915 5130 3256 5200 redarguitur
3287 5131 3398 5185 Μη-
3438 5198 3441 5199 ν

1826 5198 2015 5254 ria’nus
2041 5197 2238 5268 Scotus
2273 5197 2649 5268 ianhroui‘co,
2686 5200 2931 5253 scribens
2966 5197 3283 5268 Gregorium
3339 5200 3392 5252 in

1826 5269 1928 5322 hac
1958 5267 2163 5342 synpdu
2187 5265 2478 5342 ilenricunm
2509 5282 2688 5342 regem
2727 5284 2894 5337 regno
2919 5265 3180 5342 privasse,
3232 5268 3391 5342 illud—
3435 5306 3438 5310 .

1830 5352 1934 5406 que
1960 5334 2013 5389 in
2044 5335 2384 5404 Rodulphum
2411 5334 2619 5391 Suevia:
2650 5334 2841 5390 ducciu
2874 5334 3390 5406 transtulisselﬁam

1832 5404 2048 5460 nonnisi
2086 5416 2203 5475 post
2231 5407 2505 5459 biennium
2538 5422 2568 5459 a
2604 5406 2909 5460 Saxonibus
2951 5417 3030 5475 et,
3057 5404 3392 5475 principibus

1833 5476 2042 5550 imperii
2073 5470 2274 5550 electus
2301 5475 2878 5550 auAetoritathrggorii
2902 5470 3249 5550 cauti-{matus
3267 5470 3387 5550 fuit.
3467 5478 3478 5512 ί

1833 5555 1892 5598 ut
1913 5537 2064 5598 infra
2093 5545 2336 5598 dicemus
2366 5545 2416 5596 in
2444 5545 2676 5599 concilio
2700 5537 2942 5595 Demiano
2987 5537 3074 5590 VII
3131 5538 3386 5606 synodica

1831 5623 2056 5680 epistola
2077 5614 2144 5665 dc
2171 5613 2330 5665 rebus
2361 5613 2413 5666 iu
2443 5625 2445 5627 ‘
2477 5613 2577 5667 hac
2620 5611 2823 5681 synodo
2852 5607 3014 5674 gestis
3043 5617 3192 5661 extra
3225 5620 3384 5671 supra

1841 5684 1930 5736 lii).
1960 5699 2008 5744 v,
2045 5682 2198 5749 epist.
2233 5682 2310 5733 Si}.
3011 5695 3013 5704 ι
