3944 6412
223 427 322 487 Sili
1409 430 1777 486 CONCILIUM

1887 431 2158 488 )MANUM
2202 433 2264 486 Υ.

3355 449 3460 502 809.

299 545 385 599 iii.
426 544 483 598 Si
516 544 642 613 quis
675 544 1006 614 prmbcndas,
1042 543 1531 608 arcitidiaconatus,
1578 559 1789 614 praepo-
1820 548 1864 602 A
1959 543 2026 598 Χ.
2061 543 2116 598 Si
2153 544 2275 615 quis
2305 545 2501 614 praedia
2531 549 2589 600 ις.
2632 546 2774 602 Petri
2803 552 3169 618 apustoim-nm
3204 557 3463 628 princisz

225 638 431 691 situras
455 635 538 689 vel
576 636 754 706 aliqua
790 635 958 689 oﬁicia
988 634 1347 688 ecclesiastica
1368 635 1683 700 vendiderit,
1707 636 1791 689 vel

223 729 387 781 aliter
434 741 599 796 quam
654 735 852 780 statuta
884 732 1193 779 sanctorum
1231 722 1448 776 Patrum
1478 725 1794 794 praecipiunt

224 819 584 882 ordinaverit,
635 817 704 870 ab
749 816 922 871 ollicio
973 815 1332 884 suspendatur
1380 833 1391 866 :
1441 815 1662 883 dignum
1709 825 1793 870 est

223 909 399 971 enim,
428 916 486 960 ut
511 908 653 962 sicut
672 907 839 977 gratis
866 906 1232 974 episcopatum
1267 905 1492 981 accepit,
1516 904 1591 969 ita
1618 919 1790 958 mem-

224 997 326 1052 bra
362 998 604 1066 ejusdem
624 981 965 1066 epis’copatus
991 994 1157 1064 gratis
1188 994 1532 1048 distribuant.

301 1086 390 1140 iV.
430 1086 807 1141 Ordinationes
848 1102 968 1155 quae
1022 1084 1407 1138 interveniente
1448 1084 1651 1153 pretio,
1705 1085 1792 1139 vel

222 1177 503 1247 precibus,
543 1178 626 1231 vel
661 1177 922 1246 obsequio
947 1175 1176 1245 alicujus
1202 1190 1445 1244 personae
1475 1174 1791 1245 (alicuiper-

222 1267 397 1332 some)
418 1283 478 1320 ea
512 1267 808 1321 intentione
841 1268 1101 1336 impenso,
1127 1265 1212 1319 vel
1242 1280 1362 1334 qure
1385 1280 1492 1318 non
1511 1265 1789 1320 communi

218 1372 496 1411 consensu
529 1358 659 1412 cieri
696 1366 750 1412 et
783 1359 964 1428 populi
1004 1357 1302 1412 secundum
1342 1357 1633 1432 canonicas
1661 1371 1787 1409 san-

219 1448 438 1502 ctiones
461 1448 611 1524 ﬁunt,
648 1456 702 1502 et
727 1449 797 1502 ab
832 1448 919 1503 his
941 1449 1022 1513 ad
1037 1462 1179 1522 quos
1201 1447 1538 1501 consecratio
1561 1447 1788 1515 pertinet

220 1553 336 1592 non
365 1540 809 1608 comprobantur,
856 1539 1097 1593 inﬁrmas
1120 1546 1185 1592 et
1229 1537 1411 1592 irritas
1437 1552 1557 1592 esse
1581 1536 1784 1605 dijudi-

217 1644 447 1685 camus:
481 1630 740 1698 quoniam
787 1630 878 1700 qui
928 1630 1104 1683 taliter
1153 1627 1492 1691 ordinantur,
1530 1641 1638 1680 non
1692 1641 1786 1695 per

216 1719 445 1783 ostium,
479 1719 530 1772 id
577 1727 658 1772 est
698 1735 790 1788 per
821 1718 1118 1784 Christum,
1162 1719 1383 1782 intrant,
1424 1718 1536 1782 sed,
1568 1725 1629 1770 ut
1668 1717 1782 1786 ipsa

219 1806 436 1864 Veritas
469 1818 713 1876 testatur,
743 1809 890 1865 fures
917 1811 1048 1866 ‘sunt
1078 1819 1131 1864 et
1161 1809 1398 1863 latrones
1424 1807 1601 1880 (Joan.
1629 1808 1705 1878 ι).

1895 636 2202 707 ubicunque
2235 637 2411 706 posita
2435 637 2488 690 in
2516 639 2898 707 proprietatem
2924 658 3073 697 suam
3092 651 3456 716 usurpaverit,

1892 726 1972 779 vel
2024 727 2202 782 sciens
2245 718 2509 781 occulttita
2569 742 2678 781 non
2745 731 3101 799 propalaverit
3150 736 3253 805 (vel
3308 737 3458 812 [4581

1890 815 2130 869 debitum
2177 817 2455 872 servitium
2499 818 2692 873 exinde
2751 821 2909 876 beato
2961 822 3119 880 Petro
3163 841 3271 881 non
3311 831 3463 884 exhi-

1889 905 2108 976 buerit),
2134 915 2482 977 recognoscat
2504 922 2562 964 se
2599 908 2733 963 iram
2771 908 2864 966 Dei
2893 921 2947 966 et
2981 923 3292 971 sanctorum
3313 933 3449 988 apo-

1891 997 2147 1050 stolorum
2204 997 2348 1051 velut
2405 998 2724 1068 sacrilegum
2788 1001 3082 1058 incurrere.
3135 1004 3451 1078 Quicunque

1890 1095 2068 1140 autem
2104 1086 2157 1140 in
2205 1088 2307 1140 hoc
2343 1087 2571 1142 crimine
2598 1089 2965 1156 deprehensus
2995 1092 3176 1161 fuerit,
3209 1099 3449 1154 eamdem

1891 1175 2252 1229 haereditatem
2286 1175 2426 1230 beati
2484 1175 2628 1232 Petri
2675 1179 2907 1248 legitime
2951 1183 3221 1251 restituat,
3258 1194 3311 1240 et
3338 1202 3456 1257 pm-

1890 1281 2013 1320 nam
2045 1267 2333 1336 quadrupli
2364 1268 2430 1322 de
2452 1269 2684 1338 propriis
2715 1271 2869 1326 bonis
2891 1274 3178 1342 persolvat.

1959 1354 2048 1409 Xl.
2083 1355 2139 1409 Si
2167 1357 2288 1426 quis
2321 1358 2608 1428 episcopus
2653 1359 3063 1419 fornicationem
3110 1367 3452 1438 presbytero-

1887 1460 2030 1510 rum,
2061 1445 2436 1509 diaeonorum,
2479 1462 2574 1500 seu
2630 1449 3114 1521 suiidiaconorum,
3141 1455 3223 1510 vel
3249 1459 3453 1513 crimen

1889 1533 2126 1590 incestus
2157 1536 2210 1588 in
2261 1552 2356 1590 sua
2386 1537 2665 1606 parocitia,
2696 1541 2948 1608 precibus
2973 1545 3058 1597 vel
3084 1548 3254 1614 pretio
3282 1550 3454 1604 inter-

1886 1626 2156 1693 veniente,
2188 1629 2542 1707 consenserit,
2575 1630 2656 1682 vel
2676 1633 3027 1688 commissum
3059 1636 3270 1707 sibique
3298 1655 3453 1694 com-

1885 1725 2095 1785 pertum
2131 1720 2453 1775 auctoritate
2481 1721 2564 1776 sui
2595 1721 2753 1777 oliicii
2798 1739 2906 1779 non
2937 1725 3349 1798 impugnaverit,
3381 1733 3449 1787 ab

1884 1807 2057 1863 oﬁicio
2083 1810 2465 1880 suspendatur.

295 1898 360 1953 γ.
387 1899 577 1955 Falsas
609 1885 952 1971 pteniten'tias
991 1900 1242 1965 dicimus,
1275 1915 1398 1969 qua:
1438 1915 1546 1954 non
1591 1915 1785 1954 secun-
1816 1885 1858 1940 Β
1951 1897 2065 1952 XII.
2091 1897 2162 1955 Ut
2199 1900 2376 1955 omnis
2397 1899 2740 1958 Christianus
2770 1916 3024 1975 procuret
3047 1909 3112 1964 ad
3161 1911 3452 1968 missarum

213 1990 351 2044 dum
382 1991 759 2046 auctoritatem
794 2000 1106 2051 sanctarum
1153 1991 1375 2045 Patrum
1409 2005 1507 2060 pro
1527 1990 1783 2060 qualitate

215 2080 513 2135 criminum
565 2081 931 2151 imponuntur.
983 2078 1214 2149 Ideoque
1265 2079 1574 2149 quicunque
1608 2079 1783 2144 miles,

215 2169 304 2223 vel
341 2169 659 2240 negotiator,
710 2169 795 2224 vel
837 2169 999 2225 alicui
1045 2168 1218 2228 ollicio
1249 2168 1462 2224 debitus
1491 2169 1634 2238 quod
1668 2169 1784 2224 sine

215 2271 444 2331 peccato
482 2262 720 2317 exerceri
768 2277 872 2317 non
916 2261 1108 2332 possit,
1150 2261 1196 2314 si
1242 2261 1414 2331 culpis
1447 2260 1784 2331 gravioribus

215 2352 462 2407 irretitus
490 2353 558 2407 ad
591 2353 959 2424 pmnitentiam
992 2349 1219 2416 venerit,
1245 2352 1329 2406 vel
1357 2353 1450 2421 qui
1480 2351 1620 2406 bona
1647 2354 1781 2406 aite-

216 2442 338 2495 rius
369 2443 565 2511 injuste
610 2441 829 2508 detinet,
872 2442 954 2494 vel
983 2441 1081 2517 qui
1125 2441 1308 2495 odium
1344 2440 1398 2518 in
1430 2441 1592 2495 corde
1623 2441 1778 2511 gerit,

216 2540 276 2585 et
299 2539 912 2602 recognoscatseveram
943 2531 1313 2601 paenitentiam
1335 2546 1444 2585 non
1473 2547 1632 2601 posse
1655 2547 1780 2602 pcr-

216 2635 400 2689 agere,
440 2636 536 2690 per
557 2638 718 2691 quam
740 2623 806 2676 ad
822 2631 1076 2677 aeternam
1096 2621 1264 2676 vitam
1287 2621 1462 2676 valeat
1481 2623 1776 2690 pervenire,

218 2710 327 2763 nisi
353 2725 503 2764 arma
528 2712 778 2780 deponat,
821 2713 1151 2782 ulteriusque
1189 2728 1293 2766 non
1327 2711 1484 2776 ferat,
1520 2713 1625 2767 nisi
1647 2728 1778 2768 con-

215 2798 345 2853 silio
381 2799 752 2870 religiosorum
781 2803 1167 2871 episcoporum
1213 2817 1310 2871 pro
1336 2801 1665 2857 defendenda
1694 2802 1780 2878 ju-_

214 2890 388 2951 stitia,
439 2893 521 2947 vel
561 2893 829 2963 negotium
861 2894 1211 2962 derelinquat,
1246 2893 1328 2945 vel
1355 2892 1586 2948 cilicium
1623 2894 1779 2949 dese—

214 2988 326 3047 rat,
359 2992 413 3038 et
439 2985 620 3039 odium
664 3001 730 3039 ex
757 2986 916 3040 corde
957 2985 1210 3050 dimittat,
1254 2984 1502 3054 bonaque
1544 3002 1664 3055 quae
1695 2986 1778 3040 in-

207 3081 370 3156 juste‘
385 3077 604 3132 abstulit
643 3077 908 3132 restituat.
945 3075 1020 3130 Ne
1048 3085 1226 3130 tamen
1251 3076 1528 3144 desperet;
1558 3077 1772 3130 interim

212 3167 479 3239 quidquid
523 3165 650 3219 boni
697 3164 871 3218 facere
916 3164 1111 3232 poterit
1164 3164 1446 3218 hei-tamur
1489 3173 1549 3217 ut
1591 3162 1770 3232 faciat,

213 3229 277 3311 tit
301 3229 644 3325 omnipotens
673 3251 816 3307 Deus
850 3229 943 3306 cor
978 3252 1122 3306 illius
1156 3253 1386 3307 iiiustret
1414 3252 1482 3307 ad
1511 3229 1779 3323 pmniten;
1805 3229 1849 3285 C

211 3349 374 3401 liam.

288 3436 376 3489 Vl.
406 3435 670 3501 Decimas,
699 3449 834 3504 quas
858 3436 910 3488 in
932 3451 1090 3489 usum
1117 3435 1330 3504 pietatis
1357 3451 1646 3492 concessas
1659 3453 1778 3492 esse

207 3526 476 3582 canonica
526 3527 821 3580 auctoritas
863 3526 1212 3591 demonstrat,
1259 3542 1289 3581 a
1338 3527 1490 3582 laieis
1517 3527 1776 3597 possideri

205 3617 508 3688 apostolica
557 3615 874 3671 auctoritate
921 3615 1270 3686 prohibemus
1317 3634 1330 3668 :
1381 3617 1492 3672 sive
1533 3617 1677 3671 enim
1711 3617 1780 3671 ab

205 3708 504 3779 episcopis,
530 3708 613 3761 vel
642 3708 879 3778 regibus,
903 3706 986 3762 vel
1021 3707 1351 3776 quibuslibet
1381 3703 1650 3778 personis,
1685 3724 1777 3765 eas

205 3798 540 3866 acceperint,
580 3796 684 3851 nisi
727 3796 978 3850 Ecclesize
1007 3797 1354 3861 reddiderint,
1405 3797 1579 3850 sciant
1603 3813 1660 3852 se
1686 3814 1775 3852 sa-

204 3888 419 3959 crilegii
457 3887 661 3957 crimen
719 3885 1054 3941 committere
1089 3885 1430 3959 (incurrere),
1478 3895 1532 3941 et
1565 3897 1777 3944 aeterna:

204 3979 576 4036 damnationis
597 3977 894 4049 periculum
920 3979 1195 4034 incurrere
1218 3977 1451 4048 (pceuam
1479 3979 1703 4051 subire).

285 4067 396 4122 Vii.
422 4067 556 4134 Quia
605 4068 721 4122 dies
753 4067 970 4122 Sabbati
1001 4069 1143 4136 apud
1192 4075 1410 4123 sanctos
1438 4067 1644 4139 ;_Patres
1674 4085 1777 4125 no-

201 4169 356 4217 stros
383 4159 436 4213 in
470 4157 793 4228 abstinentia
821 4157 1045 4212 celebris
1067 4165 1151 4211 est
1184 4157 1421 4222 habitus,
1439 4175 1539 4213 nos
1559 4175 1788 4224 eorum-_

201 4255 335 4328 dem
362 4249 730 4306 auctoritatem
760 4256 1062 4318 sequentes,
1088 4245 1382 4302 salubriter
1397 4248 1773 4316 admonemus,

202 4333 271 4397 ut
318 4339 628 4410 quicunque
677 4352 736 4394 se
778 4336 1100 4392 Christiana:
1141 4335 1414 4407 religionis
1457 4337 1775 4407 participem

198 4447 334 4488 esse
356 4430 646 4495 desiderat,
678 4429 747 4485 ab
765 4445 862 4484 esu
892 4429 1134 4484 carnium
1164 4429 1349 4483 eadem
1391 4428 1498 4494 die,
1525 4428 1632 4483 nisi
1658 4445 1776 4484 ma-

193 4525 317 4592 jori
372 4521 660 4576 festivitate
697 4521 1102 4584 interveniente,
1136 4520 1218 4574 vel
1257 4519 1568 4574 inﬁrmitate
1604 4521 1776 4590 impc-
1808 4555 1853 4611 Β

197 4615 412 4678 diente,
448 4612 737 4667 abstineat.

286 4702 414 4756 Vili.
445 4701 516 4756 Ut
536 4703 717 4756 nullus
741 4700 906 4755 abbas
927 4699 1162 4755 decimas
1184 4707 1238 4778 et
1259 4699 1551 4769 primitias,
1567 4709 1620 4753 et
1651 4701 1776 4754 reii-

197 4808 317 4863 qua
366 4807 489 4862 qute
527 4791 825 4850 secundum
871 4800 1068 4847 statuta
1097 4803 1368 4847 canonum
1402 4790 1468 4843 ad
1493 4790 1775 4858 episcenos

197 4884 500 4955 pertinent,
546 4883 664 4939 sine
706 4884 1028 4955 auctoritate
1075 4882 1304 4937 Romani
1352 4882 1640 4952 pontiﬁcis,
1681 4901 1773 4937 seu

197 4951 451 5047 cpisc0pi
493 4988 764 5029 consensu
815 4974 871 5027 in
889 4951 1076 5064 t‘cttjus
1108 4973 1329 5030 dicecesi
1373 4973 1602 5039 habitat,
1640 4975 1776 5028 deti-

201 5075 358 5133 neat,
379 5063 672 5136 apostolica
693 5063 970 5118 sanctione
990 5063 1269 5119 ﬁrmamus
1291 5063 1633 5134 (auctoritate
1657 5081 1777 5120 san-

199 5157 434 5226 cimus).

284 5245 374 5300 lx.
408 5243 602 5301 Nullus
628 5245 912 5316 episcopus
934 5259 1242 5315 gravanten,
1269 5257 1364 5297 seu
1389 5244 1584 5300 servile
1613 5246 1777 5299 servi-

203 5340 371 5403 tium,
394 5352 461 5391 ex
491 5324 596 5390 usu
624 5345 813 5390 contra
843 5334 1262 5390 ecclesiasticam
1295 5347 1540 5386 normam
1563 5332 1773 5386 abbati-

205 5430 318 5483 bus
356 5440 452 5481 seu
480 5423 695 5480 clericis
722 5424 838 5478 suis
873 5425 1128 5494 imponat.
1191 5420 1505 5477 interditam
1558 5421 1657 5492 (vel
1689 5422 1772 5474 in-

208 5513 522 5586 terdictum)
554 5512 880 5569 sacerdotale
913 5513 1145 5568 cilicium
1189 5512 1360 5581 pretio
1390 5510 1774 5582 interveniente

208 5605 480 5660 restituat.
519 5602 674 5670 Quod
721 5601 768 5655 si
789 5599 990 5668 fecerit,
1013 5601 1169 5657 ofﬁcii
1206 5603 1288 5656 sui
1317 5600 1614 5672 periculum
1646 5602 1775 5656 sub-

208 5704 319 5750 eat.
1135 5761 1137 5764 η

286 5786 430 5858 (458)
461 5785 666 5841 Desunt
696 5785 748 5841 in
772 5785 973 5840 Chron.
1014 5783 1355 5840 Virduaensi.

1884 1990 2147 2045 solemnia
2177 1991 2381 2061 aliquid
2425 1991 2535 2047 Deo
2573 1992 2782 2060 oﬁ‘erre,
2821 2005 2875 2051 et
2916 1999 3081 2053 ducat
3106 2001 3181 2069 (et
3206 2002 3352 2074 duci)
3384 2005 3451 2059 ad

1883 2081 2220 2164 memoriam,
2252 2082 2395 2151 quod
2436 2082 2580 2138 Deus
2601 2099 2696 2153 per
2732 2085 2950 2157 Moysen
2980 2089 3115 2144 dixit
3144 2109 3157 2146 :
3198 2090 3321 2148 Non
3356 2111 3454 2164 ap-

1882 2163 2086 2241 parebit
2121 2171 2175 2226 in
2200 2182 2473 2254 conspecta
2499 2191 2610 2227 meo
2647 2192 2840 2230 vacuus
2873 2178 3067 2248 (Ea-od.
3117 2183 3295 2254 xxm).
3321 2163 3450 2240 Etc-

1882 2258 1995 2312 nim
2027 2258 2081 2313 in
2102 2260 2342 2316 collectis
2371 2271 2682 2318 sanctorum
2725 2264 2944 2321 Patrum
2979 2269 3180 2339 liquido
3230 2257 3452 2343 apparet

1882 2350 2026 2420 quod
2059 2365 2248 2437 omnes
2288 2351 2584 2408 Christiani
2627 2356 2821 2412 oﬁ‘errc
2850 2359 3052 2429 aliquid
3099 2360 3207 2417 Deo
3235 2380 3299 2418 ex
3346 2381 3448 2421 usu

1881 2447 2192 2494 sanctorum
2220 2438 2442 2494 Patrum
2467 2443 2680 2497 debent.
2762 2438 2764 2440 ’

2221 2569 2439 2609 ADDITIO
2478 2570 2702 2609 PHILIPPI
2741 2572 2926 2623 ΙιΑΒΒΕ,
2969 2573 3014 2614 ε.
3053 2575 3095 2613 1.

1951 2639 2123 2710 Hujus
2179 2641 2401 2695 Romani
2441 2643 2653 2697 concilii
2681 2638 2979 2715 ‘tanonibus
3019 2648 3127 2702 hwc
3171 2651 3445 2718 prmuiuit

1880 2730 2034 2801 [iugo
2064 2731 2477 2787 Flaviniacensis
2500 2735 2660 2789 abbas
2685 2736 2801 2806 jam
2828 2754 2961 2808 stupe
2988 2739 3235 2795 laudatus
3265 2740 3443 2799 :Con—

1878 2831 2140 2888 secratus,
2170 2831 2298 2890 etc.,
2327 2822 2456 2878 alibi
2488 2824 2599 2893 jam
2635 2842 2844 2884 excusa.
3519 2816 3522 2820 ’

2348 2947 2500 2987 ΚΟΤΛΕ
2540 2949 2778 2988 δετειιικι
2816 2952 2963 2990 BIN".

1947 3039 2264 3115 Concilium.
2285 3039 2344 3094 in
2366 3042 2470 3115 irae
2489 3043 2715 3112 synodo,
2732 3053 2852 3114 post
2871 3061 2932 3100 ea
2958 3063 3080 3115 quze
3110 3048 3162 3102 in
3191 3048 3326 3105 actis
3347 3066 3443 3105 su-

1874 3125 1970 3178 pra
2018 3110 2302 3165 recensitis
2330 3110 2695 3178 continentur,
2735 3110 3193 3173 'nefandissimum
3231 3120 3443 3176 Gilber-

1881 3190 1992 3234 tum
2029 3179 2392 3258 Ravennatem
2435 3183 2897 3258 archiepiscopum
2932 3187 2997 3240 ad
3035 3191 3295 3258 synodum
3333 3190 3444 3244 fre.-

1881 3259 2108 3326 qucnter
2146 3252 2398 3326 citatum,
2422 3256 2729 3326 apostolicae
2773 3252 2920 3311 sedis
2955 3252 3208 3326 patientia
3251 3270 3304 3314 et
3348 3263 3443 3315 be-

1881 3320 2142 3397 nignitate
2164 3320 2496 3397 abutent_eni_,
2527 3325 2596 3391 ob
2624 3320 3111 3397 im_mensa_s€eicra
3143 3338 3444 3397 perpetrata

1879 3389 2181 3468 depositum
2217 3405 2358 3456 esse,
2390 3389 2590 3468 indicat
2618 3394 3107 3468 epistoiaﬁrcgorii
3128 3389 3349 3468 idet-ima
3380 3401 3446 3451 ii-

1878 3458 2147 3540 bri‘sesti,
2194 3475 2357 3540 quam
2398 3458 2692 3540 adJomne—s
2730 3458 3068 3540 Ravemta‘tes
3105 3467 3172 3520 de
3219 3467 3442 3521 Giiberti

1879 3527 2174 3600 sceleribus
2200 3537 2253 3583 et
2278 3527 2612 3597 depositione
2639 3531 2970 3600 perscripsit.

1949 3595 2479 3674 ΕεερῃιτητιριὶςιὶιιιδΔ
2501 3609 2576 3674 est
2631 3595 3243 3674 Constantinopolitanus
3281 3605 3445 3674 inme-

1879 3677 2044 3742 rator.
2074 3667 2708 3742 Nicephorusnimirum,
2733 3667 3092 3742 cognomento
3113 3667 3443 3742 Botoniates,

1878 3738 1972 3806 qui
2003 3739 2289 3861 imperium
2326 3740 2428 3794 sibi
2473 3740 2750 3810 tyrannice
2792 3738 3094 3810 vindicans,
3129 3738 3444 3800 Micltaeieni

1878 3823 2001 3860 cum
2099 3810 2212 3861 aria
2258 3809 2502 3861 Augusta
2553 3811 2797 3861 coniunc-
2830 3814 3047 3861 ﬁlionue
3085 3814 3444 3861 Constantina

1878 3809 2212 3881 gum_Maria
2258 3809 2797 3881 Augusta__conjugc,
2830 3814 3047 3881 ﬁlioque
3081 3809 3446 3871 Constantino

1878 3875 2435 3950 Porpiiyrogenetojn
2487 3875 2804 3934 Blaclternis
2847 3875 3033 3950 captos
3078 3883 3128 3936 in
3165 3895 3442 3941 monaste-

1878 3946 2017 4021 rium
2043 3945 2315 4021 relegavit.
2341 3945 2645 4021 Coronatus
2665 3958 2749 4021 est
2775 3945 2952 4005 autem
2977 3953 3092 4021 ipse
3110 3951 3446 4021 Nicephorus

1927 4015 2122 4095 Cos_m_a
2140 4015 2463 4095 patriarcha,
2490 4019 2796 4095 quieodem
2826 4015 3214 4095 anno,'.i_oanne
3240 4015 3444 4095 Xipliy-

1877 4086 1989 4160 lino
2007 4085 2280 4160 defuncto,
2317 4103 2344 4141 a
2388 4085 2646 4160 Mici'raele
2682 4085 3006 4160 imperatore
3034 4092 3086 4144 in
3112 4093 3288 4146 locum
3307 4085 3443 4160 'ejus

1877 4155 2052 4210 fuerat
2099 4157 2451 4231 subrogatus._
2491 4157 2721 4231 venerat
2759 4155 2876 4214 'iste
2907 4159 3329 4231 'ilierosoiymis,
3350 4155 3367 4160 ⁷
3388 4171 3444 4214 et

1876 4240 2085 4298 magnae
2141 4226 2576 4298 existimationis
2646 4237 2764 4281 erat
2832 4228 2972 4297 apud
3036 4226 3438 4298 imperatorem.

1874 4293 2103 4364 Joannes
2128 4293 2489 4364 Curopalates.
2647 4300 2656 4308 '

1948 4363 2007 4418 Si
2045 4366 2160 4434 quis
2209 4363 2677 4436 Nortntannorum.
2707 4363 2880 4436 Hujus
2907 4367 3132 4423 canonis
3163 4368 3441 4425 sanciendi

1877 4433 2218 4522 occasioue’m
2242 4433 2351 4522 Leo
2375 4434 2643 4517 ostiensis
2681 4433 2967 4522 episcopus
2998 4440 3090 4509 qui
3117 4439 3303 4493 aderat
3343 4439 3438 4522 lib.

1878 4505 2082 4576 ὄνεαρ.
2102 4506 2171 4576 ιεὸ
2205 4514 2259 4560 et
2283 4507 2371 4569 46,
2403 4507 2483 4560 sic
2508 4501 2729 4576 enarrat
2757 4524 2769 4559 :
2805 4526 2823 4558 ί
2853 4501 3050 4562 Eodem
3073 4518 3315 4576 tempore
3343 4501 3448 4562 ilo-

1880 4575 2096 4628 sellante
2117 4575 2371 4628 Ecciesiw
2387 4575 2623 4642 pontifex
2647 4577 2712 4629 ad
2743 4577 2845 4628 hoc
2864 4577 3170 4631 emnobium
3186 4575 3442 4643 veniens,

1881 4659 1985 4718 non
2005 4659 2221 4718 parvam
2252 4644 2783 4718 pecuniaesummam
2811 4647 2863 4698 in
2896 4646 2998 4718 hoc
3021 4648 3138 4702 loco
3164 4647 3432 4718 deposuit.

1879 4711 2154 4785 Quodubi
2183 4711 2402 4766 Jordani
2435 4713 2664 4783 principi
2687 4713 2888 4785 Capua:
2916 4717 3142 4773 relatum
3172 4711 3276 4781 est,
3304 4717 3439 4770 mis-

1878 4783 1954 4835 sis
1980 4782 2260 4847 militibus,
2285 4797 2406 4836 eam
2430 4785 2497 4838 de
2519 4782 2811 4840 secretario
2831 4787 3071 4841 ecclesiae
3099 4785 3360 4849 abstrahi,
3385 4797 3438 4839 et

1877 4852 1940 4922 ad
1969 4866 2027 4922 se
2067 4851 2320 4922 prtecepit
2353 4853 2551 4908 ali‘crri.
2581 4854 2660 4909 Ad
2691 4856 2804 4908 hmo
2843 4854 3038 4908 fratres
3070 4873 3082 4907 :
3122 4853 3436 4921 Pecuniam,

1878 4921 2169 4992 inquiunt,
2219 4921 2339 4992 qum
2388 4923 2534 4976 Patri
2586 4923 2873 4977 Benedicto
2920 4923 3288 4989 creditaest,
3337 4941 3438 4981 nos

1877 4991 2009 5043 nulli
2031 4991 2256 5045 omnino
2283 4993 2578 5046 viventium
2606 4992 2832 5054 damus;
2857 5007 3039 5046 verum
3064 4992 3117 5047 in
3147 4995 3442 5049 secretario

1878 5061 2146 5141 conditam
2183 5062 2281 5141 qui
2313 5061 2714 5141 praesumpserit
2749 5062 2916 5116 tollat.
2955 5062 3150 5141 Milites
3171 5065 3438 5141 diabolica

1878 5129 2060 5184 furore
2095 5129 2285 5183 ebriati
2326 5131 2610 5198 pecuniam
2640 5131 2706 5185 de
2741 5134 3038 5188 secretario
3094 5133 3434 5196 abstrahunt,

1877 5216 1938 5253 ac
1964 5199 2290 5268 abstractam
2315 5200 2379 5252 ad
2418 5199 2713 5268 principem
2743 5200 3010 5258 deferunt.
3052 5202 3282 5258 Tantum
3308 5219 3437 5256 vero

1875 5277 1928 5341 et
1951 5278 2060 5320 tam
2094 5266 2327 5341 immane
2353 5266 2762 5341 inauditamque
2781 5269 2994 5341 facinus
3015 5273 3255 5341 Gregorii
3285 5287 3437 5339 papae

1875 5338 2004 5408 dum
2035 5338 2364 5404 pervenisset
2393 5337 2861 5408 adauresfhujus
2889 5337 3202 5396 temeritatis
3236 5337 3434 5394 noxam

1877 5406 2103 5460 inuitam
2146 5422 2266 5462 esse
2314 5423 2424 5461 non
2461 5407 2658 5470 ferens,
2689 5417 2743 5461 et
2775 5406 2971 5464 ξ’ρι-εηε
3014 5426 3080 5464 ne
3113 5410 3214 5464 hoc
3243 5425 3436 5465 rursus

1874 5476 2119 5545 exemplo
2145 5477 2370 5531 ecclesia
2397 5486 2579 5532 nostra
2602 5477 2910 5545 violaretur,
2932 5480 3169 5532 divinum
3199 5478 3432 5534 oﬁicinm

1877 5547 1930 5597 in
1976 5546 2201 5600 ecclesia
2248 5545 2424 5615 Patris
2473 5545 2743 5600 Benedicti
2801 5547 3092 5612 interdixit,
3135 5547 3433 5615 aitariaqu-e

1877 5615 2058 5668 omnia
2080 5615 2269 5668 nudari
2302 5613 2444 5678 fecit,
2476 5629 2724 5672 asserens
2757 5617 2810 5668 in
2841 5623 2990 5668 tanto
3025 5617 3225 5671 scelere
3253 5613 3430 5669 nimiae

1877 5683 2208 5745 negiigentite
2253 5684 2680 5754 damnandzeque
2717 5683 3036 5740 formidinis
3096 5684 3427 5740 Desidet-inm
