3944 6404
169 517 235 570 Sil
245 518 269 568 ’ἰ

1379 500 1749 560 ωκωιιιξλι
1793 497 2128 554 ῐίΟῗοΜΧιζέιλ
2179 495 2235 548 κ’.

3317 493 3418 542 Sibi

171 627 498 690 auctoritate
525 625 686 681 oﬁieii
715 623 817 679 sibi
844 620 1122 678 commissi
1177 619 1349 674 multo
1373 617 1658 671 sollicitius
1682 615 1748 668 ad
1783 623 1820 674 ,1,
1852 613 2069 665 ratione
2104 621 2294 662 vestru-
2321 607 2615 663 tiliationis.
2647 606 2762 659 Non
2787 607 2960 659 solitttt
2987 620 3130 658 t‘ttlltl
3193 622 3292 659 nos
3337 622 3426 659 res

171 722 295 788 vitae
346 718 784 788 melim'atioueut
835 729 960 768 eum
1002 713 1055 764 in
1096 711 1213 766 dies
1249 708 1586 769 hortabatur,
1623 721 1747 759 cunt

173 791 855 870 iﬁc'excusatione‘aztatis
910 804 1066 858 ﬂuxa:
1107 811 1158 856 et
1206 799 1411 870 fragilis
1458 800 1523 853 de
1563 797 1650 851 die
1694 797 1746 849 in

173 903 313 958 diem
343 897 555 955 monita
599 897 720 968 ejus
764 912 824 950 se
881 901 1265 962 suscepturum
1301 889 1482 945 verbis
1531 887 1746 957 quidem

175 991 538 1063 promitteret,
566 995 822 1043 caeterum
846 1001 904 1040 re
930 993 983 1039 et
1002 981 1420 1054 cxaggcrationc
1443 979 1746 1048 culparum,

177 1084 318 1136 tualo
352 1096 568 1144 eorum,
597 1081 650 1132 in
677 1091 912 1148 quorum
946 1090 1141 1129 manus
1173 1073 1324 1127 curia
1347 1080 1484 1136 erat,
1521 1068 1750 1123 consilio

83 1161 94 1182 ’
178 1173 393 1240 penitus
419 1169 784 1226 conculcarct.
813 1165 950 1220 Hinc
969 1166 1084 1236 jam
1142 1163 1434 1234 proclivior
1467 1161 1641 1214 factus
1683 1158 1749 1212 ad

177 1263 382 1318 scelera
440 1275 679 1331 pneceps
722 1257 983 1328 prazcipiti
1044 1272 1177 1311 usus
1211 1253 1440 1308 consilio
1479 1249 1753 1306 ferebatur

175 1351 469 1424 perdevia.
494 1349 684 1405 Visum
716 1357 800 1404 est
834 1364 984 1418 papa:
1009 1346 1326 1400 beatissimo
1363 1353 1420 1397 ut
1459 1341 1753 1396 familiares

176 1446 316 1513 ejus,
354 1424 591 1512 quorum
629 1438 1126 1494 machinationibus
1167 1452 1262 1505 per
1311 1436 1655 1505 episcopatus
1699 1441 1753 1485 et

177 1532 509 1586 monasteria
541 1528 776 1583 inductis
799 1526 1106 1582 Simoniace
1133 1525 1272 1593 lupis
1295 1539 1391 1593 pro
1422 1522 1748 1592 pastoribus,

178 1623 434 1678 Ecclesiae
461 1621 827 1676 innocentiam
853 1617 1045 1673 htercsi
1074 1616 1300 1671 nefanda
1328 1614 1645 1678 fiedaverat,
1680 1612 1746 1664 ad

176 1713 553 1784 paenitentiam
627 1719 844 1765 voearet
873 1751 887 1775 ,
948 1709 1227 1762 venientes
1280 1706 1614 1775 susciperet,
1669 1719 1752 1756 re-

141 1805 147 1810 ’
176 1813 437 1875 spuentes
463 1820 492 1856 a
517 1801 902 1857 communione
935 1799 1182 1869 corporis
1215 1797 1416 1852 Christi
1443 1803 1497 1849 et
1529 1810 1753 1849 consor-

177 1896 252 1950 tio
273 1895 514 1950 ﬁdelium
545 1901 840 1962 separaret,
866 1900 924 1945 ut
954 1891 1037 1946 vel
1067 1877 1149 1944 sic
1173 1905 1298 1943 eum
1321 1889 1390 1942 ab
1409 1903 1597 1941 eorum
1624 1886 1753 1940 sub-

176 1987 424 2056 reptione
467 1992 523 2039 et
553 1983 790 2054 maligno
821 1982 1052 2037 consilio
1077 1989 1408 2051 segregaret,
1447 1979 1749 2032 admonens

173 2091 298 2130 eum
331 2085 394 2130 ut
425 2090 520 2132 eos
565 2073 1068 2130 exconuounicatos
1102 2087 1132 2125 a
1154 2073 1339 2136 domo,
1364 2071 1432 2124 ab
1477 2071 1748 2133 convivio,

175 2171 244 2220 ab
268 2168 422 2223 omni
456 2165 619 2219 etiam
657 2161 1024 2219 familiaritate
1043 2170 1096 2216 et
1128 2160 1513 2216 communione
1535 2174 1632 2213 sua
1657 2176 1750 2213 cx-

175 2259 416 2329 pelleret.
452 2256 674 2311 Interim
705 2252 1224 2308 veroinvalescente
1268 2261 1458 2305 contra
1485 2266 1610 2304 eum
1647 2249 1750 2302 Sa-

176 2366 381 2406 xonum
415 2364 602 2414 causa,
625 2361 749 2402 cum
786 2345 931 2400 vires
961 2343 1112 2414 regni
1161 2351 1215 2397 et
1241 2342 1488 2412 prtesitlia
1511 2357 1541 2394 a
1576 2356 1634 2395 se
1673 2342 1752 2394 vi-

173 2441 327 2499 deret
360 2440 590 2496 deﬁcere
609 2437 762 2503 velle,
809 2435 1092 2506 epistolam
1132 2435 1184 2490 ei
1222 2433 1416 2488 direxit
1456 2433 1750 2502 supplicem

173 2543 227 2588 et
256 2531 566 2588 humilitate
618 2528 834 2598 plenam
855 2567 868 2589 ,
905 2525 1282 2596 paenitentiam
1333 2525 1399 2578 de
1434 2523 1752 2592 perpetratis

175 2640 368 2694 agens;
387 2619 817 2678 emendationem
844 2617 1120 2687 pollicens,
1152 2626 1206 2670 et
1236 2630 1388 2669 suam
1420 2615 1468 2667 ei
1493 2614 1750 2668 obedien—

177 2715 308 2768 tiam
341 2722 398 2768 et
424 2713 578 2768 fidele
601 2709 933 2780 adjutorium
967 2716 1157 2763 contra
1178 2706 1499 2760 rebellantes
1525 2707 1751 2774 promit-

178 2813 320 2858 tens.
355 2803 424 2857 Et
445 2804 549 2858 hoc
574 2800 920 2872 pustmodum
938 2799 1127 2868 legatis
1148 2798 1266 2867 ejus
1286 2796 1578 2849 llumberto
1606 2795 1753 2850 Prae-

179 2895 396 2968 nestino
430 2901 485 2948 et
525 2891 749 2947 Giraldo
801 2887 1040 2946 Ostiensi
1081 2889 1375 2958 episcopis,
1435 2887 1486 2940 in
1537 2887 1752 2940 llltli'tttll

179 3000 378 3040 manus
409 2999 506 3055 per
539 2990 783 3038 sacratas
831 2996 1020 3036 eorum
1075 2981 1266 3044 stolas,
1303 2994 1442 3049 quas
1485 2979 1624 3033 collo
1664 2996 1755 3048 ge-

178 3078 443 3144 stabant,
509 3071 866 3145 jurejurando
923 3072 1275 3126 cunﬁrmans.
1330 3070 1532 3124 Textus
1572 3081 1752 3124 autem

176 3167 426 3238 epistolae
449 3164 551 3220 iste
578 3172 663 3220 est
690 3180 703 3218 :

329 3279 348 3310 ι
391 3256 632 3312 Heinrici
660 3254 994 3324 imperatoris
1043 3253 1265 3322 epistola
1308 3253 1377 3306 ad
1399 3268 1610 3322 papam.

255 3370 277 3404 ι
307 3347 736 3420 Vigilantissimo
763 3355 817 3400 et
837 3345 1340 3400 desiderantissimo
1363 3345 1584 3399 domino
1608 3361 1756 3414 papa:

179 3438 451 3509 Gregorio
511 3435 806 3505 apostolica
851 3433 1116 3503 dignitate
1175 3434 1390 3488 caelitus
1452 3434 1752 3503 insignito,

179 3528 476 3586 lleinricus
505 3509 600 3580 Dei
623 3523 794 3594 gratia
826 3521 1201 3578 Romanorum
1233 3537 1330 3576 rex
1360 3521 1527 3576 debiti
1574 3521 1757 3576 famu-

180 3614 722 3676 latus‘ﬁdelissimam
743 3610 1153 3667 exhibitionem.
1187 3614 1190 3615 ⁷

145 3704 153 3710 ’
259 3727 282 3760 ι
331 3705 473 3762 Cum
509 3718 736 3776 regnum
756 3710 812 3756 et
832 3700 1214 3765 sacerdotium,
1264 3700 1400 3754 utin
1425 3700 1646 3756 Christo
1682 3701 1758 3755 ri-

185 3809 238 3855 te
267 3795 648 3854 administrata
672 3791 990 3858 subsistant,
1015 3791 1217 3847 vicaria
1269 3792 1353 3846 sui
1400 3807 1501 3861 0pc
1548 3808 1760 3863 semper

184 3889 489 3960 indigeant,
538 3892 750 3956 oportet
805 3883 1088 3948 nimirum,
1131 3882 1352 3938 domine
1395 3882 1469 3936 mi
1519 3891 1573 3937 et
1602 3880 1762 3938 Pater

182 3977 586 4042 amantissime,
612 3982 883 4045 quatenus
914 3974 984 4028 ab
1007 3973 1235 4028 invicem
1282 3973 1506 4028 minime
1549 3975 1762 4030 dissen-

181 4070 351 4134 tiant,
373 4081 561 4121 verum
593 4065 772 4134 potius
806 4062 1013 4120 Christi
1061 4064 1268 4134 glutino
1315 4065 1762 4134 conjunctissimo

181 4153 641 4215 indissolubiliter
671 4150 774 4206 sibi
799 4151 1128 4204 cohaereant.
1177 4149 1422 4220 Namque
1461 4154 1542 4208 sic
1576 4162 1630 4207 et
1653 4170 1762 4208 non
1794 4178 1802 4184 -

182 4246 351 4300 aliter
389 4248 742 4297 conservatur
773 4240 827 4293 in
871 4238 1091 4293 vinculo
1115 4238 1365 4308 perfectae
1400 4241 1681 4296 charitatis
1710 4252 1764 4296 et

181 4332 366 4407 pacis,
391 4341 447 4386 et
470 4329 792 4398 Christiana:
830 4329 1116 4384 concordia
1163 4329 1388 4384 unitatis
1415 4340 1470 4385 et
1507 4332 1764 4386 ecclesia-

183 4427 347 4484 stica:
367 4417 542 4480 simul
560 4430 735 4479 status
772 4421 1070 4492 religionis.
1107 4419 1211 4476 Sed
1237 4438 1357 4488 nos,
1388 4422 1502 4492 qui,
1530 4421 1641 4476 Deo
1667 4438 1764 4477 an-

185 4496 418 4579 nuente,
449 4513 598 4585 regni
640 4513 756 4584 jam
795 4512 1056 4568 sortimur
1085 4511 1466 4588 ministerium,
1516 4513 1764 4567 sacerdo-

184 4609 296 4674 tio,
332 4616 393 4661 ut
414 4603 674 4676 oportuit,
699 4621 792 4675 per
827 4603 1010 4660 omnia
1035 4602 1127 4671 jus
1149 4603 1494 4658 et'bouorem
1530 4620 1636 4658 non
1668 4622 1764 4658 es-

187 4787 414 4845 testatis
428 4785 694 4840 vindicem
716 4785 954 4856 gladium
969 4797 1074 4837 non
1086 4783 1205 4840 sine
1222 4797 1386 4837 causa
1410 4785 1771 4851 portavimus,

187 4892 302 4933 nec
317 4884 500 4931 tamen
535 4873 592 4928 in
621 4888 766 4939 reos,
791 4883 852 4928 ut
872 4875 1084 4942 justum
1127 4872 1248 4936 fuit,
1294 4871 1579 4940 judiciaria
1619 4875 1767 4930 illum

189 4972 446 5024 oensura‘
469 4962 895 5034 evagiuavimus.
931 4961 1084 5016 Nunc
1115 4970 1294 5015 autem
1330 4963 1510 5017 divina
1540 4966 1767 5019 misera-

193 5059 351 5116 tione
371 5053 762 5124 aliquantulum
785 5052 1092 5121 compuncti
1124 5061 1178 5105 ct
1197 5052 1250 5104 in
1285 5067 1384 5106 nos
1412 5056 1631 5121 l‘eVCl‘Si,
1655 5073 1772 5125 pec-

191 5159 326 5207 cata
347 5156 533 5218 nostra
555 5145 759 5217 priores
787 5155 980 5198 vestrae
1030 5143 1509 5214 indulgentissime
1531 5150 1768 5216 paterni-

196 5239 305 5294 tati
359 5253 463 5293 nos
513 5234 820 5304 accusando
845 5233 1189 5298 conﬁtemur,
1220 5244 1500 5302 Sperantes
1523 5238 1589 5291 de
1617 5239 1771 5292 vobis

199 5329 262 5384 in
295 5327 528 5382 Dcmino
561 5335 618 5381 ut
643 5327 934 5397 apostolica
963 5334 1148 5380 vestra.
1180 5325 1497 5379 auctoritate
1538 5327 1768 5381 absoluti

197 5416 487 5492 justiﬁcar'
519 5433 836 5471 mereamur.
870 5416 1003 5482 Heu,
1033 5415 1314 5471 criminosi
1370 5430 1469 5469 nos
1509 5425 1562 5470 et
1597 5415 1772 5470 infeli-

99 5538 121 5546 ν
201 5509 330 5564 cesi
359 5505 557 5576 partim
583 5506 830 5573 pueritia:
875 5506 1198 5562 blandientis
1232 5505 1598 5570 instinctionc,
1647 5522 1771 5574 par-

204 5597 310 5648 tim
327 5589 676 5646 auctoritatis
716 5600 912 5645 nostra:
953 5593 1239 5661 imperiosa
1287 5591 1553 5656 libertate,
1578 5593 1773 5659 partim

205 5681 372 5738 etiam
403 5691 597 5732 eorum
625 5691 854 5744 quorum
880 5682 1160 5735 scductilia
1209 5682 1430 5734 nimium
1471 5683 1641 5736 secuti
1685 5699 1775 5735 sn-

210 5787 334 5828 mus
373 5769 629 5832 consilia,
666 5766 965 5822 seductoria
999 5772 1314 5840 deceptione
1352 5772 1690 5840 peccavimus
1724 5775 1772 5826 in

206 5864 274 5920 et.-
296 5863 406 5916 lum
437 5867 698 5912 etcoram
732 5858 901 5922 vobis,
928 5869 976 5910 et
1007 5861 1116 5927 jam
1142 5863 1285 5930 digni
1328 5882 1430 5917 non
1459 5881 1643 5916 senius
1686 5882 1773 5915 n.—

1849 702 2248 755 ct'tlcsiasticas
2296 699 2615 762 invasimus,
2675 715 2859 750 \‘utttttt
2918 712 3136 766 quoque
3191 697 3426 768 indignis

1849 791 2202 860 quibuslibet,
2236 801 2289 841 et
2333 787 2645 841 Simoniaco
2685 788 2806 840 fcile
2866 787 3198 848 amaiicatis,
3233 791 3288 839 ct
3315 803 3423 840 non

1853 899 1944 950 per
2005 881 2228 944 ostium,
2282 880 2372 931 scd
2418 877 2636 931 aliunde
2679 877 3124 946 ingrcdientilms,
3167 875 3426 930 ecclesias

1853 972 1998 1041 ipsas
2025 971 2455 1032 vemliditnus,ct
2483 984 2700 1022 noncas
2718 979 2772 1021 ut
2799 969 3036 1036 oportuit
3057 955 3435 1038 (ξυΐιαίιιξὶιιιηξςι

1852 1063 1918 1116 At
1945 1078 2110 1126 nunc,
2143 1062 2272 1130 quia
2309 1062 2409 1114 soli
2440 1061 2646 1131 absque
2682 1068 2858 1112 Vestra
2891 1061 3214 1112 auctoritate
3236 1056 3428 1113 Eri-ltu-

1853 1152 1962 1206 sius
1992 1151 2264 1221 corrigere
2301 1167 2405 1202 non
2449 1165 2760 1218 possumus,
2811 1165 2972 1217 super
3031 1151 3132 1210 his,
3167 1160 3218 1202 ut
3263 1151 3427 1216 etiam
3475 1154 3478 1158 ’

1852 1243 1917 1295 de
1949 1242 2151 1294 nostris
2182 1242 2459 1304 omnibus,
2511 1251 2749 1293 vestrum
2795 1256 2901 1292 una
2934 1241 3222 1293 consilium
3251 1250 3304 1294 ct
3328 1255 3424 1293 att-

1855 1333 2261 1386 xiliumuinjxe
2298 1332 2619 1402 quzrrimus,
2668 1341 2907 1384 Vestrum
2960 1342 3285 1400 pia-ceptum
3315 1339 3432 1384 sttt—
3475 1391 3482 1398 ,

1852 1425 2161 1479 diosissinte
2189 1425 2494 1478 servabitur
2537 1425 2588 1478 in
2635 1425 2908 1477 omnibus.
2963 1423 3022 1476 lit
3059 1442 3202 1478 nunc
3241 1425 3430 1496 impii-

1854 1515 1958 1567 mis
1982 1515 2045 1566 de
2069 1513 2306 1566 Ecclesia
2360 1500 2766 1580 .llediolanensi,
2813 1529 2934 1582 qua:
2980 1524 3160 1567 nostra
3194 1514 3348 1582 culpa
3378 1514 3428 1566 in
3509 1561 3525 1572 ,

1852 1617 2037 1658 errore
2057 1613 2159 1667 est,
2190 1621 2385 1673 rogans
2433 1614 2490 1656 ut
2525 1614 2703 1657 vt'stra
2750 1604 3046 1672 apostolica
3093 1603 3324 1658 districti
3365 1620 3432 1656 ne

1854 1697 2464 1765 canoniceetn'rigatur,
2511 1706 2562 1748 (ξι
2606 1695 2798 1748 exinde
2836 1696 2901 1747 ad
2937 1694 3204 1748 Ecclesias
3252 1695 3430 1749 l‘ttl'l'i,‘

1855 1789 2057 1854 pendas
2079 1788 2421 1842 auctoritatis
2470 1798 2664 1840 vestra:
2710 1787 2975 1840 sententia
3030 1788 3426 1856 progrediatur.

1855 1874 1963 1928 Nos
1994 1891 2123 1945 ergo
2163 1876 2318 1929 vobis
2357 1875 2465 1928 Deo
2493 1876 2705 1927 volente
2741 1875 2794 1928 iu
2834 1875 3088 1927 omnibus
3120 1892 3226 1928 non
3260 1869 3436 1929 dei-ti-

1784 1958 1824 2010 li
1853 1983 1994 2029 inus,
2025 1971 2274 2036 rogantes
2306 1966 2535 2034 idipsuni
2563 1965 2876 2033 suppliciter
2922 1965 3296 2032 paternitatetit
3337 1982 3432 2019 vr-

1852 2067 2023 2112 stram
2067 2067 2130 2112 ut'
2175 2059 2332 2112 nobis
2358 2057 2554 2112 alacris
2581 2057 2722 2110 adsit
2743 2057 3035 2110 clementer
3065 2057 3116 2110 in
3151 2058 3427 2110 onmibus.

1853 2146 2084 2202 Litteras
2106 2156 2322 2202 nostras
2359 2164 2465 2200 non
2494 2158 2612 2216 post
2646 2148 2868 2216 Iungunt
2903 2158 3116 2217 tempus
3141 2165 3264 2200 cttm
3302 2150 3434 2201 ἥσυ-

1852 2237 2078 2292 lissimis
2107 2238 2634 2300 nostris»habitis,es
2662 2239 2861 2306 quibus
2887 2248 3072 2292 nostra
3097 2255 3219 2308 qua:
3244 2240 3432 2294 dicen-

1853 2327 1919 2380 da
1949 2324 2128 2381 adhuc
2159 2337 2386 2392 restant,
2423 2328 2530 2382 lleo
2552 2331 2734 2393 dante,
2765 2330 2974 2397 plenius
3004 2330 3256 2383 audietis.
3301 2350 3317 2379 1

1925 2416 2148 2483 Verum,
2183 2418 2481 2472 commisso
2507 2419 2692 2488 prtelio
2729 2428 2783 2472 et
2810 2419 3031 2471 victoria
3061 2420 3279 2473 obtenta
3305 2461 3318 2483 ,
3363 2419 3431 2473 a-.l

1803 2551 1805 2554 .
1852 2507 2114 2562 vomitum
2141 2508 2248 2562 cito
2274 2508 2450 2572 rediit,
2475 2517 2599 2561 vota
2635 2508 2810 2577 fregit,
2841 2509 3344 2563 exeuntnntnicatos
3375 2511 3430 2563 in

1851 2599 2293 2653 communionem
2340 2608 2395 2652 ct
2449 2600 2680 2668 gratiam
2744 2599 3003 2667 suscepit,
3064 2597 3433 2654 Ecclesiarum

1853 2688 2236 2744 confusionem
2265 2705 2374 2744 nou
2392 2690 2697 2744 abhozruit.
2725 2687 2854 2746 Pius
2876 2698 3056 2744 autem
3087 2706 3222 2760 papa
3249 2693 3430 2746 adhuc

1855 2777 2098 2830 animum
2135 2778 2255 2847 ejus
2306 2779 2626 2832 tentandum
2663 2780 2910 2844 credens,
2968 2779 3172 2832 litteras
3207 2780 3255 2832 ei
3283 2780 3430 2832 dire-

1857 2865 1934 2919 xit
1967 2866 2435 2931 commonitorias,
2463 2875 2521 2920 ut
2547 2867 2925 2921 recordarctur
2949 2864 3163 2921 Domini
3195 2867 3302 2921 Ιὶιιὶ-
3321 2869 3434 2934 sui,

1857 2959 2239 3012 recordaretur
2285 2959 2560 3029 promissi,
2617 2977 2716 3014 nec
2768 2961 3118 3016 inhonorarct
3160 2963 3436 3018 honorau-

1859 3062 1966 3108 tem
2003 3069 2083 3119 se,
2123 3069 2221 3106 nec
2259 3053 2504 3107 crederet
2545 3069 2603 3107 se
2648 3053 2834 3108 falt're
2865 3069 3023 3122 posse
3056 3053 3246 3118 Deum,
3289 3057 3429 3123 adji-

1857 3149 2008 3201 ciens
2040 3147 2204 3200 Deum
2231 3148 2468 3215 superbis
2498 3147 2756 3209 resistere,
2784 3146 3069 3219 humilibus
3102 3157 3275 3200 atatem
3307 3148 3436 3202 dare

1810 3282 1824 3334 1
1857 3239 2086 3309 gratiam
2117 3238 2170 3307 (1
2207 3239 2351 3292 Petr.
2380 3242 2454 3308 v),
2503 3255 2843 3309 parcensquc
2889 3240 2936 3294 ei
2971 3251 3024 3294 et
3049 3243 3437 3297 moderaminis

1858 3330 2141 3398 apostolici
2195 3347 2471 3399 crgaeum
2519 3347 2810 3385 censuram
2863 3347 3215 3398 conservans,
3273 3352 3434 3404 quem

1857 3420 2121 3489 potuisset
2145 3437 2243 3489 pro
2271 3422 2372 3475 hoc
2406 3422 2523 3478 solo
2554 3423 2754 3475 scelere
2780 3423 2927 3491 juste
2959 3425 3170 3492 punire.

2091 3544 2296 3580 Αιτεειλ
2336 3544 2556 3584 ΛυυΙΤΙΟ
2597 3545 2822 3582 ΙἸΙΙΙ.ΙΙῬΙ
2861 3547 3044 3594 [ΑΒΜ-ἰ,
3074 3548 3118 3584 S.
3152 3549 3194 3585 J.

1860 3635 1939 3687 Ad
1963 3637 2236 3710 concilium
2270 3635 2576 3710 ﬂamonium
2607 3635 2670 3710 V,
2725 3654 2789 3689 ar
2815 3639 3057 3692 cln'onico
3105 3639 3142 3692 1τ
3150 3642 3443 3710 irdnnensi,’

1891 3722 2009 3774 vag.
2037 3706 2163 3768 2H,
2193 3715 2316 3758 (om.
2356 3703 2403 3756 Ι.
2434 3705 2773 3760 Bibliotheca!
2806 3727 2950 3761 NUl'tl.’
2987 3727 3081 3763 ms.
3119 3703 3395 3767 librorum:

1931 3796 2080 3848 Anno
2109 3798 2171 3848 ab
2211 3795 2588 3850 lnrnrnnlione
2633 3798 2847 3851 Domini
2889 3801 3038 3866 l078,
3075 3803 3363 3858 indictione
3399 3822 3437 3867 l,

1860 3889 2202 3957 pontiﬁcatus
2243 3887 2355 3954 ejus
2392 3903 2528 3938 anno
2571 3904 2623 3952 v,
2672 3905 2843 3941 mense
2891 3890 3110 3955 Martio,
3156 3891 3438 3962 Gregorius

1861 3994 1997 4047 popa
2050 3975 2156 4028 v11
2190 3975 2436 4028 llonwnte
2458 3977 2657 4044 synodo
2684 3979 3042 4047 episcoporum
3075 3992 3279 4034 centum
3299 4000 3438 4052 μνω-

1863 4068 2058 4134 sidcns,
2087 4068 2221 4119 dixit
2257 4077 2368 4136 post
2407 4066 2586 4137 aliqua
2613 4083 2631 4120 :

1935 4158 2318 4214 Ordinationcs
2391 4159 2608 4213 illorum
2664 4159 2758 4231 qui
2827 4161 2895 4214 ab
2953 4162 3444 4220 cscommunicatis

1865 4257 1994 4302 sunt
2021 4249 2275 4312 ordinati,
2326 4257 2641 4304 sanctorum
2685 4249 2904 4304 Patrum
2955 4261 3246 4320 seqiwntes
3276 4240 3471 4308 vesti-ﬁ

1865 4337 1970 4405 gia,
1998 4335 2179 4389 irritas
2207 4335 2322 4389 ﬁeri
2341 4338 2677 4392 censuimus.
2710 4335 3033 4391 Sanctorum
3073 4339 3441 4407 przcdeecsso-

1866 4440 1986 4478 rum
2014 4431 2326 4478 nostrorum
2358 4435 2564 4480 statuta
2587 4434 2852 4489 tenentes,
2883 4442 2979 4479 eos
3007 4429 3101 4497 qui
3128 4415 3444 4486 cxcounnu?

1867 4514 2060 4574 nicatis
2094 4514 2418 4584 juravcrunt
2460 4517 2716 4570 ﬁdelitate
2749 4527 2841 4569 aut
2867 4528 3212 4574 sacramento
3259 4522 3445 4576 absol-

1801 4603 1842 4655 Ι)
1867 4605 2324 4670 vinnts,etnesibi
2351 4606 2660 4661 ﬁdelitatem
2685 4599 2972 4664 ubscrvcnt
2997 4611 3170 4665 modis
3189 4606 3470 4667 untnilms.

181 4695 481 4760 hibuimus
507 4694 824 4766 legitimum.
868 4692 1077 4760 Quippe
1104 4691 1243 4747 data.-
1289 4693 1447 4748 nobis
1477 4708 1507 4746 a
1539 4692 1649 4748 Deo
1672 4711 1767 4764 po-
1797 4723 1805 4730 -

1861 4697 2235 4768 prohibemus.
2297 4697 2360 4752 lit
2404 4689 2661 4768 qumtiam
2699 4701 2918 4767 multos,
2962 4703 3198 4770 peccatis
3241 4705 3445 4757 nostris

1868 4787 2226 4857 exigentibus,
2279 4804 2374 4856 pro
2423 4805 2588 4842 causa
2634 4790 3211 4844 cxcomnlunicationis
3255 4792 3446 4858 'quoti-

1869 4877 1955 4930 die
2017 4877 2190 4946 perire
2239 4879 2546 4940 cernimus,
2616 4871 3183 4945 partim'ignorantia,
3241 4881 3441 4948 partim

1869 4967 2032 5021 etiam
2080 4968 2243 5021 nimia
2309 4967 2675 5034 simplicitate,
2726 4967 2919 5034 partim
2971 4971 3184 5035 timore,
3245 4976 3444 5040 partim

1869 5058 2032 5110 etiam
2066 5057 2232 5108 nimia
2262 5055 2604 5119 necessitate,
2635 5057 2830 5110 devicti
2866 5059 3260 5127 misericordia,
3314 5082 3446 5117 ana—-

1826 5198 1829 5200 _
1872 5146 2122 5199 thematis
2158 5146 2504 5210 sententiam,
2543 5155 2704 5214 prout
2758 5163 3070 5217 possumus,
3118 5155 3181 5206 ad
3233 5165 3444 5222 tempus

1872 5242 2174 5302 Opportune
2205 5242 2587 5302 temperamus.
2614 5236 2922 5306 Apostoiica
2986 5242 3163 5310 itaque
3206 5246 3446 5295 auctori-

1874 5332 1980 5375 tate
2008 5323 2077 5375 ab
2096 5323 2456 5379 anathematis
2499 5327 2717 5383 vinculo
2762 5331 3151 5392 subtrahimus,
3199 5333 3463 5390 videlicet-

1873 5427 2090 5477 uxores,
2140 5413 2370 5480 liberos,
2429 5434 2645 5482 servos,
2707 5421 2963 5483 ancillas,
3003 5435 3098 5471 seu
3148 5424 3442 5493 mancipia,

1876 5522 2084 5560 necnon
2112 5508 2342 5561 rusticos
2371 5520 2424 5562 ct
2458 5511 2772 5571 servientes,
2823 5519 2878 5560 ct
2921 5525 3109 5564 omncs
3157 5514 3292 5564 alios
3349 5519 3443 5582 qui

1877 5616 1982 5650 non
2015 5599 2400 5652 adeocurialcs
2443 5609 2568 5652 sunt
2616 5608 2675 5650 ut
2719 5613 2904 5651 eorum
2961 5602 3188 5652 consilio
3238 5604 3440 5654 scelera

1878 5695 2270 5754 pcrpetrcntur,
2304 5695 2354 5738 ct
2389 5687 2508 5739 illos
2531 5687 2621 5754 qui
2653 5687 2965 5755 ignorautcr
3000 5691 3442 5742 t'vcontmunica-

1879 5779 1944 5829 tis
1970 5775 2390 5840 communicant,
2433 5777 2682 5831 seu-illos
2710 5780 2803 5847 qui
2854 5781 3258 5832 connnunicant
3314 5794 3440 5832 cum

1881 5866 2063 5933 πίνηιμιί
2102 5854 2502 5919 contuitnucant
2563 5868 3060 5932 i‘suannzunicatis.
3120 5866 3442 5935 Qitituntpzs
