  <div class='ocr_page' id='page_1' title='image "/cluster/home/n/w/nwhite01/storage/ocr_20150623/148/uva.x000829792/411.png"; bbox 0 0 3944 6452; ppageno 0'>
   <div class='ocr_carea' id='block_1_1' title="bbox 711 428 739 439">
    <p class='ocr_par' dir='ltr' id='par_1_1' title="bbox 711 428 739 439">
     <span class='ocr_line' id='line_1_1' title="bbox 711 428 739 439; baseline 0 0"><span class='ocrx_word' id='word_1_1' title='bbox 711 428 739 439; x_wconf 47' lang='grc' dir='ltr'><strong>κ</strong></span> 
     </span>
    </p>
   </div>
   <div class='ocr_carea' id='block_1_2' title="bbox 427 459 531 510">
    <p class='ocr_par' dir='ltr' id='par_1_2' title="bbox 427 459 531 510">
     <span class='ocr_line' id='line_1_2' title="bbox 427 459 531 510; baseline -0.01 0"><span class='ocrx_word' id='word_1_2' title='bbox 427 459 531 510; x_wconf 80' lang='lat'><strong>807</strong></span> 
     </span>
    </p>
   </div>
   <div class='ocr_carea' id='block_1_3' title="bbox 1093 405 2979 524">
    <p class='ocr_par' dir='ltr' id='par_1_3' title="bbox 1093 405 2979 524">
     <span class='ocr_line' id='line_1_3' title="bbox 1093 405 2979 524; baseline -0.002 -18"><span class='ocrx_word' id='word_1_3' title='bbox 1093 452 1147 506; x_wconf 85' lang='lat' dir='ltr'><strong>S.</strong></span> <span class='ocrx_word' id='word_1_4' title='bbox 1192 450 1519 507; x_wconf 76' lang='lat' dir='ltr'><strong>GREGORII</strong></span> <span class='ocrx_word' id='word_1_5' title='bbox 1561 449 1648 504; x_wconf 68' lang='grc' dir='ltr'><strong>νη</strong></span> <span class='ocrx_word' id='word_1_6' title='bbox 1687 447 1834 504; x_wconf 74' lang='grc' dir='ltr'>ΟΡΡ.</span> <span class='ocrx_word' id='word_1_7' title='bbox 1874 448 2050 503; x_wconf 77' lang='lat' dir='ltr'><strong>PARS</strong></span> <span class='ocrx_word' id='word_1_8' title='bbox 2089 447 2174 502; x_wconf 82' lang='lat' dir='ltr'><strong>Ill.</strong></span> <span class='ocrx_word' id='word_1_9' title='bbox 2215 478 2281 489; x_wconf 89' lang='lat'><strong>-——</strong></span> <span class='ocrx_word' id='word_1_10' title='bbox 2322 405 2639 503; x_wconf 57' lang='lat' dir='ltr'><strong>CO&#39;NlilLlA</strong></span> <span class='ocrx_word' id='word_1_11' title='bbox 2676 446 2979 524; x_wconf 73' lang='lat' dir='ltr'><strong>ROMA&#39;NA.</strong></span> 
     </span>
    </p>
   </div>
   <div class='ocr_carea' id='block_1_4' title="bbox 3629 128 3879 198">
    <p class='ocr_par' dir='ltr' id='par_1_4' title="bbox 3629 128 3879 198">
     <span class='ocr_line' id='line_1_4' title="bbox 3629 128 3879 198; baseline 0 0"><span class='ocrx_word' id='word_1_12' title='bbox 3629 128 3879 198; x_wconf 72' lang='grc' dir='ltr'><strong>-πιι</strong></span> 
     </span>
    </p>
   </div>
   <div class='ocr_carea' id='block_1_5' title="bbox 3563 453 3694 507">
    <p class='ocr_par' dir='ltr' id='par_1_5' title="bbox 3563 453 3694 507">
     <span class='ocr_line' id='line_1_5' title="bbox 3563 453 3694 507; baseline 0.015 -2"><span class='ocrx_word' id='word_1_13' title='bbox 3563 453 3694 507; x_wconf 75' lang='lat'><strong>803</strong></span> 
     </span>
    </p>
   </div>
   <div class='ocr_carea' id='block_1_6' title="bbox 424 559 3694 636">
    <p class='ocr_par' dir='ltr' id='par_1_6' title="bbox 424 559 3694 636">
     <span class='ocr_line' id='line_1_6' title="bbox 424 559 3694 636; baseline -0.001 -11"><span class='ocrx_word' id='word_1_14' title='bbox 424 581 604 625; x_wconf 88' lang='lat' dir='ltr'><strong>autem</strong></span> <span class='ocrx_word' id='word_1_15' title='bbox 628 578 830 632; x_wconf 80' lang='lat' dir='ltr'><strong>orator,</strong></span> <span class='ocrx_word' id='word_1_16' title='bbox 862 568 974 622; x_wconf 80' lang='lat' dir='ltr'><strong>sive</strong></span> <span class='ocrx_word' id='word_1_17' title='bbox 1003 566 1342 636; x_wconf 78' lang='lat' dir='ltr'><strong>peregrinus,</strong></span> <span class='ocrx_word' id='word_1_18' title='bbox 1388 573 1483 618; x_wconf 88' lang='lat' dir='ltr'><strong>aut</strong></span> <span class='ocrx_word' id='word_1_19' title='bbox 1535 565 1710 618; x_wconf 83' lang='lat' dir='ltr'><strong>viator</strong></span> <span class='ocrx_word' id='word_1_20' title='bbox 1757 564 1811 617; x_wconf 87' lang='lat' dir='ltr'><strong>in</strong></span> <span class='ocrx_word' id='word_1_21' title='bbox 1846 572 1989 618; x_wconf 85' lang='lat' dir='ltr'><strong>terra</strong></span> <span class='ocrx_word' id='word_1_22' title='bbox 2023 569 2065 623; x_wconf 78' lang='grc' dir='ltr'>Α</span> <span class='ocrx_word' id='word_1_23' title='bbox 2097 582 2115 613; x_wconf 77' lang='grc' dir='ltr'>ι</span> <span class='ocrx_word' id='word_1_24' title='bbox 2161 563 2483 632; x_wconf 87' lang='lat' dir='ltr'><strong>opusculum</strong></span> <span class='ocrx_word' id='word_1_25' title='bbox 2511 576 2670 616; x_wconf 88' lang='lat' dir='ltr'><strong>suum</strong></span> <span class='ocrx_word' id='word_1_26' title='bbox 2693 561 2958 630; x_wconf 73' lang='lat' dir='ltr'><strong>scripsit.)</strong></span> <span class='ocrx_word' id='word_1_27' title='bbox 3004 559 3158 616; x_wconf 85' lang='lat' dir='ltr'><strong>Unde</strong></span> <span class='ocrx_word' id='word_1_28' title='bbox 3196 571 3250 616; x_wconf 86' lang='lat' dir='ltr'><strong>et</strong></span> <span class='ocrx_word' id='word_1_29' title='bbox 3291 562 3472 618; x_wconf 88' lang='lat' dir='ltr'><strong>adhuc</strong></span> <span class='ocrx_word' id='word_1_30' title='bbox 3507 564 3694 623; x_wconf 84' lang='lat' dir='ltr'><strong>multi</strong></span> 
     </span>
    </p>
   </div>
   <div class='ocr_carea' id='block_1_7' title="bbox 425 653 1992 724">
    <p class='ocr_par' dir='ltr' id='par_1_7' title="bbox 425 653 1992 724">
     <span class='ocr_line' id='line_1_7' title="bbox 425 653 1992 724; baseline -0.004 -11"><span class='ocrx_word' id='word_1_31' title='bbox 425 656 1021 713; x_wconf 75' lang='lat' dir='ltr'><strong>excommunicatorum</strong></span> <span class='ocrx_word' id='word_1_32' title='bbox 1051 655 1257 709; x_wconf 75' lang='lat' dir='ltr'><strong>venerit</strong></span> <span class='ocrx_word' id='word_1_33' title='bbox 1283 697 1297 720; x_wconf 95' lang='lat'><strong>,</strong></span> <span class='ocrx_word' id='word_1_34' title='bbox 1336 654 1428 708; x_wconf 87' lang='lat' dir='ltr'><strong>ubi</strong></span> <span class='ocrx_word' id='word_1_35' title='bbox 1452 669 1559 708; x_wconf 86' lang='lat' dir='ltr'><strong>non</strong></span> <span class='ocrx_word' id='word_1_36' title='bbox 1584 653 1757 724; x_wconf 88' lang='lat' dir='ltr'><strong>possit</strong></span> <span class='ocrx_word' id='word_1_37' title='bbox 1778 668 1960 707; x_wconf 88' lang='lat' dir='ltr'><strong>emere</strong></span> <span class='ocrx_word' id='word_1_38' title='bbox 1977 695 1992 718; x_wconf 97' lang='lat'><strong>,</strong></span> 
     </span>
    </p>
   </div>
   <div class='ocr_carea' id='block_1_8' title="bbox 427 744 1996 816">
    <p class='ocr_par' dir='ltr' id='par_1_8' title="bbox 427 744 1996 816">
     <span class='ocr_line' id='line_1_8' title="bbox 427 744 1996 816; baseline -0.004 -12"><span class='ocrx_word' id='word_1_39' title='bbox 427 758 524 805; x_wconf 88' lang='lat' dir='ltr'><strong>aut</strong></span> <span class='ocrx_word' id='word_1_40' title='bbox 556 749 864 816; x_wconf 68' lang='lat' dir='ltr'><strong>nep/habet</strong></span> <span class='ocrx_word' id='word_1_41' title='bbox 891 748 1034 803; x_wconf 88' lang='lat' dir='ltr'><strong>unde</strong></span> <span class='ocrx_word' id='word_1_42' title='bbox 1081 755 1248 810; x_wconf 86' lang='lat' dir='ltr'><strong>emat,</strong></span> <span class='ocrx_word' id='word_1_43' title='bbox 1286 747 1356 800; x_wconf 90' lang='lat' dir='ltr'><strong>ab</strong></span> <span class='ocrx_word' id='word_1_44' title='bbox 1381 744 1868 800; x_wconf 78' lang='lat' dir='ltr'><strong>exeommunieatis</strong></span> <span class='ocrx_word' id='word_1_45' title='bbox 1901 759 1996 798; x_wconf 81' lang='lat' dir='ltr'><strong>ac-</strong></span> 
     </span>
    </p>
   </div>
   <div class='ocr_carea' id='block_1_9' title="bbox 431 833 1999 908">
    <p class='ocr_par' dir='ltr' id='par_1_9' title="bbox 431 833 1999 908">
     <span class='ocr_line' id='line_1_9' title="bbox 431 833 1999 908; baseline -0.003 -15"><span class='ocrx_word' id='word_1_46' title='bbox 431 839 662 908; x_wconf 74' lang='lat' dir='ltr'><strong>cipiendi</strong></span> <span class='ocrx_word' id='word_1_47' title='bbox 701 839 976 891; x_wconf 73' lang='lat' dir='ltr'><strong>licentiam</strong></span> <span class='ocrx_word' id='word_1_48' title='bbox 1027 837 1241 891; x_wconf 86' lang='lat' dir='ltr'><strong>damus.</strong></span> <span class='ocrx_word' id='word_1_49' title='bbox 1279 835 1344 890; x_wconf 87' lang='lat' dir='ltr'><strong>Et</strong></span> <span class='ocrx_word' id='word_1_50' title='bbox 1381 837 1426 890; x_wconf 91' lang='lat' dir='ltr'><strong>si</strong></span> <span class='ocrx_word' id='word_1_51' title='bbox 1458 836 1582 905; x_wconf 89' lang='lat' dir='ltr'><strong>quis</strong></span> <span class='ocrx_word' id='word_1_52' title='bbox 1625 833 1999 889; x_wconf 74' lang='lat' dir='ltr'><strong>excommuni-</strong></span> 
     </span>
    </p>
   </div>
   <div class='ocr_carea' id='block_1_10' title="bbox 429 925 2003 996">
    <p class='ocr_par' dir='ltr' id='par_1_10' title="bbox 429 925 2003 996">
     <span class='ocr_line' id='line_1_10' title="bbox 429 925 2003 996; baseline -0.004 -14"><span class='ocrx_word' id='word_1_53' title='bbox 429 929 564 982; x_wconf 87' lang='lat' dir='ltr'><strong>catis</strong></span> <span class='ocrx_word' id='word_1_54' title='bbox 586 943 692 982; x_wconf 90' lang='lat' dir='ltr'><strong>non</strong></span> <span class='ocrx_word' id='word_1_55' title='bbox 718 927 1112 983; x_wconf 84' lang='lat' dir='ltr'><strong>sustentatione</strong></span> <span class='ocrx_word' id='word_1_56' title='bbox 1135 925 1404 996; x_wconf 70' lang='lat' dir='ltr'><strong>superbia:</strong></span> <span class='ocrx_word' id='word_1_57' title='bbox 1424 925 1558 996; x_wconf 79' lang='lat' dir='ltr'><strong>[lege</strong></span> <span class='ocrx_word' id='word_1_58' title='bbox 1600 938 1700 994; x_wconf 91' lang='lat' dir='ltr'><strong>pro</strong></span> <span class='ocrx_word' id='word_1_59' title='bbox 1730 931 2003 978; x_wconf 89' lang='lat' dir='ltr'><strong>sustenta-</strong></span> 
     </span>
    </p>
   </div>
   <div class='ocr_carea' id='block_1_11' title="bbox 431 1011 1996 1085">
    <p class='ocr_par' dir='ltr' id='par_1_11' title="bbox 431 1011 1996 1085">
     <span class='ocr_line' id='line_1_11' title="bbox 431 1011 1996 1085; baseline -0.004 -15"><span class='ocrx_word' id='word_1_60' title='bbox 431 1017 601 1080; x_wconf 90' lang='lat' dir='ltr'><strong>tione,</strong></span> <span class='ocrx_word' id='word_1_61' title='bbox 636 1031 744 1070; x_wconf 86' lang='lat' dir='ltr'><strong>non</strong></span> <span class='ocrx_word' id='word_1_62' title='bbox 779 1016 1066 1085; x_wconf 62' lang='lat' dir='ltr'><strong>superbia,</strong></span> <span class='ocrx_word' id='word_1_63' title='bbox 1090 1022 1219 1080; x_wconf 89' lang='lat' dir='ltr'><strong>ete.,</strong></span> <span class='ocrx_word' id='word_1_64' title='bbox 1250 1023 1307 1068; x_wconf 78' lang='lat' dir='ltr'><strong>ut</strong></span> <span class='ocrx_word' id='word_1_65' title='bbox 1334 1031 1494 1083; x_wconf 87' lang='lat' dir='ltr'><strong>supra</strong></span> <span class='ocrx_word' id='word_1_66' title='bbox 1520 1015 1576 1066; x_wconf 79' lang='lat' dir='ltr'><strong>in</strong></span> <span class='ocrx_word' id='word_1_67' title='bbox 1619 1013 1807 1065; x_wconf 78' lang='lat' dir='ltr'><strong>roncil.</strong></span> <span class='ocrx_word' id='word_1_68' title='bbox 1844 1011 1996 1065; x_wconf 87' lang='lat' dir='ltr'><strong>Rom.</strong></span> 
     </span>
    </p>
   </div>
   <div class='ocr_carea' id='block_1_12' title="bbox 434 1102 2001 1176">
    <p class='ocr_par' dir='ltr' id='par_1_12' title="bbox 434 1102 2001 1176">
     <span class='ocr_line' id='line_1_12' title="bbox 434 1102 2001 1176; baseline -0.003 -18"><span class='ocrx_word' id='word_1_69' title='bbox 434 1104 464 1158; x_wconf 85' lang='grc' dir='ltr'><em>ι</em></span> <span class='ocrx_word' id='word_1_70' title='bbox 480 1103 539 1170; x_wconf 77' lang='grc' dir='ltr'><strong>ν,</strong></span> <span class='ocrx_word' id='word_1_71' title='bbox 583 1103 780 1176; x_wconf 56' lang='lat' dir='ltr'><strong>Hann]</strong></span> <span class='ocrx_word' id='word_1_72' title='bbox 810 1104 902 1160; x_wconf 89' lang='lat' dir='ltr'><strong>sed</strong></span> <span class='ocrx_word' id='word_1_73' title='bbox 935 1104 1292 1158; x_wconf 79' lang='lat' dir='ltr'><strong>humanitatis</strong></span> <span class='ocrx_word' id='word_1_74' title='bbox 1316 1119 1483 1157; x_wconf 86' lang='lat' dir='ltr'><strong>causa</strong></span> <span class='ocrx_word' id='word_1_75' title='bbox 1518 1103 1721 1172; x_wconf 72' lang='lat' dir='ltr'><strong>aliquid</strong></span> <span class='ocrx_word' id='word_1_76' title='bbox 1748 1102 1880 1156; x_wconf 86' lang='lat' dir='ltr'><strong>dare</strong></span> <span class='ocrx_word' id='word_1_77' title='bbox 1899 1116 2001 1154; x_wconf 89' lang='lat' dir='ltr'><strong>vo-</strong></span> 
     </span>
    </p>
   </div>
   <div class='ocr_carea' id='block_1_13' title="bbox 435 1191 2001 1266">
    <p class='ocr_par' dir='ltr' id='par_1_13' title="bbox 435 1191 2001 1266">
     <span class='ocr_line' id='line_1_13' title="bbox 435 1191 2001 1266; baseline -0.005 -16"><span class='ocrx_word' id='word_1_78' title='bbox 435 1197 598 1251; x_wconf 85' lang='lat' dir='ltr'><strong>luerit</strong></span> <span class='ocrx_word' id='word_1_79' title='bbox 627 1213 733 1250; x_wconf 87' lang='lat' dir='ltr'><strong>non</strong></span> <span class='ocrx_word' id='word_1_80' title='bbox 755 1196 1127 1266; x_wconf 83' lang='lat' dir='ltr'><strong>prohibemus.</strong></span> <span class='ocrx_word' id='word_1_81' title='bbox 1178 1195 1374 1250; x_wconf 81' lang='lat' dir='ltr'><strong>Actum</strong></span> <span class='ocrx_word' id='word_1_82' title='bbox 1427 1195 1482 1248; x_wconf 94' lang='lat' dir='ltr'><strong>in</strong></span> <span class='ocrx_word' id='word_1_83' title='bbox 1527 1193 1756 1249; x_wconf 78' lang='lat' dir='ltr'><strong>ecclesia</strong></span> <span class='ocrx_word' id='word_1_84' title='bbox 1784 1191 2001 1246; x_wconf 91' lang='lat' dir='ltr'><strong>Domini</strong></span> 
     </span>
    </p>
   </div>
   <div class='ocr_carea' id='block_1_14' title="bbox 436 1280 2001 1355">
    <p class='ocr_par' dir='ltr' id='par_1_14' title="bbox 436 1280 2001 1355">
     <span class='ocr_line' id='line_1_14' title="bbox 436 1280 2001 1355; baseline -0.003 -16"><span class='ocrx_word' id='word_1_85' title='bbox 436 1284 732 1340; x_wconf 86' lang='lat' dir='ltr'><strong>Salvatoris</strong></span> <span class='ocrx_word' id='word_1_86' title='bbox 791 1301 913 1355; x_wconf 72' lang='lat' dir='ltr'><strong>qua:</strong></span> <span class='ocrx_word' id='word_1_87' title='bbox 978 1286 1280 1355; x_wconf 82' lang='lat' dir='ltr'><strong>appellatur</strong></span> <span class='ocrx_word' id='word_1_88' title='bbox 1339 1280 1729 1338; x_wconf 85' lang='lat' dir='ltr'><strong>Constantiana</strong></span> <span class='ocrx_word' id='word_1_89' title='bbox 1799 1280 2001 1352; x_wconf 76' lang='grc' dir='ltr'><strong>[[ονιε,</strong></span> 
     </span>
    </p>
   </div>
   <div class='ocr_carea' id='block_1_15' title="bbox 401 1369 1681 1444">
    <p class='ocr_par' dir='ltr' id='par_1_15' title="bbox 401 1369 1681 1444">
     <span class='ocr_line' id='line_1_15' title="bbox 401 1369 1681 1444; baseline -0.002 -17"><span class='ocrx_word' id='word_1_90' title='bbox 401 1407 404 1410; x_wconf 78' lang='lat'><strong><em>~</em></strong></span> <span class='ocrx_word' id='word_1_91' title='bbox 433 1371 915 1438; x_wconf 64' lang='lat' dir='ltr'><strong>Constantinianum,</strong></span> <span class='ocrx_word' id='word_1_92' title='bbox 943 1369 1240 1444; x_wconf 71' lang='lat' dir='ltr'><strong>Hann.],’v.</strong></span> <span class='ocrx_word' id='word_1_93' title='bbox 1272 1371 1457 1426; x_wconf 87' lang='lat' dir='ltr'><strong>Nonas</strong></span> <span class='ocrx_word' id='word_1_94' title='bbox 1484 1371 1681 1425; x_wconf 84' lang='lat' dir='ltr'><strong>Martii.</strong></span> 
     </span>
    </p>
   </div>
   <div class='ocr_carea' id='block_1_16' title="bbox 437 1461 2007 1588">
    <p class='ocr_par' dir='ltr' id='par_1_16' title="bbox 437 1461 2007 1588">
     <span class='ocr_line' id='line_1_16' title="bbox 437 1461 2007 1588; baseline -0.001 -71"><span class='ocrx_word' id='word_1_95' title='bbox 437 1462 774 1520; x_wconf 66' lang='lat' dir='ltr'><strong>Onsnnvs&#39;no</strong></span> <span class='ocrx_word' id='word_1_96' title='bbox 797 1481 844 1517; x_wconf 83' lang='lat' dir='ltr'><strong>r.</strong></span> <span class='ocrx_word' id='word_1_97' title='bbox 874 1480 1099 1544; x_wconf 50' lang='lat' dir='ltr'><strong>suros&quot;</strong></span> <span class='ocrx_word' id='word_1_98' title='bbox 1135 1463 1266 1588; x_wconf 35' lang='lat' dir='ltr'><strong>P165;</strong></span> <span class='ocrx_word' id='word_1_99' title='bbox 1293 1464 1361 1517; x_wconf 82' lang='lat' dir='ltr'><strong>ad</strong></span> <span class='ocrx_word' id='word_1_100' title='bbox 1393 1480 1480 1516; x_wconf 84' lang='lat' dir='ltr'><strong>an.</strong></span> <span class='ocrx_word' id='word_1_101' title='bbox 1512 1463 1637 1518; x_wconf 80' lang='lat' dir='ltr'><strong>Chr.</strong></span> <span class='ocrx_word' id='word_1_102' title='bbox 1701 1461 1858 1527; x_wconf 77' lang='grc'><strong>1078,</strong></span> <span class='ocrx_word' id='word_1_103' title='bbox 1893 1477 1944 1515; x_wconf 86' lang='lat' dir='ltr'><strong>n.</strong></span> <span class='ocrx_word' id='word_1_104' title='bbox 1972 1462 2007 1516; x_wconf 73' lang='grc'><strong>4</strong></span> 
     </span>
     <span class='ocr_line' id='line_1_17' title="bbox 1156 1550 2000 1587; baseline 0 0"><span class='ocrx_word' id='word_1_105' title='bbox 1156 1550 1183 1587; x_wconf 77' lang='grc' dir='ltr'><em>ρ</em></span> <span class='ocrx_word' id='word_1_106' title='bbox 1272 1575 1286 1587; x_wconf 94' lang='grc'><strong>.</strong></span> <span class='ocrx_word' id='word_1_107' title='bbox 1997 1554 2000 1556; x_wconf 48' lang='grc' dir='ltr'><strong>ν</strong></span> 
     </span>
    </p>
   </div>
   <div class='ocr_carea' id='block_1_17' title="bbox 511 1620 2009 1696">
    <p class='ocr_par' dir='ltr' id='par_1_17' title="bbox 511 1620 2009 1696">
     <span class='ocr_line' id='line_1_18' title="bbox 511 1620 2009 1696; baseline -0.002 -18"><span class='ocrx_word' id='word_1_108' title='bbox 511 1624 701 1679; x_wconf 87' lang='lat' dir='ltr'><strong>Subdit</strong></span> <span class='ocrx_word' id='word_1_109' title='bbox 724 1625 790 1680; x_wconf 89' lang='lat' dir='ltr'><strong>de</strong></span> <span class='ocrx_word' id='word_1_110' title='bbox 817 1640 848 1679; x_wconf 94' lang='lat' dir='ltr'><strong>v</strong></span> <span class='ocrx_word' id='word_1_111' title='bbox 875 1625 1081 1696; x_wconf 86' lang='lat' dir='ltr'><strong>synodo</strong></span> <span class='ocrx_word' id='word_1_112' title='bbox 1125 1624 1369 1679; x_wconf 81' lang='lat' dir='ltr'><strong>Romana</strong></span> <span class='ocrx_word' id='word_1_113' title='bbox 1419 1623 1703 1679; x_wconf 87' lang='lat' dir='ltr'><strong>Bertoldus</strong></span> <span class='ocrx_word' id='word_1_114' title='bbox 1752 1623 1806 1677; x_wconf 90' lang='lat' dir='ltr'><strong>in</strong></span> <span class='ocrx_word' id='word_1_115' title='bbox 1831 1620 2009 1676; x_wconf 90' lang='lat' dir='ltr'><strong>Chro-</strong></span> 
     </span>
    </p>
   </div>
   <div class='ocr_carea' id='block_1_18' title="bbox 441 1710 2011 1784">
    <p class='ocr_par' dir='ltr' id='par_1_18' title="bbox 441 1710 2011 1784">
     <span class='ocr_line' id='line_1_19' title="bbox 441 1710 2011 1784; baseline -0.002 -17"><span class='ocrx_word' id='word_1_116' title='bbox 441 1714 594 1769; x_wconf 83' lang='lat' dir='ltr'><strong>nico:</strong></span> <span class='ocrx_word' id='word_1_117' title='bbox 666 1731 684 1765; x_wconf 82' lang='lat' dir='ltr'><strong>t</strong></span> <span class='ocrx_word' id='word_1_118' title='bbox 727 1712 785 1766; x_wconf 93' lang='lat' dir='ltr'><strong>ln</strong></span> <span class='ocrx_word' id='word_1_119' title='bbox 817 1713 1026 1784; x_wconf 82' lang='lat' dir='ltr'><strong>synodo</strong></span> <span class='ocrx_word' id='word_1_120' title='bbox 1070 1713 1171 1766; x_wconf 83' lang='lat' dir='ltr'><strong>ista</strong></span> <span class='ocrx_word' id='word_1_121' title='bbox 1215 1711 1575 1782; x_wconf 88' lang='lat' dir='ltr'><strong>Berengarius</strong></span> <span class='ocrx_word' id='word_1_122' title='bbox 1608 1710 2011 1781; x_wconf 81' lang='lat' dir='ltr'><strong>Andegavensis</strong></span> 
     </span>
    </p>
   </div>
   <div class='ocr_carea' id='block_1_19' title="bbox 448 1802 2012 1873">
    <p class='ocr_par' dir='ltr' id='par_1_19' title="bbox 448 1802 2012 1873">
     <span class='ocr_line' id='line_1_20' title="bbox 448 1802 2012 1873; baseline -0.002 -16"><span class='ocrx_word' id='word_1_123' title='bbox 448 1823 465 1856; x_wconf 71' lang='grc' dir='ltr'><strong><em>ι</em></strong></span> <span class='ocrx_word' id='word_1_124' title='bbox 511 1805 825 1868; x_wconf 83' lang='lat' dir='ltr'><strong>canonicus,</strong></span> <span class='ocrx_word' id='word_1_125' title='bbox 863 1813 922 1858; x_wconf 91' lang='lat' dir='ltr'><strong>ut</strong></span> <span class='ocrx_word' id='word_1_126' title='bbox 944 1804 1012 1857; x_wconf 91' lang='lat' dir='ltr'><strong>ab</strong></span> <span class='ocrx_word' id='word_1_127' title='bbox 1036 1804 1225 1858; x_wconf 71' lang='lat' dir='ltr'><strong>hazrcsi</strong></span> <span class='ocrx_word' id='word_1_128' title='bbox 1263 1819 1360 1858; x_wconf 88' lang='lat' dir='ltr'><strong>sua</strong></span> <span class='ocrx_word' id='word_1_129' title='bbox 1389 1803 1751 1872; x_wconf 87' lang='lat' dir='ltr'><strong>resipisceret,</strong></span> <span class='ocrx_word' id='word_1_130' title='bbox 1778 1802 2012 1873; x_wconf 73' lang='lat' dir='ltr'><strong>synoda-</strong></span> 
     </span>
    </p>
   </div>
   <div class='ocr_carea' id='block_1_20' title="bbox 2103 650 3696 723">
    <p class='ocr_par' dir='ltr' id='par_1_20' title="bbox 2103 650 3696 723">
     <span class='ocr_line' id='line_1_21' title="bbox 2103 650 3696 723; baseline 0.004 -21"><span class='ocrx_word' id='word_1_131' title='bbox 2103 671 2121 702; x_wconf 71' lang='grc' dir='ltr'>ι</span> <span class='ocrx_word' id='word_1_132' title='bbox 2165 653 2374 718; x_wconf 88' lang='lat' dir='ltr'><strong>vivunt,</strong></span> <span class='ocrx_word' id='word_1_133' title='bbox 2410 652 2501 721; x_wconf 90' lang='lat' dir='ltr'><strong>qui</strong></span> <span class='ocrx_word' id='word_1_134' title='bbox 2525 651 2733 706; x_wconf 89' lang='lat' dir='ltr'><strong>eisdem</strong></span> <span class='ocrx_word' id='word_1_135' title='bbox 2755 651 3001 706; x_wconf 89' lang='lat' dir='ltr'><strong>conciliis</strong></span> <span class='ocrx_word' id='word_1_136' title='bbox 3023 650 3422 719; x_wconf 85' lang='lat' dir='ltr'><strong>interfuerunt;</strong></span> <span class='ocrx_word' id='word_1_137' title='bbox 3481 655 3582 723; x_wconf 85' lang='lat' dir='ltr'><strong>qui</strong></span> <span class='ocrx_word' id='word_1_138' title='bbox 3623 662 3696 708; x_wconf 79' lang='lat' dir='ltr'><strong>et</strong></span> 
     </span>
    </p>
   </div>
   <div class='ocr_carea' id='block_1_21' title="bbox 2103 741 3695 799">
    <p class='ocr_par' dir='ltr' id='par_1_21' title="bbox 2103 741 3695 799">
     <span class='ocr_line' id='line_1_22' title="bbox 2103 741 3695 799; baseline 0.002 -6"><span class='ocrx_word' id='word_1_139' title='bbox 2103 761 2123 793; x_wconf 73' lang='grc' dir='ltr'>ί</span> <span class='ocrx_word' id='word_1_140' title='bbox 2168 742 2325 796; x_wconf 90' lang='lat' dir='ltr'><strong>nobis</strong></span> <span class='ocrx_word' id='word_1_141' title='bbox 2377 742 2443 796; x_wconf 90' lang='lat' dir='ltr'><strong>de</strong></span> <span class='ocrx_word' id='word_1_142' title='bbox 2496 741 2688 796; x_wconf 88' lang='lat' dir='ltr'><strong>iisdem</strong></span> <span class='ocrx_word' id='word_1_143' title='bbox 2733 741 2980 796; x_wconf 88' lang='lat' dir='ltr'><strong>conciliis</strong></span> <span class='ocrx_word' id='word_1_144' title='bbox 3038 741 3354 798; x_wconf 87' lang='lat' dir='ltr'><strong>ﬁdelissime</strong></span> <span class='ocrx_word' id='word_1_145' title='bbox 3390 743 3695 799; x_wconf 81' lang='lat' dir='ltr'><strong>testiﬁcati</strong></span> 
     </span>
    </p>
   </div>
   <div class='ocr_carea' id='block_1_22' title="bbox 2105 841 3575 886">
    <p class='ocr_par' dir='ltr' id='par_1_22' title="bbox 2105 841 3575 886">
     <span class='ocr_line' id='line_1_23' title="bbox 2105 841 3575 886; baseline -0.002 -4"><span class='ocrx_word' id='word_1_146' title='bbox 2105 849 2123 882; x_wconf 71' lang='grc' dir='ltr'><strong>ε</strong></span> <span class='ocrx_word' id='word_1_147' title='bbox 2169 841 2315 886; x_wconf 88' lang='lat' dir='ltr'><strong>sunt.</strong></span> <span class='ocrx_word' id='word_1_148' title='bbox 2362 850 2380 882; x_wconf 78' lang='grc' dir='ltr'><strong>ι</strong></span> <span class='ocrx_word' id='word_1_149' title='bbox 2645 843 2648 846; x_wconf 79' lang='grc'><strong>’</strong></span> <span class='ocrx_word' id='word_1_150' title='bbox 3570 875 3575 879; x_wconf 87' lang='grc'><strong>.</strong></span> 
     </span>
    </p>
   </div>
   <div class='ocr_carea' id='block_1_23' title="bbox 2169 921 3696 1000">
    <p class='ocr_par' dir='ltr' id='par_1_23' title="bbox 2169 921 3696 1000">
     <span class='ocr_line' id='line_1_24' title="bbox 2169 921 3696 1000; baseline 0.005 -25"><span class='ocrx_word' id='word_1_151' title='bbox 2169 921 2554 1000; x_wconf 83' lang='lat' dir='ltr'><strong>Berengarius,</strong></span> <span class='ocrx_word' id='word_1_152' title='bbox 2584 921 2676 992; x_wconf 88' lang='lat' dir='ltr'><strong>qui</strong></span> <span class='ocrx_word' id='word_1_153' title='bbox 2700 923 2931 992; x_wconf 87' lang='lat' dir='ltr'><strong>primam</strong></span> <span class='ocrx_word' id='word_1_154' title='bbox 2966 923 3087 978; x_wconf 89' lang='lat' dir='ltr'><strong>ﬁdei</strong></span> <span class='ocrx_word' id='word_1_155' title='bbox 3111 925 3526 995; x_wconf 77' lang='lat' dir='ltr'><strong>professionem,</strong></span> <span class='ocrx_word' id='word_1_156' title='bbox 3575 943 3696 981; x_wconf 86' lang='lat' dir='ltr'><strong>an—</strong></span> 
     </span>
    </p>
   </div>
   <div class='ocr_carea' id='block_1_24' title="bbox 2101 1007 3692 1084">
    <p class='ocr_par' dir='ltr' id='par_1_24' title="bbox 2101 1007 3692 1084">
     <span class='ocr_line' id='line_1_25' title="bbox 2101 1007 3692 1084; baseline 0.003 -19"><span class='ocrx_word' id='word_1_157' title='bbox 2101 1028 2171 1065; x_wconf 93' lang='lat' dir='ltr'><strong>no</strong></span> <span class='ocrx_word' id='word_1_158' title='bbox 2202 1007 2358 1077; x_wconf 79' lang='lat' dir='ltr'><strong>l059,</strong></span> <span class='ocrx_word' id='word_1_159' title='bbox 2381 1028 2562 1067; x_wconf 92' lang='lat' dir='ltr'><strong>coram</strong></span> <span class='ocrx_word' id='word_1_160' title='bbox 2584 1011 2805 1068; x_wconf 84' lang='lat' dir='ltr'><strong>Nieolao</strong></span> <span class='ocrx_word' id='word_1_161' title='bbox 2848 1029 2984 1084; x_wconf 84' lang='lat' dir='ltr'><strong>papa</strong></span> <span class='ocrx_word' id='word_1_162' title='bbox 3022 1013 3245 1080; x_wconf 78' lang='lat' dir='ltr'><strong>fecerat,</strong></span> <span class='ocrx_word' id='word_1_163' title='bbox 3272 1016 3571 1071; x_wconf 88' lang='lat' dir='ltr'><strong>secundam</strong></span> <span class='ocrx_word' id='word_1_164' title='bbox 3621 1018 3692 1070; x_wconf 86' lang='lat' dir='ltr'><strong>in</strong></span> 
     </span>
    </p>
   </div>
   <div class='ocr_carea' id='block_1_25' title="bbox 2103 1097 3688 1176">
    <p class='ocr_par' dir='ltr' id='par_1_25' title="bbox 2103 1097 3688 1176">
     <span class='ocr_line' id='line_1_26' title="bbox 2103 1097 3688 1176; baseline 0.001 -18"><span class='ocrx_word' id='word_1_165' title='bbox 2103 1105 2205 1158; x_wconf 90' lang='lat' dir='ltr'><strong>ista</strong></span> <span class='ocrx_word' id='word_1_166' title='bbox 2229 1106 2434 1176; x_wconf 72' lang='lat' dir='ltr'><strong>synodo</strong></span> <span class='ocrx_word' id='word_1_167' title='bbox 2465 1105 2596 1170; x_wconf 86' lang='lat' dir='ltr'><strong>edit,</strong></span> <span class='ocrx_word' id='word_1_168' title='bbox 2619 1121 2783 1176; x_wconf 88' lang='lat' dir='ltr'><strong>quam</strong></span> <span class='ocrx_word' id='word_1_169' title='bbox 2816 1097 3078 1160; x_wconf 85' lang='lat' dir='ltr'><strong>hactenus</strong></span> <span class='ocrx_word' id='word_1_170' title='bbox 3108 1107 3366 1161; x_wconf 88' lang='lat' dir='ltr'><strong>ineditam</strong></span> <span class='ocrx_word' id='word_1_171' title='bbox 3405 1123 3475 1161; x_wconf 72' lang='lat' dir='ltr'><strong>ex</strong></span> <span class='ocrx_word' id='word_1_172' title='bbox 3498 1107 3688 1162; x_wconf 82' lang='lat' dir='ltr'><strong>veteri</strong></span> 
     </span>
    </p>
   </div>
   <div class='ocr_carea' id='block_1_26' title="bbox 2103 1181 3693 1258">
    <p class='ocr_par' dir='ltr' id='par_1_26' title="bbox 2103 1181 3693 1258">
     <span class='ocr_line' id='line_1_27' title="bbox 2103 1181 3693 1258; baseline 0.001 -11"><span class='ocrx_word' id='word_1_173' title='bbox 2103 1192 2287 1247; x_wconf 85' lang='lat' dir='ltr'><strong>codice</strong></span> <span class='ocrx_word' id='word_1_174' title='bbox 2307 1191 2407 1246; x_wconf 77' lang='lat' dir='ltr'><strong>Ms.</strong></span> <span class='ocrx_word' id='word_1_175' title='bbox 2438 1191 2800 1258; x_wconf 82' lang='lat' dir='ltr'><strong>Mahillonius,</strong></span> <span class='ocrx_word' id='word_1_176' title='bbox 2825 1181 2957 1248; x_wconf 78' lang='lat' dir='ltr'><strong>tem.</strong></span> <span class='ocrx_word' id='word_1_177' title='bbox 2987 1193 3046 1248; x_wconf 84' lang='grc' dir='ltr'><strong>ιι.</strong></span> <span class='ocrx_word' id='word_1_178' title='bbox 3077 1192 3320 1248; x_wconf 76' lang='lat' dir='ltr'><strong>Analeet.</strong></span> <span class='ocrx_word' id='word_1_179' title='bbox 3374 1196 3429 1249; x_wconf 92' lang='lat' dir='ltr'><strong>in</strong></span> <span class='ocrx_word' id='word_1_180' title='bbox 3465 1194 3693 1249; x_wconf 78' lang='lat' dir='ltr'><strong>Obser--</strong></span> 
     </span>
    </p>
   </div>
   <div class='ocr_carea' id='block_1_27' title="bbox 2051 1281 3692 1353">
    <p class='ocr_par' dir='ltr' id='par_1_27' title="bbox 2051 1281 3692 1353">
     <span class='ocr_line' id='line_1_28' title="bbox 2051 1281 3692 1353; baseline 0.001 -15"><span class='ocrx_word' id='word_1_181' title='bbox 2051 1332 2062 1338; x_wconf 81' lang='lat'><strong>.</strong></span> <span class='ocrx_word' id='word_1_182' title='bbox 2103 1283 2294 1336; x_wconf 84' lang='lat' dir='ltr'><strong>vat.dc</strong></span> <span class='ocrx_word' id='word_1_183' title='bbox 2316 1281 2600 1352; x_wconf 88' lang='lat' dir='ltr'><strong>multiplici</strong></span> <span class='ocrx_word' id='word_1_184' title='bbox 2652 1281 2961 1353; x_wconf 87' lang='lat' dir='ltr'><strong>Berengarii</strong></span> <span class='ocrx_word' id='word_1_185' title='bbox 3023 1283 3372 1351; x_wconf 77' lang='lat' dir='ltr'><strong>damnatione</strong></span> <span class='ocrx_word' id='word_1_186' title='bbox 3419 1285 3476 1338; x_wconf 95' lang='lat' dir='ltr'><strong>in</strong></span> <span class='ocrx_word' id='word_1_187' title='bbox 3523 1285 3692 1340; x_wconf 87' lang='lat' dir='ltr'><strong>hunc</strong></span> 
     </span>
    </p>
   </div>
   <div class='ocr_carea' id='block_1_28' title="bbox 2105 1371 3706 1445">
    <p class='ocr_par' dir='ltr' id='par_1_28' title="bbox 2105 1371 3706 1445">
     <span class='ocr_line' id='line_1_29' title="bbox 2105 1371 3706 1445; baseline 0.002 -17"><span class='ocrx_word' id='word_1_188' title='bbox 2105 1374 2322 1429; x_wconf 85' lang='lat' dir='ltr'><strong>modum</strong></span> <span class='ocrx_word' id='word_1_189' title='bbox 2371 1373 2616 1427; x_wconf 76' lang='lat' dir='ltr'><strong>exhibet:</strong></span> <span class='ocrx_word' id='word_1_190' title='bbox 2671 1391 2690 1423; x_wconf 74' lang='grc' dir='ltr'><strong><em>ι</em></strong></span> <span class='ocrx_word' id='word_1_191' title='bbox 2735 1371 2996 1429; x_wconf 84' lang='lat' dir='ltr'><strong>Proﬁteor</strong></span> <span class='ocrx_word' id='word_1_192' title='bbox 3055 1389 3251 1444; x_wconf 90' lang='lat' dir='ltr'><strong>panem</strong></span> <span class='ocrx_word' id='word_1_193' title='bbox 3316 1375 3507 1432; x_wconf 87' lang='lat' dir='ltr'><strong>altaris</strong></span> <span class='ocrx_word' id='word_1_194' title='bbox 3547 1382 3706 1445; x_wconf 76' lang='lat' dir='ltr'><strong>post</strong></span> 
     </span>
    </p>
   </div>
   <div class='ocr_carea' id='block_1_29' title="bbox 2112 1465 3691 1537">
    <p class='ocr_par' dir='ltr' id='par_1_29' title="bbox 2112 1465 3691 1537">
     <span class='ocr_line' id='line_1_30' title="bbox 2112 1465 3691 1537; baseline 0.004 -21"><span class='ocrx_word' id='word_1_195' title='bbox 2112 1483 2129 1516; x_wconf 78' lang='grc' dir='ltr'>ι</span> <span class='ocrx_word' id='word_1_196' title='bbox 2174 1465 2634 1519; x_wconf 87' lang='lat' dir='ltr'><strong>consecrationem</strong></span> <span class='ocrx_word' id='word_1_197' title='bbox 2657 1479 2778 1518; x_wconf 90' lang='lat' dir='ltr'><strong>esse</strong></span> <span class='ocrx_word' id='word_1_198' title='bbox 2802 1465 2992 1519; x_wconf 83' lang='lat' dir='ltr'><strong>verum</strong></span> <span class='ocrx_word' id='word_1_199' title='bbox 3037 1480 3236 1536; x_wconf 88' lang='lat' dir='ltr'><strong>corpus</strong></span> <span class='ocrx_word' id='word_1_200' title='bbox 3274 1466 3502 1533; x_wconf 80' lang='lat' dir='ltr'><strong>Christi,</strong></span> <span class='ocrx_word' id='word_1_201' title='bbox 3526 1468 3691 1537; x_wconf 68' lang='lat' dir='ltr'><strong>quod</strong></span> 
     </span>
    </p>
   </div>
   <div class='ocr_carea' id='block_1_30' title="bbox 2113 1553 3684 1627">
    <p class='ocr_par' dir='ltr' id='par_1_30' title="bbox 2113 1553 3684 1627">
     <span class='ocr_line' id='line_1_31' title="bbox 2113 1553 3684 1627; baseline 0.003 -19"><span class='ocrx_word' id='word_1_202' title='bbox 2113 1575 2132 1608; x_wconf 85' lang='grc'><strong>‹</strong></span> <span class='ocrx_word' id='word_1_203' title='bbox 2174 1565 2360 1627; x_wconf 84' lang='lat' dir='ltr'><strong>natum</strong></span> <span class='ocrx_word' id='word_1_204' title='bbox 2388 1564 2469 1611; x_wconf 89' lang='lat' dir='ltr'><strong>est</strong></span> <span class='ocrx_word' id='word_1_205' title='bbox 2494 1555 2562 1610; x_wconf 89' lang='lat' dir='ltr'><strong>de</strong></span> <span class='ocrx_word' id='word_1_206' title='bbox 2587 1553 2827 1626; x_wconf 83' lang='lat' dir='ltr'><strong>Virgine,</strong></span> <span class='ocrx_word' id='word_1_207' title='bbox 2844 1556 2988 1626; x_wconf 87' lang='lat' dir='ltr'><strong>quod</strong></span> <span class='ocrx_word' id='word_1_208' title='bbox 3011 1571 3233 1626; x_wconf 81' lang='lat' dir='ltr'><strong>passum</strong></span> <span class='ocrx_word' id='word_1_209' title='bbox 3263 1566 3347 1613; x_wconf 87' lang='lat' dir='ltr'><strong>est</strong></span> <span class='ocrx_word' id='word_1_210' title='bbox 3383 1557 3438 1611; x_wconf 90' lang='lat' dir='ltr'><strong>in</strong></span> <span class='ocrx_word' id='word_1_211' title='bbox 3487 1574 3684 1624; x_wconf 86' lang='lat' dir='ltr'><strong>cruce,</strong></span> 
     </span>
    </p>
   </div>
   <div class='ocr_carea' id='block_1_31' title="bbox 2115 1644 3690 1715">
    <p class='ocr_par' dir='ltr' id='par_1_31' title="bbox 2115 1644 3690 1715">
     <span class='ocr_line' id='line_1_32' title="bbox 2115 1644 3690 1715; baseline 0.004 -19"><span class='ocrx_word' id='word_1_212' title='bbox 2115 1663 2133 1694; x_wconf 80' lang='grc' dir='ltr'>σ</span> <span class='ocrx_word' id='word_1_213' title='bbox 2179 1645 2319 1715; x_wconf 89' lang='lat' dir='ltr'><strong>quod</strong></span> <span class='ocrx_word' id='word_1_214' title='bbox 2344 1645 2492 1700; x_wconf 88' lang='lat' dir='ltr'><strong>sedet</strong></span> <span class='ocrx_word' id='word_1_215' title='bbox 2515 1645 2582 1700; x_wconf 90' lang='lat' dir='ltr'><strong>ad</strong></span> <span class='ocrx_word' id='word_1_216' title='bbox 2607 1644 2883 1700; x_wconf 80' lang='lat' dir='ltr'><strong>dexteram</strong></span> <span class='ocrx_word' id='word_1_217' title='bbox 2926 1645 3129 1703; x_wconf 79' lang='lat' dir='ltr'><strong>Patris:</strong></span> <span class='ocrx_word' id='word_1_218' title='bbox 3173 1656 3228 1702; x_wconf 84' lang='lat' dir='ltr'><strong>et</strong></span> <span class='ocrx_word' id='word_1_219' title='bbox 3258 1649 3444 1704; x_wconf 89' lang='lat' dir='ltr'><strong>vinum</strong></span> <span class='ocrx_word' id='word_1_220' title='bbox 3488 1650 3690 1704; x_wconf 59' lang='lat' dir='ltr'><strong>altaris</strong></span> 
     </span>
    </p>
   </div>
   <div class='ocr_carea' id='block_1_32' title="bbox 2116 1740 3692 1810">
    <p class='ocr_par' dir='ltr' id='par_1_32' title="bbox 2116 1740 3692 1810">
     <span class='ocr_line' id='line_1_33' title="bbox 2116 1740 3692 1810; baseline 0.004 -24"><span class='ocrx_word' id='word_1_221' title='bbox 2116 1754 2134 1786; x_wconf 73' lang='grc' dir='ltr'><strong>ς</strong></span> <span class='ocrx_word' id='word_1_222' title='bbox 2178 1744 2463 1806; x_wconf 85' lang='lat' dir='ltr'><strong>postquam</strong></span> <span class='ocrx_word' id='word_1_223' title='bbox 2506 1744 2886 1804; x_wconf 79' lang='lat' dir='ltr'><strong>consecratum</strong></span> <span class='ocrx_word' id='word_1_224' title='bbox 2933 1745 3038 1803; x_wconf 90' lang='lat' dir='ltr'><strong>est,</strong></span> <span class='ocrx_word' id='word_1_225' title='bbox 3069 1751 3192 1792; x_wconf 86' lang='lat' dir='ltr'><strong>esse</strong></span> <span class='ocrx_word' id='word_1_226' title='bbox 3217 1753 3406 1793; x_wconf 88' lang='lat' dir='ltr'><strong>verum</strong></span> <span class='ocrx_word' id='word_1_227' title='bbox 3452 1740 3692 1810; x_wconf 81' lang='lat' dir='ltr'><strong>sangui-</strong></span> 
     </span>
    </p>
   </div>
   <div class='ocr_carea' id='block_1_33' title="bbox 2118 1826 3693 1895">
    <p class='ocr_par' dir='ltr' id='par_1_33' title="bbox 2118 1826 3693 1895">
     <span class='ocr_line' id='line_1_34' title="bbox 2118 1826 3693 1895; baseline 0.005 -19"><span class='ocrx_word' id='word_1_228' title='bbox 2118 1846 2135 1876; x_wconf 80' lang='grc' dir='ltr'>ι</span> <span class='ocrx_word' id='word_1_229' title='bbox 2182 1842 2326 1890; x_wconf 86' lang='lat' dir='ltr'><strong>nem,</strong></span> <span class='ocrx_word' id='word_1_230' title='bbox 2359 1827 2452 1895; x_wconf 87' lang='lat' dir='ltr'><strong>qui</strong></span> <span class='ocrx_word' id='word_1_231' title='bbox 2483 1827 2724 1881; x_wconf 85' lang='lat' dir='ltr'><strong>manavit</strong></span> <span class='ocrx_word' id='word_1_232' title='bbox 2743 1827 2810 1882; x_wconf 92' lang='lat' dir='ltr'><strong>de</strong></span> <span class='ocrx_word' id='word_1_233' title='bbox 2829 1827 2996 1882; x_wconf 87' lang='lat' dir='ltr'><strong>latere</strong></span> <span class='ocrx_word' id='word_1_234' title='bbox 3045 1826 3271 1884; x_wconf 83' lang='lat' dir='ltr'><strong>Christi.</strong></span> <span class='ocrx_word' id='word_1_235' title='bbox 3306 1827 3371 1882; x_wconf 79' lang='lat' dir='ltr'><strong>Et</strong></span> <span class='ocrx_word' id='word_1_236' title='bbox 3424 1829 3564 1885; x_wconf 81' lang='lat' dir='ltr'><strong>sicut</strong></span> <span class='ocrx_word' id='word_1_237' title='bbox 3585 1845 3693 1886; x_wconf 71' lang='lat' dir='ltr'><strong>om</strong></span> 
     </span>
    </p>
   </div>
   <div class='ocr_carea' id='block_1_34' title="bbox 449 1892 3720 1990">
    <p class='ocr_par' dir='ltr' id='par_1_34' title="bbox 449 1892 3720 1990">
     <span class='ocr_line' id='line_1_35' title="bbox 449 1892 3720 1990; baseline -0 -45"><span class='ocrx_word' id='word_1_238' title='bbox 449 1914 466 1945; x_wconf 75' lang='grc' dir='ltr'>ι</span> <span class='ocrx_word' id='word_1_239' title='bbox 512 1895 634 1950; x_wconf 86' lang='lat' dir='ltr'><strong>liter</strong></span> <span class='ocrx_word' id='word_1_240' title='bbox 681 1896 1020 1958; x_wconf 86' lang='lat' dir='ltr'><strong>convenitur,</strong></span> <span class='ocrx_word' id='word_1_241' title='bbox 1050 1895 1208 1965; x_wconf 85' lang='lat' dir='ltr'><strong>eique</strong></span> <span class='ocrx_word' id='word_1_242' title='bbox 1240 1895 1470 1950; x_wconf 69' lang='lat' dir='ltr'><strong>inducite</strong></span> <span class='ocrx_word' id='word_1_243' title='bbox 1500 1909 1674 1990; x_wconf 70' lang='lat' dir='ltr'><strong>usque</strong></span> <span class='ocrx_word' id='word_1_244' title='bbox 1727 1893 1792 1948; x_wconf 90' lang='lat' dir='ltr'><strong>ad</strong></span> <span class='ocrx_word' id='word_1_245' title='bbox 1823 1892 2008 1990; x_wconf 76' lang='lat' dir='ltr'><strong>proxi-</strong></span> <span class='ocrx_word' id='word_1_246' title='bbox 2043 1912 2086 1965; x_wconf 74' lang='grc' dir='ltr'><strong>η</strong></span> <span class='ocrx_word' id='word_1_247' title='bbox 2118 1940 2135 1969; x_wconf 52' lang='grc' dir='ltr'>ί</span> <span class='ocrx_word' id='word_1_248' title='bbox 2180 1892 2491 1990; x_wconf 37' lang='lat' dir='ltr'><strong>proauiam</strong></span> <span class='ocrx_word' id='word_1_249' title='bbox 2515 1920 2588 1974; x_wconf 55' lang='lat' dir='ltr'><strong>in</strong></span> <span class='ocrx_word' id='word_1_250' title='bbox 2622 1935 2708 1975; x_wconf 70' lang='lat' dir='ltr'><strong>me</strong></span> <span class='ocrx_word' id='word_1_251' title='bbox 2737 1921 2794 1974; x_wconf 67' lang='lat' dir='ltr'><strong>in</strong></span> <span class='ocrx_word' id='word_1_252' title='bbox 2819 1921 2982 1976; x_wconf 66' lang='lat' dir='ltr'><strong>corde</strong></span> <span class='ocrx_word' id='word_1_253' title='bbox 3020 1918 3219 1976; x_wconf 61' lang='lat' dir='ltr'><strong>habere</strong></span> <span class='ocrx_word' id='word_1_254' title='bbox 3249 1922 3533 1979; x_wconf 53' lang='lat' dir='ltr'><strong>conﬁrmo.</strong></span> <span class='ocrx_word' id='word_1_255' title='bbox 3588 1923 3720 1979; x_wconf 22' lang='lat' dir='ltr'><strong>Sic-</strong></span> 
     </span>
    </p>
   </div>
   <div class='ocr_carea' id='block_1_35' title="bbox 451 1981 2038 2056">
    <p class='ocr_par' dir='ltr' id='par_1_35' title="bbox 451 1981 2038 2056">
     <span class='ocr_line' id='line_1_36' title="bbox 451 1981 2038 2056; baseline -0.004 -16"><span class='ocrx_word' id='word_1_256' title='bbox 451 2004 467 2035; x_wconf 76' lang='grc' dir='ltr'>ι</span> <span class='ocrx_word' id='word_1_257' title='bbox 516 2002 659 2040; x_wconf 86' lang='lat' dir='ltr'><strong>mam</strong></span> <span class='ocrx_word' id='word_1_258' title='bbox 691 1986 1225 2056; x_wconf 79' lang='lat' dir='ltr'><strong>futuramsynodum</strong></span> <span class='ocrx_word' id='word_1_259' title='bbox 1273 1987 1490 2046; x_wconf 89' lang='lat' dir='ltr'><strong>dantur.</strong></span> <span class='ocrx_word' id='word_1_260' title='bbox 1541 2003 1558 2035; x_wconf 73' lang='grc' dir='ltr'><strong><em>ι</em></strong></span> <span class='ocrx_word' id='word_1_261' title='bbox 1613 1984 1731 2038; x_wconf 82' lang='lat' dir='ltr'><strong>Huc</strong></span> <span class='ocrx_word' id='word_1_262' title='bbox 1774 1981 2038 2037; x_wconf 51' lang='lat' dir='ltr'><strong>referenw</strong></span> 
     </span>
    </p>
   </div>
   <div class='ocr_carea' id='block_1_36' title="bbox 443 2063 2015 2147">
    <p class='ocr_par' dir='ltr' id='par_1_36' title="bbox 443 2063 2015 2147">
     <span class='ocr_line' id='line_1_37' title="bbox 443 2063 2015 2147; baseline -0.004 -15"><span class='ocrx_word' id='word_1_263' title='bbox 443 2078 574 2132; x_wconf 88' lang='lat' dir='ltr'><strong>dum</strong></span> <span class='ocrx_word' id='word_1_264' title='bbox 599 2079 744 2147; x_wconf 88' lang='lat' dir='ltr'><strong>quod</strong></span> <span class='ocrx_word' id='word_1_265' title='bbox 803 2092 1107 2146; x_wconf 82' lang='lat' dir='ltr'><strong>anonymus</strong></span> <span class='ocrx_word' id='word_1_266' title='bbox 1142 2063 1515 2130; x_wconf 80' lang='lat' dir='ltr'><strong>Cliiﬂletianus</strong></span> <span class='ocrx_word' id='word_1_267' title='bbox 1557 2076 1611 2129; x_wconf 92' lang='lat' dir='ltr'><strong>in</strong></span> <span class='ocrx_word' id='word_1_268' title='bbox 1652 2073 1916 2143; x_wconf 89' lang='lat' dir='ltr'><strong>opusculo</strong></span> <span class='ocrx_word' id='word_1_269' title='bbox 1948 2071 2015 2126; x_wconf 86' lang='lat' dir='ltr'><strong>de</strong></span> 
     </span>
    </p>
   </div>
   <div class='ocr_carea' id='block_1_37' title="bbox 446 2163 2014 2240">
    <p class='ocr_par' dir='ltr' id='par_1_37' title="bbox 446 2163 2014 2240">
     <span class='ocr_line' id='line_1_38' title="bbox 446 2163 2014 2240; baseline -0.004 -17"><span class='ocrx_word' id='word_1_270' title='bbox 446 2167 756 2240; x_wconf 85' lang='lat' dir='ltr'><strong>Berengarii</strong></span> <span class='ocrx_word' id='word_1_271' title='bbox 783 2168 1158 2223; x_wconf 76' lang='lat' dir='ltr'><strong>lueresiarchze</strong></span> <span class='ocrx_word' id='word_1_272' title='bbox 1184 2167 1534 2222; x_wconf 87' lang='lat' dir='ltr'><strong>damnatione</strong></span> <span class='ocrx_word' id='word_1_273' title='bbox 1565 2165 1848 2236; x_wconf 89' lang='lat' dir='ltr'><strong>multiplici</strong></span> <span class='ocrx_word' id='word_1_274' title='bbox 1874 2163 2014 2218; x_wconf 86' lang='lat' dir='ltr'><strong>scri-</strong></span> 
     </span>
    </p>
   </div>
   <div class='ocr_carea' id='block_1_38' title="bbox 449 2254 2018 2330">
    <p class='ocr_par' dir='ltr' id='par_1_38' title="bbox 449 2254 2018 2330">
     <span class='ocr_line' id='line_1_39' title="bbox 449 2254 2018 2330; baseline -0.004 -17"><span class='ocrx_word' id='word_1_275' title='bbox 449 2261 555 2314; x_wconf 87' lang='lat' dir='ltr'><strong>hit:</strong></span> <span class='ocrx_word' id='word_1_276' title='bbox 600 2279 619 2311; x_wconf 75' lang='grc' dir='ltr'>ι</span> <span class='ocrx_word' id='word_1_277' title='bbox 662 2259 1166 2314; x_wconf 74' lang='lat' dir='ltr'><strong>Reverendissimus</strong></span> <span class='ocrx_word' id='word_1_278' title='bbox 1216 2276 1351 2330; x_wconf 84' lang='lat' dir='ltr'><strong>papa</strong></span> <span class='ocrx_word' id='word_1_279' title='bbox 1395 2259 1689 2330; x_wconf 81' lang='lat' dir='ltr'><strong>Gregorius</strong></span> <span class='ocrx_word' id='word_1_280' title='bbox 1733 2254 1846 2319; x_wconf 77' lang='lat' dir='ltr'><strong>Vll,</strong></span> <span class='ocrx_word' id='word_1_281' title='bbox 1893 2269 2018 2308; x_wconf 89' lang='lat' dir='ltr'><strong>suc—</strong></span> 
     </span>
    </p>
   </div>
   <div class='ocr_carea' id='block_1_39' title="bbox 456 2345 2020 2415">
    <p class='ocr_par' dir='ltr' id='par_1_39' title="bbox 456 2345 2020 2415">
     <span class='ocr_line' id='line_1_40' title="bbox 456 2345 2020 2415; baseline -0.002 -16"><span class='ocrx_word' id='word_1_282' title='bbox 456 2368 474 2399; x_wconf 80' lang='grc'><strong>‹</strong></span> <span class='ocrx_word' id='word_1_283' title='bbox 521 2364 708 2404; x_wconf 85' lang='lat' dir='ltr'><strong>cessor</strong></span> <span class='ocrx_word' id='word_1_284' title='bbox 737 2349 1050 2415; x_wconf 76' lang='lat' dir='ltr'><strong>Alexandri,</strong></span> <span class='ocrx_word' id='word_1_285' title='bbox 1093 2350 1289 2402; x_wconf 87' lang='lat' dir='ltr'><strong>iterum</strong></span> <span class='ocrx_word' id='word_1_286' title='bbox 1334 2348 1507 2404; x_wconf 87' lang='lat' dir='ltr'><strong>eidem</strong></span> <span class='ocrx_word' id='word_1_287' title='bbox 1548 2345 1873 2415; x_wconf 85' lang='lat' dir='ltr'><strong>Bcrengario</strong></span> <span class='ocrx_word' id='word_1_288' title='bbox 1921 2358 2020 2396; x_wconf 88' lang='lat' dir='ltr'><strong>au-</strong></span> 
     </span>
    </p>
   </div>
   <div class='ocr_carea' id='block_1_40' title="bbox 457 2435 2021 2511">
    <p class='ocr_par' dir='ltr' id='par_1_40' title="bbox 457 2435 2021 2511">
     <span class='ocr_line' id='line_1_41' title="bbox 457 2435 2021 2511; baseline -0.005 -16"><span class='ocrx_word' id='word_1_289' title='bbox 457 2459 474 2489; x_wconf 68' lang='lat' dir='ltr'><strong>t</strong></span> <span class='ocrx_word' id='word_1_290' title='bbox 519 2440 777 2495; x_wconf 88' lang='lat' dir='ltr'><strong>dientiam</strong></span> <span class='ocrx_word' id='word_1_291' title='bbox 827 2441 881 2494; x_wconf 92' lang='lat' dir='ltr'><strong>in</strong></span> <span class='ocrx_word' id='word_1_292' title='bbox 929 2440 1142 2495; x_wconf 89' lang='lat' dir='ltr'><strong>duabus</strong></span> <span class='ocrx_word' id='word_1_293' title='bbox 1192 2440 1412 2511; x_wconf 81' lang='lat' dir='ltr'><strong>synodis</strong></span> <span class='ocrx_word' id='word_1_294' title='bbox 1459 2438 1800 2510; x_wconf 85' lang='lat' dir='ltr'><strong>generalibus</strong></span> <span class='ocrx_word' id='word_1_295' title='bbox 1836 2435 2021 2488; x_wconf 65' lang='lat' dir='ltr'><strong>Romae</strong></span> 
     </span>
    </p>
   </div>
   <div class='ocr_carea' id='block_1_41' title="bbox 456 2526 2022 2601">
    <p class='ocr_par' dir='ltr' id='par_1_41' title="bbox 456 2526 2022 2601">
     <span class='ocr_line' id='line_1_42' title="bbox 456 2526 2022 2601; baseline -0.004 -15"><span class='ocrx_word' id='word_1_296' title='bbox 456 2549 475 2576; x_wconf 71' lang='grc' dir='ltr'><em>ι</em></span> <span class='ocrx_word' id='word_1_297' title='bbox 515 2531 804 2587; x_wconf 83' lang='lat' dir='ltr'><strong>concessit.</strong></span> <span class='ocrx_word' id='word_1_298' title='bbox 833 2530 935 2586; x_wconf 85' lang='lat' dir='ltr'><strong>Sed</strong></span> <span class='ocrx_word' id='word_1_299' title='bbox 987 2547 1110 2586; x_wconf 92' lang='lat' dir='ltr'><strong>cum</strong></span> <span class='ocrx_word' id='word_1_300' title='bbox 1155 2531 1270 2601; x_wconf 90' lang='lat' dir='ltr'><strong>ipse</strong></span> <span class='ocrx_word' id='word_1_301' title='bbox 1314 2539 1516 2585; x_wconf 85' lang='lat' dir='ltr'><strong>sectam</strong></span> <span class='ocrx_word' id='word_1_302' title='bbox 1543 2545 1700 2584; x_wconf 91' lang='lat' dir='ltr'><strong>suam</strong></span> <span class='ocrx_word' id='word_1_303' title='bbox 1742 2526 2022 2582; x_wconf 74' lang='lat' dir='ltr'><strong>catholicae</strong></span> 
     </span>
    </p>
   </div>
   <div class='ocr_carea' id='block_1_42' title="bbox 459 2616 2020 2692">
    <p class='ocr_par' dir='ltr' id='par_1_42' title="bbox 459 2616 2020 2692">
     <span class='ocr_line' id='line_1_43' title="bbox 459 2616 2020 2692; baseline -0.004 -18"><span class='ocrx_word' id='word_1_304' title='bbox 459 2639 486 2672; x_wconf 73' lang='grc' dir='ltr'><strong>ι’</strong></span> <span class='ocrx_word' id='word_1_305' title='bbox 524 2623 645 2676; x_wconf 83' lang='lat' dir='ltr'><strong>ﬁdei</strong></span> <span class='ocrx_word' id='word_1_306' title='bbox 663 2621 996 2677; x_wconf 79' lang='lat' dir='ltr'><strong>contrariam</strong></span> <span class='ocrx_word' id='word_1_307' title='bbox 1028 2624 1299 2692; x_wconf 37' lang='lat' dir='ltr'><strong>denegare.</strong></span> <span class='ocrx_word' id='word_1_308' title='bbox 1319 2637 1428 2676; x_wconf 93' lang='lat' dir='ltr'><strong>non</strong></span> <span class='ocrx_word' id='word_1_309' title='bbox 1448 2620 1657 2690; x_wconf 85' lang='lat' dir='ltr'><strong>posset,</strong></span> <span class='ocrx_word' id='word_1_310' title='bbox 1681 2619 1878 2686; x_wconf 82' lang='lat' dir='ltr'><strong>iterum</strong></span> <span class='ocrx_word' id='word_1_311' title='bbox 1915 2616 2020 2670; x_wconf 81' lang='lat' dir='ltr'><strong>sub</strong></span> 
     </span>
    </p>
   </div>
   <div class='ocr_carea' id='block_1_43' title="bbox 458 2705 2024 2781">
    <p class='ocr_par' dir='ltr' id='par_1_43' title="bbox 458 2705 2024 2781">
     <span class='ocr_line' id='line_1_44' title="bbox 458 2705 2024 2781; baseline -0.004 -19"><span class='ocrx_word' id='word_1_312' title='bbox 458 2732 477 2762; x_wconf 69' lang='grc' dir='ltr'><strong><em>ι</em></strong></span> <span class='ocrx_word' id='word_1_313' title='bbox 516 2710 829 2781; x_wconf 86' lang='lat' dir='ltr'><strong>juramento</strong></span> <span class='ocrx_word' id='word_1_314' title='bbox 850 2713 1093 2767; x_wconf 88' lang='lat' dir='ltr'><strong>eamdem</strong></span> <span class='ocrx_word' id='word_1_315' title='bbox 1120 2712 1372 2766; x_wconf 86' lang='lat' dir='ltr'><strong>abdicare</strong></span> <span class='ocrx_word' id='word_1_316' title='bbox 1414 2718 1468 2764; x_wconf 90' lang='lat' dir='ltr'><strong>et</strong></span> <span class='ocrx_word' id='word_1_317' title='bbox 1501 2709 1658 2763; x_wconf 91' lang='lat' dir='ltr'><strong>ﬁdem</strong></span> <span class='ocrx_word' id='word_1_318' title='bbox 1699 2705 2024 2763; x_wconf 88' lang='lat' dir='ltr'><strong>catholicam</strong></span> 
     </span>
    </p>
   </div>
   <div class='ocr_carea' id='block_1_44' title="bbox 460 2794 2026 2875">
    <p class='ocr_par' dir='ltr' id='par_1_44' title="bbox 460 2794 2026 2875">
     <span class='ocr_line' id='line_1_45' title="bbox 460 2794 2026 2875; baseline -0.006 -17"><span class='ocrx_word' id='word_1_319' title='bbox 460 2825 477 2854; x_wconf 77' lang='grc' dir='ltr'>ι</span> <span class='ocrx_word' id='word_1_320' title='bbox 523 2805 762 2873; x_wconf 77' lang='lat' dir='ltr'><strong>proﬁteri</strong></span> <span class='ocrx_word' id='word_1_321' title='bbox 811 2805 1034 2875; x_wconf 84' lang='lat' dir='ltr'><strong>delegit,</strong></span> <span class='ocrx_word' id='word_1_322' title='bbox 1089 2804 1232 2865; x_wconf 85' lang='lat' dir='ltr'><strong>sicut</strong></span> <span class='ocrx_word' id='word_1_323' title='bbox 1261 2804 1315 2856; x_wconf 92' lang='lat' dir='ltr'><strong>in</strong></span> <span class='ocrx_word' id='word_1_324' title='bbox 1363 2801 1738 2870; x_wconf 86' lang='lat' dir='ltr'><strong>superioribus</strong></span> <span class='ocrx_word' id='word_1_325' title='bbox 1777 2794 2026 2853; x_wconf 84' lang='lat' dir='ltr'><strong>conciliis</strong></span> 
     </span>
    </p>
   </div>
   <div class='ocr_carea' id='block_1_45' title="bbox 461 2883 2028 2968">
    <p class='ocr_par' dir='ltr' id='par_1_45' title="bbox 461 2883 2028 2968">
     <span class='ocr_line' id='line_1_46' title="bbox 461 2883 2028 2968; baseline 0.003 -24"><span class='ocrx_word' id='word_1_326' title='bbox 461 2915 478 2944; x_wconf 83' lang='grc'><strong><em>‹</em></strong></span> <span class='ocrx_word' id='word_1_327' title='bbox 527 2883 670 2950; x_wconf 58' lang='lat' dir='ltr'><strong>fecit.</strong></span> <span class='ocrx_word' id='word_1_328' title='bbox 704 2893 826 2948; x_wconf 64' lang='lat' dir='ltr'><strong>r&#39;l‘ot</strong></span> <span class='ocrx_word' id='word_1_329' title='bbox 852 2895 1017 2968; x_wconf 82' lang='lat' dir='ltr'><strong>igitur</strong></span> <span class='ocrx_word' id='word_1_330' title='bbox 1058 2895 1302 2950; x_wconf 84' lang='lat' dir='ltr'><strong>conciliis</strong></span> <span class='ocrx_word' id='word_1_331' title='bbox 1343 2891 1807 2964; x_wconf 80' lang='lat' dir='ltr'><strong>&#39;Berengarianam</strong></span> <span class='ocrx_word' id='word_1_332' title='bbox 1857 2892 2028 2948; x_wconf 56' lang='lat' dir='ltr'><strong>hatre-</strong></span> 
     </span>
    </p>
   </div>
   <div class='ocr_carea' id='block_1_46' title="bbox 463 2973 2026 3066">
    <p class='ocr_par' dir='ltr' id='par_1_46' title="bbox 463 2973 2026 3066">
     <span class='ocr_line' id='line_1_47' title="bbox 463 2973 2026 3066; baseline -0.002 -25"><span class='ocrx_word' id='word_1_333' title='bbox 463 3006 480 3034; x_wconf 76' lang='grc' dir='ltr'>ι</span> <span class='ocrx_word' id='word_1_334' title='bbox 529 2985 632 3041; x_wconf 88' lang='lat' dir='ltr'><strong>sim</strong></span> <span class='ocrx_word' id='word_1_335' title='bbox 660 2973 1358 3066; x_wconf 66' lang='lat' dir='ltr'><strong>damnatam&#39;percipimus,</strong></span> <span class='ocrx_word' id='word_1_336' title='bbox 1411 2995 1527 3040; x_wconf 90' lang='lat' dir='ltr'><strong>tum</strong></span> <span class='ocrx_word' id='word_1_337' title='bbox 1575 3000 1641 3039; x_wconf 79' lang='lat' dir='ltr'><strong>ex</strong></span> <span class='ocrx_word' id='word_1_338' title='bbox 1671 2985 1908 3038; x_wconf 88' lang='lat' dir='ltr'><strong>ﬁdelium</strong></span> <span class='ocrx_word' id='word_1_339' title='bbox 1940 3000 2026 3039; x_wconf 89' lang='lat' dir='ltr'><strong>re-</strong></span> 
     </span>
    </p>
   </div>
   <div class='ocr_carea' id='block_1_47' title="bbox 465 3073 2027 3146">
    <p class='ocr_par' dir='ltr' id='par_1_47' title="bbox 465 3073 2027 3146">
     <span class='ocr_line' id='line_1_48' title="bbox 465 3073 2027 3146; baseline 0.001 -19"><span class='ocrx_word' id='word_1_340' title='bbox 465 3098 482 3127; x_wconf 74' lang='grc' dir='ltr'><strong>ε</strong></span> <span class='ocrx_word' id='word_1_341' title='bbox 526 3076 729 3132; x_wconf 83' lang='lat' dir='ltr'><strong>latione</strong></span> <span class='ocrx_word' id='word_1_342' title='bbox 751 3076 993 3130; x_wconf 73' lang='lat' dir='ltr'><strong>virorum</strong></span> <span class='ocrx_word' id='word_1_343' title='bbox 1027 3077 1120 3146; x_wconf 89' lang='lat' dir='ltr'><strong>qui</strong></span> <span class='ocrx_word' id='word_1_344' title='bbox 1151 3076 1354 3130; x_wconf 86' lang='lat' dir='ltr'><strong>eisdem</strong></span> <span class='ocrx_word' id='word_1_345' title='bbox 1372 3075 1620 3130; x_wconf 88' lang='lat' dir='ltr'><strong>conciliis</strong></span> <span class='ocrx_word' id='word_1_346' title='bbox 1642 3073 2027 3140; x_wconf 86' lang='lat' dir='ltr'><strong>interfuerunt,</strong></span> 
     </span>
    </p>
   </div>
   <div class='ocr_carea' id='block_1_48' title="bbox 2119 2010 3691 2081">
    <p class='ocr_par' dir='ltr' id='par_1_48' title="bbox 2119 2010 3691 2081">
     <span class='ocr_line' id='line_1_49' title="bbox 2119 2010 3691 2081; baseline 0.005 -19"><span class='ocrx_word' id='word_1_347' title='bbox 2119 2031 2136 2062; x_wconf 75' lang='grc' dir='ltr'>ι</span> <span class='ocrx_word' id='word_1_348' title='bbox 2178 2027 2264 2066; x_wconf 91' lang='lat' dir='ltr'><strong>me</strong></span> <span class='ocrx_word' id='word_1_349' title='bbox 2283 2011 2500 2081; x_wconf 87' lang='lat' dir='ltr'><strong>adjuvet</strong></span> <span class='ocrx_word' id='word_1_350' title='bbox 2549 2010 2713 2076; x_wconf 87' lang='lat' dir='ltr'><strong>Deus,</strong></span> <span class='ocrx_word' id='word_1_351' title='bbox 2738 2021 2792 2067; x_wconf 91' lang='lat' dir='ltr'><strong>et</strong></span> <span class='ocrx_word' id='word_1_352' title='bbox 2825 2013 2942 2078; x_wconf 64' lang='lat' dir='ltr'><strong>haec</strong></span> <span class='ocrx_word' id='word_1_353' title='bbox 2969 2028 3142 2068; x_wconf 72' lang='lat' dir='ltr'><strong>sacra.</strong></span> <span class='ocrx_word' id='word_1_354' title='bbox 3191 2032 3221 2064; x_wconf 77' lang='grc' dir='ltr'>ι.</span> <span class='ocrx_word' id='word_1_355' title='bbox 3242 2012 3545 2070; x_wconf 84' lang='lat' dir='ltr'><strong>Verisimile</strong></span> <span class='ocrx_word' id='word_1_356' title='bbox 3571 2025 3691 2079; x_wconf 80' lang='lat' dir='ltr'><strong>est,</strong></span> 
     </span>
    </p>
   </div>
   <div class='ocr_carea' id='block_1_49' title="bbox 2113 2100 3699 2174">
    <p class='ocr_par' dir='ltr' id='par_1_49' title="bbox 2113 2100 3699 2174">
     <span class='ocr_line' id='line_1_50' title="bbox 2113 2100 3699 2174; baseline 0.003 -18"><span class='ocrx_word' id='word_1_357' title='bbox 2113 2101 2293 2171; x_wconf 88' lang='lat' dir='ltr'><strong>inquit</strong></span> <span class='ocrx_word' id='word_1_358' title='bbox 2323 2100 2688 2166; x_wconf 80' lang='lat' dir='ltr'><strong>Mabillonius,</strong></span> <span class='ocrx_word' id='word_1_359' title='bbox 2714 2101 3060 2173; x_wconf 84' lang='lat' dir='ltr'><strong>Berengario,</strong></span> <span class='ocrx_word' id='word_1_360' title='bbox 3095 2112 3278 2172; x_wconf 86' lang='lat' dir='ltr'><strong>postea</strong></span> <span class='ocrx_word' id='word_1_361' title='bbox 3327 2117 3492 2172; x_wconf 87' lang='lat' dir='ltr'><strong>quam</strong></span> <span class='ocrx_word' id='word_1_362' title='bbox 3534 2106 3699 2174; x_wconf 83' lang='lat' dir='ltr'><strong>prio-</strong></span> 
     </span>
    </p>
   </div>
   <div class='ocr_carea' id='block_1_50' title="bbox 2112 2189 3699 2263">
    <p class='ocr_par' dir='ltr' id='par_1_50' title="bbox 2112 2189 3699 2263">
     <span class='ocr_line' id='line_1_51' title="bbox 2112 2189 3699 2263; baseline 0.005 -19"><span class='ocrx_word' id='word_1_363' title='bbox 2112 2207 2228 2246; x_wconf 87' lang='lat' dir='ltr'><strong>rem</strong></span> <span class='ocrx_word' id='word_1_364' title='bbox 2258 2189 2654 2246; x_wconf 81' lang='lat' dir='ltr'><strong>confessionem</strong></span> <span class='ocrx_word' id='word_1_365' title='bbox 2677 2193 2836 2262; x_wconf 91' lang='lat' dir='ltr'><strong>quasi</strong></span> <span class='ocrx_word' id='word_1_366' title='bbox 2861 2192 3142 2263; x_wconf 85' lang='lat' dir='ltr'><strong>proprium</strong></span> <span class='ocrx_word' id='word_1_367' title='bbox 3191 2192 3476 2249; x_wconf 79' lang='lat' dir='ltr'><strong>Bumberti</strong></span> <span class='ocrx_word' id='word_1_368' title='bbox 3501 2197 3699 2251; x_wconf 79' lang='lat' dir='ltr'><strong>cardi-</strong></span> 
     </span>
    </p>
   </div>
   <div class='ocr_carea' id='block_1_51' title="bbox 2116 2280 3703 2358">
    <p class='ocr_par' dir='ltr' id='par_1_51' title="bbox 2116 2280 3703 2358">
     <span class='ocr_line' id='line_1_52' title="bbox 2116 2280 3703 2358; baseline 0.004 -24"><span class='ocrx_word' id='word_1_369' title='bbox 2116 2282 2256 2358; x_wconf 86' lang='lat' dir='ltr'><strong>nalis</strong></span> <span class='ocrx_word' id='word_1_370' title='bbox 2277 2280 2449 2336; x_wconf 85' lang='lat' dir='ltr'><strong>fetum</strong></span> <span class='ocrx_word' id='word_1_371' title='bbox 2471 2289 2584 2335; x_wconf 86' lang='lat' dir='ltr'><strong>tam</strong></span> <span class='ocrx_word' id='word_1_372' title='bbox 2623 2283 2898 2358; x_wconf 83' lang='lat' dir='ltr'><strong>atrociter,</strong></span> <span class='ocrx_word' id='word_1_373' title='bbox 2943 2285 3147 2353; x_wconf 88' lang='lat' dir='ltr'><strong>scripto</strong></span> <span class='ocrx_word' id='word_1_374' title='bbox 3180 2300 3281 2339; x_wconf 88' lang='lat' dir='ltr'><strong>suo</strong></span> <span class='ocrx_word' id='word_1_375' title='bbox 3319 2300 3352 2338; x_wconf 87' lang='lat' dir='ltr'><strong>a</strong></span> <span class='ocrx_word' id='word_1_376' title='bbox 3377 2283 3703 2342; x_wconf 81' lang='lat' dir='ltr'><strong>Lanfranco</strong></span> 
     </span>
    </p>
   </div>
   <div class='ocr_carea' id='block_1_52' title="bbox 2109 2355 3703 2437">
    <p class='ocr_par' dir='ltr' id='par_1_52' title="bbox 2109 2355 3703 2437">
     <span class='ocr_line' id='line_1_53' title="bbox 2109 2355 3703 2437; baseline 0.003 -12"><span class='ocrx_word' id='word_1_377' title='bbox 2109 2355 2416 2437; x_wconf 28' lang='lat' dir='ltr'><strong>“confutato,</strong></span> <span class='ocrx_word' id='word_1_378' title='bbox 2444 2355 2756 2437; x_wconf 75' lang='lat' dir='ltr'><strong>lacerasSet,</strong></span> <span class='ocrx_word' id='word_1_379' title='bbox 2799 2380 2857 2426; x_wconf 94' lang='lat' dir='ltr'><strong>ut</strong></span> <span class='ocrx_word' id='word_1_380' title='bbox 2880 2372 2965 2426; x_wconf 85' lang='lat' dir='ltr'><strong>vel</strong></span> <span class='ocrx_word' id='word_1_381' title='bbox 2996 2373 3076 2430; x_wconf 89' lang='lat' dir='ltr'><strong>sic</strong></span> <span class='ocrx_word' id='word_1_382' title='bbox 3107 2373 3288 2428; x_wconf 87' lang='lat' dir='ltr'><strong>omnis</strong></span> <span class='ocrx_word' id='word_1_383' title='bbox 3315 2374 3574 2428; x_wconf 83' lang='lat' dir='ltr'><strong>causandi</strong></span> <span class='ocrx_word' id='word_1_384' title='bbox 3625 2389 3703 2430; x_wconf 79' lang='lat' dir='ltr'><strong>ac</strong></span> 
     </span>
    </p>
   </div>
   <div class='ocr_carea' id='block_1_53' title="bbox 2119 2463 3708 2539">
    <p class='ocr_par' dir='ltr' id='par_1_53' title="bbox 2119 2463 3708 2539">
     <span class='ocr_line' id='line_1_54' title="bbox 2119 2463 3708 2539; baseline 0.001 -21"><span class='ocrx_word' id='word_1_385' title='bbox 2119 2463 2507 2533; x_wconf 84' lang='lat' dir='ltr'><strong>tergiversandi</strong></span> <span class='ocrx_word' id='word_1_386' title='bbox 2529 2463 2710 2518; x_wconf 87' lang='lat' dir='ltr'><strong>aditus</strong></span> <span class='ocrx_word' id='word_1_387' title='bbox 2733 2463 2783 2518; x_wconf 91' lang='lat' dir='ltr'><strong>ei</strong></span> <span class='ocrx_word' id='word_1_388' title='bbox 2810 2463 3251 2534; x_wconf 61' lang='lat' dir='ltr'><strong>praeludemtur,</strong></span> <span class='ocrx_word' id='word_1_389' title='bbox 3293 2465 3477 2520; x_wconf 86' lang='lat' dir='ltr'><strong>datam</strong></span> <span class='ocrx_word' id='word_1_390' title='bbox 3519 2464 3708 2539; x_wconf 79' lang='lat' dir='ltr'><strong>fuisse</strong></span> 
     </span>
    </p>
   </div>
   <div class='ocr_carea' id='block_1_54' title="bbox 2120 2555 3744 2627">
    <p class='ocr_par' dir='ltr' id='par_1_54' title="bbox 2120 2555 3744 2627">
     <span class='ocr_line' id='line_1_55' title="bbox 2120 2555 3744 2627; baseline 0 -17"><span class='ocrx_word' id='word_1_391' title='bbox 2120 2555 2440 2624; x_wconf 83' lang='lat' dir='ltr'><strong>potestatem</strong></span> <span class='ocrx_word' id='word_1_392' title='bbox 2463 2555 2579 2610; x_wconf 90' lang='lat' dir='ltr'><strong>suis</strong></span> <span class='ocrx_word' id='word_1_393' title='bbox 2611 2555 2793 2610; x_wconf 84' lang='lat' dir='ltr'><strong>verbis</strong></span> <span class='ocrx_word' id='word_1_394' title='bbox 2825 2555 3132 2625; x_wconf 81' lang='lat' dir='ltr'><strong>explicandi</strong></span> <span class='ocrx_word' id='word_1_395' title='bbox 3177 2557 3452 2627; x_wconf 87' lang='lat' dir='ltr'><strong>propriam</strong></span> <span class='ocrx_word' id='word_1_396' title='bbox 3495 2556 3562 2612; x_wconf 88' lang='lat' dir='ltr'><strong>de</strong></span> <span class='ocrx_word' id='word_1_397' title='bbox 3588 2572 3707 2612; x_wconf 81' lang='lat' dir='ltr'><strong>eu-</strong></span> <span class='ocrx_word' id='word_1_398' title='bbox 3739 2606 3744 2610; x_wconf 73' lang='grc'><strong>.</strong></span> 
     </span>
    </p>
   </div>
   <div class='ocr_carea' id='block_1_55' title="bbox 2122 2647 3709 2717">
    <p class='ocr_par' dir='ltr' id='par_1_55' title="bbox 2122 2647 3709 2717">
     <span class='ocr_line' id='line_1_56' title="bbox 2122 2647 3709 2717; baseline 0.002 -16"><span class='ocrx_word' id='word_1_399' title='bbox 2122 2647 2379 2702; x_wconf 89' lang='lat' dir='ltr'><strong>charistia</strong></span> <span class='ocrx_word' id='word_1_400' title='bbox 2423 2655 2681 2712; x_wconf 89' lang='lat' dir='ltr'><strong>mentem,</strong></span> <span class='ocrx_word' id='word_1_401' title='bbox 2718 2647 2865 2716; x_wconf 92' lang='lat' dir='ltr'><strong>quod</strong></span> <span class='ocrx_word' id='word_1_402' title='bbox 2891 2647 3006 2717; x_wconf 91' lang='lat' dir='ltr'><strong>ipse</strong></span> <span class='ocrx_word' id='word_1_403' title='bbox 3050 2648 3379 2717; x_wconf 69' lang='lat' dir='ltr'><strong>praestiterit,</strong></span> <span class='ocrx_word' id='word_1_404' title='bbox 3421 2649 3563 2704; x_wconf 89' lang='lat' dir='ltr'><strong>edita</strong></span> <span class='ocrx_word' id='word_1_405' title='bbox 3585 2650 3709 2704; x_wconf 79' lang='lat' dir='ltr'><strong>hac</strong></span> 
     </span>
    </p>
   </div>
   <div class='ocr_carea' id='block_1_56' title="bbox 2124 2735 3706 2809">
    <p class='ocr_par' dir='ltr' id='par_1_56' title="bbox 2124 2735 3706 2809">
     <span class='ocr_line' id='line_1_57' title="bbox 2124 2735 3706 2809; baseline 0.001 -17"><span class='ocrx_word' id='word_1_406' title='bbox 2124 2735 2466 2792; x_wconf 79' lang='lat' dir='ltr'><strong>confessione</strong></span> <span class='ocrx_word' id='word_1_407' title='bbox 2494 2737 2753 2804; x_wconf 87' lang='lat' dir='ltr'><strong>secunda,</strong></span> <span class='ocrx_word' id='word_1_408' title='bbox 2787 2738 2841 2791; x_wconf 90' lang='lat' dir='ltr'><strong>in</strong></span> <span class='ocrx_word' id='word_1_409' title='bbox 2863 2753 2972 2808; x_wconf 88' lang='lat' dir='ltr'><strong>qua</strong></span> <span class='ocrx_word' id='word_1_410' title='bbox 3019 2738 3262 2794; x_wconf 89' lang='lat' dir='ltr'><strong>subdolis</strong></span> <span class='ocrx_word' id='word_1_411' title='bbox 3295 2740 3401 2792; x_wconf 78' lang='lat' dir='ltr'><strong>veri</strong></span> <span class='ocrx_word' id='word_1_412' title='bbox 3455 2739 3706 2809; x_wconf 83' lang='lat' dir='ltr'><strong>corporis</strong></span> 
     </span>
    </p>
   </div>
   <div class='ocr_carea' id='block_1_57' title="bbox 2123 2829 3709 2908">
    <p class='ocr_par' dir='ltr' id='par_1_57' title="bbox 2123 2829 3709 2908">
     <span class='ocr_line' id='line_1_58' title="bbox 2123 2829 3709 2908; baseline 0.002 -27"><span class='ocrx_word' id='word_1_413' title='bbox 2123 2837 2173 2881; x_wconf 83' lang='lat' dir='ltr'><strong>et</strong></span> <span class='ocrx_word' id='word_1_414' title='bbox 2197 2829 2303 2886; x_wconf 71' lang='lat' dir='ltr'><strong>veri</strong></span> <span class='ocrx_word' id='word_1_415' title='bbox 2347 2829 2619 2898; x_wconf 72' lang='lat' dir='ltr'><strong>sanguinis</strong></span> <span class='ocrx_word' id='word_1_416' title='bbox 2670 2829 2850 2884; x_wconf 82' lang='lat' dir='ltr'><strong>verbis</strong></span> <span class='ocrx_word' id='word_1_417' title='bbox 2882 2829 3204 2886; x_wconf 82' lang='lat' dir='ltr'><strong>catholicam</strong></span> <span class='ocrx_word' id='word_1_418' title='bbox 3255 2829 3415 2908; x_wconf 72' lang='lat' dir='ltr'><strong>ﬁdem</strong></span> <span class='ocrx_word' id='word_1_419' title='bbox 3450 2830 3709 2900; x_wconf 67' lang='lat' dir='ltr'><strong>profiteri</strong></span> 
     </span>
    </p>
   </div>
   <div class='ocr_carea' id='block_1_58' title="bbox 2125 2919 3711 2992">
    <p class='ocr_par' dir='ltr' id='par_1_58' title="bbox 2125 2919 3711 2992">
     <span class='ocr_line' id='line_1_59' title="bbox 2125 2919 3711 2992; baseline 0.002 -19"><span class='ocrx_word' id='word_1_420' title='bbox 2125 2919 2442 2986; x_wconf 83' lang='lat' dir='ltr'><strong>videbatur;</strong></span> <span class='ocrx_word' id='word_1_421' title='bbox 2471 2919 2687 2976; x_wconf 88' lang='lat' dir='ltr'><strong>tametsi</strong></span> <span class='ocrx_word' id='word_1_422' title='bbox 2739 2920 2842 2975; x_wconf 84' lang='lat' dir='ltr'><strong>sub</strong></span> <span class='ocrx_word' id='word_1_423' title='bbox 2895 2920 3163 2990; x_wconf 87' lang='lat' dir='ltr'><strong>ejusmodi</strong></span> <span class='ocrx_word' id='word_1_424' title='bbox 3211 2921 3477 2992; x_wconf 78' lang='lat' dir='ltr'><strong>speciosis</strong></span> <span class='ocrx_word' id='word_1_425' title='bbox 3528 2920 3711 2976; x_wconf 75' lang='lat' dir='ltr'><strong>larvis</strong></span> 
     </span>
    </p>
   </div>
   <div class='ocr_carea' id='block_1_59' title="bbox 2127 3008 3710 3068">
    <p class='ocr_par' dir='ltr' id='par_1_59' title="bbox 2127 3008 3710 3068">
     <span class='ocr_line' id='line_1_60' title="bbox 2127 3008 3710 3068; baseline 0.003 -6"><span class='ocrx_word' id='word_1_426' title='bbox 2127 3008 2381 3063; x_wconf 73' lang='lat' dir='ltr'><strong>haeresim</strong></span> <span class='ocrx_word' id='word_1_427' title='bbox 2408 3023 2564 3062; x_wconf 87' lang='lat' dir='ltr'><strong>suam</strong></span> <span class='ocrx_word' id='word_1_428' title='bbox 2591 3010 2916 3065; x_wconf 87' lang='lat' dir='ltr'><strong>occultabat.</strong></span> <span class='ocrx_word' id='word_1_429' title='bbox 2957 3009 3086 3068; x_wconf 84' lang='lat' dir='ltr'><strong>lnde</strong></span> <span class='ocrx_word' id='word_1_430' title='bbox 3103 3011 3312 3068; x_wconf 70' lang='lat' dir='ltr'><strong>factum</strong></span> <span class='ocrx_word' id='word_1_431' title='bbox 3334 3021 3394 3067; x_wconf 87' lang='lat' dir='ltr'><strong>ut</strong></span> <span class='ocrx_word' id='word_1_432' title='bbox 3419 3013 3539 3068; x_wconf 65' lang='lat' dir='ltr'><strong>hac</strong></span> <span class='ocrx_word' id='word_1_433' title='bbox 3554 3026 3710 3067; x_wconf 78' lang='lat' dir='ltr'><strong>con-</strong></span> 
     </span>
    </p>
   </div>
   <div class='ocr_carea' id='block_1_60' title="bbox 2131 3093 3714 3172">
    <p class='ocr_par' dir='ltr' id='par_1_60' title="bbox 2131 3093 3714 3172">
     <span class='ocr_line' id='line_1_61' title="bbox 2131 3093 3714 3172; baseline 0.003 -23"><span class='ocrx_word' id='word_1_434' title='bbox 2131 3093 2296 3150; x_wconf 80' lang='lat' dir='ltr'><strong>fessio</strong></span> <span class='ocrx_word' id='word_1_435' title='bbox 2319 3097 2604 3165; x_wconf 88' lang='lat' dir='ltr'><strong>permultis</strong></span> <span class='ocrx_word' id='word_1_436' title='bbox 2640 3097 2799 3152; x_wconf 88' lang='lat' dir='ltr'><strong>istius</strong></span> <span class='ocrx_word' id='word_1_437' title='bbox 2825 3100 3014 3172; x_wconf 85' lang='lat' dir='ltr'><strong>synodi</strong></span> <span class='ocrx_word' id='word_1_438' title='bbox 3049 3100 3319 3170; x_wconf 83' lang='lat' dir='ltr'><strong>episcopis</strong></span> <span class='ocrx_word' id='word_1_439' title='bbox 3373 3115 3481 3154; x_wconf 89' lang='lat' dir='ltr'><strong>non</strong></span> <span class='ocrx_word' id='word_1_440' title='bbox 3507 3099 3714 3156; x_wconf 83' lang='lat' dir='ltr'><strong>fecerit</strong></span> 
     </span>
    </p>
   </div>
   <div class='ocr_carea' id='block_1_61' title="bbox 465 3165 3714 3258">
    <p class='ocr_par' dir='ltr' id='par_1_61' title="bbox 465 3165 3714 3258">
     <span class='ocr_line' id='line_1_62' title="bbox 465 3165 3714 3258; baseline 0.002 -21"><span class='ocrx_word' id='word_1_441' title='bbox 465 3186 482 3216; x_wconf 72' lang='grc' dir='ltr'>ί</span> <span class='ocrx_word' id='word_1_442' title='bbox 527 3177 641 3221; x_wconf 54' lang='lat' dir='ltr'><strong>tum</strong></span> <span class='ocrx_word' id='word_1_443' title='bbox 681 3182 745 3221; x_wconf 62' lang='lat' dir='ltr'><strong>ex</strong></span> <span class='ocrx_word' id='word_1_444' title='bbox 773 3166 1002 3237; x_wconf 73' lang='grc' dir='ltr'><strong>τεεεειῑε</strong></span> <span class='ocrx_word' id='word_1_445' title='bbox 1030 3166 1397 3221; x_wconf 61' lang='lat' dir='ltr'><strong>Romanorum</strong></span> <span class='ocrx_word' id='word_1_446' title='bbox 1446 3165 1784 3258; x_wconf 54' lang='lat' dir='ltr'><strong>pontificum,</strong></span> <span class='ocrx_word' id='word_1_447' title='bbox 1819 3174 2029 3258; x_wconf 24' lang='grc' dir='ltr'>ΨΪηΑθί</span> <span class='ocrx_word' id='word_1_448' title='bbox 2064 3245 2100 3258; x_wconf 50' lang='grc' dir='ltr'><strong>Α</strong></span> <span class='ocrx_word' id='word_1_449' title='bbox 2133 3185 2288 3250; x_wconf 89' lang='lat' dir='ltr'><strong>satis,</strong></span> <span class='ocrx_word' id='word_1_450' title='bbox 2313 3185 2539 3255; x_wconf 88' lang='lat' dir='ltr'><strong>ideoque</strong></span> <span class='ocrx_word' id='word_1_451' title='bbox 2561 3165 2878 3251; x_wconf 79' lang='lat' dir='ltr'><strong>remissaac</strong></span> <span class='ocrx_word' id='word_1_452' title='bbox 2896 3187 3062 3242; x_wconf 88' lang='lat' dir='ltr'><strong>dilata</strong></span> <span class='ocrx_word' id='word_1_453' title='bbox 3082 3165 3162 3244; x_wconf 76' lang='lat' dir='ltr'><strong>sit</strong></span> <span class='ocrx_word' id='word_1_454' title='bbox 3181 3165 3413 3258; x_wconf 80' lang='lat' dir='ltr'><strong>amplior</strong></span> <span class='ocrx_word' id='word_1_455' title='bbox 3433 3188 3598 3258; x_wconf 83' lang='lat' dir='ltr'><strong>hujus</strong></span> <span class='ocrx_word' id='word_1_456' title='bbox 3619 3187 3714 3243; x_wconf 85' lang='lat' dir='ltr'><strong>rei</strong></span> 
     </span>
    </p>
   </div>
   <div class='ocr_carea' id='block_1_62' title="bbox 469 3245 3714 3352">
    <p class='ocr_par' dir='ltr' id='par_1_62' title="bbox 469 3245 3714 3352">
     <span class='ocr_line' id='line_1_63' title="bbox 469 3245 3714 3352; baseline -0.003 -39"><span class='ocrx_word' id='word_1_457' title='bbox 469 3278 484 3306; x_wconf 76' lang='grc' dir='ltr'>ι</span> <span class='ocrx_word' id='word_1_458' title='bbox 534 3259 753 3352; x_wconf 80' lang='lat' dir='ltr'><strong>scriptis</strong></span> <span class='ocrx_word' id='word_1_459' title='bbox 793 3258 1173 3352; x_wconf 69' lang='lat' dir='ltr'><strong>religiosorum</strong></span> <span class='ocrx_word' id='word_1_460' title='bbox 1215 3258 1453 3352; x_wconf 81' lang='lat' dir='ltr'><strong>virorum</strong></span> <span class='ocrx_word' id='word_1_461' title='bbox 1481 3259 1574 3327; x_wconf 89' lang='lat' dir='ltr'><strong>qui</strong></span> <span class='ocrx_word' id='word_1_462' title='bbox 1611 3257 1784 3352; x_wconf 87' lang='lat' dir='ltr'><strong>de</strong></span> <span class='ocrx_word' id='word_1_463' title='bbox 1835 3256 2034 3352; x_wconf 78' lang='lat' dir='ltr'><strong>ﬁdelis-</strong></span> <span class='ocrx_word' id='word_1_464' title='bbox 2061 3245 2101 3301; x_wconf 84' lang='lat' dir='ltr'><strong><em>C</em></strong></span> <span class='ocrx_word' id='word_1_465' title='bbox 2133 3245 2404 3334; x_wconf 53' lang='grc' dir='ltr'><strong>ὠδώδείο</strong></span> <span class='ocrx_word' id='word_1_466' title='bbox 2425 3245 2480 3332; x_wconf 49' lang='grc' dir='ltr'>ὦ</span> <span class='ocrx_word' id='word_1_467' title='bbox 2515 3249 2798 3350; x_wconf 60' lang='lat' dir='ltr'><strong>synodum</strong></span> <span class='ocrx_word' id='word_1_468' title='bbox 2816 3280 2944 3334; x_wconf 61' lang='lat' dir='ltr'><strong>anni</strong></span> <span class='ocrx_word' id='word_1_469' title='bbox 2965 3245 3374 3351; x_wconf 55' lang='lat' dir='ltr'><strong>subsequen&#39;ﬁs’</strong></span> <span class='ocrx_word' id='word_1_470' title='bbox 3395 3245 3556 3351; x_wconf 48' lang='lat' dir='ltr'><strong>“his</strong></span> <span class='ocrx_word' id='word_1_471' title='bbox 3575 3295 3714 3352; x_wconf 47' lang='grc' dir='ltr'><strong>εἴη,</strong></span> 
     </span>
    </p>
   </div>
   <div class='ocr_carea' id='block_1_63' title="bbox 468 3347 2034 3418">
    <p class='ocr_par' dir='ltr' id='par_1_63' title="bbox 468 3347 2034 3418">
     <span class='ocr_line' id='line_1_64' title="bbox 468 3347 2034 3418; baseline 0.003 -21"><span class='ocrx_word' id='word_1_472' title='bbox 468 3367 484 3397; x_wconf 77' lang='grc' dir='ltr'>ι</span> <span class='ocrx_word' id='word_1_473' title='bbox 528 3350 665 3402; x_wconf 87' lang='lat' dir='ltr'><strong>sime</strong></span> <span class='ocrx_word' id='word_1_474' title='bbox 716 3349 1071 3418; x_wconf 87' lang='lat' dir='ltr'><strong>scripserunt.</strong></span> <span class='ocrx_word' id='word_1_475' title='bbox 1113 3347 1263 3405; x_wconf 74' lang='lat' dir='ltr'><strong>Nam</strong></span> <span class='ocrx_word' id='word_1_476' title='bbox 1325 3349 1512 3402; x_wconf 87' lang='lat' dir='ltr'><strong>eadem</strong></span> <span class='ocrx_word' id='word_1_477' title='bbox 1558 3347 1782 3402; x_wconf 86' lang='lat' dir='ltr'><strong>concilia</strong></span> <span class='ocrx_word' id='word_1_478' title='bbox 1835 3347 2034 3402; x_wconf 87' lang='lat' dir='ltr'><strong>nostris</strong></span> 
     </span>
    </p>
   </div>
   <div class='ocr_carea' id='block_1_64' title="bbox 464 3438 2033 3509">
    <p class='ocr_par' dir='ltr' id='par_1_64' title="bbox 464 3438 2033 3509">
     <span class='ocr_line' id='line_1_65' title="bbox 464 3438 2033 3509; baseline 0.001 -20"><span class='ocrx_word' id='word_1_479' title='bbox 464 3458 487 3488; x_wconf 65' lang='grc' dir='ltr'><strong>τ</strong></span> <span class='ocrx_word' id='word_1_480' title='bbox 545 3441 880 3509; x_wconf 84' lang='lat' dir='ltr'><strong>temporibus</strong></span> <span class='ocrx_word' id='word_1_481' title='bbox 906 3440 1046 3494; x_wconf 90' lang='lat' dir='ltr'><strong>infra</strong></span> <span class='ocrx_word' id='word_1_482' title='bbox 1080 3439 1150 3496; x_wconf 71' lang='grc'>40</span> <span class='ocrx_word' id='word_1_483' title='bbox 1199 3455 1370 3494; x_wconf 89' lang='lat' dir='ltr'><strong>annos</strong></span> <span class='ocrx_word' id='word_1_484' title='bbox 1413 3440 1687 3494; x_wconf 85' lang='lat' dir='ltr'><strong>celebrata</strong></span> <span class='ocrx_word' id='word_1_485' title='bbox 1748 3438 2033 3507; x_wconf 80' lang='lat' dir='ltr'><strong>reperiun-</strong></span> 
     </span>
    </p>
   </div>
   <div class='ocr_carea' id='block_1_65' title="bbox 471 3529 2038 3602">
    <p class='ocr_par' dir='ltr' id='par_1_65' title="bbox 471 3529 2038 3602">
     <span class='ocr_line' id='line_1_66' title="bbox 471 3529 2038 3602; baseline 0.001 -18"><span class='ocrx_word' id='word_1_486' title='bbox 471 3549 489 3578; x_wconf 79' lang='grc' dir='ltr'>ι</span> <span class='ocrx_word' id='word_1_487' title='bbox 538 3540 808 3601; x_wconf 86' lang='lat' dir='ltr'><strong>tur;quot</strong></span> <span class='ocrx_word' id='word_1_488' title='bbox 838 3533 1058 3587; x_wconf 89' lang='lat' dir='ltr'><strong>anniab</strong></span> <span class='ocrx_word' id='word_1_489' title='bbox 1079 3533 1303 3587; x_wconf 77' lang='lat' dir='ltr'><strong>exordio</strong></span> <span class='ocrx_word' id='word_1_490' title='bbox 1328 3532 1674 3602; x_wconf 81' lang='lat' dir='ltr'><strong>pontiﬁcatus</strong></span> <span class='ocrx_word' id='word_1_491' title='bbox 1731 3529 1788 3583; x_wconf 94' lang='lat' dir='ltr'><strong>S.</strong></span> <span class='ocrx_word' id='word_1_492' title='bbox 1841 3529 2038 3585; x_wconf 82' lang='lat' dir='ltr'><strong>Leonis</strong></span> 
     </span>
    </p>
   </div>
   <div class='ocr_carea' id='block_1_66' title="bbox 476 3608 2037 3693">
    <p class='ocr_par' dir='ltr' id='par_1_66' title="bbox 476 3608 2037 3693">
     <span class='ocr_line' id='line_1_67' title="bbox 476 3608 2037 3693; baseline 0.004 -23"><span class='ocrx_word' id='word_1_493' title='bbox 476 3639 492 3669; x_wconf 75' lang='grc' dir='ltr'>ι</span> <span class='ocrx_word' id='word_1_494' title='bbox 539 3619 698 3691; x_wconf 66' lang='lat' dir='ltr'><strong>Papa:</strong></span> <span class='ocrx_word' id='word_1_495' title='bbox 718 3638 891 3693; x_wconf 90' lang='lat' dir='ltr'><strong>usque</strong></span> <span class='ocrx_word' id='word_1_496' title='bbox 918 3624 973 3678; x_wconf 89' lang='lat' dir='ltr'><strong>in</strong></span> <span class='ocrx_word' id='word_1_497' title='bbox 1002 3633 1322 3693; x_wconf 62' lang='lat' dir='ltr'><strong>praesentem</strong></span> <span class='ocrx_word' id='word_1_498' title='bbox 1387 3608 1590 3677; x_wconf 85' lang='lat' dir='ltr'><strong>annum</strong></span> <span class='ocrx_word' id='word_1_499' title='bbox 1633 3626 2037 3690; x_wconf 84' lang='lat' dir='ltr'><strong>computantur,</strong></span> 
     </span>
    </p>
   </div>
   <div class='ocr_carea' id='block_1_67' title="bbox 474 3711 2076 3783">
    <p class='ocr_par' dir='ltr' id='par_1_67' title="bbox 474 3711 2076 3783">
     <span class='ocr_line' id='line_1_68' title="bbox 474 3711 2076 3783; baseline 0.002 -20"><span class='ocrx_word' id='word_1_500' title='bbox 474 3732 494 3763; x_wconf 71' lang='grc' dir='ltr'><strong><em>ι</em></strong></span> <span class='ocrx_word' id='word_1_501' title='bbox 541 3715 632 3783; x_wconf 90' lang='lat' dir='ltr'><strong>qui</strong></span> <span class='ocrx_word' id='word_1_502' title='bbox 663 3722 746 3768; x_wconf 86' lang='lat' dir='ltr'><strong>est</strong></span> <span class='ocrx_word' id='word_1_503' title='bbox 768 3713 837 3768; x_wconf 83' lang='lat' dir='ltr'><strong>ab</strong></span> <span class='ocrx_word' id='word_1_504' title='bbox 859 3712 1236 3768; x_wconf 88' lang='lat' dir='ltr'><strong>lnearnationc</strong></span> <span class='ocrx_word' id='word_1_505' title='bbox 1267 3712 1483 3766; x_wconf 85' lang='lat' dir='ltr'><strong>Domini</strong></span> <span class='ocrx_word' id='word_1_506' title='bbox 1519 3711 1655 3764; x_wconf 68' lang='lat'><strong>1088</strong></span> <span class='ocrx_word' id='word_1_507' title='bbox 1700 3712 1830 3780; x_wconf 88' lang='lat' dir='ltr'><strong>(quo</strong></span> <span class='ocrx_word' id='word_1_508' title='bbox 1855 3720 2042 3766; x_wconf 85' lang='lat' dir='ltr'><strong>auctor</strong></span> <span class='ocrx_word' id='word_1_509' title='bbox 2072 3725 2076 3728; x_wconf 74' lang='lat'>‘</span> 
     </span>
    </p>
   </div>
   <div class='ocr_carea' id='block_1_68' title="bbox 2134 3369 3715 3442">
    <p class='ocr_par' dir='ltr' id='par_1_68' title="bbox 2134 3369 3715 3442">
     <span class='ocr_line' id='line_1_69' title="bbox 2134 3369 3715 3442; baseline 0.002 -17"><span class='ocrx_word' id='word_1_510' title='bbox 2134 3371 2209 3426; x_wconf 91' lang='lat' dir='ltr'><strong>tia</strong></span> <span class='ocrx_word' id='word_1_511' title='bbox 2244 3369 2578 3442; x_wconf 89' lang='lat' dir='ltr'><strong>frequentior</strong></span> <span class='ocrx_word' id='word_1_512' title='bbox 2597 3370 2971 3442; x_wconf 89' lang='lat' dir='ltr'><strong>episcoporum</strong></span> <span class='ocrx_word' id='word_1_513' title='bbox 3011 3388 3272 3428; x_wconf 85' lang='lat' dir='ltr'><strong>numerus</strong></span> <span class='ocrx_word' id='word_1_514' title='bbox 3309 3372 3536 3429; x_wconf 80' lang='lat' dir='ltr'><strong>Romam</strong></span> <span class='ocrx_word' id='word_1_515' title='bbox 3570 3387 3715 3428; x_wconf 83' lang='lat' dir='ltr'><strong>con-</strong></span> 
     </span>
    </p>
   </div>
   <div class='ocr_carea' id='block_1_69' title="bbox 2134 3450 3717 3536">
    <p class='ocr_par' dir='ltr' id='par_1_69' title="bbox 2134 3450 3717 3536">
     <span class='ocr_line' id='line_1_70' title="bbox 2134 3450 3717 3536; baseline 0.002 -19"><span class='ocrx_word' id='word_1_516' title='bbox 2134 3463 2320 3518; x_wconf 85' lang='lat' dir='ltr'><strong>venire</strong></span> <span class='ocrx_word' id='word_1_517' title='bbox 2342 3463 2601 3530; x_wconf 86' lang='lat' dir='ltr'><strong>debebat;</strong></span> <span class='ocrx_word' id='word_1_518' title='bbox 2639 3479 2704 3519; x_wconf 89' lang='lat' dir='ltr'><strong>ac</strong></span> <span class='ocrx_word' id='word_1_519' title='bbox 2743 3465 2960 3520; x_wconf 87' lang='lat' dir='ltr'><strong>interim</strong></span> <span class='ocrx_word' id='word_1_520' title='bbox 3011 3450 3378 3536; x_wconf 27' lang='lat' dir='ltr'><strong>Berengarius&#39;</strong></span> <span class='ocrx_word' id='word_1_521' title='bbox 3395 3465 3462 3522; x_wconf 88' lang='lat' dir='ltr'><strong>ad</strong></span> <span class='ocrx_word' id='word_1_522' title='bbox 3483 3465 3535 3520; x_wconf 87' lang='lat' dir='ltr'><strong>id</strong></span> <span class='ocrx_word' id='word_1_523' title='bbox 3562 3473 3717 3520; x_wconf 80' lang='lat' dir='ltr'><strong>tem-</strong></span> 
     </span>
    </p>
   </div>
   <div class='ocr_carea' id='block_1_70' title="bbox 2138 3555 3716 3627">
    <p class='ocr_par' dir='ltr' id='par_1_70' title="bbox 2138 3555 3716 3627">
     <span class='ocr_line' id='line_1_71' title="bbox 2138 3555 3716 3627; baseline 0.001 -16"><span class='ocrx_word' id='word_1_524' title='bbox 2138 3573 2240 3626; x_wconf 91' lang='lat' dir='ltr'><strong>pus</strong></span> <span class='ocrx_word' id='word_1_525' title='bbox 2266 3556 2449 3612; x_wconf 68' lang='lat' dir='ltr'><strong>Roma:</strong></span> <span class='ocrx_word' id='word_1_526' title='bbox 2508 3557 2768 3612; x_wconf 88' lang='lat' dir='ltr'><strong>residere‘</strong></span> <span class='ocrx_word' id='word_1_527' title='bbox 2792 3557 3002 3627; x_wconf 80' lang='lat' dir='ltr'><strong>jussus.</strong></span> <span class='ocrx_word' id='word_1_528' title='bbox 3060 3557 3193 3625; x_wconf 62' lang='lat' dir='ltr'><strong>Quae</strong></span> <span class='ocrx_word' id='word_1_529' title='bbox 3238 3557 3342 3612; x_wconf 91' lang='lat' dir='ltr'><strong>viri</strong></span> 
     </span>
    </p>
   </div>
   <div class='ocr_carea' id='block_1_71' title="bbox 2139 3645 3144 3715">
    <p class='ocr_par' dir='ltr' id='par_1_71' title="bbox 2139 3645 3144 3715">
     <span class='ocr_line' id='line_1_72' title="bbox 2139 3645 3144 3715; baseline 0.001 -15"><span class='ocrx_word' id='word_1_530' title='bbox 2139 3646 2448 3714; x_wconf 84' lang='lat' dir='ltr'><strong>conjectura</strong></span> <span class='ocrx_word' id='word_1_531' title='bbox 2469 3645 2624 3701; x_wconf 84' lang='lat' dir='ltr'><strong>valde</strong></span> <span class='ocrx_word' id='word_1_532' title='bbox 2644 3645 2777 3700; x_wconf 86' lang='lat' dir='ltr'><strong>mihi</strong></span> <span class='ocrx_word' id='word_1_533' title='bbox 2799 3647 3076 3715; x_wconf 86' lang='lat' dir='ltr'><strong>probatur.</strong></span> <span class='ocrx_word' id='word_1_534' title='bbox 3099 3681 3101 3683; x_wconf 64' lang='grc' dir='ltr'><strong><em>ι</em></strong></span> <span class='ocrx_word' id='word_1_535' title='bbox 3138 3683 3144 3686; x_wconf 53' lang='grc' dir='ltr'>ν</span> 
     </span>
    </p>
   </div>
   <div class='ocr_carea' id='block_1_72' title="bbox 1327 3821 2839 3924">
    <p class='ocr_par' dir='ltr' id='par_1_72' title="bbox 1327 3821 2839 3924">
     <span class='ocr_line' id='line_1_73' title="bbox 1327 3821 2839 3924; baseline 0 0"><span class='ocrx_word' id='word_1_536' title='bbox 1327 3864 1434 3924; x_wconf 82' lang='lat' dir='ltr'><strong>AD</strong></span> <span class='ocrx_word' id='word_1_537' title='bbox 1469 3821 1905 3924; x_wconf 74' lang='lat' dir='ltr'><strong>CONClLlUM</strong></span> <span class='ocrx_word' id='word_1_538' title='bbox 1953 3861 2354 3922; x_wconf 75' lang='lat' dir='ltr'><strong>ROMANUM</strong></span> <span class='ocrx_word' id='word_1_539' title='bbox 2395 3863 2448 3922; x_wconf 93' lang='lat' dir='ltr'><strong>v</strong></span> <span class='ocrx_word' id='word_1_540' title='bbox 2504 3862 2839 3924; x_wconf 62' lang='lat' dir='ltr'><strong>suprmo</strong></span> 
     </span>
    </p>
   </div>
   <div class='ocr_carea' id='block_1_73' title="bbox 542 4023 2048 4094">
    <p class='ocr_par' dir='ltr' id='par_1_73' title="bbox 542 4023 2048 4094">
     <span class='ocr_line' id='line_1_74' title="bbox 542 4023 2048 4094; baseline -0.005 -11"><span class='ocrx_word' id='word_1_541' title='bbox 542 4030 679 4084; x_wconf 82' lang='lat' dir='ltr'><strong>Cum</strong></span> <span class='ocrx_word' id='word_1_542' title='bbox 735 4029 790 4082; x_wconf 93' lang='lat' dir='ltr'><strong>in</strong></span> <span class='ocrx_word' id='word_1_543' title='bbox 834 4027 1066 4082; x_wconf 90' lang='lat' dir='ltr'><strong>concilio</strong></span> <span class='ocrx_word' id='word_1_544' title='bbox 1129 4026 1234 4081; x_wconf 88' lang='lat' dir='ltr'><strong>isto</strong></span> <span class='ocrx_word' id='word_1_545' title='bbox 1285 4025 1530 4079; x_wconf 82' lang='lat' dir='ltr'><strong>Romano</strong></span> <span class='ocrx_word' id='word_1_546' title='bbox 1569 4040 1659 4079; x_wconf 89' lang='lat' dir='ltr'><strong>res</strong></span> <span class='ocrx_word' id='word_1_547' title='bbox 1699 4023 2048 4094; x_wconf 86' lang='lat' dir='ltr'><strong>Cassinensis</strong></span> 
     </span>
    </p>
   </div>
   <div class='ocr_carea' id='block_1_74' title="bbox 473 4114 2054 4195">
    <p class='ocr_par' dir='ltr' id='par_1_74' title="bbox 473 4114 2054 4195">
     <span class='ocr_line' id='line_1_75' title="bbox 473 4114 2054 4195; baseline -0.006 -19"><span class='ocrx_word' id='word_1_548' title='bbox 473 4117 791 4176; x_wconf 86' lang='lat' dir='ltr'><strong>monasterii</strong></span> <span class='ocrx_word' id='word_1_549' title='bbox 825 4115 1014 4171; x_wconf 82' lang='lat' dir='ltr'><strong>contra</strong></span> <span class='ocrx_word' id='word_1_550' title='bbox 1042 4115 1478 4195; x_wconf 62' lang='lat' dir='ltr'><strong>Normannorum</strong></span> <span class='ocrx_word' id='word_1_551' title='bbox 1502 4114 1813 4168; x_wconf 85' lang='lat' dir='ltr'><strong>invasiones</strong></span> <span class='ocrx_word' id='word_1_552' title='bbox 1831 4122 2054 4167; x_wconf 80' lang='lat' dir='ltr'><strong>asserta:</strong></span> 
     </span>
    </p>
   </div>
   <div class='ocr_carea' id='block_1_75' title="bbox 473 4203 2049 4276">
    <p class='ocr_par' dir='ltr' id='par_1_75' title="bbox 473 4203 2049 4276">
     <span class='ocr_line' id='line_1_76' title="bbox 473 4203 2049 4276; baseline -0.005 -10"><span class='ocrx_word' id='word_1_553' title='bbox 473 4211 698 4276; x_wconf 78' lang='lat' dir='ltr'><strong>fuerint,</strong></span> <span class='ocrx_word' id='word_1_554' title='bbox 735 4227 842 4265; x_wconf 91' lang='lat' dir='ltr'><strong>non</strong></span> <span class='ocrx_word' id='word_1_555' title='bbox 893 4209 1081 4262; x_wconf 83' lang='lat' dir='ltr'><strong>dubito</strong></span> <span class='ocrx_word' id='word_1_556' title='bbox 1114 4207 1404 4276; x_wconf 88' lang='lat' dir='ltr'><strong>quominus</strong></span> <span class='ocrx_word' id='word_1_557' title='bbox 1445 4205 1514 4259; x_wconf 89' lang='lat' dir='ltr'><strong>ad</strong></span> <span class='ocrx_word' id='word_1_558' title='bbox 1560 4205 1700 4259; x_wconf 90' lang='lat' dir='ltr'><strong>idem</strong></span> <span class='ocrx_word' id='word_1_559' title='bbox 1746 4203 2049 4258; x_wconf 83' lang='lat' dir='ltr'><strong>Romanum</strong></span> 
     </span>
    </p>
   </div>
   <div class='ocr_carea' id='block_1_76' title="bbox 476 4295 2050 4370">
    <p class='ocr_par' dir='ltr' id='par_1_76' title="bbox 476 4295 2050 4370">
     <span class='ocr_line' id='line_1_77' title="bbox 476 4295 2050 4370; baseline -0.006 -12"><span class='ocrx_word' id='word_1_560' title='bbox 476 4303 768 4358; x_wconf 80' lang='lat' dir='ltr'><strong>concilium</strong></span> <span class='ocrx_word' id='word_1_561' title='bbox 798 4298 1063 4370; x_wconf 90' lang='lat' dir='ltr'><strong>pertineat</strong></span> <span class='ocrx_word' id='word_1_562' title='bbox 1091 4296 1358 4352; x_wconf 87' lang='lat' dir='ltr'><strong>sententia</strong></span> <span class='ocrx_word' id='word_1_563' title='bbox 1411 4295 1502 4350; x_wconf 92' lang='lat' dir='ltr'><strong>illa</strong></span> <span class='ocrx_word' id='word_1_564' title='bbox 1531 4295 1798 4350; x_wconf 84' lang='lat' dir='ltr'><strong>adversus</strong></span> <span class='ocrx_word' id='word_1_565' title='bbox 1829 4295 2050 4350; x_wconf 88' lang='lat' dir='ltr'><strong>eosdem</strong></span> 
     </span>
    </p>
   </div>
   <div class='ocr_carea' id='block_1_77' title="bbox 479 4387 2045 4460">
    <p class='ocr_par' dir='ltr' id='par_1_77' title="bbox 479 4387 2045 4460">
     <span class='ocr_line' id='line_1_78' title="bbox 479 4387 2045 4460; baseline -0.003 -14"><span class='ocrx_word' id='word_1_566' title='bbox 479 4393 824 4448; x_wconf 81' lang='lat' dir='ltr'><strong>Normannos</strong></span> <span class='ocrx_word' id='word_1_567' title='bbox 854 4393 982 4457; x_wconf 89' lang='lat' dir='ltr'><strong>lata,</strong></span> <span class='ocrx_word' id='word_1_568' title='bbox 1005 4405 1113 4460; x_wconf 90' lang='lat' dir='ltr'><strong>qua</strong></span> <span class='ocrx_word' id='word_1_569' title='bbox 1139 4390 1357 4444; x_wconf 89' lang='lat' dir='ltr'><strong>eosdem</strong></span> <span class='ocrx_word' id='word_1_570' title='bbox 1387 4387 1616 4460; x_wconf 76' lang='lat' dir='ltr'><strong>castigat</strong></span> <span class='ocrx_word' id='word_1_571' title='bbox 1639 4403 1737 4460; x_wconf 89' lang='lat' dir='ltr'><strong>pro</strong></span> <span class='ocrx_word' id='word_1_572' title='bbox 1767 4387 1932 4444; x_wconf 89' lang='lat' dir='ltr'><strong>simili</strong></span> <span class='ocrx_word' id='word_1_573' title='bbox 1957 4389 2045 4442; x_wconf 87' lang='lat' dir='ltr'><strong>in-</strong></span> 
     </span>
    </p>
   </div>
   <div class='ocr_carea' id='block_1_78' title="bbox 480 4405 2046 4536">
    <p class='ocr_par' dir='ltr' id='par_1_78' title="bbox 480 4405 2046 4536">
     <span class='ocr_line' id='line_1_79' title="bbox 482 4405 2045 4460; baseline -0.003 -14"><span class='ocrx_word' id='word_1_574' title='bbox 482 4405 824 4448; x_wconf 72' lang='lat' dir='ltr'><strong>Normannos</strong></span> <span class='ocrx_word' id='word_1_575' title='bbox 855 4405 982 4457; x_wconf 86' lang='lat' dir='ltr'><strong>lata,</strong></span> <span class='ocrx_word' id='word_1_576' title='bbox 1005 4405 1113 4460; x_wconf 90' lang='lat' dir='ltr'><strong>qua</strong></span> <span class='ocrx_word' id='word_1_577' title='bbox 1139 4405 1357 4444; x_wconf 90' lang='lat' dir='ltr'><strong>eosuem</strong></span> <span class='ocrx_word' id='word_1_578' title='bbox 1387 4405 1523 4444; x_wconf 84' lang='lat' dir='ltr'><strong>casu</strong></span> <span class='ocrx_word' id='word_1_579' title='bbox 1562 4405 1616 4442; x_wconf 79' lang='lat' dir='ltr'><strong>at</strong></span> <span class='ocrx_word' id='word_1_580' title='bbox 1639 4405 1737 4460; x_wconf 90' lang='lat' dir='ltr'><strong>pro</strong></span> <span class='ocrx_word' id='word_1_581' title='bbox 1767 4405 1932 4444; x_wconf 85' lang='lat' dir='ltr'><strong>Slmlll</strong></span> <span class='ocrx_word' id='word_1_582' title='bbox 1957 4405 2045 4442; x_wconf 86' lang='lat' dir='ltr'><strong>m-</strong></span> 
     </span>
     <span class='ocr_line' id='line_1_80' title="bbox 480 4405 2046 4536; baseline -0.001 -1"><span class='ocrx_word' id='word_1_583' title='bbox 480 4482 703 4536; x_wconf 78' lang='lat' dir='ltr'><strong>vasione</strong></span> <span class='ocrx_word' id='word_1_584' title='bbox 736 4496 920 4535; x_wconf 86' lang='lat' dir='ltr'><strong>rerum</strong></span> <span class='ocrx_word' id='word_1_585' title='bbox 967 4481 1280 4534; x_wconf 89' lang='lat' dir='ltr'><strong>monasterii</strong></span> <span class='ocrx_word' id='word_1_586' title='bbox 1305 4405 1688 4536; x_wconf 46' lang='lat' dir='ltr'><strong>Casaurignsis</strong></span> <span class='ocrx_word' id='word_1_587' title='bbox 1735 4477 1818 4534; x_wconf 83' lang='lat' dir='ltr'><strong>vel</strong></span> <span class='ocrx_word' id='word_1_588' title='bbox 1858 4479 2046 4535; x_wconf 81' lang='lat' dir='ltr'><strong>Pisca-</strong></span> 
     </span>
    </p>
   </div>
   <div class='ocr_carea' id='block_1_79' title="bbox 481 4559 2050 4641">
    <p class='ocr_par' dir='ltr' id='par_1_79' title="bbox 481 4559 2050 4641">
     <span class='ocr_line' id='line_1_81' title="bbox 481 4559 2050 4641; baseline -0.002 -14"><span class='ocrx_word' id='word_1_589' title='bbox 481 4573 601 4633; x_wconf 69' lang='lat' dir='ltr'><strong>riae,</strong></span> <span class='ocrx_word' id='word_1_590' title='bbox 627 4585 748 4640; x_wconf 66' lang='lat' dir='ltr'><strong>quae</strong></span> <span class='ocrx_word' id='word_1_591' title='bbox 766 4569 948 4623; x_wconf 86' lang='lat' dir='ltr'><strong>insula</strong></span> <span class='ocrx_word' id='word_1_592' title='bbox 972 4571 1244 4627; x_wconf 80' lang='lat' dir='ltr'><strong>estmaris</strong></span> <span class='ocrx_word' id='word_1_593' title='bbox 1269 4559 1528 4626; x_wconf 76' lang='lat' dir='ltr'><strong>Adriatici</strong></span> <span class='ocrx_word' id='word_1_594' title='bbox 1559 4571 1616 4624; x_wconf 93' lang='lat' dir='ltr'><strong>in</strong></span> <span class='ocrx_word' id='word_1_595' title='bbox 1666 4570 1896 4641; x_wconf 84' lang='lat' dir='ltr'><strong>Aprutio</strong></span> <span class='ocrx_word' id='word_1_596' title='bbox 1917 4571 2050 4624; x_wconf 84' lang='lat' dir='ltr'><strong>ulte-</strong></span> 
     </span>
    </p>
   </div>
   <div class='ocr_carea' id='block_1_80' title="bbox 2151 4008 3719 4092">
    <p class='ocr_par' dir='ltr' id='par_1_80' title="bbox 2151 4008 3719 4092">
     <span class='ocr_line' id='line_1_82' title="bbox 2151 4008 3719 4092; baseline 0.01 -17"><span class='ocrx_word' id='word_1_597' title='bbox 2151 4021 2402 4091; x_wconf 62' lang='lat' dir='ltr'><strong>praesenti</strong></span> <span class='ocrx_word' id='word_1_598' title='bbox 2443 4023 2646 4091; x_wconf 81' lang='lat' dir='ltr'><strong>pariter</strong></span> <span class='ocrx_word' id='word_1_599' title='bbox 2667 4023 2858 4092; x_wconf 84' lang='lat' dir='ltr'><strong>jussus</strong></span> <span class='ocrx_word' id='word_1_600' title='bbox 2879 4035 2964 4080; x_wconf 86' lang='lat' dir='ltr'><strong>est</strong></span> <span class='ocrx_word' id='word_1_601' title='bbox 3006 4025 3129 4082; x_wconf 84' lang='lat' dir='ltr'><strong>ﬁdei</strong></span> <span class='ocrx_word' id='word_1_602' title='bbox 3166 4008 3280 4086; x_wconf 74' lang='lat' dir='ltr'><strong>sua:</strong></span> <span class='ocrx_word' id='word_1_603' title='bbox 3311 4029 3719 4090; x_wconf 82' lang='lat' dir='ltr'><strong>confessionem</strong></span> 
     </span>
    </p>
   </div>
   <div class='ocr_carea' id='block_1_81' title="bbox 2149 4108 3718 4185">
    <p class='ocr_par' dir='ltr' id='par_1_81' title="bbox 2149 4108 3718 4185">
     <span class='ocr_line' id='line_1_83' title="bbox 2149 4108 3718 4185; baseline 0.012 -21"><span class='ocrx_word' id='word_1_604' title='bbox 2149 4111 2426 4176; x_wconf 72' lang='lat' dir='ltr'><strong>exhibere,</strong></span> <span class='ocrx_word' id='word_1_605' title='bbox 2484 4127 2670 4182; x_wconf 88' lang='lat' dir='ltr'><strong>quam,</strong></span> <span class='ocrx_word' id='word_1_606' title='bbox 2711 4115 2978 4185; x_wconf 89' lang='lat' dir='ltr'><strong>siquidem</strong></span> <span class='ocrx_word' id='word_1_607' title='bbox 3030 4108 3157 4175; x_wconf 83' lang='lat' dir='ltr'><strong>vera</strong></span> <span class='ocrx_word' id='word_1_608' title='bbox 3194 4121 3284 4177; x_wconf 88' lang='lat' dir='ltr'><strong>ille</strong></span> <span class='ocrx_word' id='word_1_609' title='bbox 3321 4127 3620 4182; x_wconf 81' lang='lat' dir='ltr'><strong>narraverit</strong></span> <span class='ocrx_word' id='word_1_610' title='bbox 3654 4127 3718 4182; x_wconf 81' lang='lat' dir='ltr'><strong>in</strong></span> 
     </span>
    </p>
   </div>
   <div class='ocr_carea' id='block_1_82' title="bbox 2151 4199 3717 4285">
    <p class='ocr_par' dir='ltr' id='par_1_82' title="bbox 2151 4199 3717 4285">
     <span class='ocr_line' id='line_1_84' title="bbox 2151 4199 3717 4285; baseline 0.015 -32"><span class='ocrx_word' id='word_1_611' title='bbox 2151 4199 2351 4267; x_wconf 86' lang='lat' dir='ltr'><strong>scripto</strong></span> <span class='ocrx_word' id='word_1_612' title='bbox 2373 4201 2608 4269; x_wconf 89' lang='lat' dir='ltr'><strong>quodam</strong></span> <span class='ocrx_word' id='word_1_613' title='bbox 2655 4219 2755 4259; x_wconf 90' lang='lat' dir='ltr'><strong>suo</strong></span> <span class='ocrx_word' id='word_1_614' title='bbox 2799 4206 3016 4277; x_wconf 84' lang='lat' dir='ltr'><strong>vulgato</strong></span> <span class='ocrx_word' id='word_1_615' title='bbox 3037 4208 3091 4263; x_wconf 92' lang='lat' dir='ltr'><strong>in</strong></span> <span class='ocrx_word' id='word_1_616' title='bbox 3113 4209 3404 4270; x_wconf 61' lang='lat' dir='ltr'><strong>Anecdotis</strong></span> <span class='ocrx_word' id='word_1_617' title='bbox 3447 4210 3717 4285; x_wconf 67' lang='lat' dir='ltr'><strong>Martem,</strong></span> 
     </span>
    </p>
   </div>
   <div class='ocr_carea' id='block_1_83' title="bbox 2149 4289 3724 4378">
    <p class='ocr_par' dir='ltr' id='par_1_83' title="bbox 2149 4289 3724 4378">
     <span class='ocr_line' id='line_1_85' title="bbox 2149 4289 3724 4378; baseline 0.015 -36"><span class='ocrx_word' id='word_1_618' title='bbox 2149 4298 2280 4344; x_wconf 88' lang='lat' dir='ltr'><strong>tom.</strong></span> <span class='ocrx_word' id='word_1_619' title='bbox 2310 4289 2400 4356; x_wconf 75' lang='grc' dir='ltr'><strong>Ν,</strong></span> <span class='ocrx_word' id='word_1_620' title='bbox 2432 4307 2554 4364; x_wconf 87' lang='lat' dir='ltr'><strong>pag.</strong></span> <span class='ocrx_word' id='word_1_621' title='bbox 2590 4293 2712 4362; x_wconf 68' lang='lat'><strong>{03,</strong></span> <span class='ocrx_word' id='word_1_622' title='bbox 2751 4296 2968 4354; x_wconf 89' lang='lat' dir='ltr'><strong>concilii</strong></span> <span class='ocrx_word' id='word_1_623' title='bbox 3001 4300 3144 4356; x_wconf 85' lang='lat' dir='ltr'><strong>illius</strong></span> <span class='ocrx_word' id='word_1_624' title='bbox 3185 4299 3377 4360; x_wconf 85' lang='lat' dir='ltr'><strong>Patres</strong></span> <span class='ocrx_word' id='word_1_625' title='bbox 3408 4291 3547 4362; x_wconf 20' lang='lat' dir='ltr'><strong>tunc.</strong></span> <span class='ocrx_word' id='word_1_626' title='bbox 3584 4293 3724 4378; x_wconf 72' lang='lat' dir='ltr'><strong>qni-</strong></span> 
     </span>
    </p>
   </div>
   <div class='ocr_carea' id='block_1_84' title="bbox 2150 4381 3723 4457">
    <p class='ocr_par' dir='ltr' id='par_1_84' title="bbox 2150 4381 3723 4457">
     <span class='ocr_line' id='line_1_86' title="bbox 2150 4381 3723 4457; baseline 0.012 -22"><span class='ocrx_word' id='word_1_627' title='bbox 2150 4381 2286 4437; x_wconf 88' lang='lat' dir='ltr'><strong>dam.</strong></span> <span class='ocrx_word' id='word_1_628' title='bbox 2303 4383 2623 4457; x_wconf 75' lang='lat' dir='ltr'><strong>catholicam</strong></span> <span class='ocrx_word' id='word_1_629' title='bbox 2646 4393 3033 4456; x_wconf 50' lang='lat' dir='ltr'><strong>agnoverunt;</strong></span> <span class='ocrx_word' id='word_1_630' title='bbox 3065 4391 3162 4446; x_wconf 82' lang='lat' dir='ltr'><strong>sed</strong></span> <span class='ocrx_word' id='word_1_631' title='bbox 3207 4393 3301 4447; x_wconf 85' lang='lat' dir='ltr'><strong>alii</strong></span> <span class='ocrx_word' id='word_1_632' title='bbox 3348 4395 3515 4451; x_wconf 87' lang='lat' dir='ltr'><strong>latere</strong></span> <span class='ocrx_word' id='word_1_633' title='bbox 3539 4398 3596 4451; x_wconf 92' lang='lat' dir='ltr'><strong>in</strong></span> <span class='ocrx_word' id='word_1_634' title='bbox 3622 4398 3723 4457; x_wconf 76' lang='lat' dir='ltr'><strong>illa</strong></span> 
     </span>
    </p>
   </div>
   <div class='ocr_carea' id='block_1_85' title="bbox 2151 4467 3726 4558">
    <p class='ocr_par' dir='ltr' id='par_1_85' title="bbox 2151 4467 3726 4558">
     <span class='ocr_line' id='line_1_87' title="bbox 2151 4467 3726 4558; baseline 0.01 -29"><span class='ocrx_word' id='word_1_635' title='bbox 2151 4475 2345 4529; x_wconf 88' lang='lat' dir='ltr'><strong>veneni</strong></span> <span class='ocrx_word' id='word_1_636' title='bbox 2374 4477 2578 4546; x_wconf 88' lang='lat' dir='ltr'><strong>aliquid</strong></span> <span class='ocrx_word' id='word_1_637' title='bbox 2607 4479 2844 4533; x_wconf 63' lang='lat' dir='ltr'><strong>heretici</strong></span> <span class='ocrx_word' id='word_1_638' title='bbox 2867 4467 3127 4558; x_wconf 80' lang='lat' dir='ltr'><strong>suspicati</strong></span> <span class='ocrx_word' id='word_1_639' title='bbox 3149 4496 3536 4557; x_wconf 82' lang='lat' dir='ltr'><strong>persuaserunt</strong></span> <span class='ocrx_word' id='word_1_640' title='bbox 3583 4503 3726 4558; x_wconf 84' lang='lat' dir='ltr'><strong>pon-</strong></span> 
     </span>
    </p>
   </div>
   <div class='ocr_carea' id='block_1_86' title="bbox 2153 4557 3723 4646">
    <p class='ocr_par' dir='ltr' id='par_1_86' title="bbox 2153 4557 3723 4646">
     <span class='ocr_line' id='line_1_88' title="bbox 2153 4557 3723 4646; baseline 0.013 -28"><span class='ocrx_word' id='word_1_641' title='bbox 2153 4565 2286 4619; x_wconf 86' lang='lat' dir='ltr'><strong>tiﬁci</strong></span> <span class='ocrx_word' id='word_1_642' title='bbox 2311 4574 2371 4618; x_wconf 88' lang='lat' dir='ltr'><strong>ut</strong></span> <span class='ocrx_word' id='word_1_643' title='bbox 2401 4565 2586 4621; x_wconf 66' lang='lat' dir='ltr'><strong>Roma;</strong></span> <span class='ocrx_word' id='word_1_644' title='bbox 2633 4566 2700 4621; x_wconf 87' lang='lat' dir='ltr'><strong>ad</strong></span> <span class='ocrx_word' id='word_1_645' title='bbox 2731 4557 3020 4624; x_wconf 70' lang='lat' dir='ltr'><strong>concilium</strong></span> <span class='ocrx_word' id='word_1_646' title='bbox 3049 4587 3224 4642; x_wconf 79' lang='lat' dir='ltr'><strong>usque</strong></span> <span class='ocrx_word' id='word_1_647' title='bbox 3276 4577 3553 4646; x_wconf 83' lang='lat' dir='ltr'><strong>sequentis</strong></span> <span class='ocrx_word' id='word_1_648' title='bbox 3584 4557 3723 4639; x_wconf 81' lang='lat' dir='ltr'><strong>anni</strong></span> 
     </span>
    </p>
   </div>
   <div class='ocr_carea' id='block_1_87' title="bbox 487 4633 3728 4728">
    <p class='ocr_par' dir='ltr' id='par_1_87' title="bbox 487 4633 3728 4728">
     <span class='ocr_line' id='line_1_89' title="bbox 487 4633 3728 4728; baseline 0.003 -11"><span class='ocrx_word' id='word_1_649' title='bbox 487 4633 821 4717; x_wconf 26' lang='lat' dir='ltr'><strong>riorifllanc</strong></span> <span class='ocrx_word' id='word_1_650' title='bbox 846 4658 1013 4728; x_wconf 79' lang='lat' dir='ltr'><strong>igitur</strong></span> <span class='ocrx_word' id='word_1_651' title='bbox 1060 4657 1255 4712; x_wconf 87' lang='lat' dir='ltr'><strong>damus</strong></span> <span class='ocrx_word' id='word_1_652' title='bbox 1284 4673 1350 4711; x_wconf 77' lang='lat' dir='ltr'><strong>ex</strong></span> <span class='ocrx_word' id='word_1_653' title='bbox 1369 4657 1646 4713; x_wconf 88' lang='lat' dir='ltr'><strong>Chronico</strong></span> <span class='ocrx_word' id='word_1_654' title='bbox 1665 4633 1911 4726; x_wconf 68' lang='lat' dir='ltr'><strong>ejusdem</strong></span> <span class='ocrx_word' id='word_1_655' title='bbox 1935 4672 2055 4712; x_wconf 82' lang='lat' dir='ltr'><strong>rno—</strong></span> <span class='ocrx_word' id='word_1_656' title='bbox 2085 4633 2131 4691; x_wconf 76' lang='grc' dir='ltr'><strong>θ</strong></span> <span class='ocrx_word' id='word_1_657' title='bbox 2159 4653 2311 4707; x_wconf 88' lang='lat' dir='ltr'><strong>illum</strong></span> <span class='ocrx_word' id='word_1_658' title='bbox 2345 4653 2627 4710; x_wconf 88' lang='lat' dir='ltr'><strong>detineret.</strong></span> <span class='ocrx_word' id='word_1_659' title='bbox 2651 4655 2730 4712; x_wconf 92' lang='lat' dir='ltr'><strong>lbi</strong></span> <span class='ocrx_word' id='word_1_660' title='bbox 2761 4658 3049 4714; x_wconf 75' lang='lat' dir='ltr'><strong>clariorem</strong></span> <span class='ocrx_word' id='word_1_661' title='bbox 3095 4633 3219 4719; x_wconf 77' lang='lat' dir='ltr'><strong>ﬁdei</strong></span> <span class='ocrx_word' id='word_1_662' title='bbox 3260 4633 3373 4723; x_wconf 61' lang='lat' dir='ltr'><strong>sua;</strong></span> <span class='ocrx_word' id='word_1_663' title='bbox 3425 4633 3728 4728; x_wconf 61' lang='lat' dir='ltr'><strong>confessio:</strong></span> 
     </span>
    </p>
   </div>
   <div class='ocr_carea' id='block_1_88' title="bbox 486 4735 2056 4818">
    <p class='ocr_par' dir='ltr' id='par_1_88' title="bbox 486 4735 2056 4818">
     <span class='ocr_line' id='line_1_90' title="bbox 486 4735 2056 4818; baseline -0.006 -8"><span class='ocrx_word' id='word_1_664' title='bbox 486 4751 708 4809; x_wconf 88' lang='lat' dir='ltr'><strong>nasterii</strong></span> <span class='ocrx_word' id='word_1_665' title='bbox 731 4749 970 4805; x_wconf 83' lang='lat' dir='ltr'><strong>exhibito</strong></span> <span class='ocrx_word' id='word_1_666' title='bbox 1013 4744 1137 4802; x_wconf 79' lang='lat' dir='ltr'><strong>Rer.</strong></span> <span class='ocrx_word' id='word_1_667' title='bbox 1165 4746 1334 4804; x_wconf 88' lang='lat' dir='ltr'><strong>Italic.</strong></span> <span class='ocrx_word' id='word_1_668' title='bbox 1389 4757 1518 4802; x_wconf 89' lang='lat' dir='ltr'><strong>tom.</strong></span> <span class='ocrx_word' id='word_1_669' title='bbox 1555 4746 1630 4811; x_wconf 91' lang='lat' dir='ltr'><strong>ll,</strong></span> <span class='ocrx_word' id='word_1_670' title='bbox 1678 4762 1794 4816; x_wconf 91' lang='lat' dir='ltr'><strong>par.</strong></span> <span class='ocrx_word' id='word_1_671' title='bbox 1823 4762 1884 4813; x_wconf 86' lang='grc' dir='ltr'><strong>ιι,</strong></span> <span class='ocrx_word' id='word_1_672' title='bbox 1929 4735 2056 4818; x_wconf 78' lang='lat' dir='ltr'><strong>pag.</strong></span> 
     </span>
    </p>
   </div>
   <div class='ocr_carea' id='block_1_89' title="bbox 489 4818 2062 4909">
    <p class='ocr_par' dir='ltr' id='par_1_89' title="bbox 489 4818 2062 4909">
     <span class='ocr_line' id='line_1_91' title="bbox 489 4818 2062 4909; baseline -0.006 -13"><span class='ocrx_word' id='word_1_673' title='bbox 489 4843 614 4896; x_wconf 78' lang='lat'><strong>365.</strong></span> <span class='ocrx_word' id='word_1_674' title='bbox 667 4840 895 4909; x_wconf 85' lang='lat' dir='ltr'><strong>Insuper</strong></span> <span class='ocrx_word' id='word_1_675' title='bbox 947 4838 1015 4890; x_wconf 85' lang='lat' dir='ltr'><strong>de</strong></span> <span class='ocrx_word' id='word_1_676' title='bbox 1062 4818 1399 4891; x_wconf 81' lang='lat' dir='ltr'><strong>investituris</strong></span> <span class='ocrx_word' id='word_1_677' title='bbox 1442 4836 1767 4906; x_wconf 81' lang='lat' dir='ltr'><strong>dignitatum</strong></span> <span class='ocrx_word' id='word_1_678' title='bbox 1803 4825 2062 4891; x_wconf 78' lang='lat' dir='ltr'><strong>ecclesia-</strong></span> 
     </span>
    </p>
   </div>
   <div class='ocr_carea' id='block_1_90' title="bbox 491 4923 2062 4996">
    <p class='ocr_par' dir='ltr' id='par_1_90' title="bbox 491 4923 2062 4996">
     <span class='ocr_line' id='line_1_92' title="bbox 491 4923 2062 4996; baseline -0.004 -11"><span class='ocrx_word' id='word_1_679' title='bbox 491 4923 803 4986; x_wconf 74' lang='lat' dir='ltr'><strong>sticaruma</strong></span> <span class='ocrx_word' id='word_1_680' title='bbox 844 4928 998 4983; x_wconf 85' lang='lat' dir='ltr'><strong>laicis</strong></span> <span class='ocrx_word' id='word_1_681' title='bbox 1041 4943 1146 4980; x_wconf 89' lang='lat' dir='ltr'><strong>non</strong></span> <span class='ocrx_word' id='word_1_682' title='bbox 1177 4926 1526 4996; x_wconf 86' lang='lat' dir='ltr'><strong>recipiendis,</strong></span> <span class='ocrx_word' id='word_1_683' title='bbox 1555 4925 1771 4981; x_wconf 86' lang='lat' dir='ltr'><strong>decreta</strong></span> <span class='ocrx_word' id='word_1_684' title='bbox 1814 4925 1935 4982; x_wconf 78' lang='lat' dir='ltr'><strong>duo</strong></span> <span class='ocrx_word' id='word_1_685' title='bbox 1977 4925 2062 4979; x_wconf 87' lang='lat' dir='ltr'><strong>in-</strong></span> 
     </span>
    </p>
   </div>
   <div class='ocr_carea' id='block_1_91' title="bbox 496 5017 2057 5088">
    <p class='ocr_par' dir='ltr' id='par_1_91' title="bbox 496 5017 2057 5088">
     <span class='ocr_line' id='line_1_93' title="bbox 496 5017 2057 5088; baseline -0.003 -14"><span class='ocrx_word' id='word_1_686' title='bbox 496 5030 644 5088; x_wconf 85' lang='lat' dir='ltr'><strong>tegra</strong></span> <span class='ocrx_word' id='word_1_687' title='bbox 698 5036 822 5074; x_wconf 91' lang='lat' dir='ltr'><strong>cum</strong></span> <span class='ocrx_word' id='word_1_688' title='bbox 871 5035 976 5073; x_wconf 92' lang='lat' dir='ltr'><strong>non</strong></span> <span class='ocrx_word' id='word_1_689' title='bbox 1025 5020 1277 5087; x_wconf 88' lang='lat' dir='ltr'><strong>legantur</strong></span> <span class='ocrx_word' id='word_1_690' title='bbox 1320 5018 1374 5070; x_wconf 91' lang='lat' dir='ltr'><strong>in</strong></span> <span class='ocrx_word' id='word_1_691' title='bbox 1405 5017 1626 5088; x_wconf 81' lang='lat' dir='ltr'><strong>syuopsi</strong></span> <span class='ocrx_word' id='word_1_692' title='bbox 1663 5026 1908 5072; x_wconf 85' lang='lat' dir='ltr'><strong>actorum</strong></span> <span class='ocrx_word' id='word_1_693' title='bbox 1952 5017 2057 5070; x_wconf 89' lang='lat' dir='ltr'><strong>hu-</strong></span> 
     </span>
    </p>
   </div>
   <div class='ocr_carea' id='block_1_92' title="bbox 493 5108 2081 5180">
    <p class='ocr_par' dir='ltr' id='par_1_92' title="bbox 493 5108 2081 5180">
     <span class='ocr_line' id='line_1_94' title="bbox 493 5108 2081 5180; baseline -0.001 -17"><span class='ocrx_word' id='word_1_694' title='bbox 493 5111 585 5180; x_wconf 88' lang='lat' dir='ltr'><strong>jus</strong></span> <span class='ocrx_word' id='word_1_695' title='bbox 619 5110 852 5173; x_wconf 87' lang='lat' dir='ltr'><strong>concilii,</strong></span> <span class='ocrx_word' id='word_1_696' title='bbox 873 5127 1036 5178; x_wconf 81' lang='lat' dir='ltr'><strong>quam</strong></span> <span class='ocrx_word' id='word_1_697' title='bbox 1063 5111 1233 5165; x_wconf 90' lang='lat' dir='ltr'><strong>solam</strong></span> <span class='ocrx_word' id='word_1_698' title='bbox 1259 5110 1347 5166; x_wconf 92' lang='lat' dir='ltr'><strong>hic</strong></span> <span class='ocrx_word' id='word_1_699' title='bbox 1369 5126 1466 5180; x_wconf 92' lang='lat' dir='ltr'><strong>pro</strong></span> <span class='ocrx_word' id='word_1_700' title='bbox 1487 5110 1627 5164; x_wconf 91' lang='lat' dir='ltr'><strong>actis</strong></span> <span class='ocrx_word' id='word_1_701' title='bbox 1649 5108 1948 5178; x_wconf 88' lang='lat' dir='ltr'><strong>deperditis</strong></span> <span class='ocrx_word' id='word_1_702' title='bbox 1972 5123 2081 5163; x_wconf 68' lang='lat' dir='ltr'><strong>exo-</strong></span> 
     </span>
    </p>
   </div>
   <div class='ocr_carea' id='block_1_93' title="bbox 499 5194 2066 5269">
    <p class='ocr_par' dir='ltr' id='par_1_93' title="bbox 499 5194 2066 5269">
     <span class='ocr_line' id='line_1_95' title="bbox 499 5194 2066 5269; baseline -0.001 -15"><span class='ocrx_word' id='word_1_703' title='bbox 499 5197 648 5254; x_wconf 89' lang='lat' dir='ltr'><strong>hibet</strong></span> <span class='ocrx_word' id='word_1_704' title='bbox 673 5194 939 5260; x_wconf 86' lang='lat' dir='ltr'><strong>Labbeus,</strong></span> <span class='ocrx_word' id='word_1_705' title='bbox 971 5200 1284 5266; x_wconf 90' lang='lat' dir='ltr'><strong>supplemus</strong></span> <span class='ocrx_word' id='word_1_706' title='bbox 1314 5217 1380 5254; x_wconf 73' lang='lat' dir='ltr'><strong>ex</strong></span> <span class='ocrx_word' id='word_1_707' title='bbox 1403 5199 1669 5269; x_wconf 89' lang='lat' dir='ltr'><strong>opusculo</strong></span> <span class='ocrx_word' id='word_1_708' title='bbox 1718 5197 1776 5252; x_wconf 89' lang='lat' dir='ltr'><strong>S.</strong></span> <span class='ocrx_word' id='word_1_709' title='bbox 1823 5198 2066 5252; x_wconf 81' lang='lat' dir='ltr'><strong>Anselmi</strong></span> 
     </span>
    </p>
   </div>
   <div class='ocr_carea' id='block_1_94' title="bbox 502 5286 2066 5360">
    <p class='ocr_par' dir='ltr' id='par_1_94' title="bbox 502 5286 2066 5360">
     <span class='ocr_line' id='line_1_96' title="bbox 502 5286 2066 5360; baseline -0.001 -15"><span class='ocrx_word' id='word_1_710' title='bbox 502 5289 765 5346; x_wconf 85' lang='lat' dir='ltr'><strong>Lucensis</strong></span> <span class='ocrx_word' id='word_1_711' title='bbox 787 5299 972 5344; x_wconf 88' lang='lat' dir='ltr'><strong>contra</strong></span> <span class='ocrx_word' id='word_1_712' title='bbox 997 5286 1304 5342; x_wconf 86' lang='lat' dir='ltr'><strong>Wibcrtum</strong></span> <span class='ocrx_word' id='word_1_713' title='bbox 1331 5292 1665 5360; x_wconf 85' lang='lat' dir='ltr'><strong>antipapam,</strong></span> <span class='ocrx_word' id='word_1_714' title='bbox 1721 5291 1814 5345; x_wconf 91' lang='lat' dir='ltr'><strong>lib.</strong></span> <span class='ocrx_word' id='word_1_715' title='bbox 1844 5306 1904 5357; x_wconf 84' lang='grc' dir='ltr'><strong>ιι,</strong></span> <span class='ocrx_word' id='word_1_716' title='bbox 1941 5305 2066 5360; x_wconf 89' lang='lat' dir='ltr'><strong>pag.</strong></span> 
     </span>
    </p>
   </div>
   <div class='ocr_carea' id='block_1_95' title="bbox 500 5376 2070 5452">
    <p class='ocr_par' dir='ltr' id='par_1_95' title="bbox 500 5376 2070 5452">
     <span class='ocr_line' id='line_1_97' title="bbox 500 5376 2070 5452; baseline 0 -17"><span class='ocrx_word' id='word_1_717' title='bbox 500 5382 624 5447; x_wconf 62' lang='lat'><strong>534,</strong></span> <span class='ocrx_word' id='word_1_718' title='bbox 652 5381 779 5435; x_wconf 90' lang='lat' dir='ltr'><strong>edit.</strong></span> <span class='ocrx_word' id='word_1_719' title='bbox 816 5377 1122 5432; x_wconf 65' lang='lat' dir='ltr'><strong>Canisiante</strong></span> <span class='ocrx_word' id='word_1_720' title='bbox 1154 5376 1438 5447; x_wconf 85' lang='lat' dir='ltr'><strong>Basnagii;</strong></span> <span class='ocrx_word' id='word_1_721' title='bbox 1488 5381 1582 5432; x_wconf 89' lang='lat' dir='ltr'><strong>sed</strong></span> <span class='ocrx_word' id='word_1_722' title='bbox 1633 5389 1925 5452; x_wconf 83' lang='lat' dir='ltr'><strong>antequam</strong></span> <span class='ocrx_word' id='word_1_723' title='bbox 1951 5380 2070 5447; x_wconf 66' lang='lat' dir='ltr'><strong>haec</strong></span> 
     </span>
    </p>
   </div>
   <div class='ocr_carea' id='block_1_96' title="bbox 507 5469 2070 5542">
    <p class='ocr_par' dir='ltr' id='par_1_96' title="bbox 507 5469 2070 5542">
     <span class='ocr_line' id='line_1_98' title="bbox 507 5469 2070 5542; baseline -0.003 -14"><span class='ocrx_word' id='word_1_724' title='bbox 507 5472 865 5542; x_wconf 86' lang='lat' dir='ltr'><strong>proferantur,</strong></span> <span class='ocrx_word' id='word_1_725' title='bbox 913 5469 1218 5538; x_wconf 86' lang='lat' dir='ltr'><strong>disquirere</strong></span> <span class='ocrx_word' id='word_1_726' title='bbox 1261 5469 1463 5538; x_wconf 88' lang='lat' dir='ltr'><strong>aliquid</strong></span> <span class='ocrx_word' id='word_1_727' title='bbox 1504 5469 1658 5536; x_wconf 83' lang='lat' dir='ltr'><strong>juvat</strong></span> <span class='ocrx_word' id='word_1_728' title='bbox 1703 5470 1770 5522; x_wconf 88' lang='lat' dir='ltr'><strong>de</strong></span> <span class='ocrx_word' id='word_1_729' title='bbox 1815 5470 2070 5535; x_wconf 64' lang='lat' dir='ltr'><strong>haeretica</strong></span> 
     </span>
    </p>
   </div>
   <div class='ocr_carea' id='block_1_97' title="bbox 508 5559 2074 5634">
    <p class='ocr_par' dir='ltr' id='par_1_97' title="bbox 508 5559 2074 5634">
     <span class='ocr_line' id='line_1_99' title="bbox 508 5559 2074 5634; baseline -0.001 -18"><span class='ocrx_word' id='word_1_730' title='bbox 508 5563 851 5634; x_wconf 85' lang='lat' dir='ltr'><strong>Berengario,</strong></span> <span class='ocrx_word' id='word_1_731' title='bbox 883 5561 1040 5630; x_wconf 87' lang='lat' dir='ltr'><strong>cujus</strong></span> <span class='ocrx_word' id='word_1_732' title='bbox 1062 5575 1225 5614; x_wconf 88' lang='lat' dir='ltr'><strong>causa</strong></span> <span class='ocrx_word' id='word_1_733' title='bbox 1253 5575 1359 5614; x_wconf 91' lang='lat' dir='ltr'><strong>non</strong></span> <span class='ocrx_word' id='word_1_734' title='bbox 1392 5559 1445 5612; x_wconf 89' lang='lat' dir='ltr'><strong>in</strong></span> <span class='ocrx_word' id='word_1_735' title='bbox 1489 5560 1718 5614; x_wconf 91' lang='lat' dir='ltr'><strong>concilio</strong></span> <span class='ocrx_word' id='word_1_736' title='bbox 1741 5568 2074 5614; x_wconf 84' lang='lat' dir='ltr'><strong>tantummo-</strong></span> 
     </span>
    </p>
   </div>
   <div class='ocr_carea' id='block_1_98' title="bbox 511 5651 2081 5721">
    <p class='ocr_par' dir='ltr' id='par_1_98' title="bbox 511 5651 2081 5721">
     <span class='ocr_line' id='line_1_100' title="bbox 511 5651 2081 5721; baseline -0.004 -13"><span class='ocrx_word' id='word_1_737' title='bbox 511 5656 580 5708; x_wconf 89' lang='lat' dir='ltr'><strong>do</strong></span> <span class='ocrx_word' id='word_1_738' title='bbox 614 5654 858 5707; x_wconf 74' lang='lat' dir='ltr'><strong>Romano</strong></span> <span class='ocrx_word' id='word_1_739' title='bbox 901 5651 1175 5721; x_wconf 86' lang='lat' dir='ltr'><strong>sequentis</strong></span> <span class='ocrx_word' id='word_1_740' title='bbox 1214 5651 1342 5704; x_wconf 90' lang='lat' dir='ltr'><strong>anni</strong></span> <span class='ocrx_word' id='word_1_741' title='bbox 1392 5659 1618 5705; x_wconf 85' lang='lat' dir='ltr'><strong>tractata</strong></span> <span class='ocrx_word' id='word_1_742' title='bbox 1657 5661 1741 5705; x_wconf 88' lang='lat' dir='ltr'><strong>est</strong></span> <span class='ocrx_word' id='word_1_743' title='bbox 1766 5693 1780 5716; x_wconf 93' lang='lat'><strong>,</strong></span> <span class='ocrx_word' id='word_1_744' title='bbox 1836 5651 1983 5720; x_wconf 92' lang='lat' dir='ltr'><strong>quod</strong></span> <span class='ocrx_word' id='word_1_745' title='bbox 2028 5659 2081 5703; x_wconf 87' lang='lat' dir='ltr'><strong>et</strong></span> 
     </span>
    </p>
   </div>
   <div class='ocr_carea' id='block_1_99' title="bbox 517 5743 2083 5813">
    <p class='ocr_par' dir='ltr' id='par_1_99' title="bbox 517 5743 2083 5813">
     <span class='ocr_line' id='line_1_101' title="bbox 517 5743 2083 5813; baseline 0.001 -19"><span class='ocrx_word' id='word_1_746' title='bbox 517 5743 787 5797; x_wconf 81' lang='lat' dir='ltr'><strong>Labbeum</strong></span> <span class='ocrx_word' id='word_1_747' title='bbox 811 5759 916 5797; x_wconf 89' lang='lat' dir='ltr'><strong>non</strong></span> <span class='ocrx_word' id='word_1_748' title='bbox 953 5744 1108 5798; x_wconf 88' lang='lat' dir='ltr'><strong>latuit</strong></span> <span class='ocrx_word' id='word_1_749' title='bbox 1138 5762 1152 5806; x_wconf 70' lang='grc' dir='ltr'>ς</span> <span class='ocrx_word' id='word_1_750' title='bbox 1190 5743 1280 5798; x_wconf 87' lang='lat' dir='ltr'><strong>sed</strong></span> <span class='ocrx_word' id='word_1_751' title='bbox 1323 5743 1545 5805; x_wconf 87' lang='lat' dir='ltr'><strong>etquod</strong></span> <span class='ocrx_word' id='word_1_752' title='bbox 1578 5744 1691 5812; x_wconf 81' lang='lat' dir='ltr'><strong>ipse</strong></span> <span class='ocrx_word' id='word_1_753' title='bbox 1708 5744 1990 5813; x_wconf 87' lang='lat' dir='ltr'><strong>ignoravit,</strong></span> <span class='ocrx_word' id='word_1_754' title='bbox 2029 5743 2083 5796; x_wconf 92' lang='lat' dir='ltr'><strong>in</strong></span> 
     </span>
    </p>
   </div>
   <div class='ocr_carea' id='block_1_100' title="bbox 2162 4746 3724 4835">
    <p class='ocr_par' dir='ltr' id='par_1_100' title="bbox 2162 4746 3724 4835">
     <span class='ocr_line' id='line_1_102' title="bbox 2162 4746 3724 4835; baseline 0.015 -39"><span class='ocrx_word' id='word_1_755' title='bbox 2162 4746 2605 4815; x_wconf 79' lang='lat' dir='ltr'><strong>nemexprimere</strong></span> <span class='ocrx_word' id='word_1_756' title='bbox 2632 4757 2854 4804; x_wconf 89' lang='lat' dir='ltr'><strong>coactus</strong></span> <span class='ocrx_word' id='word_1_757' title='bbox 2892 4759 2993 4805; x_wconf 86' lang='lat' dir='ltr'><strong>est.</strong></span> <span class='ocrx_word' id='word_1_758' title='bbox 3038 4749 3208 4808; x_wconf 79' lang='lat' dir='ltr'><strong>Porro</strong></span> <span class='ocrx_word' id='word_1_759' title='bbox 3251 4771 3320 4812; x_wconf 73' lang='lat' dir='ltr'><strong>ex</strong></span> <span class='ocrx_word' id='word_1_760' title='bbox 3345 4773 3408 4814; x_wconf 85' lang='lat' dir='ltr'><strong>ea</strong></span> <span class='ocrx_word' id='word_1_761' title='bbox 3450 4758 3724 4835; x_wconf 59' lang='grc' dir='ltr'><strong><em>Βαβημ-</em></strong></span> 
     </span>
    </p>
   </div>
   <div class='ocr_carea' id='block_1_101' title="bbox 2162 4834 3724 4917">
    <p class='ocr_par' dir='ltr' id='par_1_101' title="bbox 2162 4834 3724 4917">
     <span class='ocr_line' id='line_1_103' title="bbox 2162 4834 3724 4917; baseline 0.015 -30"><span class='ocrx_word' id='word_1_762' title='bbox 2162 4834 2307 4888; x_wconf 90' lang='lat' dir='ltr'><strong>riide</strong></span> <span class='ocrx_word' id='word_1_763' title='bbox 2332 4837 2491 4892; x_wconf 91' lang='lat' dir='ltr'><strong>rebus</strong></span> <span class='ocrx_word' id='word_1_764' title='bbox 2521 4839 2974 4897; x_wconf 82' lang='lat' dir='ltr'><strong>suisnarralione</strong></span> <span class='ocrx_word' id='word_1_765' title='bbox 3013 4842 3365 4917; x_wconf 81' lang='lat' dir='ltr'><strong>intelligimus</strong></span> <span class='ocrx_word' id='word_1_766' title='bbox 3399 4834 3724 4910; x_wconf 69' lang='lat' dir='ltr'><strong>concilium</strong></span> 
     </span>
    </p>
   </div>
   <div class='ocr_carea' id='block_1_102' title="bbox 2163 4917 3726 5001">
    <p class='ocr_par' dir='ltr' id='par_1_102' title="bbox 2163 4917 3726 5001">
     <span class='ocr_line' id='line_1_104' title="bbox 2163 4917 3726 5001; baseline 0.015 -22"><span class='ocrx_word' id='word_1_767' title='bbox 2163 4925 2305 4980; x_wconf 90' lang='lat' dir='ltr'><strong>istud</strong></span> <span class='ocrx_word' id='word_1_768' title='bbox 2341 4921 2647 4985; x_wconf 76' lang='lat' dir='ltr'><strong>Romanum</strong></span> <span class='ocrx_word' id='word_1_769' title='bbox 2689 4929 2757 4984; x_wconf 88' lang='lat' dir='ltr'><strong>in&#39;</strong></span> <span class='ocrx_word' id='word_1_770' title='bbox 2782 4928 3068 4988; x_wconf 85' lang='lat' dir='ltr'><strong>festivitate</strong></span> <span class='ocrx_word' id='word_1_771' title='bbox 3098 4917 3353 4995; x_wconf 83' lang='lat' dir='ltr'><strong>Omnium</strong></span> <span class='ocrx_word' id='word_1_772' title='bbox 3395 4939 3726 5001; x_wconf 69' lang='lat' dir='ltr'><strong>Sanctorum</strong></span> 
     </span>
    </p>
   </div>
   <div class='ocr_carea' id='block_1_103' title="bbox 2166 5018 3729 5101">
    <p class='ocr_par' dir='ltr' id='par_1_103' title="bbox 2166 5018 3729 5101">
     <span class='ocr_line' id='line_1_105' title="bbox 2166 5018 3729 5101; baseline 0.013 -30"><span class='ocrx_word' id='word_1_773' title='bbox 2166 5018 2412 5087; x_wconf 65' lang='lat' dir='ltr'><strong>coepisse,</strong></span> <span class='ocrx_word' id='word_1_774' title='bbox 2457 5019 2616 5091; x_wconf 90' lang='lat' dir='ltr'><strong>idque</strong></span> <span class='ocrx_word' id='word_1_775' title='bbox 2649 5037 2778 5078; x_wconf 89' lang='lat' dir='ltr'><strong>vero</strong></span> <span class='ocrx_word' id='word_1_776' title='bbox 2818 5032 2931 5079; x_wconf 86' lang='lat' dir='ltr'><strong>toto</strong></span> <span class='ocrx_word' id='word_1_777' title='bbox 2973 5025 3065 5080; x_wconf 88' lang='lat' dir='ltr'><strong>illo</strong></span> <span class='ocrx_word' id='word_1_778' title='bbox 3107 5041 3295 5085; x_wconf 86' lang='lat' dir='ltr'><strong>mense</strong></span> <span class='ocrx_word' id='word_1_779' title='bbox 3347 5046 3729 5101; x_wconf 80' lang='lat' dir='ltr'><strong>perseverasse</strong></span> 
     </span>
    </p>
   </div>
   <div class='ocr_carea' id='block_1_104' title="bbox 2168 5104 3728 5186">
    <p class='ocr_par' dir='ltr' id='par_1_104' title="bbox 2168 5104 3728 5186">
     <span class='ocr_line' id='line_1_106' title="bbox 2168 5104 3728 5186; baseline 0.013 -22"><span class='ocrx_word' id='word_1_780' title='bbox 2168 5104 2499 5165; x_wconf 89' lang='lat' dir='ltr'><strong>demonstrat</strong></span> <span class='ocrx_word' id='word_1_781' title='bbox 2561 5113 2842 5183; x_wconf 87' lang='lat' dir='ltr'><strong>inscriptio</strong></span> <span class='ocrx_word' id='word_1_782' title='bbox 2891 5115 3135 5186; x_wconf 86' lang='lat' dir='ltr'><strong>ejusdem</strong></span> <span class='ocrx_word' id='word_1_783' title='bbox 3179 5114 3394 5174; x_wconf 82' lang='lat' dir='ltr'><strong>concilii</strong></span> <span class='ocrx_word' id='word_1_784' title='bbox 3450 5121 3510 5176; x_wconf 87' lang='lat' dir='ltr'><strong>in</strong></span> <span class='ocrx_word' id='word_1_785' title='bbox 3560 5123 3728 5183; x_wconf 75' lang='lat' dir='ltr'><strong>editis</strong></span> 
     </span>
    </p>
   </div>
   <div class='ocr_carea' id='block_1_105' title="bbox 2169 5198 3724 5285">
    <p class='ocr_par' dir='ltr' id='par_1_105' title="bbox 2169 5198 3724 5285">
     <span class='ocr_line' id='line_1_107' title="bbox 2169 5198 3724 5285; baseline 0.014 -33"><span class='ocrx_word' id='word_1_786' title='bbox 2169 5198 2488 5267; x_wconf 86' lang='lat' dir='ltr'><strong>Lahbeanis,</strong></span> <span class='ocrx_word' id='word_1_787' title='bbox 2542 5218 2665 5272; x_wconf 57' lang='lat' dir='ltr'><strong>qua».</strong></span> <span class='ocrx_word' id='word_1_788' title='bbox 2697 5205 2839 5260; x_wconf 91' lang='lat' dir='ltr'><strong>diem</strong></span> <span class='ocrx_word' id='word_1_789' title='bbox 2884 5204 2950 5259; x_wconf 90' lang='lat' dir='ltr'><strong>lll</strong></span> <span class='ocrx_word' id='word_1_790' title='bbox 2992 5204 3108 5260; x_wconf 83' lang='lat' dir='ltr'><strong>Kal.</strong></span> <span class='ocrx_word' id='word_1_791' title='bbox 3167 5201 3497 5266; x_wconf 65' lang='lat' dir='ltr'><strong>Decembris</strong></span> <span class='ocrx_word' id='word_1_792' title='bbox 3525 5213 3724 5285; x_wconf 81' lang='lat' dir='ltr'><strong>signat.</strong></span> 
     </span>
    </p>
   </div>
   <div class='ocr_carea' id='block_1_106' title="bbox 2168 5289 3716 5378">
    <p class='ocr_par' dir='ltr' id='par_1_106' title="bbox 2168 5289 3716 5378">
     <span class='ocr_line' id='line_1_108' title="bbox 2168 5289 3716 5378; baseline 0.005 -34"><span class='ocrx_word' id='word_1_793' title='bbox 2168 5289 2324 5346; x_wconf 86' lang='lat' dir='ltr'><strong>Nunc</strong></span> <span class='ocrx_word' id='word_1_794' title='bbox 2356 5293 2572 5348; x_wconf 86' lang='lat' dir='ltr'><strong>tandem</strong></span> <span class='ocrx_word' id='word_1_795' title='bbox 2595 5294 2994 5351; x_wconf 85' lang='lat' dir='ltr'><strong>confessionem</strong></span> <span class='ocrx_word' id='word_1_796' title='bbox 3018 5294 3139 5361; x_wconf 82' lang='lat' dir='ltr'><strong>ﬁdei</strong></span> <span class='ocrx_word' id='word_1_797' title='bbox 3168 5295 3409 5365; x_wconf 81' lang='lat' dir='ltr'><strong>ejusdem</strong></span> <span class='ocrx_word' id='word_1_798' title='bbox 3450 5300 3716 5378; x_wconf 57' lang='lat' dir='ltr'><strong>nam.</strong></span> 
     </span>
    </p>
   </div>
   <div class='ocr_carea' id='block_1_107' title="bbox 2170 5383 3500 5456">
    <p class='ocr_par' dir='ltr' id='par_1_107' title="bbox 2170 5383 3500 5456">
     <span class='ocr_line' id='line_1_109' title="bbox 2170 5383 3500 5456; baseline 0.002 -20"><span class='ocrx_word' id='word_1_799' title='bbox 2170 5383 2236 5437; x_wconf 93' lang='lat' dir='ltr'><strong>rii</strong></span> <span class='ocrx_word' id='word_1_800' title='bbox 2257 5398 2322 5439; x_wconf 76' lang='lat' dir='ltr'><strong>ex</strong></span> <span class='ocrx_word' id='word_1_801' title='bbox 2344 5384 2532 5440; x_wconf 89' lang='lat' dir='ltr'><strong>eodem</strong></span> <span class='ocrx_word' id='word_1_802' title='bbox 2554 5387 2819 5456; x_wconf 87' lang='lat' dir='ltr'><strong>opusculo</strong></span> <span class='ocrx_word' id='word_1_803' title='bbox 2841 5399 3171 5454; x_wconf 86' lang='lat' dir='ltr'><strong>promamus.</strong></span> <span class='ocrx_word' id='word_1_804' title='bbox 3498 5383 3500 5386; x_wconf 76' lang='grc'><em>’</em></span> 
     </span>
    </p>
   </div>
   <div class='ocr_carea' id='block_1_108' title="bbox 2351 5472 3445 5544">
    <p class='ocr_par' dir='ltr' id='par_1_108' title="bbox 2351 5472 3445 5544">
     <span class='ocr_line' id='line_1_110' title="bbox 2351 5472 3445 5544; baseline 0.011 -17"><span class='ocrx_word' id='word_1_805' title='bbox 2351 5529 2354 5532; x_wconf 67' lang='grc'>,</span> <span class='ocrx_word' id='word_1_806' title='bbox 2453 5473 2824 5530; x_wconf 72' lang='grc' dir='ltr'><strong>Ιυαπιιιιιιιηι</strong></span> <span class='ocrx_word' id='word_1_807' title='bbox 2847 5472 3150 5544; x_wconf 70' lang='lat' dir='ltr'><strong>Berengarii</strong></span> <span class='ocrx_word' id='word_1_808' title='bbox 3182 5475 3445 5538; x_wconf 63' lang='lat' dir='ltr'><strong>Tarquiti.</strong></span> 
     </span>
    </p>
   </div>
   <div class='ocr_carea' id='block_1_109' title="bbox 2240 5561 3739 5636">
    <p class='ocr_par' dir='ltr' id='par_1_109' title="bbox 2240 5561 3739 5636">
     <span class='ocr_line' id='line_1_111' title="bbox 2240 5561 3739 5636; baseline 0.014 -22"><span class='ocrx_word' id='word_1_809' title='bbox 2240 5561 2502 5618; x_wconf 86' lang='lat' dir='ltr'><strong>Proﬁteor</strong></span> <span class='ocrx_word' id='word_1_810' title='bbox 2530 5579 2723 5633; x_wconf 87' lang='lat' dir='ltr'><strong>panem</strong></span> <span class='ocrx_word' id='word_1_811' title='bbox 2744 5562 2931 5616; x_wconf 89' lang='lat' dir='ltr'><strong>altaris</strong></span> <span class='ocrx_word' id='word_1_812' title='bbox 2975 5573 3097 5633; x_wconf 85' lang='lat' dir='ltr'><strong>post</strong></span> <span class='ocrx_word' id='word_1_813' title='bbox 3127 5574 3590 5636; x_wconf 73' lang='lat' dir='ltr'><strong>crnsecrationrm</strong></span> <span class='ocrx_word' id='word_1_814' title='bbox 3615 5595 3739 5634; x_wconf 81' lang='lat' dir='ltr'><strong>esse</strong></span> 
     </span>
    </p>
   </div>
   <div class='ocr_carea' id='block_1_110' title="bbox 2176 5650 3740 5738">
    <p class='ocr_par' dir='ltr' id='par_1_110' title="bbox 2176 5650 3740 5738">
     <span class='ocr_line' id='line_1_112' title="bbox 2176 5650 3740 5738; baseline 0.015 -37"><span class='ocrx_word' id='word_1_815' title='bbox 2176 5665 2363 5704; x_wconf 90' lang='lat' dir='ltr'><strong>verum</strong></span> <span class='ocrx_word' id='word_1_816' title='bbox 2385 5666 2584 5720; x_wconf 89' lang='lat' dir='ltr'><strong>corpus</strong></span> <span class='ocrx_word' id='word_1_817' title='bbox 2617 5650 2844 5715; x_wconf 87' lang='lat' dir='ltr'><strong>Christi,</strong></span> <span class='ocrx_word' id='word_1_818' title='bbox 2878 5653 3022 5722; x_wconf 87' lang='lat' dir='ltr'><strong>quod</strong></span> <span class='ocrx_word' id='word_1_819' title='bbox 3056 5663 3239 5713; x_wconf 85' lang='lat' dir='ltr'><strong>natum</strong></span> <span class='ocrx_word' id='word_1_820' title='bbox 3290 5670 3376 5716; x_wconf 85' lang='lat' dir='ltr'><strong>est</strong></span> <span class='ocrx_word' id='word_1_821' title='bbox 3401 5663 3470 5719; x_wconf 85' lang='lat' dir='ltr'><strong>de</strong></span> <span class='ocrx_word' id='word_1_822' title='bbox 3492 5664 3740 5738; x_wconf 67' lang='lat' dir='ltr'><strong>Virgine,</strong></span> 
     </span>
    </p>
   </div>
   <div class='ocr_carea' id='block_1_111' title="bbox 2182 5740 3742 5826">
    <p class='ocr_par' dir='ltr' id='par_1_111' title="bbox 2182 5740 3742 5826">
     <span class='ocr_line' id='line_1_113' title="bbox 2182 5740 3742 5826; baseline 0.014 -35"><span class='ocrx_word' id='word_1_823' title='bbox 2182 5741 2324 5808; x_wconf 88' lang='lat' dir='ltr'><strong>quod</strong></span> <span class='ocrx_word' id='word_1_824' title='bbox 2348 5756 2569 5809; x_wconf 82' lang='lat' dir='ltr'><strong>passum</strong></span> <span class='ocrx_word' id='word_1_825' title='bbox 2591 5749 2673 5818; x_wconf 78' lang='lat' dir='ltr'><strong>est</strong></span> <span class='ocrx_word' id='word_1_826' title='bbox 2707 5740 2762 5794; x_wconf 87' lang='lat' dir='ltr'><strong>in</strong></span> <span class='ocrx_word' id='word_1_827' title='bbox 2795 5757 2988 5808; x_wconf 83' lang='lat' dir='ltr'><strong>cruce,</strong></span> <span class='ocrx_word' id='word_1_828' title='bbox 3013 5748 3156 5816; x_wconf 86' lang='lat' dir='ltr'><strong>quod</strong></span> <span class='ocrx_word' id='word_1_829' title='bbox 3188 5752 3338 5807; x_wconf 84' lang='lat' dir='ltr'><strong>sedet</strong></span> <span class='ocrx_word' id='word_1_830' title='bbox 3369 5753 3435 5808; x_wconf 84' lang='lat' dir='ltr'><strong>ad</strong></span> <span class='ocrx_word' id='word_1_831' title='bbox 3459 5755 3742 5826; x_wconf 58' lang='lat' dir='ltr'><strong>dexteram</strong></span> 
     </span>
    </p>
   </div>
  </div>
