3944 6374
127 451 230 497 809

1346 444 1713 501 ttoxeuwu
1751 407 2086 500 noxium
2133 447 2215 501 vt.

3281 457 3380 507 ἔξω

126 559 332 626 l’atris,
357 570 413 615 et
451 563 634 616 viuum
673 563 860 616 altaris
891 571 1176 632 postquam
1209 569 1583 616 consecratum
1605 569 1705 623 est,
1739 564 1779 617 Λ
1809 560 2034 628 aliisque
2067 561 2464 629 compluribus,
2496 562 2956 631 quorumluumiua
2992 563 3384 634 dignust-sque.

126 665 248 704 esse
279 664 476 703 verum
514 650 854 721 sanguinem,
880 649 972 719 qui
999 649 1239 703 manavit
1261 649 1326 703 dc
1356 650 1521 703 latere
1549 648 1711 700 Chri-

127 739 217 793 sti.
243 737 310 792 Et
331 739 480 794 sicut
502 753 596 793 ore
629 739 942 808 pronuntio,
976 740 1048 794 ita
1074 755 1160 792 me
1179 739 1342 793 corde
1365 739 1562 791 habere
1581 748 1712 789 con-

125 811 309 894 ﬁrmo,
334 828 420 882 sic
436 843 524 882 me
544 828 760 898 adjuvet
790 827 952 894 Deus,
981 837 1036 884 et
1055 829 1171 884 haec
1201 845 1374 884 sacra.

197 959 354 1031 (I59)
417 959 692 1031 Scriptum
739 960 905 1027 istud,
936 975 1063 1016 cum
1093 960 1280 1016 Roma:
1329 963 1473 1032 apud
1518 977 1710 1030 papam

129 1064 347 1105 moram
394 1050 628 1107 facerem
672 1052 726 1104 in
777 1061 1046 1106 conventu
1107 1053 1508 1122 episcoporum,
1550 1069 1711 1122 quem

130 1136 327 1196 habuit
351 1141 410 1194 in
441 1141 730 1196 festivitate
760 1139 1016 1196 Omnium
1059 1141 1405 1206 Sanctorum,
1448 1142 1711 1197 vocifera-

129 1228 280 1284 tione
311 1230 486 1283 multa
507 1231 761 1284 omnibus
790 1231 1128 1300 pronuntiari
1174 1231 1316 1297 fecit,
1350 1232 1536 1286 dicens
1567 1231 1712 1286 suﬂi-

129 1335 253 1375 cere
283 1320 489 1375 debere
537 1319 693 1388 ﬁdei,
728 1321 973 1376 suﬂicere
1017 1322 1212 1376 debere
1262 1323 1348 1376 his
1386 1322 1585 1392 quibus
1629 1322 1712 1376 lac

130 1418 295 1478 potus
321 1410 538 1465 dandus
557 1419 701 1466 esset
724 1427 832 1466 non
875 1411 1050 1477 cibus,
1080 1413 1375 1466 secundum
1402 1413 1546 1481 quod
1578 1413 1713 1468 seri-

131 1499 211 1555 bit
244 1501 308 1555 Β.
376 1503 716 1572 Augustinus
770 1504 836 1558 de
887 1503 1154 1559 sacriﬁcio
1196 1502 1448 1558 Ecclesia
1481 1503 1708 1558 dicens:

131 1591 287 1655 Quod
320 1591 511 1644 ridetis
547 1593 600 1644 in
630 1591 792 1645 altari
815 1594 967 1662 panis
992 1602 1069 1645 est
1098 1602 1146 1646 et
1169 1593 1363 1658 vinum,
1395 1593 1531 1662 quod
1553 1580 1710 1646 etiam

129 1681 274 1736 oculi
309 1683 471 1736 vestri
502 1677 643 1736 vobis
689 1679 1030 1748 renuntiant;
1060 1683 1198 1753 quod
1241 1693 1416 1737 autem
1457 1684 1585 1752 fides
1630 1685 1711 1736 in-

129 1772 666 1842 struendapostulat,
687 1775 839 1843 panis
872 1782 948 1827 cst
991 1791 1177 1844 corpus
1211 1771 1411 1827 Christi
1437 1772 1712 1844 vinumque

1817 667 1922 704 non
1947 659 2120 704 teneo.
2159 653 2293 704 (lum
2323 663 2498 704 tamin
2523 663 2770 718 urgerent
2809 669 2998 722 papam
3044 656 3190 708 illum
3219 673 3380 725 quam

1817 739 2048 790 mavime
2071 739 2382 806 pestilentes
2407 750 2458 791 rt.
2505 740 2906 808 Seriphum-um
2935 758 3299 810 perversores,
3326 755 3385 798 ut

1815 827 2048 894 Migrret
2071 842 2099 879 a
2136 842 2219 879 me
2242 843 2422 879 nmras
2467 829 2642 880 adhuc
2674 827 2855 880 Ilmua'
2889 828 3064 881 facere.
3113 848 3285 900 usque
3317 834 3383 885 ad

1815 925 2138 968 conventum
2164 917 2256 984 qui
2302 919 2518 970 futurus
2561 927 2677 970 erat
2717 917 2856 984 apud
2888 934 3010 970 eum
3045 919 3094 970 in
3138 920 3386 983 Quadra—

1815 1005 2035 1071 gesima,
2062 1005 2460 1074 episcoporum,
2494 1013 2596 1058 etc.

1816 1091 2092 1159 Gregorius
2139 1091 2266 1156 VII,
2304 1093 2539 1167 Roiunuu
2592 1096 2788 1163 synodo
2838 1099 3218 1166 quinqtmginta
3273 1102 3386 1167 (pi-

1883 1177 2187 1232 scoporum,
2241 1165 2542 1216 considente
2583 1165 3002 1232 presbyterorum
3045 1165 3093 1220 et
3140 1165 3388 1221 abbatum

1883 1231 2238 1297 multitudine,
2269 1235 2458 1285 statuit
2491 1231 2664 1286 dicens
2690 1251 2707 1285 .·

1883 1319 1921 1372 l.
1951 1320 2007 1374 Si
2034 1321 2158 1390 quis
2192 1323 2444 1392 deinceps
2465 1323 2853 1394 {qiiscnpalum
2894 1328 2974 1380 vel
3007 1329 3276 1381 abbatiam
3321 1331 3389 1383 t'c

1815 1425 1976 1462 manu
2001 1411 2400 1479 alicujuslaicm
2435 1429 2683 1482 persona:
2729 1419 3049 1485 Sllst‘t'ln't'il,
3082 1421 3388 1471 nullatenus

1814 1499 1952 1553 inter
1972 1503 2254 1572 episcopos
2279 1504 2556 1567 habeatur,
2587 1521 2684 1558 nec
2717 1507 2822 1558 ulla
2854 1509 2902 1559 ei
2938 1518 2994 1559 ut
3020 1510 3273 1576 epist-opu
3296 1517 3391 1562 aut

1811 1588 1991 1642 abbati
2036 1592 2305 1645 audientia
2360 1594 2709 1659 concedatur,
2750 1595 2970 1664 insuper
2992 1598 3039 1649 ei
3063 1598 3290 1666 gratiam
3325 1599 3384 1652 Β.

1813 1676 1952 1731 Petri
1972 1687 2026 1733 et
2054 1679 2334 1734 introitum
2366 1684 2609 1737 ecclesia:
2651 1685 3044 1750 interdicimus,
3071 1701 3180 1755 quo
3213 1703 3389 1756 usque

1814 1764 2012 1831 locum,
2054 1784 2216 1836 quem
2260 1769 2362 1821 sub
2411 1771 2641 1824 crimine
2691 1781 2801 1825 tam
2861 1775 3174 1828 ambitionis
3224 1790 3385 1844 quam

123 1865 373 1934 sanguis.
408 1863 710 1919 lnclamans
736 1865 934 1935 populo
963 1880 1052 1919 me
1079 1881 1186 1919 non
1216 1865 1526 1920 hacrcticnm
1568 1881 1710 1933 esse,

1823 1854 2206 1920 inobcdientiac,
2235 1857 2484 1924 quodest
2510 1859 3040 1927 seelusidololatriae,
3071 1864 3228 1931 cepit,
3257 1867 3390 1917 resi-

131 1948 208 2008 ita
245 1969 335 2032 me
368 1954 435 2008 de
471 1951 790 2023 Scripturis,
849 1968 959 2008 non
1015 1953 1081 2007 de
1143 1954 1304 2007 corde
1339 1968 1460 2008 meo
1490 1953 1709 2019 habere,

131 2043 398 2096 omnibus
429 2041 724 2096 testificaris
775 2038 829 2095 in
880 2041 1152 2096 andientia
1211 2057 1307 2097 sua
1351 2042 1574 2098 Petrum
1608 2041 1714 2097 Da-

135 2129 329 2194 miani,
379 2146 487 2184 non
523 2129 832 2184 inferiorem
885 2130 1015 2185 lima
1061 2131 1404 2198 eruditionis,
1441 2149 1549 2186 non
1577 2132 1715 2187 infe-

133 2220 339 2274 riorem
380 2217 694 2274 Lanfranno
742 2219 1004 2290 dignitate
1038 2219 1366 2276 Christianae
1414 2223 1711 2293 religionis,

135 2305 325 2362 Roma:
360 2322 470 2362 non
500 2307 845 2363 consensisse
885 2309 953 2362 de
975 2309 1245 2364 sacriﬁcio
1266 2305 1521 2364 Ecclesiae
1554 2309 1715 2365 dictis

135 2392 456 2462 Lanfranni,
483 2394 602 2466 [pro
633 2409 698 2452 eo
728 2409 788 2452 se
837 2397 968 2452 dare
1001 2399 1348 2463 sententiam,
1399 2399 1714 2469 negligenda

135 2501 255 2542 esse
275 2501 342 2541 ea
358 2500 481 2556 quae
504 2485 708 2540 diceret
727 2484 1090 2551 Lanfrannus,
1114 2487 1298 2556 potius
1321 2501 1484 2558 quam
1500 2503 1562 2542 ea
1594 2502 1716 2556 quae

135 2557 341 2628 diceret
360 2571 558 2627 Petrus
579 2571 827 2626 Damiani
859 2571 1118 2628 Romana:
1166 2557 1424 2629 Ecclesize
1453 2573 1615 2640 ﬁlius,
1655 2574 1710 2628 S.

139 2661 366 2726 nudare,
406 2660 453 2715 si
475 2659 608 2716 satis
632 2661 873 2728 memini,
904 2663 1214 2732 episcOpus,
1237 2678 1345 2717 non
1386 2662 1628 2729 inferior,
1657 2674 1717 2717 ut

133 2752 280 2806 dicta
303 2757 568 2820 repetam,
593 2749 904 2805 Lanfranno
929 2752 1058 2806 lima
1085 2751 1432 2818 eruditionis,
1458 2753 1716 2821 dignitate

137 2839 463 2895 Christianae
518 2839 825 2910 religionis;
873 2840 1044 2894 multo
1078 2839 1392 2894 Lanfranno
1437 2831 1717 2908 operesior

141 2929 192 2982 in
223 2929 408 2983 studio
436 2927 634 2982 divinae
677 2928 948 2993 lectionis,
987 2928 1286 2982 secundum
1320 2927 1467 2996 quod
1516 2941 1717 2996 praece-

140 3017 215 3086 pit
237 3017 354 3086 ipse
381 3017 680 3071 Dominus:
723 3015 1049 3070 Scrutamiui
1084 3017 1390 3086 Scriptura:
1425 3015 1602 3082 (Joau.
1637 3018 1711 3086 v).

141 3105 216 3161 Ita
238 3122 377 3178 papa
406 3107 514 3173 ille,
539 3122 661 3161 cum
685 3123 795 3176 quo
833 3093 1018 3161 moras
1044 3109 1182 3177 pene
1213 3123 1308 3178 per
1341 3123 1544 3163 annum
1573 3106 1715 3162 fece-

141 3211 276 3261 ram,
306 3195 693 3265 compcscitam
718 3204 908 3264 putare
931 3195 1084 3250 visus
1139 3205 1225 3251 est
1263 3203 1317 3250 et
1355 3195 1712 3266 compositam
1742 3227 1783 3284 α

143 3286 449 3339 vecordiam
508 3285 679 3338 turba:
731 3285 1084 3349 turbatazwt
1128 3285 1206 3338 ait
1248 3281 1308 3336 Β.
1353 3284 1709 3354 Augustinus,

144 3371 282 3426 omni
309 3371 594 3436 commoti,
632 3385 742 3439 quo
785 3386 874 3425 me
896 3371 1210 3426 haereticum
1239 3379 1504 3441 quantum
1539 3375 1716 3441 potuit

144 3457 592 3513 insimulaverat:
624 3459 857 3513 maxime
890 3459 1018 3530 quia
1038 3457 1184 3531 Ipapa
1237 3460 1598 3533 undecunque
1642 3461 1713 3514 li-

116 3547 269 3612 bros
303 3549 634 3617 comportari
664 3547 867 3603 iecerat
884 3535 1152 3620 episcOpis
1175 3559 1231 3605 et
1251 3550 1561 3615 abbatibus,
1607 3552 1716 3605 cle-

145 3637 270 3692 ricis
290 3646 345 3692 et
379 3638 680 3705 monachis,
729 3639 872 3694 unde
903 3639 1168 3694 sacriﬁcia
1191 3637 1394 3694 Christi
1438 3640 1713 3709 inperver-

146 3727 335 3792 tibilia,
367 3743 530 3784 sensa
560 3737 615 3783 et
640 3729 838 3798 scripta
870 3729 1177 3799 Augustini,
1212 3728 1542 3800 Hieronymi,
1587 3729 1717 3782 Am-

147 3816 332 3882 brosii,
357 3819 699 3889 aliorumque
722 3819 943 3888 legenda
957 3829 1332 3891 preposuerat,
1357 3834 1567 3873 mecum
1595 3834 1718 3873 scn—

148 3906 427 3972 tientibus,
454 3909 508 3960 in
537 3909 616 3964 eis
645 3909 738 3979 qui
769 3923 894 3964 cum
925 3927 1063 3980 papa
1093 3919 1268 3976 erant,
1293 3911 1550 3980 episcopo
1580 3907 1717 3963 Por-

147 3995 345 4058 tucnsi,
378 3995 636 4064 episcopo
684 3993 963 4053 Sucirensi
1013 3997 1143 4066 (lege
1216 3998 1567 4064 Sutrinensi),
1613 3996 1721 4066 epi-

150 4096 312 4151 scopo
339 4079 735 4147 Terracinensi,
756 4083 1125 4149 ,cardinalibus
1139 4084 1334 4138 Attone
1354 4084 1719 4138 Mediolanen-

148 4170 216 4236 si,
273 4171 542 4226 monacho
583 4169 818 4226 Tudensi
845 4171 1102 4226 Romana:
1151 4171 1409 4227 Ecclesiae
1456 4172 1721 4226 cardinali

151 4259 372 4314 nomine
394 4257 707 4325 Deusdedit,
733 4257 894 4314 Petro
918 4259 1264 4325 cancellario,
1290 4258 1509 4330 benigni
1558 4267 1723 4328 atque

152 4348 373 4404 humilis
407 4347 589 4403 cordis
611 4347 778 4403 fratre
798 4347 1036 4403 Fulcone
1056 4356 1489 4415 transmontano,
1525 4348 1722 4403 clerico

149 4437 320 4510 ipsius
363 4439 572 4498 domini
623 4457 776 4511 papa:
807 4441 1116 4496 convictore
1145 4441 1500 4497 nihilominus
1555 4439 1722 4496 Teth-

1813 1941 2069 2010 piscendo
2101 1959 2207 1997 non
2232 1945 2434 2000 deserit
2466 1947 2634 2016 (ΗΟ).
2682 1947 2942 2002 Similiter
2975 1951 3136 2004 etiam
3164 1954 3229 2004 de
3255 1953 3390 2003 infr-

1815 2031 2052 2087 rioribus
2083 2042 2137 2086 et
2171 2035 2554 2089 ecclesiasticis
2597 2037 2948 2105 dignitatibus
2979 2040 3384 2092 constituimus.

1885 2121 2046 2201 ll._Si
2109 2126 2231 2194 quis
2286 2127 2696 2194 imperaturum,
2743 2146 2951 2199 regum,
2993 2131 3214 2196 ducum,
3243 2149 3391 2186 mar-

1816 2211 2094 2278 chiouum,
2149 2214 2228 2266 vel
2280 2216 2507 2283 quilibet
2537 2219 2878 2272 smcularium
2920 2229 3253 2288 potestatum
3297 2231 3394 2276 aut

1816 2315 2173 2371 personarum
2218 2306 2595 2362 investituram
2638 2311 3048 2378 episeopatuum
3086 2314 3166 2366 vel
3215 2315 3389 2366 alicu-

1809 2393 1902 2462 jus
1922 2395 2300 2467 ecelesiast‘iea:
2320 2396 2599 2465 dignitatis
2617 2399 2747 2452 dare
2778 2402 3202 2469 praasumpserit,
3239 2404 3391 2473 ejus-

1816 2483 1938 2538 dem
1963 2486 2244 2538 sententiae
2271 2471 2487 2540 vinculo
2510 2503 2568 2542 se
2601 2490 2886 2543 astrictqu
2913 2507 3033 2544 esse
3057 2492 3212 2546 sciat.

1819 2572 2087 2628 Sententia
2118 2592 2149 2628 a
2185 2573 2434 2650 Gregorio
2483 2594 2620 2646 papa
2677 2578 2784 2632 l'll
2829 2581 3163 2650 promulgata
3205 2593 3389 2636 contra

1864 2659 2163 2711 pervasorcs
2187 2647 2573 2711 possessionum
2610 2651 2913 2700 monasterii
2935 2649 2991 2701 S.
3031 2647 3331 2704 Clenwulis.

1885 2731 2032 2800 (Ml)
2059 2729 2115 2784 Si
2137 2732 2262 2800 quis
2293 2731 2752 2788 Nortmaunorum
2787 2738 2867 2789 vel
2901 2739 3268 2806 quorumlibet
3290 2741 3389 2792 hn—

1817 2819 2024 2874 minum
2052 2821 2250 2890 prtedia
2286 2825 2601 2876 monasterii
2657 2824 2716 2878 Β.
2765 2826 3056 2881 Clementis
3111 2829 3388 2896 invaserit,

1820 2910 1901 2962 vel
1921 2926 2275 2980 quascunque
2303 2905 2389 2966 res
2423 2913 2663 2981 ejusdem
2689 2919 3000 2970 monasterii
3032 2918 3228 2986 injuste
3260 2922 3390 2973 alis-

1818 3002 2023 3067 tulerit,
2057 3003 2100 3055 si
2138 3003 2220 3056 bis
2253 3003 2335 3057 vel
2385 3013 2464 3057 ter
2490 3006 2803 3058 admonitus
2847 3022 2953 3059 non
2989 3009 3386 3073 emendaverit,

1816 3097 2362 3152 excommunicationi
2387 3099 2682 3166 subjaceat,
2705 3099 2876 3152 donec
2899 3100 3180 3168 resipiscat
3210 3109 3262 3153 et
3290 3100 3389 3153 lTe—

1818 3186 1997 3240 clesiae
2020 3186 2337 3241 satisfaciat.
2387 3187 2441 3242 Si
2478 3190 2600 3258 quis
2623 3191 2820 3259 praedia
2869 3189 2926 3242 Β.
2951 3192 3243 3244 Clementis
3271 3192 3390 3244 uli-

1816 3292 2030 3346 cunque
2076 3279 2250 3347 posita
2307 3280 2360 3332 in
2403 3281 2787 3350 proprietatem
2822 3299 2977 3338 suam
3027 3286 3388 3354 usurpaverit,

1815 3364 1898 3418 vel
1932 3365 2112 3419 sciens
2160 3368 2427 3420 occultata
2459 3383 2567 3420 non
2614 3365 2994 3439 propalavcrit,
3037 3372 3114 3423 vel
3145 3371 3387 3424 debitum

1816 3452 2092 3506 servitium
2117 3454 2309 3506 exinde
2340 3453 2398 3506 B.
2431 3453 2692 3508 Clementi
2737 3471 2842 3509 non
2880 3459 3206 3524 exhibuerit,
3235 3476 3387 3520 ret-u-

1817 3552 2043 3612 gmscat
2086 3557 2144 3596 sc
2178 3543 2314 3596 iram
2352 3543 2464 3608 Dei,
2515 3554 2569 3598 et
2605 3547 2662 3598 S.
2704 3545 2996 3601 Clementis
3025 3550 3170 3602 velut
3218 3551 3388 3603 sarri-

1820 3634 1997 3701 legum
2021 3633 2316 3686 incurrere.
2356 3633 2676 3704 Quicunque
2705 3645 2884 3689 autem
2918 3637 2969 3689 in
3018 3638 3118 3692 hoc
3162 3638 3387 3691 crimine

1822 3722 2196 3791 deprehensus
2213 3721 2394 3788 fuerit,
2413 3725 2655 3777 eamdem
2674 3726 3039 3779 ha3reditatem
3059 3726 3116 3778 Β.
3135 3727 3386 3781 Clemeu~

1823 3811 1861 3863 ti
1891 3811 2159 3876 restituat,
2187 3819 2242 3864 et
2256 3828 2471 3880 poenam
2503 3815 2864 3884 quadruplum
2887 3817 2952 3869 de
2971 3818 3204 3885 propriis
3229 3818 3388 3870 bonis

1822 3901 2110 3971 persolvat.
2144 3900 2465 3972 Quicunque
2491 3905 2744 3971 militum,
2791 3907 2871 3959 vel
2900 3908 3270 3976 cujuscunque
3299 3926 3388 3961 nr-

1823 3990 1967 4044 dinis
1987 3991 2072 4044 vel
2103 3990 2460 4061 professionis
2490 4007 2742 4062 persona,
2771 3995 2970 4064 praedia
2995 3997 3383 4058 ecclesiastica,

1823 4093 1854 4131 a
1879 4064 2476 4148 quocunque-rcgc’scu
2507 4084 2751 4136 smeulari
2776 4085 3017 4152 principe
3049 4085 3129 4136 vel
3146 4084 3214 4135 ab
3231 4083 3384 4150 epis-

1825 4165 1977 4234 copis
1997 4166 2269 4233 aliquibus
2292 4165 2561 4237 [donata],
2579 4169 2764 4222 invitis
2789 4171 3075 4224 abbatibus
3097 4169 3384 4224 autEerle-

1823 4253 2029 4306 siarum
2055 4253 2356 4308 rectoribus
2385 4257 2644 4325 suscepit,
2674 4258 2755 4311 vel
2781 4260 3097 4327 susceperit,
3127 4261 3209 4313 vel
3234 4261 3386 4312 ima-

1823 4343 1913 4410 sit,
1929 4343 2011 4397 vel
2033 4344 2194 4398 etiam
2207 4346 2524 4403 eorumdem
2545 4356 2816 4409 rectorum
2849 4349 3141 4419 depravato
3167 4360 3384 4406 senten-

1826 4434 1967 4488 tioso
1990 4448 2260 4489 consensu
2283 4425 2537 4503 tenuerit,
2562 4438 2666 4491 nisi
2691 4440 2876 4493 eadem
2912 4442 3106 4508 prtcdia
3131 4441 3387 4496 Ecclesiis

152 4528 329 4596 baldo,
359 4531 456 4600 qui
503 4529 796 4585 litterarior
848 4529 1124 4600 diligentia
1175 4530 1429 4601 peculiari
1483 4531 1626 4601 apud
1660 4527 1718 4584 S.
1753 4547 1797 4601 ι)
1824 4523 2139 4590 restituerit,
2191 4527 2737 4581 excommunicationi
2780 4530 3074 4598 sulijaceat.
3104 4529 3289 4586 Romae
3329 4532 3385 4584 in

147 4613 370 4670 Petrum
412 4632 479 4670 eo
515 4626 756 4686 tempore
809 4618 1107 4674 habebatur
1157 4617 1409 4685 clericus,
1453 4627 1508 4673 et
1549 4617 1715 4672 fratre
1751 4641 1757 4647 ο

153 4701 389 4769 quodam
445 4701 538 4770 qui
588 4707 909 4772 cognomine
966 4705 1281 4761 Bona-dies
1323 4705 1714 4776 appellabatur,

219 4829 536 4906 (‘39))ch
574 4841 760 4886 narrat
809 4834 1161 4906 Berengarius
1206 4838 1261 4891 in
1292 4836 1494 4906 scripto
1520 4851 1550 4890 a
1575 4835 1716 4890 Mar-

153 4902 274 4956 tcnc
302 4902 542 4956 vulgato.

229 4935 776 5044 ἱῖὼῒῖἳῦρυεωιο
929 4970 1168 5026 Anselmi
1213 4971 1477 5028 Lucensis
1502 4975 1716 5044 Leontra

171 5085 796 5118 W-

1823 4613 2112 4669 universali
2136 4615 2362 4685 synodo,
2395 4616 2715 4685 pmsidente
2740 4616 2798 4680 Β.
2831 4616 3092 4690 Gregorio
3117 4635 3282 4688 papa,
3315 4619 3385 4670 ab

1817 4705 2007 4758 eodem
2019 4704 2378 4774 promulgata,
2391 4705 2460 4774 ab
2471 4705 2762 4761 universali
2775 4705 3004 4761 concilio
3014 4707 3356 4775 comprobata
3366 4746 3378 4759 .

1823 4833 2122 4914 “fiber-tum
2147 4832 2238 4885 lib.
2268 4849 2306 4887 ιι
2328 4831 2503 4886 Cauif.
2531 4832 2707 4887 Veter.
2735 4833 2929 4894 Lecti.,
2955 4839 2994 4883 t.
3048 4829 3134 4896 Ill,
3158 4847 3210 4900 p.
3255 4833 3382 4900 384,

1821 4903 1950 4956 edit.
1977 4901 2205 4970 Basnag.
2673 4926 2677 4929 -

1894 4971 2039 5041 (Ml)
2064 4969 2189 5023 Rer.
2218 4968 2334 5023 Ital.
2360 4979 2492 5023 tom.
2525 4966 2590 5034 ll,
2615 4977 2755 5037 part.
2796 4985 2854 5034 η,
2875 4970 2981 5022 col.
3000 4968 3124 5023 865.

883 5144 885 5147 ’
951 5185 1637 5294 (ιοΝριιιυΜ,
1686 5183 2271 5276 ROMANUM
2330 5185 2501 5306 VI,

157 5306 236 5368 In
271 5321 396 5386 quo
425 5305 845 5397 Bcrcngarius
870 5324 1048 5397 agape.
1173 5307 1601 5397 paenitentiam
1623 5314 1902 5397 vocatus,
1934 5305 2911 5397 capitisque-relapsus,haeresim
2940 5326 3112 5367 suam
3141 5315 3363 5365 iterum

633 5381 969 5462 abjumvit,
1006 5381 1299 5465 ﬁdemque
1328 5381 1694 5443 catholicam
1717 5381 2044 5462 professus
2076 5381 2225 5461 fuit,
2255 5381 2699 5444 anno—Domini
2732 5386 2902 5443 1079.

1353 5497 1587 5571 (llum,
1626 5500 1829 5556 Concil.
1871 5501 1990 5566 XX,
2019 5500 2172 5569 523.)

233 5655 380 5739 μη)
411 5665 572 5723 Anno
606 5663 675 5718 ab
695 5637 1071 5719 lacernatione
1109 5663 1425 5734 sempiterni
1451 5647 1712 5730 Principis

239 5777 382 5850 (Mi)
417 5775 496 5830 Ex
541 5755 745 5826 Thema
786 5769 1035 5824 Valdensi
1075 5781 1206 5826 tom.
1248 5772 1291 5824 ll
1330 5787 1446 5839 cap.
1491 5771 1584 5834 ις,
1617 5771 1709 5838 qui

478 5867 752 5924 Parnm"
784 5860 1114 5919 CXLVIII.
1171 5945 1174 5947 Δ

1817 5655 2140 5728 [Principii]
2194 5657 2481 5713 millesimo
2536 5656 2932 5726 septuagesimo
2981 5673 3146 5721 nono,
3193 5671 3379 5711 mense

1817 5771 1948 5823 Acta
1976 5769 2203 5824 formata
2231 5769 2385 5823 huius
2420 5768 2632 5823 concilii
2661 5769 2789 5821 dicit
2827 5786 2858 5820 α
2895 5785 2948 5819 se
2985 5782 3185 5825 reuertit
3221 5770 3378 5836 fuisse

2993 5862 3070 5917 26
