3944 6408
169 452 275 514 8:3

170 663 316 733 capti
345 665 465 721 sint
488 666 630 720 mala
655 666 923 736 captione.
959 667 1040 722 Ad
1083 669 1348 739 synodum
1380 668 1447 722 ad
1481 684 1646 738 quam
1670 683 1756 724 me

169 756 458 810 vocabunt
489 756 574 812 vel
611 772 709 827 per
733 773 824 823 se,
856 758 942 812 vel
970 772 1065 828 per
1088 774 1219 814 suos
1258 759 1512 825 nuntios,
1541 759 1627 813 vel
1659 774 1757 828 per

169 837 302 900 suas
334 845 574 912 litteras,
601 846 839 912 veniam,
865 855 920 901 et
957 847 1222 902 canonice
1259 847 1539 914 obediam;
1563 857 1678 914 aut,
1707 848 1753 904 si

169 947 280 988 non
311 943 532 1004 potero,
557 933 766 1005 legatos
799 950 950 992 meos
976 935 1208 991 mittam.
1252 935 1517 1007 Papatum
1552 936 1754 992 Roma-

170 1039 302 1077 num
335 1033 393 1078 et
427 1025 634 1095 regalia
661 1025 832 1080 sancti
862 1024 1005 1080 Petri
1030 1026 1247 1096 adjutor
1278 1042 1376 1082 ero
1406 1028 1473 1082 ad
1514 1027 1755 1081 retinen-

165 1114 298 1169 dum
335 1123 393 1169 et
419 1114 836 1180 defendendum,
867 1116 1018 1194 salvo
1050 1131 1171 1170 meo
1196 1116 1403 1172 ordine.
1447 1112 1750 1170 Consilium

165 1221 300 1260 vero
327 1205 483 1276 quod
513 1205 646 1260 mihi
685 1206 1016 1261 crediderint
1054 1223 1151 1278 per
1181 1222 1260 1274 se,
1289 1204 1383 1262 aut
1410 1222 1505 1277 per
1530 1207 1751 1262 nuntios

167 1310 333 1361 suos,
359 1296 480 1350 sive
500 1311 596 1366 per
614 1296 842 1361 litteras,
872 1297 1004 1362 nulli
1035 1299 1290 1367 pandam,
1317 1314 1404 1352 me
1428 1298 1650 1364 sciente,
1682 1299 1750 1352 ad

167 1401 363 1439 eorum
411 1385 694 1440 damnum.
729 1385 991 1458 Legatum
1017 1387 1325 1444 Romanum
1356 1390 1535 1445 eundo
1575 1398 1630 1444 et
1653 1405 1750 1444 re—

164 1474 388 1530 deundo
416 1476 717 1532 honoriﬁce
742 1478 1007 1546 tractabo,-
1028 1488 1096 1534 -et
1121 1480 1174 1533 in
1201 1480 1611 1536 necessitatibus
1635 1481 1749 1535 suis

165 1568 464 1636 adjuvabo.
500 1567 595 1622 His
632 1584 772 1638 quos
806 1569 1125 1624 nominatim
1161 1571 1750 1652 excommunicaverint

164 1657 406 1711 scienter
450 1673 560 1711 non
609 1659 1044 1714 communicabo.
1089 1659 1389 1716 Romanam
1447 1659 1744 1716 Ecclesiam

163 1760 264 1815 per
283 1747 606 1802 sacularem
639 1748 888 1803 militiam
930 1749 1158 1806 tideliter
1189 1752 1478 1822 ndjuvabo,
1505 1769 1629 1808 cum
1664 1754 1749 1808 in-

163 1837 372 1892 vitatus
403 1837 580 1893 fuero.
608 1836 734 1894 Ηωο
772 1831 956 1895 omnia
984 1841 1317 1910 observabo,
1341 1842 1446 1896 nisi
1480 1852 1744 1913 quantum

163 1944 264 1984 sua
285 1936 438 1984 certa
457 1930 674 1986 licentia
695 1933 1020 1989 remanserit
1044 1933 1204 2005 [forte
1225 1935 1522 2004 remiseris,
1546 1935 1744 2010 ἥψω]
1782 1926 1822 1979 Β

232 2104 710 2162 Excommunieati
748 2116 879 2162 sunt
916 2108 971 2164 in
1010 2109 1200 2165 eadem
1243 2084 1454 2183 synodo
1494 2095 1612 2167 sine
1650 2127 1745 2182 spe

162 2197 599 2266 recuperationis
638 2199 1081 2272 archiepiscopus
1109 2202 1508 2272 Narbonensis,
1545 2203 1741 2261 Tedal-
1775 2225 1778 2229 ’

162 2287 267 2342 dus
297 2286 660 2361 [Thebaldus]
702 2290 882 2349 dictus
903 2293 1349 2368 archiepiscopus
1379 2296 1742 2366 Mediolancn-

162 2375 262 2442 sis,
311 2375 617 2448 Sigel'ridus
658 2379 838 2435 dictus
878 2383 1167 2453 episcopus
1208 2384 1594 2451 Bononiensis,
1631 2385 1740 2439 lio-

162 2465 364 2521 landus
395 2467 782 2535 Tarvisiensis,
815 2470 941 2525 item
972 2473 1212 2544 episcopi
1238 2473 1526 2530 Firmanus
1550 2485 1606 2530 et
1635 2475 1741 2530 Ca;

163 2554 429 2610 merinus.
455 2553 522 2609 lli
549 2571 738 2612 omnes
759 2573 883 2613 cum
908 2561 1234 2630 sequacibus
1255 2562 1370 2618 suis
1393 2571 1501 2618 tam
1526 2564 1739 2620 clericis

161 2657 328 2712 quam
347 2645 518 2700 etiam
548 2646 722 2702 laicis.

448 2777 849 2834 Sacramentnm
876 2780 1145 2852 Regiensis
1173 2787 1420 2856 episcopi.

231 2901 345 2974 Ego
378 2903 734 2979 Gandulplius
778 2909 1096 2983 Regienscm
1140 2915 1510 2988 episcopatum
1543 2930 1732 2976 contra

162 2990 509 3051 interdictum
544 3008 809 3068 vestrum,
837 3012 932 3057 aut
969 3006 1134 3059 vestri
1175 3005 1356 3077 legati,
1393 3017 1518 3064 octo
1539 3009 1731 3064 diebus

163 3098 270 3138 non
315 3087 542 3153 tenebo,
592 3105 766 3159 neque
818 3092 1000 3161 aliquo
1049 3093 1321 3148 inveniam
1366 3096 1566 3163 studio,
1618 3112 1728 3168 quo

161 3182 355 3230 vestra:
382 3176 638 3247 legationi
662 3181 966 3236 resistatur.
997 3177 1087 3238 Sic
1120 3199 1208 3239 me
1241 3182 1385 3240 Deus
1412 3185 1650 3256 adjuvet,
1674 3195 1729 3241 et

162 3261 275 3318 [nec
301 3275 494 3336 sancta
521 3267 614 3323 Dei
646 3268 955 3343 Evangelia.

175 3396 569 3429 κ--ι--κ

589 530 593 535 η
1356 462 1726 519 CONCILIUM
1763 463 2099 518 ROMAMEM
2141 465 2246 519 vn.

170 584 231 626 ut
273 573 446 627 vitam
500 584 595 628 aut
641 575 879 630 membra
933 585 1024 630 aut
1067 586 1328 646 papatuin.
1363 577 1614 646 perdant,
1667 585 1760 631 aut
1789 581 1832 636 A

1173 3415 3139 3454 ———__.._____________________________,

3316 481 3418 534 8H

2330 595 2483 635 κοτιε
2524 595 2762 636 SEVERINI
2801 597 2945 637 BIN".

1926 665 2484 744 Concilinm._Cum_in
2511 669 2613 724 hac
2636 670 3170 744 synodoBerengarii
3199 675 3421 735 [Heresis

1855 734 2109 806 damnata
2130 735 2313 802 fuerit,
2336 738 2460 806 quis
2483 753 2590 792 non
2614 734 2761 793 videt
2783 734 3110 796 calumnian
3131 759 3254 800 esse
3276 734 3423 803 men-1

1854 799 2222 884 dacissimam,
2251 799 2371 886 qua
2392 805 2776 886 Gregoriusin
2807 799 3422 886 conciliabuloibtogﬂuu'.

1856 872 1969 952 tino
1994 872 2596 952 propterea_dam_naius
2633 877 2802 952 fuisse
2841 879 3124 952 asset-itur,
3153 898 3224 952 qu

1855 942 2038 1015 tiquus
2064 942 2375 1015 discipulus
2413 943 2723 1015 Berengarii
2773 949 3080 1004 exstiterit?
3106 942 3250 1005 lnier
3285 955 3420 1010 alias

1854 1010 2096 1092 Gfegorii
2118 1010 2764 1092 cpistolasexstat'unica
2786 1018 2963 1086 primo
2990 1035 3136 1092 anno
3167 1022 3252 1076 sui
3277 1039 3420 1092 pon-

1854 1080 2089 1166 tilieatus
2110 1080 2181 1166 ad
2215 1082 2524 1166 blatbildem
2551 1080 2906 1166 scripta,.'qua
2949 1090 3224 1166 evidel‘ter
3257 1080 3420 1161 proti—

1856 1159 2016 1215 tetnr,
2041 1150 2153 1231 sub
2169 1152 2452 1233 speciebus
2478 1154 2637 1233 panis
2729 1150 2842 1233 vini
2865 1150 3194 1233 vere‘ipsum
3221 1150 3419 1233 corpus

1851 1227 1906 1300 et
1932 1220 2252 1300 sanguinem
2282 1220 2496 1300 D_omini
2520 1223 2804 1291 contineri;
2831 1239 2953 1300 quae
2982 1220 3141 1282 unica
3171 1220 3418 1300 epistola,

1851 1288 1898 1342 si
1941 1288 2148 1360 nullum
2186 1290 2333 1345 aliud
2359 1288 2799 1360 monumentum
2818 1288 3104 1360 eiisteret,
3144 1288 3436 1358 su'lliciens':

1848 1367 1994 1412 esset
2023 1358 2092 1435 ad
2117 1359 2520 1435 intcger_rim_a_m
2551 1360 2708 1435 ﬁdem
2732 1362 2973 1435 Gregorii
3012 1358 3163 1435 papa:
3193 1368 3420 1425 demon-

1850 1429 2153 1494 strandam,
2189 1427 2252 1482 et
2267 1427 2335 1483 ad
2361 1427 3319 1492 sebismaticorum'calumn'iantium
3354 1457 3417 1495 os

1848 1495 2134 1552 impudens
2159 1497 2566 1552 obstruendum.

1944 1581 1976 1618 η
2012 1566 2114 1644 hoc
2138 1566 2368 1622 concilio
2398 1566 2455 1621 S.
2487 1567 2814 1644 Brunonem,
2856 1572 2948 1640 qui
2973 1575 3134 1644 paulo
3175 1586 3297 1644 post
3329 1577 3419 1634 Si-

1847 1634 1987 1707 gnia:
2026 1637 2316 1707 episcopus
2333 1646 2571 1707 _creatus
2599 1648 2700 1702 est,
2733 1634 2992 1698 adversus
3026 1634 3416 1707 Berengarium

1847 1703 2171 1783 disputasse,
2191 1703 2310 1783 acta
2333 1704 2468 1760 Vita:
2484 1706 2630 1783 illius
2650 1716 2987 1783 attestautur.
3005 1703 3417 1783 Petrusjgneus

1846 1771 2171 1848 Albancnsis
2196 1777 2482 1848 episcopus
2517 1777 2718 1848 missus
2735 1787 2834 1848 gest
2867 1780 3074 1848 legatus
3107 1783 3160 1835 in
3190 1771 3416 1839 Gé'rmaQ

1849 1841 2017 1908 niam,
2043 1841 2338 1924 estque—illi
2356 1841 2645 1924 adjunctus
2668 1841 2955 1924 Udali'icus
2984 1848 3276 1924 Bataviuus
3299 1855 3413 1924 epi-

1848 1925 2064 1991 scopus,
2085 1911 2154 1991 _ut
2181 1913 2346 1991 tradit
2373 1911 2710 1991 Bertlioldus
2730 1914 2784 1968 iu
2804 1914 3096 1991 _Chronico
3113 1920 3226 1991 hoc
3247 1911 3411 1979 anno.

1847 1978 2062 2061 l’rteter.
2084 1982 2201 2061 haec
2241 1982 2346 2061 alia
2393 1983 2663 2061 quaedam
2696 1983 2752 2037 in
2802 1983 2906 2061 ista
2935 1985 3180 2061 “synodo
3209 1978 3413 2061 agitata

1846 2047 2018 2127 fuisse
2047 2047 2563 2127 indicarit_cpistolaa
2599 2051 2666 2108 18
2707 2053 2900 2127 et_l9,_
2934 2047 3026 2108 lib.
3072 2072 3146 2122 vr,
3172 2047 3316 2127 quas
3343 2047 3411 2116 es

1845 2116 1950 2194 hac
1972 2119 2268 2194 synodomad
2294 2116 2644 2176 Pinnensem
2675 2129 2729 2176 et
2751 2116 3206 2194 Bambergenseni
3225 2127 3410 2185 Eccle-

1843 2186 1981 2241 siam
2005 2186 2252 2259 scripsit.

1975 2337 1980 2343 ι
2013 2325 2016 2328 ·
2194 2313 2414 2354 ιωιητιο
2446 2313 2673 2356 Ρηιιιριη
2711 2317 2894 2379 ιλρθε,
2935 2320 2980 2360 S.
3021 2321 3063 2361 J.

1909 2384 2108 2441 Eodem
2141 2403 2284 2442 anno
2309 2386 2551 2459 Gregorii
2577 2405 2729 2460 papae
2752 2391 2843 2444 νη
2865 2404 3020 2449 sexto
3041 2396 3284 2454 habitum
3309 2399 3412 2456 fuit

1838 2473 1928 2530 die
1982 2490 2035 2530 iv
2081 2474 2265 2532 Nonas
2318 2476 2444 2533 Maii
2498 2476 2802 2534 Romanum
2857 2481 3004 2538 aliud
3061 2487 3353 2543 concilium
3389 2509 3405 2539 .-

1843 2561 2062 2631 Utrum,
2101 2565 2338 2630 scilicet,
2377 2566 2512 2622 bona
2558 2566 2914 2623 Ecclesian
2960 2573 3163 2641 possint
3197 2576 3319 2643 poni
3351 2578 3409 2630 in

1833 2656 2049 2724 pignore
2075 2671 2172 2724 pro
2199 2657 2420 2724 pecunia
2461 2656 2754 2728 colligenda
2786 2660 2856 2712 ad
2892 2662 3238 2718 resistendum
3277 2663 3408 2719 Cui-

1835 2744 2002 2812 berto,
2019 2746 2407 2817 archiepiscopo
2435 2745 2725 2803 Ravennati
2739 2748 3033 2805 Romanam
3059 2754 3230 2808 sedem
3253 2755 3404 2810 inea-

1833 2836 1954 2892 dere
2001 2840 2233 2893 conanti.
2291 2837 2609 2897 lnterl‘uisse
2654 2843 2938 2914 episcopos
2994 2857 3228 2916 quatuor
3279 2866 3405 2906 eum
3443 2858 3450 2864 '

1833 2925 2082 2994 pluribus
2109 2928 2498 3009 cardinalibus,
2529 2931 2816 2988 abbatibus
2840 2945 2894 2989 et
2919 2937 3407 3009 arcliipresbytcris

1832 3012 1990 3066 Iidem
2020 3013 2229 3068 faciunt
2251 3016 2360 3069 duo
2380 3008 2674 3084 pervetusti
2706 3021 2920 3076 codices
2950 3039 3083 3078 mss.
3115 3008 3252 3094 quos
3272 3041 3402 3094 pos»

1829 3101 2040 3156 sidebat
2069 3102 2474 3161 illustrissimus
2498 3107 2752 3165 dominus
2780 3109 2974 3167 Petrus
3006 3113 3074 3168 de
3093 3113 3271 3172 Marca
3311 3133 3403 3171 ar-

1804 3181 2206 3261 chiepiscopus
2221 3190 2544 3267 Tolosanus,
2577 3207 2638 3254 ut
2670 3201 2985 3257 monuimus
3014 3218 3135 3276 pag.
3174 3205 3279 3262 579
3310 3207 3398 3261 lii-
3474 3244 3478 3248 -

1829 3281 2012 3338 storize
2034 3292 2234 3340 nostrae
2267 3277 2580 3358 synopseos.

3140 3438 3393 3464 ἡ

898 3498 1566 3596 CONCILIUM
1643 3507 2234 3604 ROMANUM
2306 3505 2528 3640 vn,

161 3641 235 3700 In
261 3659 382 3723 quo
411 3646 1762 3751 i'chnzuln‘fcr-nianiw{eurico'abrqgatum,
1795 3655 2090 3751 colfatitm
2108 3661 2246 3751 fuit
2264 3662 2580 3744 Rodulfo-x
2598 3683 2664 3751 ea
2686 3670 3136 3751 constitutione
3155 3675 3392 3751 addita,
3446 3725 3451 3730 .

505 3739 582 3781 ne
609 3723 892 3802 deinceps
921 3727 1306 3790 inuetitum.-
1348 3723 1753 3809 bencﬁ'ciorun

438 3827 444 3832 -
969 3828 972 3831 -
1154 3858 1156 3860 ,
1355 3825 1520 3868 anno
1562 3810 1753 3872 Πωπὰ

1841 3755 1871 3872 :1
1878 3735 2058 3874 3183i:
2089 3723 2498 3817 conferantur.“
2530 3723 2626 3803 ὁὶι
2649 3746 3067 3822 accipiantur,
3196 3723 3250 3772 ut

1343 3929 1555 4003 (Μληει,
1586 3930 1789 3988 Concil.
1821 3905 1936 3999 XX,
1965 3933 2114 4002 551.)
2212 3916 2223 3927 ’

228 4097 385 4152 Anno
432 4096 502 4153 ab
531 4095 908 4158 lnearnationc
946 4096 1162 4158 Domini
1212 4103 1501 4160 millesimo
1534 4116 1724 4163 octua-
1752 4115 1793 4172 C
1826 4107 2050 4163 abbates
2075 4107 2372 4174 habeatur,
2411 4125 2510 4166 nec
2543 4112 2652 4165 ulla
2690 4112 2739 4166 ei
2777 4123 2836 4170 ut
2869 4117 3130 4199 episcopo
3165 4112 3259 4177 seu
3303 4127 3397 4182 ab-

159 4189 382 4260 gesimo,
412 4191 758 4260 pontiﬁcatus
788 4209 919 4248 vero
942 4195 1149 4250 domini
1175 4195 1422 4267 Gregorii
1460 4197 1551 4251 Vll
1571 4214 1723 4272 papa:

157 4293 309 4334 anno
332 4295 444 4346 vn,
495 4280 788 4338 indictione
834 4300 925 4351 ιιι,
971 4286 1262 4342 celebravit
1303 4287 1418 4360 ipse
1467 4288 1722 4346 dominus

157 4380 292 4437 papa
341 4369 608 4440 synodum
658 4369 864 4440 Romae,
908 4374 1000 4430 ubi
1042 4374 1408 4432 interfuerunt
1450 4379 1721 4451 archiepi-

155 4461 323 4532 seOpi,
349 4450 588 4533 episcopi
609 4461 686 4536 [et
704 4463 969 4537 episcopi]
996 4465 1334 4524 diversarum
1358 4469 1596 4536 urbium,
1621 4450 1722 4527 nec

154 4565 264 4606 non
292 4561 349 4608 et
379 4553 638 4609 abbatum
674 4569 740 4610 ac
793 4555 1138 4611 diversorum
1183 4558 1436 4613 ordinum
1493 4560 1720 4616 clerico-

156 4657 278 4697 rum
313 4627 676 4713 et.laicorum
708 4640 1120 4702 innumerabilis
1152 4647 1460 4703 multitudo.
1497 4647 1554 4704 In
1586 4667 1714 4721 qua,

154 4730 452 4801 apostolica
513 4730 912 4806 [auctoritate]
960 4734 1254 4792 constituta
1308 4737 1670 4795 corroborans
1699 4781 1714 4806 ,

155 4821 323 4876 multa
361 4837 484 4892 quae
511 4823 1026 4899 corrigenda1erant
1059 4827 1315 4891 correxit,
1357 4836 1411 4882 et
1443 4839 1567 4898 quae
1591 4845 1714 4886 cor-

133 4907 460 4970 roboranda
509 4915 760 4971 ﬁrmavit.
808 4909 952 4978 Inter
997 4925 1192 4973 cetera
1233 4931 1469 4988 namque
1507 4917 1564 4974 in
1609 4920 1716 4976 tiue

155 4999 430 5072 synodalis
474 4993 984 5060 absolutionis‘hiec
1020 5005 1300 5073 annexuit,
1347 5013 1415 5061 et.
1443 5015 1715 5077 perpetuae

155 5092 428 5146 memoria:
458 5106 557 5161 pro
592 5093 824 5161 posteris
859 5095 1140 5150 scribenda
1173 5097 1482 5166 mandavit,
1522 5097 1607 5165 ita
1633 5101 1714 5163 di:
1742 5117 1744 5119 ‘

153 5178 323 5232 cendo
350 5195 364 5231 ε

222 5267 262 5322 1.
313 5266 612 5340 sequentes
657 5281 856 5328 statuta
893 5276 1220 5341 sanctorum
1268 5275 1513 5344 Patrum,
1572 5281 1714 5336 sicut

156 5357 208 5410 in
254 5359 534 5428 prioribus
576 5363 842 5429 conciliis,
880 5355 1032 5434 quae,
1069 5363 1180 5418 Deo
1224 5366 1535 5433 miserante,
1581 5371 1714 5424 cele-

1824 4199 1933 4252 bati
1955 4195 2228 4253 audientia
2261 4200 2611 4256 concedatur.
2639 4201 2866 4274 Insuper
2888 4195 3053 4269 etiam
3082 4211 3132 4264 ei
3158 4215 3389 4282 gratiam

1825 4281 1881 4342 S.
1907 4287 2051 4343 Petri
2074 4297 2129 4344 et
2161 4289 2443 4349 introitum
2483 4292 2726 4350 ecclesia:
2760 4281 3394 4374 interdicimus,iquous-

1821 4394 1928 4449 que
1959 4380 2161 4448 locum,
2192 4398 2354 4452 quem
2379 4383 2481 4436 sub
2507 4383 2735 4440 crimine
2749 4393 2860 4442 tam
2881 4390 3197 4450 ambitionis
3224 4413 3390 4467 quam

1822 4471 2198 4527 inobedientiae
2223 4472 2274 4542 (1
2305 4472 2431 4542 Reg.
2477 4479 2570 4545 xv)
2616 4474 2784 4546 (quod
2816 4489 2902 4536 est
2938 4484 3118 4540 scelus
3158 4487 3388 4544 idoloia-

1822 4562 1960 4629 triae)
2019 4562 2180 4632 cepit,
2243 4561 2612 4633 resipiscendo
2682 4583 2791 4629 non
2850 4572 3069 4630 deserit.
3130 4577 3390 4637 Similiter

1818 4652 1980 4706 etiam
2033 4651 2100 4706 de
2172 4652 2522 4710 inferioribus
2592 4660 2977 4720 ecclesiasticis
3035 4668 3388 4735 dignitatibus

1818 4742 2220 4800 constituimus.

1888 4832 1950 4888 ll.
1990 4833 2135 4890 'ltem
2182 4838 2226 4892 si
2273 4838 2397 4908 quis
2432 4840 2846 4910 imperatorum,
2902 4858 3109 4919 regum,
3143 4849 3382 4923 ducum,

1817 4923 2217 4991 inarcliionum,
2243 4929 2524 4995 comitum,
2550 4930 2632 4984 vel
2655 4932 2881 4999 quilibet
2910 4937 3254 4999 saecularium
3284 4928 3388 5016 po;

1817 5022 2071 5070 testatum
2117 5025 2213 5071 aut
2256 5033 2634 5090 personarum,
2680 5020 3059 5082 investituram
3101 5033 3385 5104 episcopa-

1816 5116 1970 5164 tuum
1991 5110 2074 5164 vel
2102 5111 2333 5178 alicujus
2359 5110 2740 5170 ecclesiastica;
2767 5116 3047 5188 dignitatis
3082 5124 3213 5180 dare
3241 5142 3382 5195 prte-

1815 5199 2124 5269 sumpserit,
2156 5199 2400 5269 ejusdem
2427 5205 2708 5262 sententia:
2727 5208 2943 5279 vinculo
2972 5228 3032 5268 se
3056 5216 3379 5273 obstrictum

1813 5303 1932 5344 esse
1960 5288 2115 5344 sciat.
2151 5288 2376 5361 Insuper
2409 5293 2596 5361 etiam,
2632 5297 2736 5352 nisi
2758 5301 3063 5370 resipiscat,
3095 5313 3149 5359 et
3190 5305 3377 5362 Eccle-

1815 5378 1908 5433 siae
1943 5378 2219 5450 prapriam
2249 5381 2555 5458 libertatem
2589 5387 2844 5455 dimittat,
2889 5392 3084 5447 divinae
3125 5396 3378 5455 animati-

158 5444 448 5511 bravimus,
486 5445 554 5500 de
583 5449 922 5506 ordinatione
952 5452 1441 5509 ecclesiasticarum
1478 5457 1712 5527 dignita-
1747 5441 1753 5494 Ῑ

1841 5472 2083 5528 'ersionis
2109 5472 2367 5530 ultionem
2394 5475 2448 5529 in
2485 5476 2587 5532 hac
2613 5481 2860 5548 praesenti
2894 5482 3000 5536 vita
3033 5492 3142 5539 tam
3169 5487 3223 5541 in
3251 5487 3400 5544 cor?

157 5541 264 5587 tum
293 5535 620 5603 statuimus;
663 5540 738 5594 ita
787 5551 841 5596 et
877 5560 1022 5600 nunc
1051 5545 1345 5615 apostolica
1388 5552 1710 5610 auctoritate

156 5623 490 5682 decernimus
537 5643 603 5684 ac
642 5629 1029 5690 conﬁrmamus
1073 5644 1169 5702 ut,
1215 5636 1260 5692 si
1302 5637 1425 5706 quis
1454 5639 1707 5713 deinceps
1733 5632 1748 5638 ’

155 5715 520 5787 cpiscOpatum
555 5720 639 5774 vel
683 5721 952 5778 abbatiam
990 5727 1057 5780 de
1085 5743 1249 5783 manu
1284 5729 1511 5800 alicujus
1552 5731 1705 5790 laicte

159 5818 393 5870 persona:
425 5811 743 5880 susceperit,
788 5813 1091 5871 nullatenus
1138 5817 1278 5872 inter
1305 5821 1589 5890 episcopos
1623 5825 1703 5880 vel

1814 5575 1944 5629 pore
1975 5577 2076 5616 suo
2098 5578 2262 5632 quam
2293 5565 2502 5621 caeteris
2539 5569 2698 5622 rebus
2722 5569 2837 5624 suis
2867 5574 3084 5641 sentiat,
3110 5585 3169 5631 ut
3190 5578 3242 5630 in
3268 5579 3369 5632 ad-
3437 5647 3440 5649 _

1811 5659 1976 5706 ventu
2008 5651 2219 5706 Domini
2255 5653 2309 5723 (I
2335 5653 2456 5709 Cor.
2497 5657 2586 5725 xv)
2620 5659 2844 5728 spiritus
2872 5665 3052 5720 salvus
3078 5667 3186 5719 ﬁat.

1879 5739 1964 5792 lll.
2007 5739 2134 5794 Item
2179 5745 2500 5799 sententiam
2552 5748 2917 5818 depositionis.
2950 5764 3003 5808 et
3048 5769 3365 5810 excommun-

1811 5829 2132 5895 nicationis,
2183 5832 2296 5901 jam
2341 5836 2661 5910 plerumque
2717 5842 2906 5915 datam.
2938 5844 3005 5914 in
3069 5843 3364 5903 Tedalduni
