3944 6410
483 422 586 478 lilii

1108 409 1216 469 υς.
1255 412 1576 471 corculm
1609 411 1693 465 vn
1731 409 1879 465 ore.
1918 407 2098 465 rans
2137 407 2221 464 lll'.

2367 403 2683 461 (.036!le
2722 403 3026 459 ROMANA.
3632 403 3693 458 8|
3708 424 3739 455 ο

482 536 834 613 ι’ῑιιιοςιιιιιιηι]
862 533 1311 588 ὶΙι-εξὶυιιιιιριιειοηι
1336 527 1543 582 dictum
1568 524 2056 592 archiepiscopum,

2183 519 2369 575 ,ulendi
2404 516 2648 579 scientia,
2675 513 2767 585 qui
2798 513 3010 569 animas
3035 513 3316 570 hominum
3362 514 3540 587 magis
3559 515 3632 570 ad
3655 516 3742 572 in‘

486 612 535 685 et
558 630 748 683 Guibe.
763 637 877 681 tum
905 618 1234 696 [Gibcrtum]
1259 619 1653 678 llavcnnatum,
1677 623 1731 669 ct
1753 612 2057 666 Rolandum

492 721 919 779 'l‘arvisiensem,
963 713 1351 769 confirmamus
1402 716 1458 762 et
1509 706 1949 779 corroboramus.
1994 702 2060 759 Et

491 811 711 863 l’etrum
735 806 863 860 olim
895 778 1291 857 llothonensem
1311 796 1760 870 [Ruthencnsem,
1794 778 1910 846 cod.
1940 790 2059 844 llu-

495 904 593 955 tin.
636 891 1037 962 Rcdoncnscm]
1078 891 1413 959 episcopum,
1447 900 1594 941 nunc
1630 894 1815 940 autem
1845 881 2057 936 Narbo-

497 990 681 1044 nensis
710 984 966 1042 Ecclesite
1002 977 1327 1042 iiivasorem,
1374 976 1491 1046 pari
1537 973 1806 1031 sententia
1834 971 2060 1026 damna-

498 1096 639 1132 "HIS.

567 1166 653 1220 l\'.
717 1164 857 1225 Item,
891 1162 938 1217 si
978 1162 1102 1233 quis
1140 1157 1602 1213 Nortmannorum
1650 1164 1826 1209 terras
1876 1152 2061 1207 Sancti

500 1256 662 1317 l'etri,
705 1252 947 1309 videlicet
998 1252 1142 1304 illam
1202 1255 1409 1317 partem
1464 1244 1732 1299 Firmana:
1784 1241 2061 1304 marchim,

498 1364 620 1417 σιειςυ
668 1346 907 1410 nondum
951 1356 1176 1412 pervasa
1227 1348 1331 1405 est,
1392 1347 1447 1393 et
1496 1324 1756 1393 ducatum
1812 1333 2061 1405 Spqleta-

500 1455 654 1501 num,
702 1447 754 1490 et
795 1434 1167 1504 Campaniam,
1218 1446 1317 1487 nec
1371 1445 1480 1485 non
1538 1428 1840 1483 Maritimas
1901 1433 2065 1493 atque

502 1531 782 1591 Sabinum,
844 1534 898 1585 et
961 1524 1277 1583 comitatum
1345 1521 1741 1582 Tiburtinum,
1794 1530 1895 1571 nec.
1954 1527 2064 1568 non

500 1615 1108 1676 mouiasteritimSancti
1158 1612 1429 1667 Benedicti
1484 1608 1687 1664 montis
1732 1605 1969 1671 Cassini,
2012 1614 2067 1660 et

438 1736 444 1742 ·
498 1717 674 1765 terras
722 1704 823 1759 sibi
858 1702 1231 1777 .pert'mentes;
1263 1700 1485 1770 insuper
1510 1697 1671 1752 etiam
1700 1694 2064 1750 Beneventum

500 1794 754 1849 invadere
825 1792 908 1847 vel
965 1789 1260 1861 depra‘dari
1333 1783 1776 1856 praesumpserit,
1835 1782 2066 1852 gratiam

2157 611 2378 665 teritum
2400 622 2562 677 quam
2593 606 2660 660 ad
2682 604 2913 661 salutem
2934 606 3161 672 ducunt,
3189 614 3328 661 teste
3351 605 3590 663 Veritate
3616 623 3744 679 qua:

2158 701 2235 756 ait
2262 719 2273 753 :
2309 698 2369 754 Si
2403 713 2569 755 arcus
2592 712 2790 750 arcum
2823 695 3004 764 ducat,
3031 696 3185 750 ainbo
3218 697 3273 750 in
3303 697 3508 767 [ouant
3537 698 3741 753 eadem

2160 790 2377 863 (Μίνωι.
2406 788 2529 857 xv);
2560 787 2652 842 sed
2684 786 2753 841 ad
2775 801 2873 842 eos
2903 787 3021 857 qui,
3048 787 3309 858 religione
3341 796 3397 842 et
3425 787 3744 860 Scriptura—

2160 897 2283 936 rum
2296 879 2541 936 doctrina
2564 878 2836 946 instructi,
2861 877 3003 933 viam
3026 877 3346 949 veritatis_ct
3366 878 3561 933 salutis
3580 878 3747 935 vobis

2160 974 2444 1029 ostendere
2470 973 2700 1027 valeant.
3314 959 3319 962 ’

2514 1061 2598 1117 Vl.
2640 1062 2718 1118 De
2751 1062 3003 1116 electione
3039 1061 3367 1132 pontiﬁcum.

2229 1156 2477 1224 Quoties,
2506 1153 2761 1210 defuncto
2784 1161 3002 1225 pastore
3042 1144 3272 1225 alicujus
3299 1152 3578 1222 Ecclesia,
3598 1153 3750 1211 alius

2161 1257 2244 1303 est
2284 1247 2334 1301 ci
2383 1246 2643 1302 canonice
2699 1244 3096 1321 submgandus,
3146 1245 3405 1301 instantia
3443 1245 3751 1302 visitatoris

2162 1336 2422 1407 episcopi,
2444 1335 2538 1406 qui
2562 1335 2612 1390 ei
2632 1335 3023 1405 abiapostolica
3053 1334 3136 1389 vel
3165 1335 3587 1406 metropolitana
3613 1337 3751 1394 sede

2163 1428 2401 1483 directus
2428 1435 2539 1493 est,
2575 1426 2754 1482 clerus
2782 1435 2838 1482 et
2868 1426 3124 1497 populus,
3155 1435 3365 1481 remota
3394 1426 3545 1482 omni
3568 1443 3753 1484 saecu-

2164 1518 2264 1572 lari
2285 1516 2610 1582 ambitione,
2641 1517 2836 1571 timore
2863 1525 3028 1587 atque
3069 1515 3272 1587 gratia,
3307 1517 3622 1585 apostolica:
3654 1532 3750 1572 se—

2166 1609 2249 1664 dis
2282 1609 2365 1663 vel
2393 1607 2795 1677 metropolitani
2822 1607 2907 1663 sui
2937 1621 3207 1662 consensu
3232 1614 3507 1675 pastorem
3529 1607 3638 1669 sibi
3658 1620 3755 1664 se-

2166 1696 2403 1751 cundum
2435 1694 2604 1751 Deum
2634 1696 2814 1766 eligat.
2857 1694 3013 1762 Quod
3043 1696 3089 1749 si
3120 1703 3412 1765 corruptus
3436 1695 3625 1765 aliquo
3664 1697 3757 1753 vi-

2168 1787 2245 1840 tio
2284 1786 2440 1840 aliter
2474 1800 2632 1856 agere
2662 1787 3090 1856 praesumpserit,
3137 1771 3421 1842 electionis
3458 1793 3752 1858 perperam

500 1883 675 1939 sancti
708 1882 850 1937 Petri
879 1890 934 1936 et
963 1860 1243 1935 introitum
1277 1876 1517 1931 ecclesia:
1554 1874 1605 1933 .ei
1645 1887 1818 1942 usque
1865 1871 1931 1925 ad
1984 1885 2072 1925 εει-
2104 1860 2146 1914 Β
2172 1875 2326 1932 facta:
2356 1877 2504 1931 omni
2533 1876 2709 1932 fructu
2744 1877 2972 1943 carebit,
3010 1883 3065 1931 ct
3093 1877 3160 1932 de
3188 1886 3384 1933 caetero
3407 1878 3617 1934 nullam
3639 1881 3756 1937 ele-

502 1975 866 2029 tisfactionem
910 1969 1302 2025 interdicimus.
1341 1964 1727 2021 Verumtamen
1773 1960 1820 2017 si
1844 1959 1967 2029 quis
2002 1957 2069 2010 il-

502 2066 680 2118 lorum
727 2052 986 2118 adversus
1025 2060 1354 2115 habitatores
1393 2059 1587 2113 harum
1648 2062 1915 2109 terrarum
1974 2050 2073 2105 ali-

502 2170 667 2225 quam
704 2156 907 2224 justam
938 2166 1158 2206 causam
1190 2149 1460 2213 habuerit,
1485 2147 1638 2217 prius
1668 2144 1905 2211 alnobis,
1935 2141 2073 2194 vela

503 2246 805 2302 rectoribus
848 2258 944 2299 seu
984 2230 1249 2296 ministris
1296 2238 1427 2293 inibi
1468 2235 1776 2295 constitutis
1805 2233 2075 2303 justitiam

504 2336 775 2406 requirat;
818 2348 939 2405 qua:
972 2332 1018 2386 si
1047 2331 1098 2386 ei
1122 2330 1381 2399 denegata
1419 2324 1601 2393 fuerit,
1644 2322 1993 2381 concedimus
2015 2330 2076 2374 ut

505 2443 604 2496 pro
625 2424 1029 2494 recuperatione
1052 2436 1275 2476 suarum
1305 2432 1488 2473 rerum
1517 2417 1583 2471 de
1608 2425 1751 2471 terra
1796 2416 1884 2469 illa
1928 2413 2075 2468 acci-

506 2518 637 2586 piat,
664 2524 975 2569 nontamen
1000 2514 1141 2565 ultra
1164 2509 1407 2572 modum,
1435 2521 1536 2571 nec
1556 2519 1706 2560 more
1735 2504 2073 2575 praedonum,

508 2607 621 2670 sed,
654 2615 714 2661 ut
742 2606 895 2661 decet
933 2603 1322 2665 Christianum,
1376 2607 1430 2653 et
1454 2613 1577 2652 eum
1623 2597 1717 2666 qui
1752 2612 1852 2651 sua
1903 2594 2079 2666 magis

508 2695 701 2764 qua-rit
734 2694 971 2763 recipere
1010 2707 1174 2761 quam
1208 2689 1383 2744 aliena
1421 2687 1687 2755 diripere,
1721 2693 1776 2740 et
1800 2685 1896 2756 qui
1925 2685 2080 2739 timet

509 2785 738 2854 gratiam
780 2783 875 2839 Dei
902 2784 1148 2838 amittere
1185 2788 1239 2834 et
1271 2776 1702 2834 maledictioncm
1746 2776 1894 2831 beati
1933 2775 2079 2829 Petri

513 2876 814 2929 incurrere.

581 2962 644 3017 ν.
674 2962 948 3017 Prteterea
976 2961 1329 3016 admonemus
1359 2971 1549 3013 omnes
1571 2956 1664 3028 qui
1692 2964 1908 3012 aeterna
1927 2955 2081 3012 dam-

513 3052 747 3109 nationis
798 3066 987 3122 pmnas
1041 3050 1285 3114 evadere,
1331 3057 1386 3103 et
1422 3062 1560 3102 verte
1587 3045 1931 3102 beatitudinis
1963 3046 2082 3116 glo-

512 3142 650 3195 riam
677 3140 901 3211 cupiunt
927 3140 1147 3201 intrare,
1180 3144 1239 3190 ut
1269 3150 1297 3189 a
1329 3133 1483 3189 falsis
1518 3133 1620 3188 sibi
1660 3141 1886 3187 caveant
1907 3133 2086 3210 parui:

513 3233 714 3287 tentiis.
757 3232 908 3285 Sicut
941 3230 1084 3284 enim
1120 3227 1313 3282 falsum
1346 3225 1614 3297 baptisma
1646 3239 1753 3278 non
1792 3224 1939 3278 lavat
1974 3223 2083 3277 ori-

513 3320 688 3390 ginale
712 3327 1012 3389 peccatmn,
1051 3316 1123 3371 ita
1160 3323 1283 3385 post
1305 3315 1634 3384 baptismum
1661 3311 1797 3366 falsa
1818 3312 2084 3380 paeniten-

514 3412 586 3466 tia
622 3428 730 3466 non
764 3410 905 3465 delet
934 3408 1086 3463 nefas
1117 3406 1490 3461 commissum.
1531 3402 1764 3473 Ideoque
1795 3402 1950 3456 valde
1984 3417 2082 3455 ne-

513 3503 810 3557 cessarium
834 3510 917 3555 est
955 3508 1013 3554 ut
1049 3499 1139 3568 qui
1168 3512 1225 3552 se
1256 3495 1473 3565 aliquod
1504 3509 1665 3566 grave
1695 3495 1899 3549 crimen
1930 3507 2083 3548 com-

517 3591 731 3645 misisse
782 3590 1093 3659 cognoscit,
1147 3587 1385 3639 animam
1428 3599 1582 3638 suam
1628 3583 1982 3652 prudentibus
2032 3591 2087 3636 et

517 3679 782 3749 religiosis
805 3678 937 3732 viris
960 3676 1282 3740 committat,
1305 3684 1367 3728 ut
1387 3687 1482 3744 per
1505 3686 1688 3725 veram
1711 3670 2084 3741 pmnitentiam

513 3780 715 3823 certam
768 3776 1110 3837 peccatorum
1165 3778 1389 3819 suorum
1435 3769 1800 3831 consequatur
1849 3759 2081 3815 veniam.

519 3859 641 3913 Ilzec
670 3868 752 3913 est
779 3859 922 3912 enim
956 3872 1079 3910 vera
1108 3854 1453 3923 poenitentia,
1485 3861 1545 3907 ut
1577 3862 1701 3922 post
1732 3852 2084 3908 commissum

516 3947 1006 4024 [conunissionem]
1044 3947 1275 4016 alicujus
1317 3945 1580 4015 gravioris
1608 3944 1875 4009 criminis,
1900 3952 2087 4012 utpote

519 4043 760 4099 meditati
803 4039 1078 4096 homicidii
1110 4047 1164 4091 et
1200 4045 1391 4107 sponte
1415 4034 1714 4100 commissi,
1742 4050 1838 4090 seu
1864 4034 2086 4104 perjurii

517 4146 616 4201 pro
645 4131 933 4201 cupiditate
956 4129 1177 4185 honoris
1200 4136 1292 4181 aut
1312 4126 1553 4197 pecunia:
1573 4125 1720 4192 facti,
1752 4126 1835 4181 vel
1856 4126 2086 4180 aliorum

521 4227 605 4281 his
630 4225 909 4288 similium,
946 4222 1018 4276 ita
1057 4238 1114 4275 se
1146 4221 1523 4290 unusquisque
1549 4218 1617 4273 ad
1644 4218 1934 4273 Dominum
1964 4234 2090 4272 cou-

520 4326 711 4382 vertat,
728 4326 807 4383 ut,
830 4315 1031 4372 relictis
1057 4312 1310 4367 (minibus
1333 4310 1709 4381 iniquitatibus
1731 4310 1868 4377 suis,
1895 4310 2091 4366 deinde

521 4410 574 4463 in
609 4407 871 4463 fructibus
904 4407 1061 4460 home
1093 4402 1424 4472 operationis
1445 4410 1774 4473 permaneat.
1818 4399 1909 4457 Sic
1940 4403 2088 4456 enim

2171 1968 2367 2023 ctionis
2395 1975 2718 2037 potestatem
2739 1967 2977 2023 habebit.
3019 1966 3313 2023 Electionis
3338 1982 3470 2023 vero
3501 1976 3754 2039 potestas

2172 2059 2351 2114 omnis
2379 2059 2435 2113 in
2452 2058 2846 2115 deliberatione
2873 2057 3018 2115 sedis
3048 2059 3360 2128 apostolicae
3392 2058 3510 2115 sive
3539 2067 3754 2116 metro-

2164 2137 2396 2214 politani
2427 2145 2509 2201 sui
2550 2146 2832 2200 consistat.
2876 2146 2934 2199 Si
2974 2146 3119 2201 enim
3156 2148 3203 2201 is
3246 2148 3313 2202 ad
3352 2162 3515 2219 quem
3550 2164 3755 2206 consc-

2174 2236 2345 2289 cratio
2392 2235 2646 2305 pertinet,
2691 2250 2800 2289 non
2838 2235 2940 2291 rite
2985 2238 3375 2304 consecrando,
3423 2222 3560 2295 teste
3591 2241 3758 2296 beato

2176 2324 2373 2390 Leone,
2408 2325 2636 2396 gratiam
2671 2325 3065 2380 benedictionis
3096 2326 3313 2393 amittit,
3349 2337 3757 2399 consequenter

2176 2416 2221 2468 is
2261 2415 2353 2484 qui
2395 2415 2463 2470 ad
2496 2430 2717 2485 pravam
2752 2415 3068 2471 electionem
3095 2416 3472 2485 declinaverit,
3515 2417 3757 2488 eligendi

2175 2515 2437 2574 potestate
2471 2507 2732 2575 privatur.

2436 2596 2545 2651 Vll.
2578 2596 3071 2651 Excommunicatio
3099 2600 3232 2669 regis
3261 2598 3499 2657 Hernici.

2248 2687 2408 2743 Beate
2448 2686 2624 2754 Petre,
2648 2688 2900 2759 princeps
2944 2690 3338 2759 apostolorum,
3372 2699 3428 2745 et
3471 2698 3556 2759 tu,
3593 2692 3759 2749 beate

2179 2774 2364 2841 Paule,
2397 2773 2598 2831 Doctor
2641 2777 2919 2848 gentium,
2950 2778 3279 2849 dignamini,
3322 2794 3542 2851 quaeso,
3588 2796 3760 2837 aures

2179 2874 2389 2921 vestras
2410 2866 2477 2920 ad
2503 2882 2593 2920 me
2611 2866 2897 2933 inclinare,
2921 2883 3117 2937 meque
3150 2869 3443 2925 clementer
3466 2870 3754 2927 exaudire.

2178 2956 2317 3023 Quia
2346 2955 2589 3011 veritatis
2616 2957 2748 3012 estis
2777 2956 3031 3027 discipuli
3069 2967 3122 3013 et
3164 2967 3469 3027 amatores,
3496 2961 3761 3031 adjuvate

2137 3120 2142 3126 _
2179 3057 2255 3102 ut;
2272 3044 2371 3118 [et]
2401 3047 2684 3102 veritatem
2708 3048 2863 3113 vobis
2887 3047 3086 3115 dicam,
3113 3049 3261 3104 omni
3282 3057 3490 3105 remota
3514 3049 3763 3111 falsitate

2182 3152 2345 3209 quam
2381 3139 2606 3193 omnino
2638 3139 3008 3206 detestamini,
3055 3150 3117 3195 ut
3156 3139 3351 3196 fratres
3401 3140 3507 3197 mei

2184 3232 2317 3287 mihi
2356 3230 2742 3300 acquiescant,
2781 3235 2836 3283 et
2881 3229 3057 3283 sciant
3088 3239 3142 3285 et
3181 3232 3483 3304 intelligant
3510 3233 3646 3305 quia
3690 3248 3760 3288 es

2183 3331 2361 3378 vestra
2392 3319 2586 3375 fiducia
2607 3326 2731 3390 post
2753 3317 3043 3374 Dominum
3066 3330 3120 3375 et
3142 3331 3370 3377 matrem
3391 3322 3512 3393 ejus
3536 3337 3765 3393 semper

2184 3411 2446 3482 vizginem
2474 3407 2698 3464 Mariam
2723 3409 2907 3478 pravis
2959 3420 3013 3465 et
3060 3409 3263 3481 iniquis
3295 3413 3529 3481 resisto;
3558 3415 3763 3469 vestris

2184 3511 2365 3557 autem
2413 3500 2663 3555 ﬁdelibus
2710 3500 3229 3571 auxiliumpmsto.
3254 3501 3365 3559 Vos
3411 3504 3559 3559 enim
3602 3506 3764 3561 scitis

2183 3593 2311 3663 quia
2347 3606 2458 3645 non
2502 3590 2731 3644 libenter
2780 3589 2848 3644 ad
2895 3605 3111 3646 sacrum
3158 3592 3404 3648 ordinem
3444 3595 3681 3663 accessi,
3707 3605 3766 3651 et

2186 3681 2389 3737 invitus
2420 3679 2565 3735 ultra
2615 3685 2832 3735 montes
2868 3695 2994 3735 cum
3035 3681 3259 3738 domino
3309 3698 3449 3754 papa
3491 3682 3767 3757 Gregorio

2185 3770 2313 3836 abii,
2345 3768 2441 3825 sed
2464 3767 2859 3839 magisinvitus
2881 3784 3005 3823 cum
3027 3769 3250 3825 domino
3269 3786 3393 3826 meo
3414 3788 3553 3842 papa
3575 3772 3768 3831 Leone

2186 3859 2253 3913 ad
2283 3867 2517 3912 vestram
2541 3856 2827 3925 specialem
2851 3857 3135 3911 ecclesiam
3159 3859 3316 3925 redii,
3333 3859 3389 3913 in
3423 3875 3532 3929 qua
3555 3869 3765 3918 utcun-

2185 3962 2291 4017 que
2310 3945 2466 4001 vobis
2485 3944 2771 4000 deservivi.
2798 3944 2999 4001 Deinde
3019 3947 3172 4002 valde
3186 3948 3408 4015 invitus,
3431 3964 3561 4005 cum
3582 3952 3766 4007 multo

2184 4040 2371 4096 dolore
2390 4045 2446 4094 et
2479 4036 2677 4109 gemitu
2707 4052 2772 4093 ac
2798 4037 3046 4108 planctu,
3069 4038 3126 4093 in
3164 4039 3365 4095 throno
3389 4048 3574 4098 vestro
3601 4044 3766 4099 valde

2187 4131 2441 4202 indignus
2459 4144 2581 4185 sum
2601 4128 2915 4182 collocatus.
2940 4126 3051 4183 Nec
3070 4128 3193 4183 ideo
3221 4130 3346 4185 dico
3366 4129 3530 4201 [forte
3559 4136 3764 4202 serias,

2189 4224 2304 4276 inec
2341 4219 2462 4275 ideo
2511 4220 2656 4286 dico,
2693 4216 2890 4286 Hilam,
2932 4220 3011 4272 sic
3043 4228 3093 4273 et
3129 4219 3186 4274 in
3231 4218 3456 4294 latim]
3482 4222 3615 4292 quia
3646 4238 3764 4280 non

2185 4326 2287 4382 ego
2310 4325 2437 4377 vos,
2467 4310 2560 4366 sed
2594 4326 2692 4367 vos
2719 4311 2961 4383 elegistis
2984 4326 3099 4380 me,
3124 4321 3180 4367 et
3208 4311 3593 4384 gravissimum
3620 4329 3765 4385 pon-

2187 4404 2290 4459 dus
2326 4410 2522 4458 vestrae
2545 4400 2800 4457 Ecclesia:
2838 4416 3001 4472 supra
3041 4416 3130 4456 me
3158 4402 3462 4472 posuistis;
3519 4412 3579 4459 et
3628 4406 3766 4474 quia

523 4501 784 4556 Dominus
811 4513 907 4569 per
939 4495 1260 4568 praphetam
1292 4493 1448 4547 docet
1476 4510 1488 4546 :
1523 4490 1583 4546 Si
1615 4507 1889 4545 conversus
1930 4492 2089 4561 [ηενὶι
2122 4517 2165 4570 ι)
2190 4509 2352 4564 super
2376 4498 2616 4548 montem
2644 4491 2917 4547 excelsum
2952 4506 3040 4546 me
3063 4491 3663 4562 jussistis'ascendere,
3708 4504 3768 4551 et

521 4592 713 4660 impius
763 4588 826 4640 ab
877 4588 1112 4641 omnibus
1153 4582 1519 4656 iniquitatibus
1562 4582 1672 4636 suis
1705 4590 1754 4636 et
1789 4582 2094 4639 custodierit

521 4682 761 4734 universa
802 4677 1051 4731 mandatu
1088 4693 1231 4741 mea,
1272 4675 1381 4729 vita
1420 4674 1572 4739 vivet,
1601 4681 1652 4727 et
1699 4689 1803 4726 non
1840 4674 2094 4728 morietur

524 4771 737 4839 (Ezech.
766 4770 941 4836 xvm).
985 4766 1040 4820 In
1080 4767 1279 4835 quibus
1301 4766 1478 4818 verbis
1510 4763 1795 4819 manifeste
1824 4766 1982 4819 datur
2009 4766 2092 4821 in-

523 4863 686 4932 telligi
718 4861 977 4932 quoniam
1012 4859 1106 4930 qui
1138 4858 1312 4912 aliena
1342 4856 1483 4911 bona
1504 4856 1745 4924 diripuit,
1768 4865 1927 4922 etea,
1963 4872 2089 4911 cum

522 4954 715 5025 possit,
750 4952 971 5007 reddere
990 4950 1073 5005 vel
1096 4948 1384 5004 emendare
1430 4946 1683 5011 noluerit,
1714 4946 1798 4999 vel
1820 4947 1914 5014 qui
1937 4961 2088 5001 arma

523 5055 711 5099 contra
744 5042 1007 5114 justitiam
1044 5041 1277 5110 portavit
1307 5035 1668 5112 [portaverit],
1696 5044 1789 5091 aut
1818 5035 2002 5090 odium
2035 5036 2089 5089 in

520 5134 686 5188 corde
722 5133 933 5189 retinet.
957 5130 1037 5184 vel
1067 5130 1160 5198 qui
1183 5129 1491 5198 lmjusmodi
1514 5125 1972 5198 negotiationibus
1998 5133 2093 5179 aut

526 5224 716 5278 olliciis
736 5224 1026 5293 implicitus
1056 5208 1219 5277 fuerit
1248 5234 1370 5289 quae
1399 5218 1516 5273 sine
1553 5218 1763 5284 fraude,
1799 5220 1918 5273 sine
1941 5215 2094 5271 falsi-

528 5326 654 5381 tate,
683 5316 801 5370 sine
834 5314 1052 5379 invidia,
1085 5315 1203 5368 sine
1236 5310 1548 5381 deceptione
1578 5307 1808 5362 fratrum
1842 5322 2094 5362 exemere

528 5420 635 5460 non
664 5407 853 5474 possit,
879 5419 978 5460 nec
1003 5405 1072 5459 ad
1103 5402 1389 5457 Dominum
1410 5415 1728 5465 conversus,
1756 5413 1857 5452 nec
1885 5397 1951 5451 de
1970 5413 2095 5466 per-

525 5496 751 5566 petratis
774 5496 1105 5551 facinoribus
1142 5506 1323 5547 veram
1358 5491 1731 5560 pamitentiam
1773 5489 1951 5544 facere
1975 5503 2095 5542 crc-

522 5588 737 5643 ‘deudus
758 5594 859 5641 est.
899 5586 1051 5640 Unde
1086 5587 1225 5640 inter
1254 5583 1437 5639 omnia
1467 5596 1566 5636 vos
1600 5582 1888 5635 hortamur
1930 5587 2093 5647 atque

529 5693 815 5733 monenms
841 5694 922 5742 ut,
947 5678 997 5730 in
1026 5676 1346 5745 accipiendis
1368 5673 1718 5745 poenitentiis,
1749 5687 1857 5727 non
1879 5668 1946 5724 ad
1969 5669 2090 5723 illos

531 5770 760 5824 curratis
790 5769 843 5823 in
881 5770 1077 5840 quibus
1118 5782 1214 5821 nec
1247 5766 1491 5835 religiosa
1525 5766 1662 5832 vita,
1711 5780 1808 5823 nec
1848 5771 1934 5819 est
1959 5776 2090 5818 con-

2193 4585 2430 4640 clamare
2460 4592 2623 4654 atque
2665 4582 2992 4638 annuntiare
3034 4583 3236 4653 populo
3276 4582 3373 4639 Del
3415 4583 3622 4640 scelera
3660 4600 3763 4643 co-

2196 4692 2337 4742 rum,
2367 4683 2423 4731 et
2455 4675 2580 4731 llliis
2596 4673 2861 4730 Ecclesia:
2893 4681 3115 4745 peccata
3159 4689 3349 4730 eorum
3388 4672 3549 4747 (Issi.
3580 4678 3762 4750 LVIII),

2195 4766 2435 4822 membra
2465 4764 2664 4821 diaboli
2699 4772 2888 4820 contra
2933 4779 3020 4819 me
3059 4774 3341 4836 eruperunt
3375 4767 3679 4845 insurgere,
3708 4779 3766 4826 et

2194 4854 2364 4927 usque
2390 4854 2459 4910 ad
2495 4853 2815 4926 sanguinem
2853 4862 3316 4923 przcsumpserunt
3357 4855 3414 4910 in
3448 4870 3538 4913 me
3559 4872 3767 4913 manus

2192 4961 2321 5003 snas
2349 4944 2590 5015 injicere.
2618 4943 2921 4999 Astiterunt
2959 4945 3107 4998 enim
3156 4963 3309 5018 rcges
3335 4956 3493 5003 rem
3522 4953 3580 5001 ei
3604 4948 3766 5017 prin-

2190 5038 2339 5105 cipes
2382 5036 2670 5090 smcnlarcs
2712 5043 2765 5087 ct
2810 5035 3186 5103 ecclesiastici,
3214 5038 3379 5093 aulici
3415 5044 3472 5091 et
3506 5037 3772 5107 vulgares

2192 5135 2559 5185 convenerunt
2585 5124 2637 5179 in
2663 5141 2832 5181 unum
2861 5127 3121 5183 adversus
3148 5128 3437 5183 Dominum
3453 5167 3472 5195 ,
3492 5136 3550 5183 et
3568 5138 3773 5187 adver-

2193 5232 2289 5272 sus
2317 5233 2415 5272 vos
2448 5217 2685 5273 christos
2725 5216 2845 5287 ejus
2868 5260 2884 5285 ,
2912 5218 3155 5277 dicentes
3187 5236 3200 5272 :
3232 5216 3607 5289 Dirsmpamss
3638 5222 3769 5276 ria—

2193 5309 2315 5362 cula
2348 5325 2561 5373 eorum;
2589 5318 2641 5362 et
2678 5308 3023 5378 proficiamus
3059 5326 3093 5361 α
3126 5309 3276 5362 nobis
3300 5308 3494 5380 ,ἰκρία
3523 5311 3773 5382 ὅριοι-ιιι

2200 5399 2372 5471 (Psal.
2399 5404 2482 5471 ιι),
2519 5407 2573 5454 et
2601 5408 2662 5455 ut
2690 5414 2778 5455 me
2816 5401 3040 5455 omnino
3079 5410 3253 5456 morte
3283 5401 3370 5457 vel
3394 5402 3591 5457 exsilio
3631 5415 3774 5458 con-

2197 5490 2502 5559 funderent,
2528 5491 2714 5547 multis
2748 5491 2926 5547 modis
2968 5492 3149 5547 conati
3189 5501 3318 5548 simt
3346 5492 3403 5547 in
3443 5505 3535 5545 me
3574 5490 3772 5549 insur-

2195 5595 2337 5650 gere.

2265 5668 2409 5723 lnter
2460 5684 2600 5739 quos
2644 5669 2951 5739 specialiter
2995 5670 3291 5735 llenricus,
3355 5685 3521 5741 quem
3574 5672 3771 5730 dicunt

2194 5776 2396 5831 regem,
2440 5758 2653 5815 lienrici
2706 5760 3041 5833 imperatoris
3074 5761 3264 5830 tilium,
3290 5771 3481 5820 contra
3525 5774 3769 5821 vestram
