3944 6372
153 534 254 591 817

1313 528 1680 583 CONCIIJENI
1726 498 2056 581 non-istim
2095 526 2200 580 vu.

3266 528 3368 583 8|3

151 649 461 702 ealcancum
482 643 657 698 erexit
680 643 992 706 Ecclesium,
1020 641 1158 696 facta
1205 657 1328 696 cum
1375 641 1560 695 multis
1595 641 1712 709 epi-
1743 644 1787 698 Α
1813 642 2246 695 Clu-istianorum
2277 641 2432 692 tnot'ti
2464 641 2619 701 tradi,
2651 651 2695 690 vt
2741 640 3008 694 lim-lesias
3035 640 3160 694 fecit
3203 641 3369 696 dissi-

153 732 324 803 scopis
344 732 765 787 ultratnontanis
793 741 846 784 et
877 729 1071 782 ltalicis
1098 729 1520 797 conspiratione,
1553 727 1708 780 adni-

153 835 266 878 tc.;s
297 839 380 877 me
421 823 725 891 dejiciendo
757 838 875 875 eam
923 821 1023 875 sibi
1059 821 1380 890 subjugare;
1415 820 1571 888 cujus
1613 835 1708 873 su-

152 913 342 984 jurbia:
374 921 556 966 vestra
590 913 792 966 resistit
817 911 995 982 [for-te,
1035 911 1251 975 restitit,
1300 909 1495 977 lima]
1520 917 1709 962 aucto-

151 1002 298 1068 ritas,
329 1017 562 1072 eamque
597 1012 781 1058 nostra
830 1003 1097 1056 destruxit
1151 1008 1422 1071 pot-cstas;
1456 1017 1548 1070 qut
1582 1015 1710 1054 con-

152 1090 300 1148 fusus
325 1100 380 1144 et
401 1092 719 1146 humiliatus
741 1092 805 1146 ad
830 1107 914 1144 me
941 1092 994 1144 iu
1020 1091 1445 1161 Longohardiatn
1468 1091 1708 1155 veniens,

148 1180 541 1237 absolutionem
575 1182 643 1235 ab
663 1182 1220 1246 excommunicatione
1247 1181 1508 1250 qumsivit.
1539 1180 1708 1254 Quem

145 1285 244 1340 ego
273 1269 462 1325 videns
485 1271 850 1335 humiliatum,
880 1271 1063 1325 multis
1085 1273 1154 1325 ab
1173 1288 1238 1326 eo
1260 1265 1709 1341 promissionihUs

147 1361 378 1430 acceptis
399 1362 469 1416 de
494 1376 606 1416 suae
630 1362 754 1416 vita:
779 1362 1173 1429 emendatione,
1201 1363 1371 1416 solata
1394 1364 1442 1417 ei
1465 1377 1708 1416 commu-

147 1452 362 1506 nionem
391 1453 621 1518 reddidi,
655 1469 762 1509 non
791 1463 968 1507 tamen
1005 1453 1060 1507 in
1084 1468 1269 1523 regno,
1293 1470 1323 1508 a
1355 1469 1463 1524 quo
1497 1469 1621 1508 eum
1650 1453 1705 1507 in

147 1539 389 1597 Romana
421 1542 631 1612 synodo
650 1543 1027 1612 deposueram,
1056 1542 1386 1612 instauravi,
1440 1558 1542 1597 nec
1585 1541 1710 1596 iide-

145 1633 349 1688 litatem
377 1633 625 1688 omnium
647 1634 738 1704 qui
761 1634 860 1690 sibi
885 1635 1227 1705 juraverant,
1255 1635 1337 1690 vel
1366 1641 1527 1691 erant
1549 1634 1720 1705 jura-.

144 1721 269 1788 turi,
293 1737 326 1778 a
349 1738 463 1792 quo
491 1738 682 1778 omnes
712 1723 917 1778 absolvi
947 1724 1004 1778 in
1043 1723 1229 1779 eadem
1252 1724 1480 1795 synodo,
1512 1731 1573 1778 ut
1602 1722 1705 1778 sibi

143 1823 470 1880 servaretur,
507 1816 753 1884 praecepi.

209 1901 274 1956 Et
305 1903 421 1958 haec
462 1904 583 1958 ideo
619 1903 855 1968 detinui,
891 1911 948 1959 ut
981 1904 1121 1959 inter
1161 1921 1286 1960 cum
1329 1915 1384 1960 et
1417 1907 1702 1976 episcopos

140 1992 220 2045 vel
245 1992 519 2062 principes
544 1993 995 2060 ultramontanos,
1043 1995 1134 2064 qui
1162 1995 1210 2049 ei
1246 2010 1418 2056 causa,
1442 1995 1704 2064 jussionis

139 2089 330 2135 vestrae
360 2080 618 2137 Ecclesia:
657 2083 982 2148 restiterant,
1021 2082 1288 2150 justitiam
1334 2082 1584 2149 facerem,
1621 2083 1702 2139 vel

138 2183 324 2237 pacem
355 2183 762 2238 componerem,
797 2170 938 2224 sicut
965 2170 1078 2238 ipse
1104 2169 1373 2226 Henricus
1393 2171 1702 2240 juramento

137 2274 232 2327 per
263 2258 404 2312 duos
430 2259 713 2329 episcopos
750 2259 881 2312 mihi
911 2259 1176 2328 promisit.
1508 2256 1515 2263 ’

204 2347 458 2402 Praedicti
493 2357 670 2402 autem
709 2345 945 2418 episcopi
988 2358 1042 2403 et
1089 2350 1357 2418 principes
1405 2350 1700 2403 ulti-amon-

136 2438 267 2504 tani,
305 2439 590 2495 audientes
620 2439 769 2492 illum
798 2455 904 2492 non
930 2454 1143 2493 servare
1164 2439 1296 2492 mihi
1337 2439 1479 2508 quod
1500 2439 1700 2508 promi-

134 2539 296 2595 serat,
321 2531 484 2600 quasi
508 2532 777 2600 desperati
805 2532 871 2586 de
892 2547 978 2596 eo,
1026 2532 1142 2586 sine
1175 2547 1297 2586 meo
1327 2533 1577 2597 consilio,
1605 2548 1699 2588 vo—

135 2619 217 2673 l-is
244 2611 508 2686 testibus,
551 2622 828 2689 elegerunt
868 2620 970 2674 sibi
1028 2620 1371 2691 Rodnlphum
1413 2623 1604 2677 ducem
1643 2624 1696 2677 in

132 2726 333 2780 regem.
372 2711 478 2777 Qui
506 2727 601 2765 rex
621 2711 936 2780 Rodulphus
961 2711 1296 2779 festinanter,
1330 2714 1395 2767 ad
1419 2731 1503 2767 me
1530 2715 1696 2769 misso

132 2801 354 2865 nuntio,
407 2800 662 2854 indicavit
713 2817 771 2856 se
826 2810 1073 2856 coactum
1131 2804 1280 2872 regni
1336 2803 1696 2873 gubernacula

129 2893 474 2961 suscepisse;
512 2901 690 2952 tamen
716 2909 832 2949 sese
862 2905 1106 2964 paratum
1135 2897 1267 2950 mihi
1301 2898 1554 2952 omnibus
1576 2913 1694 2951 mo-

130 2983 215 3037 dis
235 2975 462 3037 obedire
501 3001 513 3034 :
539 2993 612 3050 et,
650 2994 708 3039 ut
731 2985 833 3040 hoc
855 2987 1034 3042 verius
1057 2987 1338 3053 credatur,
1382 3002 1597 3056 semper
1629 3004 1691 3041 ex

128 3086 192 3124 eo
232 3081 481 3143 tempore
532 3076 780 3128 eumdem
831 3077 963 3129 mihi
1013 3091 1224 3146 semper
1277 3075 1412 3148 [dele
1459 3076 1694 3148 semper]

131 3161 280 3214 misit
301 3177 634 3229 sermonem,
668 3163 924 3233 adjiciens
969 3164 1132 3220 etiam
1171 3163 1282 3219 lilio
1312 3180 1410 3220 suo
1433 3165 1619 3218 obside
1642 3173 1695 3219 et

131 3252 302 3307 iiJelis
365 3252 450 3307 sui
491 3253 646 3309 ducis
687 3253 958 3310 Bertholdi
998 3255 1117 3311 lilio.
1153 3255 1297 3325 quod
1348 3255 1692 3325 promittebat

131 3341 371 3400 ﬁrmare.
916 3411 918 3416 _

199 3427 415 3482 Interea
441 3427 704 3486 Henricus
729 3432 890 3501 carpit
916 3448 1000 3486 me
1020 3433 1228 3502 precari
1249 3443 1308 3487 ut
1330 3434 1479 3488 illum
1507 3447 1694 3491 contra

132 3516 450 3586 pradictum
483 3517 823 3588 Rodulplmm
847 3519 1176 3588 adjuvarem,
1203 3521 1291 3573 cui
1319 3522 1570 3588 respondi
1608 3539 1693 3577 me

133 3605 363 3661 libenter
389 3606 583 3673 facere,
626 3609 806 3662 audita
834 3595 1116 3678 utriusque
1149 3611 1317 3678 partis
1357 3611 1591 3677 ratione,
1635 3622 1694 3666 ut

105 3695 331 3751 -scirem
357 3696 444 3750 cui
482 3695 689 3767 justitia
725 3698 894 3772 magis
935 3697 1155 3769 faveret.
1200 3699 1292 3756 Ille
1332 3718 1462 3757 vero
1498 3710 1692 3772 putans

134 3787 247 3841 suis
269 3786 482 3842 viribus
503 3804 626 3842 eum
653 3768 812 3858 posse
831 3783 1134 3855 devit'tcere,
1164 3808 1337 3846 meam
1373 3794 1694 3863 contempsit

133 3876 567 3946 responsionem.
615 3870 906 3946 Postquam
943 3887 1122 3932 autem
1164 3883 1432 3950 persensit
1483 3899 1541 3938 sc
1584 3897 1692 3936 non

131 3982 292 4034 posse
321 3968 484 4037 (sicut
515 3970 765 4037 speravit)
800 3985 955 4039 agere
975 4011 989 4035 ,
1035 3971 1142 4024 duo
1193 3972 1464 4041 episcopi,
1494 3971 1693 4027 Virdu-

131 4053 320 4123 nausia
354 4054 602 4109 videlicet
629 4063 683 4108 et
716 4055 1145 4127 Osenburgensis
1181 4058 1367 4130 Hane,
1422 4059 1694 4116 Osnebru-

131 4142 562 4212 gcnsis,‘HAtu>.,
597 4146 713 4199 cod.
752 4145 885 4199 Mat.
923 4146 1404 4221 Osneburgensis],
1444 4153 1510 4208 de
1559 4169 1692 4209 con-

130 4232 412 4286 sentaneis
450 4233 561 4287 suis
605 4231 831 4286 Romam
862 4243 1162 4300 venerunt,
1207 4245 1261 4290 et
1302 4236 1356 4290 in
1388 4240 1593 4309 synodo
1625 4257 1690 4294 ex

127 4331 286 4390 parte
309 4321 651 4394 Henricijme
668 4333 725 4378 ut
745 4325 793 4378 ei
814 4325 1080 4394 justitiam
1099 4325 1327 4383 facerem
1344 4339 1687 4401 rogaverunt;

125 4413 275 4482 quod
297 4421 354 4467 et
380 4414 555 4470 nuntii
587 4413 855 4485 Rodulphi
881 4417 994 4470 tieri
1024 4418 1395 4474 laudaverunt.
1430 4413 1687 4489 Tandem,

123 4505 408 4574 aspirante
435 4503 567 4572 Deo,
603 4507 742 4562 sicut
764 4508 945 4574 credo,
971 4509 1134 4566 statui
1169 4510 1223 4563 in
1257 4513 1444 4566 eadem
1482 4515 1687 4585 synodo

1813 733 1948 801 pari,
1981 740 2035 784 et
2057 739 2228 784 totttm
2263 746 2396 798 pene
2426 731 2846 784 'l'eutonii-orum
2896 747 3118 800 regnum
3157 733 3371 788 desola-

1811 820 1946 873 tioni
1996 817 2344 889 [desolatum]
2379 820 2542 872 dedit.
2591 822 2946 889 Quapropter,
2990 821 3265 877 conlidens
3302 823 3371 876 de

1806 909 2012 977 judicio
2041 918 2094 963 et
2122 909 2492 963 misericordia
2523 909 2612 962 Dei
2645 911 2869 979 ejusque
2901 911 3157 978 piissitna:
3179 911 3370 966 matris

1812 1014 2024 1067 semper
2073 999 2300 1068 virginis
2354 999 2562 1065 .‘ilarize,
2600 999 2763 1053 fultus
2805 1010 2976 1054 vestra
3027 1001 3368 1066 auctoritate,

1812 1107 1952 1158 sa-pc
1984 1090 2322 1144 nominatum
2368 1089 2681 1155 Henricum,
2730 1107 2890 1159 quem
2933 1106 3108 1160 regem
3159 1091 3366 1153 dicunt,

1810 1195 2106 1248 omnesque
2136 1179 2372 1235 fautores
2399 1182 2517 1249 ejus
2557 1183 3106 1235 exeonnnunicationi
3139 1182 3373 1251 subjicio

1809 1280 1862 1323 et
1893 1271 2252 1324 anathematis
2304 1272 2534 1328 vinculis
2569 1272 2760 1341 alligo;
2805 1280 2856 1325 et.
2906 1274 3366 1343 itertnnmcgnum

1810 1359 2228 1415 'l‘eutoaieorum
2252 1372 2304 1415 et
2335 1362 2498 1416 italiae
2521 1380 2600 1418 ex.
2619 1374 2767 1432 parte
2790 1364 3178 1432 ommpotentis
3203 1362 3293 1417 Dei
3316 1376 3376 1417 et

1809 1460 1986 1503 vestra
2024 1450 2350 1505 interdicens
2371 1452 2442 1516 ei,
2468 1469 2681 1505 omnem
2719 1462 3029 1520 potestatem
3053 1460 3106 1505 et
3127 1451 3364 1521 dignita-

1807 1547 1914 1592 tem
1943 1540 2016 1592 illi
2053 1540 2254 1610 regiam
2283 1542 2432 1606 tollo,
2465 1551 2518 1596 et
2551 1552 2606 1596 ut
2647 1543 2825 1595 nullus
2853 1543 3285 1596 Christianorum
3315 1541 3366 1596 ei

1807 1631 1948 1688 sicut
1983 1631 2094 1699 regi
2121 1631 2334 1686 obediat
2362 1631 2648 1696 interdico,
2683 1649 2979 1701 omnesque
3003 1632 3096 1700 qui
3137 1633 3185 1687 ei
3216 1631 3367 1701 jura-

1808 1729 2003 1774 verunt
2023 1721 2106 1774 vel
2131 1721 2390 1791 jurabunt
2440 1719 2506 1776 de
2550 1723 2698 1792 regni
2743 1721 3112 1776 dominatione
3144 1736 3175 1776 a
3214 1720 3366 1790 jura-

1807 1812 1971 1865 menti
2008 1813 2368 1882 promissione
2417 1813 2652 1868 absolvo.
2709 1813 2824 1882 Ipse
2870 1823 3046 1867 autem
3101 1812 3364 1868 Henricus

1807 1919 1928 1958 cum
1963 1903 2078 1958 suis
2100 1902 2480 1960 fautoribusin
2504 1905 2651 1958 omni
2677 1905 3059 1974 congressione
3085 1904 3207 1957 belli
3245 1906 3365 1957 titil-

1738 1973 1777 2027 B
1806 1993 1885 2045 las
1910 1979 2050 2045 vii-cs
2084 1992 2396 2062 nullamque
2427 1993 2483 2047 in
2506 1994 2614 2050 vita
2641 2010 2736 2049 sua
2779 1994 3062 2048 victoriam
3104 1993 3342 2048 obtineat

1806 2078 1875 2141 Ut.
1904 2092 2081 2136 autem
2115 2080 2432 2151 Hodulphus
2481 2099 2707 2154 regnum
2756 2083 3176 2138 'l‘cutonicorum
3218 2091 3366 2152 regat

1801 2181 1855 2226 ct
1875 2172 2146 2238 defendat,
2183 2189 2343 2242 quem
2392 2171 2674 2227 Teutonici
2704 2173 2982 2242 elegerunt
3027 2170 3131 2225 sibi
3180 2171 3235 2224 in
3279 2185 3365 2224 re-

1800 2276 1942 2329 gem,
1979 2261 2046 2316 ad
2066 2272 2301 2318 vestram
2338 2262 2645 2318 ﬁdelitatem
2689 2278 2754 2317 ex
2793 2272 2945 2332 parte
2986 2269 3164 2332 vestra
3198 2261 3363 2328 dono,

1800 2351 2001 2420 largior
2020 2361 2073 2406 et
2092 2351 2330 2407 concedo
2352 2371 2363 2405 :
2389 2353 2642 2407 omnibus
2665 2353 2784 2405 sibi'
2799 2353 3024 2406 ﬁdeliter
3045 2351 3366 2411 adbterenti-

1800 2441 1902 2495 hus
1924 2441 2318 2496 absolutionem
2345 2443 2588 2496 omnium
2614 2451 2979 2510 peccatorum,
3023 2451 3366 2510 vestramque

1798 2531 2227 2586 benedictionem
2261 2533 2312 2585 in
2348 2532 2448 2586 hac
2473 2532 2580 2586 vita
2601 2542 2651 2585 ct
2677 2531 2730 2584 in
2758 2530 2958 2597 futura,
2982 2539 3162 2586 vestra
3193 2529 3364 2585 fretus

1798 2619 2248 2689 iiducia,1argior.
2267 2618 2570 2673 Sicutenim
2587 2618 2850 2674 Henricus
2865 2635 2960 2688 pro
2978 2635 3075 2673 sua
3089 2619 3362 2689 superbia,

1798 2709 2160 2764 inobcdientia
2187 2723 2240 2764 et
2265 2709 2496 2764 falsitate
2524 2726 2553 2762 a
2581 2711 2730 2780 regni
2754 2710 3014 2779 dignitate
3035 2710 3179 2778 juste
3223 2707 3374 2778 θυεμ.

1797 2799 1956 2862 citur,
1983 2799 2052 2852 ita
2073 2799 2358 2868 Rodulpho
2386 2816 2484 2868 pro
2515 2814 2613 2853 sua
2637 2799 2960 2865 humilitate,
2983 2799 3288 2852 obcdientia
3308 2809 3364 2853 et

1795 2888 2015 2942 veritate
2036 2897 2276 2957 potestas
2302 2899 2354 2942 et
2384 2889 2618 2958 dignitas
2641 2889 2792 2958 regni
2823 2890 3154 2945 conceditur.
3279 2961 3282 2963 Δ

1867 2979 2018 3049 Agite
2042 2995 2206 3045 nunc,
2220 2995 2423 3048 qttzeso,
2439 2979 2624 3035 Patres
2650 2989 2702 3034 et
2718 2980 2986 3049 principes
3007 2976 3357 3045 sanctissimi,

1797 3078 1854 3122 ut
1881 3069 2059 3123 omnis
2081 3069 2317 3123 mundus
2338 3069 2599 3138 intelligat
2621 3077 2676 3122 et
2703 3077 2994 3137 cognoscat
3018 3068 3167 3136 quia,
3193 3066 3246 3121 si"
3261 3082 3361 3136 po-

1796 3159 1948 3212 testis
1970 3159 2023 3211 in
2048 3158 2186 3213 casio
2204 3159 2368 3218 ligare
2389 3167 2441 3211 et
2461 3158 2688 3222 solvere,
2708 3156 2934 3226 potestis
2956 3157 3008 3209 in
3035 3166 3175 3210 terra
3198 3156 3365 3225 impe-

1795 3249 1892 3314 ria,
1912 3263 2096 3318 regna,
2119 3247 2737 3316 pr-incipatus,ducatus,
2754 3246 3046 3311 marchias,
3070 3247 3360 3300 comitatus

1795 3345 1848 3391 et
1864 3336 2107 3389 omnium
2126 3335 2406 3389 hominum
2424 3333 2800 3404 possessiones
2816 3349 2916 3404 pro
2938 3335 3146 3388 meritis
3177 3335 3364 3388 tollere

1797 3427 2092 3496 unicuique
2135 3435 2189 3480 et
2236 3425 2548 3480 concedere.
2600 3423 2710 3481 Vos
2743 3425 2888 3479 enim
2919 3426 3359 3501 patriarchatus,
3438 3475 3439 3478 η

1795 3519 2077 3586 primatus,
2101 3517 2617 3584 archiepiscopatus,
2661 3515 3006 3583 episcopatus
3049 3514 3360 3583 frequenter

1796 3609 1995 3662 tulistis
2026 3606 2206 3676 pravis
2239 3615 2291 3659 et
2315 3606 2550 3675 indignis
2576 3647 2591 3672 ,
2636 3614 2690 3659 et
2729 3605 3002 3675 religiosis
3049 3605 3180 3658 viris
3211 3604 3360 3676 [reli-

1794 3697 1960 3769 giosis
1985 3695 2135 3769 vero]
2166 3695 2408 3750 dedistis.
2459 3695 2517 3749 Si
2559 3692 3041 3764 enim'spiritualia
3080 3695 3358 3764 judicatis,

1793 3781 1923 3858 quid
1973 3789 2040 3843 de
2095 3789 2446 3844 saecularibus
2497 3804 2594 3844 vos
2645 3805 2803 3859 posse
2862 3786 3190 3846 credendum
3245 3789 3362 3862 est?!

1793 3888 1863 3943 et,
1901 3879 1946 3933 si
1996 3880 2216 3950 angelos
2255 3879 2594 3935 dominantes
2630 3881 2882 3935 omnibus
2929 3882 3176 3950 superbis
3211 3884 3360 3952 prin-

1795 3971 2005 4040 cipibus
2035 3971 2366 4040 judicabitis,
2401 3971 2531 4040 quid
2582 3971 2648 4026 de
2699 3971 2914 4026 illorum
2965 3973 3137 4029 servis
3182 3972 3360 4029 facere

1793 4062 2016 4131 potestis
2049 4062 2071 4114 ?
2109 4061 2401 4116 Addiscant
2445 4077 2590 4117 nunc
2645 4078 2799 4132 reges
2836 4072 2900 4117 'et
2939 4079 3128 4120 omnes
3175 4064 3358 4120 δωρειιί

1795 4154 2063 4223 principes
2088 4154 2273 4222 quanti
2299 4169 2394 4208 vos
2416 4153 2565 4219 estis,
2605 4153 2734 4222 quid
2768 4153 3022 4222 potestis;
3047 4161 3102 4207 et
3130 4152 3356 4208 timeant

1793 4243 2179 4312 parvipendere
2236 4244 2539 4311 jussionem
2591 4243 2846 4297 Ecclesia:
2891 4253 3124 4310 vestrm,
3182 4223 3238 4300 ἐι
3299 4247 3353 4301 in

1795 4333 2048 4402 prmdicto
2089 4330 2320 4390 Henrico
2353 4340 2459 4386 tam
2494 4333 2602 4388 cito
2623 4332 2888 4403 judicium
2919 4342 3162 4388 vestrum
3195 4350 3353 4392 exer—

1792 4432 1925 4491 cete,
1953 4431 2013 4477 ut
2043 4437 2232 4478 omnes
2264 4423 2438 4479 sciant
2467 4424 2594 4495 quia
2634 4439 2740 4481 non
2775 4422 3018 4493 fortuito,
3054 4426 3147 4483 sed
3173 4439 3354 4485 vestra

1792 4523 2074 4584 potestate,
2115 4516 2286 4570 cadet.
2327 4515 2706 4571 Confundatur
2731 4519 2935 4572 utinam
2972 4519 3039 4572 ad
3087 4520 3354 4589 pcenitcn-

124 4593 180 4648 in
212 4595 466 4663 partibus
489 4596 903 4653 ultramozatanis
947 4600 1061 4653 tieri
1091 4601 1440 4671 colloquium,
1482 4615 1540 4658 ut
1581 4605 1686 4659 illic
1720 4612 1761 4665 D
1788 4606 1936 4670 tiam,
1988 4616 2045 4659 ut
2098 4606 2318 4675 spiritus
2375 4607 2448 4660 sit
2493 4609 2673 4663 salvus
2735 4609 2787 4663 in
2843 4610 2930 4663 die
2977 4609 3210 4664 Domini.

123 4693 220 4738 aut
239 4699 349 4752 pax
382 4693 728 4751 statueretur,
755 4691 953 4744 autcui
973 4692 1207 4759 amplius
1223 4694 1432 4761 justitia
1464 4696 1682 4763 faveret,

120 4784 567 4843 cognosceretur.
592 4775 703 4846 Ego
730 4780 896 4844 enim,
921 4781 1061 4834 sicut
1083 4797 1177 4835 vos
1199 4784 1331 4836 mihi
1347 4794 1511 4838 testes
1531 4787 1682 4850 estis,

118 4861 316 4916 Patres
337 4872 392 4917 et
419 4863 645 4930 domini,
669 4881 840 4934 usque
861 4867 1019 4920 hodie
1049 4869 1248 4922 nullam
1271 4881 1479 4937 partem
1502 4874 1684 4942 dispo—

119 4954 208 5008 sui
231 4953 516 5024 adjuvare,
540 4955 645 5010 nisi
673 4972 792 5010 eam
829 4958 916 5012 cui
946 4958 1065 5027 plus
1095 4959 1306 5028 justitia
1350 4961 1568 5018 faveret.
1596 4964 1679 5030 Et,

116 5047 253 5116 quia
276 5044 532 5115 putabam
557 5048 699 5116 quod
731 5049 985 5119 injustior
1012 5067 1138 5120 pars
1163 5051 1493 5121 colloquium
1521 5057 1683 5110 nollet

118 5136 240 5190 ﬁeri
271 5135 366 5189 ubi
398 5135 606 5204 justitia
652 5154 809 5192 suum
851 5139 1032 5194 locum
1077 5151 1333 5208 servaret,
1365 5158 1681 5200 excommu-

117 5225 305 5280 nicavi
339 5235 396 5279 et
420 5228 756 5284 anathemate
787 5231 999 5300 alligavi
1045 5246 1231 5287 omnes
1276 5249 1533 5301 personas
1572 5239 1685 5292 sive

119 5315 294 5383 regis,
320 5316 437 5369 sive
455 5317 628 5384 ducis,
657 5333 749 5376 aut
768 5322 1028 5392 episcopi,
1055 5337 1147 5375 seu
1171 5323 1401 5392 alicujus
1424 5328 1679 5393 hominis,

115 5402 218 5470 qui
265 5402 599 5470 colloquium
643 5409 823 5478 aliquo
873 5411 1089 5481 ingenio
1135 5409 1416 5478 impediret
1465 5420 1524 5464 ut
1574 5426 1682 5468 non

121 5490 298 5544 ﬁeret.
334 5488 630 5551 Prasdictus
656 5509 834 5554 autem
858 5501 1120 5557 Henricus
1161 5516 1284 5554 cum
1321 5501 1435 5554 suis
1458 5500 1683 5556 fautori-

120 5581 230 5635 bus
262 5593 376 5634 non
411 5579 610 5639 timens
656 5591 952 5655 periculum
995 5591 1385 5654 inobedientitc,
1430 5594 1574 5660 quod
1601 5603 1684 5649 est

122 5671 308 5726 scelus
321 5669 643 5728 idololatria:
663 5676 713 5746 (Ι
727 5678 848 5750 Reg.
868 5682 978 5749 xv),
997 5683 1325 5750 colloquium
1346 5683 1684 5750 impediendo

120 5761 749 5819 cxcommunicatiouem
807 5770 1054 5836 incurrit,
1106 5784 1157 5827 et
1179 5774 1413 5841 seipstun
1463 5777 1684 5830 anathe-

132 5853 297 5908 matis
335 5851 552 5905 vinculo
595 5854 844 5924 alligavit,
890 5878 1242 5932 magnamque
1288 5863 1684 5924 multitudinem

1859 4698 1990 4753 Acta
2017 4697 2200 4753 Romae
2228 4697 2398 4752 Nonis
2421 4697 2598 4753 Martii
2629 4699 2821 4771 [Maii],
2849 4700 3139 4757 indictione
3174 4702 3347 4756 tertia.

1790 4810 2061 4882 Rodulplti,
2097 4812 2229 4882 regis
2267 4810 2642 4882 Romanorum,
2684 4823 2732 4866 et
2773 4815 3066 4882 principum
3123 4813 3348 4882 imperii,

1858 4881 2140 4949 propositio
2171 4882 2224 4933 in
2248 4883 2444 4949 synodo
2474 4881 2709 4936 Romana
2738 4880 2918 4935 contra
2946 4880 3234 4934 Hernicum
3267 4881 3290 4933 Ι
3313 4880 3347 4934 γ

1858 4950 2238 5018 imperatorem.

1863 5067 1910 5117 1.
1953 5063 2061 5120 Nos
2094 5081 2160 5120 ex
2187 5066 2453 5135 legatione
2479 5061 2680 5116 domini
2708 5061 2879 5115 nostri
2909 5061 3051 5131 regis
3081 5060 3328 5132 Rudolph

1785 5162 1838 5207 et
1857 5155 2160 5224 principum
2186 5157 2303 5222 ejus
2329 5152 2712 5220 conquerimur
2734 5150 2863 5217 Deo,
2883 5161 2936 5206 et
2958 5163 3144 5207 sancto
3168 5153 3346 5217 Petro,

1785 5253 2082 5310 vestrmque
2129 5243 2454 5311 paternitati,
2512 5250 2566 5295 et
2616 5252 2810 5296 cuncto
2851 5244 2975 5300 huic
3005 5243 3347 5298 sanctissimo

1785 5331 2014 5384 concilio
2053 5333 2197 5399 quod
2253 5333 2339 5385 ille
2378 5330 2658 5398 Henricus,
2697 5349 2855 5401 quem
2904 5348 3000 5384 vos
3049 5330 3344 5398 apostolica

1784 5421 2099 5476 auctoritate
2120 5423 2446 5492 deposuistis
2467 5438 2496 5475 a
2525 5439 2690 5492 regno
2709 5418 2938 5489 idipsu‘m
2959 5436 3181 5489 regnum
3209 5437 3340 5476 con—

1781 5519 1865 5566 tra
1915 5521 2155 5568 vestrum
2206 5513 2550 5567 interdictum
2598 5511 2872 5582 tyrannice
2913 5512 3127 5578 invasit,
3159 5514 3340 5566 omnia

1782 5604 2202 5672 circumquaque
2245 5603 2406 5666 ferro,
2451 5602 2656 5670 praeda,
2707 5601 2954 5655 incendio
3003 5603 3334 5662 devastavit;

1783 5693 2236 5760 archiepiscOpos,
2264 5691 2562 5758 episcopos,
2595 5691 2660 5743 dc
2686 5687 3082 5762 cpiscOputibus
3105 5693 3222 5748 suis
3239 5693 3336 5744 im-

1725 5830 1727 5832 .
1784 5783 1872 5851 pia
1918 5782 2231 5834 crudelitate
2260 5779 2481 5847 expulit,
2528 5789 2582 5833 et
2627 5798 2815 5834 eorum
2848 5785 3185 5849 episcopatu?
3223 5779 3330 5835 suis

1787 5867 2085 5924 fautoribus
2129 5870 2181 5923 in
2223 5871 2475 5924 bcnelicia
2510 5871 2808 5936 distribuit;
2845 5885 2938 5938 per
2982 5869 3136 5935 cujus
3175 5870 3330 5927 (diu
