3944 6374
226 539 328 602 δίι
822 600 825 605 ,
1428 541 1800 598 CONCILIUM
1840 542 2178 599 ROMANUM
2214 541 2304 596 1X.
3382 540 3488 607 822

229 655 442 708 vatoris
471 661 529 708 et
562 653 939 724 Redemptoris
977 653 1150 709 nostri
1189 653 1314 710 Jesu
1365 654 1592 723 Christi,
1625 657 1678 711 in
1713 673 1820 727 qua
1849 664 1896 717 Α
1921 659 2081 713 miter
2129 656 2485 712 laudaverunt
2516 671 2701 724 sacras
2749 671 2835 711 res
2866 654 3233 710 Ecclesiarum
3260 655 3490 712 nullate-

134 758 138 760 ‘
238 744 384 798 inter
404 753 605 799 caztera
635 744 960 800 sententiam
993 743 1348 813 depositionis
1383 745 1817 817 archiepiscopo—
1916 765 2020 805 nus
2045 749 2102 805 in
2137 749 2327 803 militia
2351 748 2600 802 saeculari
2622 748 2992 818 exponendas,
3023 741 3127 802 nisi
3150 747 3205 800 in
3231 745 3488 802 alimonia

240 849 366 890 tum
391 834 734 890 Arelatensis
769 843 824 890 et
855 832 1226 890 Narbonensis
1259 843 1422 905 atque
1450 837 1820 892 excommuni-

241 925 477 982 cationis
501 941 600 995 per
640 925 847 997 legatos
889 927 1200 996 apostolica:
1229 928 1372 982 sedis
1398 929 1815 1000 promulgatam,

1916 855 2238 910 pauperum,
2273 839 2327 893 in
2376 847 2568 894 sancto
2597 854 2703 893 usu
2749 854 2930 904 rerum
2979 837 3306 902 divinarum,
3349 846 3402 892 et
3432 837 3485 891 in

1918 930 2292 1000 redemptione
2335 930 2564 999 captivo:
2582 944 2694 982 um.
2728 928 2806 984 lta
2851 929 3048 999 quippe
3091 928 3191 983 sub
3228 941 3488 998 procura-

242 1015 505 1071 dominus
531 1031 692 1085 papa,
715 1016 801 1072 bis
841 1015 952 1086 qui
988 1016 1213 1079 aderant
1238 1003 1692 1085 collaudantibus,
1721 1019 1818 1073 tlr-
1917 1025 2067 1078 tione
2090 1022 2292 1094 Joseph
2325 1021 2543 1076 fuerant
2582 1022 2844 1076 immunia
2872 1037 2901 1075 a
2932 1021 3136 1075 tributo
3171 1037 3222 1090 p1
3235 1019 3370 1074 milia
3401 1036 3489 1073 sa-

241 1106 436 1160 mavit.

318 1193 614 1250 Henricum
649 1211 868 1266 quoque
918 1195 1124 1251 dictum
1157 1213 1360 1268 regem,
1388 1207 1442 1254 et
1472 1214 1660 1254 omnes
1702 1198 1822 1254 fau-

240 1295 395 1339 tnres
429 1284 568 1354 ejus,
595 1286 690 1356 qui
718 1287 774 1340 in
805 1287 1075 1356 prmterita
1105 1277 1668 1344 excommunicationi:
1699 1290 1818 1344 ani-

239 1389 400 1428 mum
433 1375 842 1441 induraveruat,
881 1377 1075 1432 iterum
1101 1379 1612 1434 cxcommunicavit.

319 1466 812 1524 Anatbematizavit
864 1469 994 1546 item
1046 1469 1412 1546 lldimundum
1461 1479 1517 1524 et
1574 1469 1823 1544 Landum

240 1555 620 1625 Campaninos
649 1565 931 1629 tyrannos,
958 1546 1264 1628 omnesque
1295 1559 1572 1628 adjutores
1609 1575 1820 1614 eorum.

315 1645 586 1702 Prazterea
613 1651 894 1719 suspendit
919 1651 988 1705 ab
1013 1649 1188 1705 cilicio
1219 1652 1484 1720 quosdam
1516 1653 1822 1724 episcopos,

241 1737 367 1806 qzii,
397 1737 466 1792 ad
499 1737 788 1793 concilium
835 1740 1066 1808 invitati,
1094 1755 1270 1812 neque
1295 1741 1399 1812 ipsi
1433 1758 1610 1813 neque
1650 1744 1826 1798 nuntii

242 1838 442 1880 eorum
463 1840 562 1895 pro
591 1826 726 1897 ipsis
751 1838 1034 1894 venerunt,

455 1932 738 1973 coscmun
765 1935 1016 1980 nonnon
1037 1935 1275 1975 EABI'I‘UII
1299 1936 1434 1976 auso
1463 1921 1619 1979 1081,

1919 1115 2220 1180 cerdotum,
2266 1128 2369 1169 nec
2392 1113 2764 1184 exponebatur
2792 1120 2887 1166 aut
2932 1112 3247 1166 mittebatur
3287 1112 3340 1165 in
3369 1127 3490 1165 cor-

1920 1207 2119 1262 bonam
2143 1205 2377 1274 pretium
2401 1203 2685 1275 sanguinis
2706 1202 2922 1274 (Matth.
2958 1203 3152 1272 xxv"),
3185 1217 3284 1256 nec
3305 1199 3488 1254 llclio-

1921 1297 2092 1352 dorus
2121 1303 2308 1365 raptor
2338 1311 2622 1351 sacrarum
2664 1311 2845 1349 rerum
2895 1294 2996 1348 sub
3049 1292 3184 1360 Onia
3238 1292 3492 1361 pontiﬁce

1923 1386 2027 1442 fuit
2063 1387 2362 1457 impunitus
2388 1385 2478 1455 (ΙΙ
2515 1386 2656 1440 Mac.
2697 1389 2800 1456 ni).
2839 1385 3046 1451 Quibus
3068 1385 3206 1449 actis
3227 1381 3489 1436 interfue-

1923 1476 2607 1548 runtJoannesepiscopus
2624 1475 3001 1541 Portunensis,
3026 1475 3262 1530 Joannes
3281 1474 3492 1542 episeo-

1923 1584 2027 1643 pus
2067 1568 2512 1633 Tusculanensis,
2545 1565 2838 1622 Umbertus
2867 1567 3156 1636 episcopus
3200 1563 3488 1619 Praenesti:

1926 1675 2050 1724 nus,
2095 1660 2312 1714 Brunus
2358 1660 2646 1729 episcOpus
2683 1657 2971 1728 Signinus,
3018 1656 3165 1711 Beno
3201 1654 3492 1711 cardinalis

1929 1749 2114 1805 Sancti
2132 1742 2371 1816 Martini,
2387 1750 2602 1805 Ber.....
2627 1749 2918 1806 cardinalis
2937 1747 3296 1818 Chrysogoni,
3320 1744 3491 1798 Bene—

1928 1841 2106 1897 dictus
2136 1841 2432 1897 cardinalis
2473 1839 2688 1896 Sanctae
2727 1839 3094 1903 Pudentianaa,
3139 1835 3290 1891 Cono
3315 1835 3493 1892 cardi-

1929 1933 2070 1988 nalis
2126 1931 2340 1986 Sancta:
2395 1931 2731 1997 Anastasius,
2789 1931 2902 1985 Azo
2962 1928 3256 1985 cardinalis
3309 1926 3492 1981 Sancti

314 2005 480 2060 Anno
510 2005 757 2091 Gregorii
792 2008 880 2062 νη
926 2025 1079 2083 palm
1125 2026 1292 2077 ιιοηο,
1349 2028 1401 2066 ιν
1445 2010 1632 2083 Nonas
1678 1996 1902 2085 Nam,"
1929 2023 2118 2089 Marci,
2149 2021 2426 2088 Romanus
2455 1996 2746 2091 cardinalis
2768 2021 2980 2080 Sancta:
3006 2019 3289 2085 Susannae,
3315 2018 3496 2071 Bonus

244 2089 700 2154 convenientibus
729 2099 892 2155 simul
929 2101 1633 2171 episc0pis,,eardinalibus,
1658 2105 1827 2158 abba-

245 2189 423 2256 tib‘us,
479 2191 963 2270 archipresbyteris
1018 2201 1078 2247 ut
1129 2194 1402 2264 discerent
1455 2203 1638 2248 utrum
1686 2195 1829 2249 bona

245 2267 622 2333 Ecclesiarum
651 2266 887 2350 possent
931 2274 1077 2352 peni
1099 2283 1154 2337 in
1195 2283 1420 2354 pignore
1451 2299 1550 2353 pro
1603 2285 1831 2354 pecunia

243 2370 550 2441 colligenda
582 2371 650 2426 ad
693 2373 1059 2428 resistendum
1111 2372 1390 2441 Guiberto,
1421 2375 1831 2444 archiepiscopo

244 2455 552 2520 Ravennati
576 2460 879 2516 Romanam
904 2463 1086 2517 sedem
1121 2463 1380 2517 invadere
1401 2463 1644 2530 conanti,
1677 2479 1833 2532 quae—

242 2546 373 2615 sitis
407 2548 828 2603 auctoritatibus
860 2549 1230 2620 exemplisque
1269 2558 1611 2616 sanctorum,
1636 2549 1835 2606 unani-

258 2689 796 2720 ε--ε--ιι

1930 2115 2115 2170 senior
2160 2113 2454 2172 cardinalis
2514 2111 2726 2179 Sancta:
2757 2110 3000 2176 Marias,
3059 2108 3279 2163 Maurus
3327 2108 3495 2162 abbas

1932 2203 2119 2258 Sancti
2144 2202 2357 2269 Sabine,
2387 2202 2714 2281 Laurentius
2737 2210 2949 2267 cantor,
2981 2199 3174 2256 Petrus
3220 2199 3495 2268 archipre-

1931 2296 2117 2366 sbyter
2141 2295 2208 2349 de
2235 2302 2394 2364 porta
2442 2293 2658 2360 Latina,
2702 2290 2939 2347 Joannes
2973 2289 3403 2360 archipresbyter
3431 2288 3497 2339 de
3551 2323 3554 2326 ι

1936 2383 2137 2440 Sancto
2151 2382 2492 2448 Sebastiano,
2515 2380 2753 2436 Joannes
2767 2380 3201 2449 archipresbyter
3223 2378 3286 2433 de
3301 2377 3456 2431 Saurt
3468 2394 3496 2429 ει

1930 2470 2259 2538 Cmcilia,....
2271 2511 2307 2524 ..
2322 2471 2760 2541 archipresbyter
2773 2468 3088 2531 Salvatoris,
3111 2475 3163 2521 et
3179 2467 3270 2520 alii
3293 2467 3492 2534 plures.

2133 2686 3488 2716 Μ

1086 2799 1753 2893 CONCILIUM
1831 2762 2426 2888 ROMANUM
2503 2802 2687 2920 IX,

1343 2950 1525 3012 Anno
1550 2949 1804 3010 Domini
1834 2949 1994 3011 1083'
2027 2947 2419 3010 celebratum.

1237 3071 1417 3144 (Apud
1448 3071 1638 3140 Mam,
1667 3069 1896 3136 Concil.,
1920 3077 2054 3124 tom.
2083 3069 2201 3138 XX,
2238 3071 2341 3125 col.
2376 3069 2522 3140 587).

322 3269 473 3342 (450)
514 3266 1830 3340 AnnoablnearnationeDominimillesimo(.151)
1860 3274 1900 3330 C
1935 3269 2138 3325 biennii
2163 3271 2304 3326 bello
2326 3269 2786 3340 fatigatumhacri
2813 3270 2991 3325 inedia
3027 3268 3307 3323 laborabat
3335 3287 3346 3321 :
3383 3283 3506 3322 cum

241 3359 628 3431 (.ctuagesimo
659 3368 878 3428 quarto,
911 3358 1258 3428 pontiﬁcatus
1289 3375 1419 3413 vero
1453 3359 1659 3413 domini
1695 3359 1832 3414 Gre-

241 3451 394 3522 gorii
418 3465 570 3520 papa:
589 3448 802 3518 septimi
822 3464 964 3503 anno
987 3448 1300 3516 undecimo,
1335 3449 1659 3503 duodecimo
1694 3449 1833 3520 [xw]

243 3542 523 3598 Kalendas
554 3540 883 3607 Decembris,
917 3540 1236 3611 praesidente
1273 3540 1464 3597 eodem
1513 3541 1831 3611 apostolico,

243 3635 525 3692 celebrata
559 3643 643 3689 est
685 3634 861 3690 tribus
890 3634 1082 3689 diebus
1122 3633 1178 3695 in
1216 3632 1568 3690 Lateranensi
1614 3635 1834 3690 basilica

243 3727 520 3799 synodus,
574 3727 631 3781 in
681 3743 790 3796 qua
833 3725 1053 3781 fuerunt
1093 3725 1529 3794 archiepiscopi,
1572 3727 1832 3796 episc0pi,

244 3826 319 3873 et.
351 3815 526 3888 [deest
564 3815 641 3886 et]
684 3815 908 3869 abbates
933 3814 1226 3884 Campani,
1263 3824 1317 3870 et
1345 3816 1411 3871 de
1442 3817 1837 3886 principatibus

245 3916 423 3976 atque
462 3906 678 3976 Apulia,
707 3906 867 3976 pauci
908 3921 1126 3978 quoque
1168 3905 1467 3974 Gallicani;
1507 3923 1632 3962 nam
1668 3908 1838 3978 pluri-

248 4011 382 4053 mos
409 3995 628 4052 Henrici
657 3996 869 4068 tyranni
898 3997 1118 4068 perﬁdia
1154 3997 1256 4052 iter
1280 4005 1425 4053 retro
1452 4006 1660 4053 vertere
1682 4015 1835 4054 com-

247 4086 418 4157 pulit,
455 4087 550 4157 qui
581 4085 889 4141 Ostiensem
922 4087 1236 4157 episcapum
1261 4087 1327 4152 de
1357 4088 1662 4157 apostolica
1693 4089 1838 4158 lega-

249 4180 409 4236 tione
430 4178 744 4233 redeuntem
784 4186 976 4231 contra
1007 4176 1090 4232 l'as
1117 4186 1172 4232 et
1201 4179 1496 4247 juramenti
1527 4179 1688 4232 ﬁdem
1717 4179 1836 4249 capi

244 4271 423 4343 jussit
455 4270 568 4324 sive
598 4270 864 4338 permisit.
901 4267 1034 4324 Tres
1066 4276 1248 4325 autem
1287 4270 1524 4341 synodos
1545 4272 1840 4343 quadrage-

254 4361 482 4418 simales
507 4361 750 4430 ejusdem
781 4359 998 4418 chrici
1035 4349 1340 4430 persecutio
1369 4357 1648 4432 impedivit
1674 4361 1839 4435 [prae-

254 4453 508 4526 pedivit].
533 4453 639 4520 Qui
663 4453 828 4508 semel
851 4453 1068 4508 beatum
1098 4452 1347 4520 Paulum,
1379 4440 1474 4508 bis
1495 4441 1712 4508 beatum
1739 4453 1840 4508 Pe-

255 4554 410 4598 trum
450 4527 760 4615 aggressus,
800 4545 1019 4600 demum
1065 4553 1188 4613 post
1218 4544 1448 4597 multum
1481 4543 1589 4597 fusi
1621 4543 1841 4612 sangui-

1936 3375 2037 3415 nec
2067 3362 2202 3432 ipsis
2237 3363 2304 3417 ad
2346 3362 2522 3417 vicina
2559 3363 2754 3433 oppida
2791 3362 2874 3418 vel
2905 3370 3084 3416 castra
3121 3361 3268 3414 exire
3303 3361 3503 3416 liceret.

1935 3466 2034 3505 nec
2065 3451 2140 3504 illi
2161 3452 2329 3520 jurati
2367 3451 2584 3506 llenrici
2626 3453 2680 3504 in
2726 3450 2924 3506 Urbem
2948 3451 3146 3503 vellent
3175 3449 3505 3518 negotiatmn

1933 3542 2147 3608 venire;
2169 3543 2322 3595 multi
2335 3557 2552 3611 quoque
2573 3541 2714 3595 fame
2737 3541 2911 3595 abacti
2935 3538 3134 3594 Urbem
3158 3539 3504 3609 reliquerant.

1935 3630 2169 3686 Proinde
2204 3634 2382 3686 caueri
2408 3633 2547 3687 bello
2570 3631 2855 3687 remissius
2886 3630 3077 3686 attenti
3101 3647 3214 3684 rem
3242 3648 3307 3686 ex
3327 3632 3509 3685 animo

1937 3723 2119 3776 minus
2141 3725 2419 3794 gerebant,
2452 3733 2506 3778 ct
2525 3740 2554 3778 a
2577 3723 2859 3789 custodiis,
2885 3730 3046 3793 prout
3071 3721 3268 3790 cuique
3295 3722 3508 3785 licebat,

1938 3814 2056 3868 sine
2081 3815 2275 3870 timore
2299 3804 2662 3887 negligentius
2689 3805 2932 3869 aberant.
2961 3813 3084 3867 Haec
3105 3828 3267 3881 super
3292 3811 3508 3867 Henriei

1939 3906 2244 3975 tyrannide,
2285 3907 2412 3975 quia
2453 3921 2511 3959 se
2562 3905 2780 3960 occasio
2827 3904 3073 3974 praebuit,
3115 3905 3513 3973 praastrinxisse

1938 3994 2182 4048 sumeiat.

2006 4087 2273 4142 {Steterunt
2301 4086 2557 4144 dominus
2579 4087 2908 4157 apostolicus
2932 4087 2987 4140 in
3015 4086 3200 4141 eadem
3223 4085 3427 4155 synodo
3446 4085 3513 4137 de

1940 4177 2064 4232 ﬁdei
2109 4176 2283 4233 forma
2317 4187 2371 4233 et
2408 4176 2733 4233 Christiana:
2761 4178 3039 4248 religionis
3077 4174 3509 4239 conversatione,

1941 4269 2035 4324 sed
2073 4270 2364 4324 etrobore
2405 4268 2678 4336 animique
2717 4266 3022 4322 constantia
3072 4265 3138 4318 ad
3192 4273 3510 4333 praesentem

1943 4377 2253 4434 pressuram
2287 4359 2624 4425 necessaria,
2669 4373 2765 4412 ore
2803 4372 2912 4411 non
2940 4357 3180 4409 humano
3226 4357 3318 4411 sed
3351 4372 3515 4426 ange-

1943 4455 2048 4508 lico
2063 4460 2307 4521 patenter
2327 4451 2652 4516 cdisserens,
2673 4450 2759 4504 die
2781 4449 2936 4503 tertia
2961 4457 3134 4503 totum
3157 4448 3267 4502 fere
3288 4464 3516 4504 conven-

1947 4554 2059 4600 tum
2089 4547 2142 4600 in
2168 4545 2402 4616 gemitus
2427 4551 2480 4596 et
2502 4543 2768 4614 lacrymas
2797 4542 3076 4611 compulit,
3110 4542 3296 4610 sicque
3329 4540 3515 4595 conci—

259 4635 382 4702 nis,
407 4650 518 4690 non
558 4643 673 4694 tam
711 4650 935 4688 suorum
969 4633 1286 4692 fortitudine
1320 4649 1485 4702 quam
1517 4633 1838 4704 negligentia
1874 4623 1879 4676 1

1947 4638 2079 4691 lium
2135 4635 2431 4706 apostolica
2483 4635 2855 4691 benedictione
2914 4633 3243 4688 laetiﬁcatqu
3286 4633 3339 4686 in
3387 4646 3516 4700 pare.

260 4727 497 4792 civium,
507 4723 720 4794 porticu
734 4722 1001 4797 [porticm]
1014 4739 1202 4780 muros
1223 4725 1512 4795 subripuit.
1531 4723 1838 4780 Romanum

259 4815 536 4888 siquidem
571 4815 785 4888 vulgus,
822 4832 948 4886 pars
991 4815 1238 4873 videlicet
1273 4818 1546 4887 copiosior
1588 4816 1841 4882 civitatis,

335 4969 466 5039 (450
527 4969 736 5022 Dantur
756 4947 1025 5033 variantes
1046 4985 1110 5023 ex
1146 4969 1267 5023 cod.
1301 4952 1490 5024 Mutin.

336 4969 488 5108 (451;
528 5037 839 5108 chendum
888 5039 1043 5108 11185,
1099 5047 1157 5093 ut
1187 5055 1364 5094 annus
1398 5056 1452 5093 XI

336 5037 488 5110 (45-1)
528 5037 839 5110 Legendum
888 5039 1043 5110 “185,
1099 5047 1157 5093 ut
1187 5055 1364 5094 annus
1398 5056 1452 5093 xu
1491 5038 1846 5098 Pontiﬁcatus

264 5109 514 5182 Gregorii
540 5109 649 5164 hoc
669 5124 812 5163 anno
830 5109 1116 5164 inchoatus
1143 5118 1292 5164 certo
1316 5110 1672 5166 demonstrat.
1699 5111 1848 5166 Pras-

265 5208 3384 5238 _______________________________________________________

1945 4729 2166 4785 dimisit.

1954 4982 2204 5043 lcrquam
2233 4971 2378 5040 quod
2403 4969 2674 5043 an1108i,
2700 4960 3088 5043 m‘fNovern‘llri
3114 4963 3405 5043 Grcgorius
3443 4961 3525 5015 γη

1953 5035 2140 5098 Romae
2168 5035 2277 5096 non
2302 5051 2436 5096 erat.
2474 5041 2667 5094 PAGIUS
2693 5037 2761 5090 ad
2793 5055 2880 5092 an.
2917 5036 3070 5100 1085,
3099 5052 3150 5088 n.

1115 5305 1780 5399 CONCILIUM
1862 5309 2451 5414 ROMANUM
2521 5311 2660 5428 Χ,

269 5460 409 5536 Quo
443 5455 790 5520 Guibertus
816 5460 1118 5539 antipapa
1146 5470 1199 5520 et
1224 5460 1637 5539 haresiarcha'
1673 5470 1862 5539 atque
1906 5461 2220 5520 Henricus
2255 5460 2842 5539 pseudoimpemtor
2899 5475 3032 5516 cum
3074 5453 3356 5512 omnibus
3390 5454 3523 5512 suis

1061 5537 1439 5615 fautoribus,
1475 5536 2077 5610 cxcomrnimicatur,
2106 5536 2274 5597 anno
2303 5536 2554 5595 Domini
2586 5536 2758 5596 1084.

1499 5637 1711 5708 (ΜΑΝδι,
1746 5635 1950 5691 Concil.
1984 5636 2102 5701 XX,
2140 5637 2283 5703 589).

345 5793 424 5848 De
465 5792 563 5844 hoc
613 5788 838 5842 concilio
870 5789 972 5844 ista
1007 5791 1353 5853 Bertlwldus;
1389 5793 1644 5846 dominus
1669 5803 1846 5848 autem

272 5901 437 5958 papa,
466 5883 694 5938 collecta
722 5879 946 5950 synodo,
976 5882 1168 5937 iterum
1194 5885 1512 5938 sententiam
1540 5886 1850 5939 anathema.-

1970 5797 2038 5848 tis
2076 5794 2126 5845 in
2177 5791 2494 5851 Guibcrtum
2537 5788 2973 5852 haeresim-ebant,
3021 5794 3074 5838 et
3111 5777 3420 5835 Henricum,
3464 5783 3519 5828 et

1973 5899 2159 5938 onmes
2180 5897 2367 5937 eorum
2385 5880 2639 5944 fautores,
2664 5874 3047 5944 promulgavit;
3072 5867 3283 5938 quml'rt
3310 5864 3362 5915 in
3387 5860 3522 5917 [ceto
