3944 6380
212 478 321 536 829

747 469 1037 546 APPEND.
1079 471 1140 526 ll.
1173 503 1239 512 —
1265 466 1561 525 WIBERTI
1601 463 1792 521 ANTII‘

1899 464 1965 520 Αἰ
2006 461 2363 518 ΕΡΙΞΤΟΙλᾹὲ
2404 461 2490 514 ET
2531 457 2936 514 PRIVILEGIA.
3362 446 3468 503 850

214 596 483 658 tanquam
505 585 634 651 sint,
668 591 727 638 ut
754 600 815 638 ea
845 599 968 654 qua
991 593 1118 638 sunt
1149 590 1497 636 evacuentur.
1533 579 1608 634 De
1645 580 1783 634 mul-
1813 579 1858 634 A
1886 587 1974 633 tus
1995 586 2097 633 est.
2129 576 2195 631 Ut
2217 591 2342 630 vero
2367 573 2512 644 quod
2535 581 2715 627 actum
2742 578 2827 625 est
2861 568 3116 624 omnibus
3142 566 3462 628 innotescat,

213 680 288 735 tis
311 687 495 734 autem
518 693 642 747 qua
675 677 729 730 in
754 676 871 746 ipso
901 676 1072 730 nostri
1107 675 1451 744 pontilicatus
1488 669 1787 750 primordio

212 780 341 826 acta
369 777 501 825 sunt
541 770 596 823 in
624 769 852 840 synodo,
877 783 1041 837 quam
1090 781 1190 837 pro
1234 765 1509 820 communi
1557 763 1788 818 utilitate

214 861 644 925 maturavimus,
684 875 804 914 eam
835 859 980 913 circa
1003 854 1184 911 Nonas
1223 853 1466 910 Januarii
1506 854 1786 909 celebran-

213 966 327 1018 tes,
354 967 548 1016 unum,
586 949 910 1020 propitiante
959 947 1205 1011 Domino,
1259 946 1418 1000 nobis
1465 959 1785 1000 concessum

210 1052 326 1110 est,
352 1043 483 1098 illud
504 1041 882 1105 determinare,
905 1039 1072 1109 quod,
1103 1037 1379 1092 multoties
1412 1035 1726 1090 ventilatum
1754 1051 1787 1088 a

213 1141 372 1188 retro
392 1131 738 1202 pontiﬁcibus
773 1129 1264 1199 pratlecessorihus
1305 1127 1528 1191 nostris,
1572 1133 1666 1180 aut
1697 1120 1787 1192 vix

213 1230 321 1277 aut
344 1221 494 1276 nullo
517 1219 624 1273 line
648 1218 882 1288 sopitum
905 1227 990 1274 est
1009 1236 1023 1272 ;
1045 1216 1190 1273 istud
1215 1217 1463 1272 videlicet
1489 1215 1542 1268 in
1581 1215 1790 1285 synodo
1819 1211 1821 1213 ’

213 1312 431 1366 sedenti
461 1310 702 1381 jurgium
734 1309 879 1379 quod
920 1317 1215 1364 emerserat
1255 1309 1395 1363 inter
1425 1305 1788 1362 Ravennatem

213 1411 276 1456 et
309 1401 762 1467 Mediolanensem
819 1403 1276 1471 archiepiscopos,
1326 1400 1468 1454 unde
1521 1398 1684 1453 etiam
1732 1399 1785 1452 in

218 1497 342 1566 ipsa
370 1507 553 1552 nostra
581 1499 787 1568 synodo
813 1495 1213 1567 Aquilegiensis
1253 1491 1561 1563 patriarcha
1589 1490 1788 1544 mussi-

219 1589 400 1654 tabat;
427 1590 657 1659 quisque
677 1589 1000 1658 enimﬁuxta
1041 1602 1142 1640 nos
1168 1584 1346 1640 dextri
1373 1575 1581 1638 lateris
1607 1571 1787 1636 locum

217 1680 551 1744 vindicabat,
584 1688 638 1734 et
681 1680 768 1735 cui
799 1679 924 1749 jure
963 1678 1269 1740 deberetur,
1321 1673 1481 1730 nobis
1521 1673 1787 1726 incertum

216 1780 361 1826 erat.
385 1770 619 1841 Contigit
647 1778 826 1825 autem
850 1771 1026 1840 primo
1047 1769 1132 1822 die
1167 1765 1357 1838 synodi
1385 1780 1492 1819 non
1529 1762 1790 1817 interesse

217 1861 674 1918 Mediolanensem
710 1862 1173 1932 archiepiscopum
1189 1875 1218 1913 a
1239 1853 1652 1928 primordio,sed
1673 1853 1812 1922 jam

217 1954 313 2010 die
340 1954 595 2008 inclinata
633 1969 760 2008 cum
809 1952 1170 2022 patriarchaa
1209 1949 1413 2004 dextris
1451 1946 1655 2001 nostris
1698 1961 1786 1998 se-

217 2045 395 2111 deret,
435 2030 752 2114 interposita
781 2053 960 2096 tamen
1003 2041 1135 2095 sella
1160 2035 1587 2095 charissimi'tilii
1616 2035 1787 2090 nostri

218 2135 571 2207 imperatoris
610 2133 851 2199 Henrici,
888 2132 981 2203 qui
1025 2131 1136 2201 jam
1174 2129 1426 2184 advenire
1471 2127 1784 2197 putabatur,

217 2227 352 2296 quia
378 2243 443 2281 eo
470 2226 573 2281 loci
603 2232 722 2280 erat
754 2225 948 2288 elatus,
981 2222 1137 2293 quasi
1169 2216 1498 2276 Ravennatis
1532 2217 1789 2273 Ecclesia

217 2334 250 2372 a
281 2318 518 2373 sinistris
560 2316 761 2371 nostris
783 2315 1066 2370 assideret.
1116 2311 1236 2379 Quo
1261 2311 1662 2367 Mediolanense
1691 2323 1786 2363 ar-

217 2408 567 2478 chiepiscopo
595 2408 648 2461 in
670 2407 908 2461 medium
932 2404 1199 2468 veniente,
1225 2403 1587 2473 dextrumque
1609 2401 1788 2455 locum

217 2507 457 2568 petente,
488 2499 634 2553 hunc
676 2498 1032 2552 acclamatum
1059 2501 1144 2548 est
1181 2493 1251 2547 ab
1269 2494 1441 2547 electo
1476 2492 1791 2546 Ravennate

217 2589 326 2644 sibi
345 2589 550 2643 deberi.
579 2587 733 2641 Illinc
765 2587 929 2642 simili
957 2584 1119 2638 modo
1143 2599 1174 2638 a
1210 2583 1520 2653 patriarcha
1564 2579 1789 2650 Aquile-

217 2679 444 2750 giense;
475 2686 531 2733 et
550 2679 629 2731 ita
669 2677 832 2731 unius
859 2676 939 2743 rei
975 2675 1257 2730 altercatio
1283 2673 1423 2728 inter
1460 2681 1570 2727 tres
1602 2679 1788 2725 exorta

217 2778 324 2825 est.
347 2768 558 2824 Placuit
582 2775 764 2823 autem
805 2767 1075 2823 universa
1119 2765 1326 2836 synodo
1357 2764 1521 2818 trium
1552 2762 1788 2832 partium

216 2860 618 2916 dissensionem
647 2873 829 2913 coram
863 2856 1080 2912 deferri.
1118 2849 1423 2925 Statimque
1443 2854 1686 2923 prolatus
1707 2862 1791 2906 est

217 2951 444 3022 quidam
484 2950 762 3021 catalogus
810 2941 1088 3003 nominum
1137 2962 1328 3002 eorum
1357 2944 1791 3024 archiepiscopo-

217 3058 368 3108 rum,
390 3050 446 3097 et
469 3042 711 3113 ipsorum
732 3039 829 3110 qui
853 3037 1217 3095 interfuerunt
1245 3036 1450 3108 synodo
1479 3035 1790 3106 Symmachi

218 3150 398 3206 papa,
421 3135 514 3190 ubi
539 3132 891 3204 prascriptus
912 3138 1030 3186 erat
1059 3115 1475 3206 Hediolanensis
1517 3125 1789 3194 archiepi-

1889 667 2091 740 placuit
2125 666 2331 721 nostris
2369 664 2564 718 litteris
2609 661 2922 732 apostolicis
2965 657 3231 730 adnotari,
3263 662 3317 709 ct
3348 663 3462 708 tam

1889 757 2244 830 prasentibus
2268 770 2431 824 quam
2471 753 2670 806 futuris
2703 751 2967 815 intimari,
2991 758 3050 804 ut
3076 756 3226 822 tanto
3253 744 3464 799 ﬁrmius

1888 849 2101 902 valeant
2128 846 2298 910 credi,
2335 853 2544 914 quanto
2570 851 2788 898 constat
2818 844 2885 897 de
2919 850 3108 896 nostro
3131 854 3226 894 ore
3263 834 3457 890 audiri.

1891 938 2089 993 Verum
2121 953 2187 993 ne
2213 938 2441 1007 posthac
2473 935 2670 990 iterum
2698 935 2786 988 vel
2815 933 3227 1001 archiepiscopo
3263 926 3463 981 Medio-

1888 1029 2138 1092 lanensi,
2190 1029 2275 1082 vel
2321 1026 2645 1098 patriarcha
2691 1023 3064 1096 Aquilegiensi
3095 1023 3160 1075 de
3215 1019 3462 1075 sessione

1887 1120 2062 1175 dextri
2088 1119 2276 1172 lateris
2315 1117 2488 1172 nostri
2527 1117 2689 1170 liceat
2734 1130 2957 1170 exerere
2997 1111 3293 1183 quamlibet
3327 1124 3459 1164 con-

1888 1211 2230 1275 troversiam,
2268 1209 2641 1264 interdicimus
2675 1215 2862 1262 nostra
2893 1204 3189 1274 apostolica
3225 1199 3461 1256 auctori-

1891 1311 1996 1357 tate
2021 1301 2322 1372 hoceisvde
2348 1310 2546 1355 caetero
2591 1299 2774 1363 licere,
2817 1296 2974 1363 Quod
3017 1295 3062 1349 si
3109 1294 3247 1348 forte
3299 1291 3463 1345 fuerit

1890 1401 2204 1461 perruptum
2233 1405 2329 1459 per
2365 1389 2778 1442 temerationem
2809 1386 3156 1440 interdictum
3188 1390 3458 1446 nostrum,

1889 1495 1996 1533 non
2027 1480 2188 1536 modo
2217 1479 2389 1533 sancti
2433 1477 2579 1542 Petri
2615 1485 2925 1545 nostraque
2953 1476 3097 1529 sedis
3141 1469 3465 1541 indignatio-

1891 1587 2034 1635 nem,
2060 1587 2250 1626 verum
2281 1578 2482 1624 nostra
2523 1584 2742 1638 quoque
2776 1563 3361 1621 exconmnmicatiouis
3408 1568 3464 1614 et

1890 1662 2252 1716 anathematis
2281 1660 2502 1729 laqueos
2543 1658 2804 1712 incurrat.
2841 1657 3032 1710 Sedcm
3063 1655 3208 1709 enim
3252 1652 3463 1704 Raven-

1891 1751 2032 1806 natis
2072 1751 2469 1822 archiepiscopi
2495 1751 2754 1820 jubemus
2788 1764 3002 1817 semper
3030 1761 3150 1800 esse
3191 1762 3220 1798 ιι
3258 1741 3463 1796 dextris
3527 1780 3531 1784 .

1892 1841 2093 1897 nostris
2122 1850 2546 1910 nostrorumque
2581 1855 2961 1894 successorum
3000 1836 3297 1890 secundum
3324 1831 3464 1886 anti-

1821 1901 1865 1962 Β
1889 1947 2011 2000 qua
2037 1931 2441 1985 constitutionis
2467 1929 2865 1992 auctoritatem,
2910 1927 3013 1980 nisi
3059 1924 3195 1978 forte
3227 1923 3463 1991 impera-

1891 2031 1974 2078 tor
1998 2022 2257 2088 adfuerit;
2283 2032 2335 2076 et
2360 2031 2488 2077 tunc
2513 2022 2674 2075 etiam
2706 2021 2883 2089 ipsum
2913 2017 3190 2073 sinistram
3223 2024 3464 2069 nostram

1889 2123 2073 2169 tenere
2103 2103 2202 2185 per
2224 2114 2366 2170 hanc
2403 2122 2606 2169 nostra
2630 2111 2971 2166 auctoritatis
2994 2109 3305 2163 ﬁrmitatem
3338 2107 3466 2160 huic

1890 2215 2087 2260 nostra
2137 2205 2438 2259 narrationi
2481 2203 2781 2271 subjectum
2829 2217 2924 2270 per
2967 2214 3189 2254 manum
3241 2196 3468 2251 Joannis

1859 2294 2160 2348 scriniarii
2197 2303 2251 2348 et
2298 2293 2497 2348 notarii
2527 2293 2668 2347 sacri
2717 2289 2894 2359 nostri
2933 2287 3142 2359 palatii.
3185 2285 3328 2339 Bene
3372 2300 3468 2337 va-

1891 2383 2012 2437 lete.

1962 2473 2072 2543 Ego
2133 2470 2374 2527 Ubaldus
2446 2471 2731 2525 Ravcnnas
2787 2467 3046 2533 tabellio,
3103 2473 3159 2519 et
3219 2461 3468 2519 notarius

1891 2576 2092 2621 sancta
2122 2565 2456 2620 Ravennatis
2499 2561 2786 2632 Ecclesia}
2833 2571 2891 2615 ut
2924 2561 2978 2615 in
3007 2559 3322 2614 authentico
3355 2557 3467 2613 vidi

1889 2666 1945 2711 et
1967 2657 2090 2726 legi,
2121 2657 2194 2710 ita
2225 2656 2440 2725 scripsi.

1961 2745 2074 2816 Ego
2097 2727 2490 2810 Artutlnus,~ct
2515 2742 2846 2806 Bartclinns,
2872 2748 2927 2796 et
2960 2739 3225 2795 Canulius
3257 2738 3324 2794 de
3363 2737 3468 2792 Ar-

1893 2837 2118 2901 tusiuis,
2150 2835 2386 2890 vidimus
2411 2834 2786 2888 autlienticum
2811 2831 3151 2903 privilegium
3181 2829 3457 2885 bullarulu

1891 2943 2016 2981 cum
2063 2927 2208 2982 bulla
2249 2925 2454 2980 domini
2483 2924 2777 2980 Clementis
2805 2939 2972 2993 papa.

1964 3018 2027 3073 Et
2057 3034 2158 3089 ego
2192 3017 2394 3072 Paulus
2431 3015 2660 3071 Scordili
2692 3017 2769 3070 de
2794 3014 3023 3078 Candia,
3055 3013 3244 3065 doctor
3280 3009 3466 3064 decre-

1892 3117 2094 3174 torum,
2135 3108 2459 3178 prapositus
2499 3113 2553 3160 et
2588 3105 2888 3160 canonicus
2937 3101 3231 3177 cardinalis
3266 3109 3468 3157 sancta

219 3192 444 3297 scopas.
477 3192 599 3292 Quo
628 3192 816 3278 contra
849 3230 1130 3277 ostensum
1173 3202 1259 3274 est
1303 3218 1642 3290 privilegium
1684 3192 1790 3270 Ra-
1817 3233 1857 3288 ρ
1893 3199 2223 3254 Ravennatis
2250 3198 2525 3262 Ecclesia,
2552 3197 2680 3251 illud
2706 3194 3115 3265 privilegiumin
3146 3192 3461 3271 authentico

218 3319 472 3375 vennatis
508 3317 786 3386 Ecclesia,
817 3314 1098 3372 wntinens
1135 3329 1242 3384 qua
1273 3313 1436 3368 habet
1467 3313 1554 3366 illa
1579 3312 1632 3364 in
1659 3311 1789 3365 scri-

219 3409 334 3481 ptis
383 3409 686 3473 nominum,
741 3421 856 3490 non;
904 3405 1089 3474 aliquo
1116 3405 1262 3490 jure,
1319 3418 1427 3458 non
1469 3403 1650 3472 aliqua
1697 3418 1817 3466 re-_

222 3500 518 3563 ctitudiue,
577 3499 672 3554 sed
717 3487 898 3568 potius
948 3483 1136 3552 causa."
1178 3494 1500 3549 humilitatis
1547 3491 1789 3547 evenerit

182 3593 372 3668 _quod
396 3591 606 3647 scilicet
655 3575 1103 3658 archiepiscopus
1151 3586 1439 3650 Ravennas
1482 3583 1792 3654 permiserit

221 3683 502 3754 praescribi
550 3681 654 3738 sibi
707 3680 799 3735 illo
849 3679 1081 3734 termino
1140 3693 1271 3732 casu
1326 3675 1789 3746 archiepiscopum

225 3777 704 3838 Mediolanensem,
726 3759 781 3828 et
807 3787 874 3826 ne
901 3787 998 3842 pro
1027 3811 1042 3826 .
1073 3812 1085 3824 .
1116 3811 1129 3824 .
1160 3811 1173 3824 .
1209 3811 1223 3824 .
1254 3810 1267 3823 .
1303 3769 1484 3839 quivis
1503 3777 1648 3824 esset
1683 3769 1789 3824 im-

224 3876 504 3936 posterum
541 3859 880 3945 gigneretur,
920 3855 1188 3933 placuisse
1216 3877 1366 3931 papa
1413 3859 1629 3927 Joanni,
1668 3875 1792 3916 suc—
1873 3903 1875 3905 .
1923 3877 1926 3880 '

225 3957 432 4011 cessari
477 3956 624 4010 illius
671 3947 1005 4026 Symmachi,
1047 3954 1224 4023 ipsum
1263 3953 1599 4022 privilegium
1653 3952 1787 4009 ﬁeri.

225 4046 340 4101 Hoc
369 4054 550 4099 autem
582 4046 883 4114 proposito,
925 4052 986 4098 ut
1009 4045 1131 4113 quis
1150 4060 1337 4098 eorum
1373 4045 1648 4099 videretur
1672 4060 1792 4099 esse
1872 4029 1877 4036 ’

226 4139 422 4208 major,
459 4137 710 4208 quamvis
735 4151 865 4190 vero
902 4135 1088 4188 dextra
1118 4150 1268 4204 papa
1309 4135 1538 4190 Romani
1582 4151 1784 4204 scmpe.

221 4231 346 4300 jure
367 4228 658 4284 deberetur
682 4225 1088 4295 archiepiscopo
1129 4221 1450 4292 Ravennati,
1485 4225 1791 4279 addendum

227 4331 410 4377 tamen
437 4320 488 4375 ei
515 4319 615 4375 soli
639 4317 974 4388 imperatori,
1015 4317 1059 4372 si
1091 4332 1329 4386 praseus
1357 4316 1588 4381 adesset,
1619 4324 1681 4370 ut
1714 4315 1793 4370 sic

227 4414 294 4469 ad
331 4412 610 4470 sinistram
639 4426 763 4464 eum
793 4408 1178 4479 transmigrare
1198 4408 1413 4462 debere.
1438 4405 1793 4474 Quibusduo—

223 4515 354 4564 tum
404 4504 783 4558 altercatorum
828 4501 1084 4565 ostensis,
1135 4500 1281 4554 tertii
1326 4516 1454 4554 vero
1503 4501 1792 4556 altercato-

227 4603 376 4661 rum,
407 4595 458 4649 id
481 4601 565 4650 est
591 4591 930 4664 patriarcha,
952 4601 1231 4647 ostensum
1264 4600 1350 4647 est
1390 4593 1729 4664 privilegium
1761 4610 1791 4648 a

223 4685 439 4740 Joanne
465 4699 609 4738 nono
643 4683 855 4738 decimo
884 4682 1028 4753 papa
1066 4684 1266 4738 factum
1303 4684 1551 4738 similiter
1577 4686 1644 4738 de
1673 4702 1794 4740 ses-
1824 4691 1831 4697 '

227 4777 276 4833 si
315 4791 384 4830 ne
414 4775 482 4829 ad
505 4774 780 4828 dexteram
804 4767 1034 4842 partem.
1061 4773 1156 4828 llis
1177 4774 1378 4828 auditis
1409 4775 1661 4834 universa
1701 4791 1792 4846 sy—

229 4872 407 4928 nodus
433 4871 762 4939 interrogata
788 4877 875 4925 est
919 4885 950 4923 a
987 4857 1150 4928 nobis
1197 4887 1207 4921 :
1257 4867 1432 4936 primo
1460 4875 1639 4921 autem
1683 4881 1796 4919 om-

229 4963 384 5018 nium
405 4961 640 5018 Romani
661 4959 898 5030 episcopi
927 4959 1211 5028 clerusque
1250 4957 1545 5023 Romanus,
1595 4957 1795 5029 quibus

227 5064 283 5108 et
319 5053 618 5109 auctoritas
641 5060 725 5108 est
756 5052 948 5120 major,
1003 5060 1056 5104 et
1104 5051 1217 5119 ipsa
1269 5065 1359 5104 res
1412 5059 1529 5104 erat
1581 5051 1791 5115 notior;

229 5144 424 5222 deinde
464 5143 644 5199 caeteri
681 5157 890 5198 onmes.
941 5139 1186 5210 Cumque
1225 5155 1291 5194 ex
1329 5140 1517 5195 ordine
1559 5139 1796 5194 Joannes

229 5235 525 5312 cpiscOpus
562 5234 913 5312 ’Portuensis,
956 5239 1009 5288 et
1041 5231 1234 5285 Petrus
1282 5230 1544 5286 diaconus
1594 5241 1795 5286 nostra

228 5323 540 5390 apostolica
587 5324 730 5379 sedis
778 5320 1154 5386 cancellarius,
1195 5319 1536 5390 privilegium
1583 5319 1794 5374 Raven-

229 5414 374 5468 natis
397 5413 653 5468 Ecclesia
673 5415 788 5470 vice
826 5431 926 5469 sua
955 5414 1220 5470 universae
1264 5421 1444 5482 partes
1489 5414 1789 5478 laudarent,

226 5511 413 5582 Poppo
455 5525 676 5586 quoque
719 5512 1055 5584 Brisegensis
1083 5514 1368 5584 episcopus
1399 5514 1500 5567 hoc
1537 5512 1677 5566 idem
1722 5513 1794 5568 fe-

226 5614 339 5680 cit,
362 5612 597 5682 ejusque
618 5626 804 5675 vocem
829 5620 937 5666 tota
960 5616 1198 5685 synodus
1228 5622 1514 5669 consecuta
1538 5621 1639 5666 est.
1674 5613 1794 5679 Quo

227 5712 396 5784 igitur
435 5708 495 5763 in
526 5723 697 5762 unum
745 5708 1003 5778 placitum
1033 5728 1137 5766 vox
1168 5713 1410 5767 omnium
1449 5724 1793 5778 convenerat,

226 5821 414 5870 noster
450 5824 670 5880 quoque
717 5824 972 5864 assensus
1017 5813 1130 5878 pari
1176 5814 1384 5870 ratione
1420 5812 1793 5869 aceommoda-
1839 5818 1843 5821 ’

1892 3292 2021 3356 vidi,
2053 3298 2106 3344 et
2136 3289 2237 3359 legi
2269 3290 2533 3343 bullatum
2560 3288 2705 3343 bulla
2736 3286 2990 3357 plumbea
3022 3285 3342 3355 apostolica,
3371 3282 3466 3338 sed

1891 3398 2002 3438 non
2040 3397 2193 3436 more
2233 3382 2464 3434 aliarum
2509 3379 2934 3449 apostolicarum
2980 3377 3274 3438 hullarum,
3322 3389 3469 3427 anna

1893 3472 2106 3527 Domini
2143 3470 2206 3526 Ν.
2235 3471 2283 3526 J.
2307 3472 2370 3525 C.
2401 3471 2558 3536 1415,
2589 3469 2882 3522 indictione
2914 3483 2986 3533 γι,
3012 3467 3100 3520 die
3121 3466 3297 3536 primo
3319 3462 3465 3517 Maii.

1890 3564 2083 3618 Amen.
2118 3581 2120 3583 ‘

2629 3670 2717 3726 Ill.

1867 3747 1871 3752 ’
1893 3764 2208 3820 Ravennatis
2233 3764 2466 3820 ecclesia:
2485 3762 2765 3832 privilegia,
2781 3779 2812 3814 η
2829 3760 3061 3832 Wiberto
3083 3759 3354 3825 nutipapa,
3375 3772 3464 3826 qut

2069 3834 2305 3905 Clemens
2329 3820 2590 3905 appellari
2638 3820 2860 3895 volebat,
2889 3820 3287 3898 conﬁrmantur.

2478 3928 2658 3998 (Anno
2698 3924 2878 3993 1086.)

2298 4015 2492 4089 [Μικει
2523 4014 2726 4071 Concil.
2752 4013 2870 4081 xx,
2901 4011 3054 4085 6l5.]

1965 4105 2212 4163 Ctsums
2252 4106 2562 4176 episcopus,
2599 4119 2789 4159 servus
2834 4117 3117 4158 servorum
3171 4098 3306 4163 Dei,‘
3339 4113 3468 4152 san-

1894 4203 1993 4249 cla
2020 4186 2322 4248 Ravennati
2351 4193 2627 4258 Ecclesia,
2663 4190 3026 4258 omnibusque
3061 4185 3261 4241 futuris
3288 4184 3344 4238 in
3371 4183 3464 4239 illa

1893 4280 2315 4359 archiepiscopis
2342 4296 2440 4350 per
2463 4294 2584 4333 eam
2618 4278 2672 4332 in
2697 4285 3036 4347 perpetuum.

1963 4370 2100 4425 Cum
2131 4371 2196 4440 ad
2215 4382 2315 4425 nos
2332 4369 2697 4426 Ecclesiarum
2723 4383 2853 4424 cura
2879 4367 3155 4438 respiciat,
3191 4374 3246 4421 et
3272 4365 3339 4422 dc
3355 4365 3471 4420 sin-

1896 4460 2036 4531 gulis
2058 4460 2299 4531 cogitare
2332 4459 2638 4526 conveniat,
2671 4467 2726 4514 et
2758 4473 2825 4513 ex
2860 4458 3044 4513 debito
3075 4457 3313 4528 suscepti
3333 4453 3471 4527 regi-

1828 4559 1871 4613 D
1899 4553 2060 4608 minis
2094 4551 2350 4607 omnibus
2387 4565 2491 4607 nos
2511 4549 2796 4621 providere
2848 4557 3138 4619 oporteat:
3166 4547 3472 4619 specialiter

1897 4652 2075 4697 tamen
2107 4650 2161 4695 et
2209 4641 2444 4695 maxime
2486 4637 2785 4694 Ravennati
2839 4638 3150 4709 prospicere
3209 4637 3483 4704 debemus.

1896 4732 2169 4796 Ecclesia,
2194 4733 2281 4786 cui
2316 4746 2643 4803 prasumus,
2675 4729 2786 4784 Deo
2808 4729 3061 4799 propitio,
3095 4734 3154 4780 ut
3174 4739 3387 4793 sponsa
3413 4732 3468 4778 et

1895 4822 2036 4876 tilia.
2069 4821 2243 4892 Hujus
2270 4823 2434 4893 igitur
2454 4821 2708 4876 miserias
2731 4819 2894 4873 nimis
2919 4831 3060 4885 agre
3099 4814 3356 4883 ferentes,
3376 4825 3466 4881 ct,

1895 4920 2158 4980 quantum
2196 4913 2250 4966 in
2275 4913 2432 4967 nobis
2451 4922 2553 4976 est,
2579 4918 2858 4977 amputare
2871 4904 3132 4971 volentes,
3159 4904 3263 4959 hoc
3300 4920 3473 4960 reme-

1897 5005 1971 5059 dii
2001 5020 2216 5075 genere,
2257 5005 2361 5058 hoc
2390 5001 2606 5057 concilii
2641 4999 2889 5053 antidoto
2925 4997 3142 5051 tandem
3179 4996 3468 5051 subvenire

1898 5094 2233 5157 curavimus,
2271 5101 2353 5156 ut,
2403 5082 2764 5145 consideratis
2792 5087 3089 5159 privilegiis
3119 5087 3466 5141 decessorum

1898 5193 2206 5238 nostrorum
2274 5179 2648 5235 Romanorum
2713 5178 3031 5249 pontiﬁcum
3081 5183 3135 5228 et
3187 5174 3469 5242 praeceptis

1896 5276 2286 5344 imperatorum
2331 5287 2454 5343 qua
2509 5271 2564 5326 in
2619 5271 2840 5326 archivo
2893 5275 3092 5322 nostra
3139 5263 3470 5321 Ravennatis

1897 5364 2149 5418 Ecclesia
2174 5363 2544 5427 continentur,
2570 5372 2911 5430 quacunque
2941 5357 2994 5409 in
3046 5353 3154 5409 illis
3194 5354 3468 5426 leguntur,

1898 5453 2162 5524 privdcgii
2186 5452 2355 5506 nostri
2392 5448 2772 5518 astipulatione
2800 5445 3103 5510 firmentur,
3128 5453 3188 5498 ut
3205 5485 3219 5508 ,
3245 5443 3470 5499 sublatis

1898 5545 1965 5598 de
1995 5551 2188 5598 catero
2240 5538 2546 5594 seminariis
2569 5537 2766 5601 litium,
2799 5551 2900 5591 nec
2945 5535 3187 5589 Romana
3232 5532 3467 5587 Ecclesia

1901 5632 2197 5687 Ravennati
2226 5629 2498 5691 Ecclesia,
2525 5627 2835 5682 mater-tilia
2857 5627 3257 5695 sua,injuriam
3285 5622 3465 5681 faciat,

1901 5738 2001 5776 nec
2033 5720 2193 5774 matri
2247 5719 2353 5771 tilia
2407 5717 2759 5783 contradicat,
2798 5721 2892 5773 sed
2951 5716 3262 5786 dignitatem
3312 5727 3462 5764 suam

1903 5821 2130 5879 utraque
2161 5809 2449 5877 possideat.
2482 5809 2539 5862 l-Zt
2564 5810 2754 5862 deinde
2783 5809 2911 5876 quid
2945 5805 3155 5863 melius,
3189 5802 3315 5871 quid
3354 5800 3462 5853 Deo
