3944 6364
128 403 232 456 855

593 359 910 450 ares-so.
953 372 1016 445 ιι.
1057 421 1121 430 -
1163 385 1460 444 WIBERTI
1500 381 1717 438 amp.

1817 380 1864 434 Ε
1905 379 2264 436 EPISTULE
2301 379 2386 442 ΕΤ
2425 378 2837 434 Μιιγιιεαιλ.

3255 382 3360 438 854

129 509 237 565 bus-
265 504 586 573 ,orthodoxis
635 503 917 568 fratribus,
945 493 1996 569 archiepiscopis,rpiscopis,Actum.,
2029 510 2047 542 ι
2104 489 2166 545 Et
2221 499 2279 544 ut
2340 489 2780 545 manifestissime
2842 486 3096 548 omnilus
3154 501 3362 565 pateret

131 597 438 662 abbatibus,
475 605 635 667 atque
665 594 932 649 universis
966 600 1165 648 sancta‘.
1189 588 1445 644 EccleSia:
1487 585 1695 642 ordini-

131 689 251 751 bus,
276 685 512 740 salutem
542 692 597 738 et
617 683 967 754 apostolicam
994 679 1444 735 benedictionem.

198 779 434 846 Quanta:
456 787 511 832 et
533 791 700 849 quam
724 771 994 846 pestifera:
1033 771 1505 828 schismaticorum
1545 765 1699 821 adin-

133 867 415 922 ventiones
466 864 666 920 nostris
717 861 1048 932 temporibus
1112 867 1353 913 sanctam
1402 855 1698 912 Ecclesiam

135 955 589 1027 perturbaverint,
619 961 674 1008 et
701 959 934 1023 quantos
953 949 1201 1021 populos,
1219 946 1453 1018 peccatis
1496 944 1699 998 nostris

134 1047 498 1117 exigentibus,
522 1043 798 1098 erroribus
823 1041 938 1096 suis
960 1038 1284 1116 infecerint;
1310 1035 1700 1091 fraternitatem

136 1147 371 1194 vestram
427 1131 705 1191 credimus
735 1149 842 1189 non
888 1133 1074 1187 latere.
1109 1129 1389 1185 Venenum
1432 1125 1700 1198 siquidem

129 1243 346 1293 eorum,
385 1243 416 1281 a
447 1226 620 1296 capite
645 1232 844 1279 sancta:
879 1220 1134 1276 Ecclesiae
1175 1234 1348 1290 usque
1403 1217 1469 1272 ad
1513 1216 1700 1270 ultima

1793 595 1887 636 eos
1969 581 2113 649 ipsos
2187 577 2429 648 ejusdem
2500 580 3075 637 excommunicationis
3145 590 3364 638 senten-

1794 669 1926 724 tiam
1987 667 2241 734 subiisse,
2299 668 2428 722 utile
2489 669 2670 722 visum
2722 667 2823 722 fuit
2888 669 3004 724 hzce
3057 683 3123 724 ex
3201 667 3362 728 dictis

1798 759 1856 812 Β.
1905 757 2191 829 Augustini
2241 758 2466 813 recitare
2505 758 2660 828 (Anc.
2698 774 2854 813 serm.
2879 759 3002 828 551,
3051 759 3116 814 de
3162 760 3359 817 Paruit.

1799 859 1871 905 to.
1922 849 1987 917 ν,
2029 866 2153 920 pag.
2199 850 2302 905 948
2345 865 2467 905 nov.
2533 851 2662 906 edit.
2704 850 3032 923 Antuetp.):
3069 870 3089 903 ι
3131 851 3362 919 Quidam

1801 941 2074 995 intuentes
2134 949 2402 1010 praecepta
2486 941 2809 1008 severitatis,
2857 942 3055 1012 quibus
3111 943 3367 1013 jubemur

1800 1044 1907 1084 non
1955 1029 2085 1083 dare
2129 1042 2376 1084 sanetum
2435 1031 2680 1096 canibus,
2718 1040 2776 1085 ut
2803 1032 3120 1087 ethnichum
3168 1033 3366 1088 habere

1801 1120 2042 1176 ecclesiae
2067 1130 2567 1191 contemplorem,a
2605 1138 2860 1193 compage
2907 1124 3149 1194 corporis
3191 1141 3364 1180 mem-

1801 1211 1982 1275 brum,
2028 1209 2579 1280 quod'scandalizat,
2627 1214 2886 1280 evellere;
2934 1213 3007 1268 ita
3049 1216 3370 1284 perturbant

138 1319 382 1374 membra
409 1315 611 1387 passim
640 1315 918 1380 diffusum,
947 1313 1103 1368 vobis
1123 1321 1178 1367 et
1227 1309 1456 1367 subditis
1507 1308 1704 1364 vestris
1803 1301 2044 1357 ecclesia:
2085 1316 2301 1372 pacem,
2329 1299 2400 1357 'ut
2441 1314 2708 1360 conentur
2751 1314 2873 1360 ante
2917 1315 3129 1376 tempus
3161 1305 3369 1362 zizania

139 1417 350 1464 constat
379 1423 491 1462 non
513 1406 784 1461 modicum
810 1411 1082 1460 certamen
1105 1416 1410 1472 generasse,
1435 1408 1490 1454 et
1532 1413 1705 1468 usque
1803 1408 2012 1460 eruere,
2038 1403 2198 1464 atque
2219 1395 2322 1449 lioc
2349 1402 2592 1465 tempore
2613 1399 2800 1451 caecati
2826 1398 2927 1466 ipsi
2951 1400 3132 1468 potius
3155 1415 3185 1453 a
3211 1397 3369 1453 Chri-

139 1500 202 1554 ad
225 1499 497 1554 medullas
538 1497 781 1568 corporis
801 1494 964 1550 vestri
995 1493 1423 1569 dolorem1tanta:
1443 1506 1708 1562 praesum-
1805 1485 1875 1542 sti
1911 1487 2118 1541 unitate
2141 1495 2480 1556 separantur.
2529 1506 2547 1538 ι
2579 1486 2673 1542 llis
2697 1488 2882 1557 itaque
2906 1490 2974 1544 ad
3011 1490 3248 1545 medium
3280 1505 3368 1545 re—

132 1589 339 1659 .ptionis
391 1589 640 1642 intrasse.
682 1585 793 1640 Hac
832 1586 1012 1654 itaque
1065 1583 1385 1639 necessitate
1417 1583 1703 1653 compulsi,

139 1695 206 1735 ne
235 1679 296 1732 Β.
327 1677 478 1734 Petri
506 1678 750 1732 navicula
786 1685 864 1732 tot
883 1675 1351 1747 perturbationum
1375 1673 1627 1730 ﬂuctibus
1655 1681 1709 1728 et
1807 1678 1868 1725 ut
1897 1670 2078 1724 nullus
2105 1669 2359 1738 deinceps
2389 1670 2454 1723 ad
2499 1670 2753 1738 injuriam
2784 1669 2999 1724 Domini
3030 1670 3376 1740 imperatoris

137 1784 275 1841 pene
297 1769 367 1824 ad
394 1765 662 1838 naufragii
686 1766 976 1821 discrimen
1006 1765 1197 1818 inflexa
1231 1779 1469 1834 praeceps
1499 1762 1708 1817 labere-
1739 1823 1781 1841 “
1809 1769 2102 1834 praesumat
2141 1761 2207 1816 de
2259 1761 2361 1815 hac
2410 1762 2709 1831 quaestione
2759 1763 3058 1832 disputare,
3094 1771 3148 1818 et
3168 1762 3217 1816 ei
3243 1763 3374 1818 sub-

141 1823 248 1926 Eur,
276 1860 348 1915 ad
406 1874 558 1914 arma
592 1823 795 1928 quibus
826 1856 1011 1911 Patres
1054 1856 1108 1910 in
1141 1823 1512 1910 defensionem
1549 1853 1710 1909 Chri-
1739 1823 1783 1879 Β
1808 1823 1953 1910 ditos
1986 1869 2017 1907 a
2040 1853 2260 1908 servitio
2297 1860 2352 1908 et
2393 1853 2778 1908 communione
2819 1853 2991 1923 ipsius
3014 1855 3373 1928 subtrahere:

130 1952 330 2006 stianaa
354 1949 481 2006 fidei
507 1949 590 2004 usi
620 1956 768 2014 sunt,
789 1963 887 2000 nos
911 1945 1298 2010 convertimus,
1323 1953 1484 2013 atque
1503 1944 1712 2013 episco-
1808 1943 1888 1997 Ad
1913 1944 2015 1997 hoc
2042 1941 2203 1996 etiam
2248 1943 2394 2012 quod
2435 1958 2605 2012 genus
2642 1942 2867 1996 ultionis
2898 1953 3210 1998 mereantur
3241 1946 3377 1999 sub:

1806 1579 2007 1644 citatis,
2049 1579 2392 1648 adjudicante
2433 1579 2685 1634 universa
2723 1580 2950 1650 synodo,
2990 1581 3376 1637 constituimus
3468 1574 3472 1576 ’

138 2056 237 2109 pos
258 2048 313 2094 et
334 2039 559 2094 abbates
582 2046 636 2093 et
657 2036 1003 2107 quamplures
1025 2036 1279 2090 honestos
1300 2035 1445 2088 viros
1466 2033 1532 2087 ad
1552 2047 1712 2104 syno-

140 2133 267 2185 dum
280 2129 576 2201 inZecclesia
601 2127 661 2183 Β.
679 2127 822 2182 Petri
838 2127 1210 2182 celebrandam
1232 2141 1297 2180 ex
1315 2124 1542 2179 diversis
1555 2123 1714 2194 parti-

138 2223 243 2278 bus
253 2221 698 2277 eonvocavimus.
713 2218 920 2286 Quibus
933 2217 1166 2289 Spiritus
1178 2217 1348 2273 sancti
1362 2216 1715 2286 inspiratione

140 2313 507 2384 congregatis,
530 2311 672 2366 inter
694 2318 887 2365 uetera
918 2324 1040 2378 quae
1088 2307 1360 2378 synodalis
1415 2315 1713 2360 conventus

143 2404 428 2459 tractanda
475 2408 806 2470 susceperat,
841 2398 1198 2468 quaistionum
1257 2395 1422 2465 impia
1462 2396 1713 2467 dogmata

143 2493 208 2550 ad
251 2479 560 2562 perniciem
590 2490 894 2545 multorum
943 2487 1152 2543 noviter
1197 2496 1393 2552 orta,a
1443 2488 1716 2543 nonnullis

143 2580 426 2636 communi
443 2579 730 2652 audientiae
756 2577 1093 2644 inferuntur;
1126 2593 1245 2646 qum
1271 2575 1592 2631 fraternitati
1617 2594 1714 2632 ve—

147 2679 272 2726 strue
295 2664 524 2742 dignum
545 2669 799 2724 duximus
822 2668 1120 2732 notifieare,
1145 2676 1416 2735 quatenus
1441 2667 1506 2720 ad
1529 2681 1591 2720 ea
1617 2667 1712 2722 de-

147 2762 386 2827 vitanda,
420 2761 528 2815 imo
549 2759 659 2813 Deo
682 2758 972 2812 auxiliante
991 2758 1335 2824 destruenda,
1351 2760 1716 2829 promptiores

146 2856 242 2905 ‘vos
278 2860 334 2905 et
357 2850 727 2922 vigilantiores
750 2849 1116 2905 redderemus.
1149 2847 1225 2903 lbi
1247 2865 1481 2920 namque
1500 2852 1566 2906 de
1596 2869 1717 2921 per-

144 2939 306 3010 juriis
344 2956 470 3012 quae
508 2941 611 3011 ipsi
652 2940 720 2995 ad
758 2941 1057 3010 periculum
1106 2941 1399 3010 imperialis
1438 2943 1715 3012 dignitatis

152 3033 267 3087 fieri
319 3033 634 3099 hortantur,
678 3047 786 3086 non
832 3047 1031 3102 parvus
1092 3032 1299 3085 clamor
1346 3033 1606 3088 exoritur.
1651 3033 1716 3088 Et

1811 2031 1894 2087 ire
1925 2031 2039 2102 qui,
2097 2031 2318 2086 hortatu
2362 2031 2863 2096 schismaticorum,
2907 2031 3216 2100 juramenta
3260 2034 3378 2104 regi

1810 2129 1865 2178 et
1891 2122 2229 2193 principibus
2252 2121 2392 2176 facta
2429 2137 2538 2175 non
2583 2121 2777 2176 timent
2807 2122 3042 2190 violare;
3071 2124 3232 2180 sicuti
3263 2125 3378 2179 Au-

1812 2211 2014 2281 gustini
2057 2211 2434 2266 auctoritatem
2468 2212 2781 2267 induximus
2810 2227 2823 2263 :
2873 2231 2890 2263 ι
2933 2211 2990 2266 Si
3025 2215 3147 2283 quis
3179 2215 3377 2269 laicum

1806 2300 2174 2369 juramentum
2197 2299 2450 2352 violando
2474 2298 2745 2367 profanat,
2769 2301 2914 2370 quod
2937 2302 3047 2371 regi
3076 2310 3129 2355 et
3158 2303 3382 2357 domino

1812 2402 1912 2442 suo
1937 2386 2117 2457 jurat,
2162 2395 2216 2442 et
2259 2387 2604 2456 postmodum
2645 2404 2897 2457 perverse
2923 2391 3042 2458 ejus
3073 2407 3299 2461 regnum
3328 2401 3383 2447 et

1812 2479 1997 2534 dolose
2026 2479 2357 2544 tractaverit,
2387 2487 2442 2532 ct
2481 2478 2536 2532 in
2579 2490 2808 2533 mortem
2838 2479 3010 2549 ipsius
3034 2481 3219 2551 aliquo
3258 2499 3377 2537 ma-

1812 2570 2162 2625 chinamento
2215 2559 2533 2636 insidiatur,
2586 2569 2714 2638 quia
2764 2571 3105 2640 sacrilegium
3144 2576 3383 2643 peragit,

1813 2676 2036 2714 manum
2082 2674 2234 2714 suam
2287 2660 2343 2713 in
2391 2658 2666 2714 Christum
2719 2659 2934 2714 Domini
2975 2662 3215 2730 mittens,
3252 2680 3384 2718 ana-

1813 2757 1996 2811 thema
2036 2756 2128 2822 sit,
2164 2755 2270 2810 nisi
2301 2771 2398 2826 per
2427 2756 2646 2826 dignam
2689 2755 3023 2825 pmnitentim
3052 2757 3383 2813 satisfactio-

1814 2865 1938 2903 nem
1977 2848 2364 2914 emendaverit,
2410 2848 2551 2902 sicut
2598 2850 2954 2902 constitutum
2989 2856 3074 2928 est
3120 2864 3150 2902 a
3197 2859 3384 2904 sancta

1816 2941 2023 3010 synodo
2048 2981 2064 3004 ,
2114 2949 2169 2993 et
2206 2939 2463 2993 saeculum
2513 2939 2810 3006 relinquat,
2848 2954 2998 2992 arma
3033 2940 3293 3006 deponat,
3325 2940 3382 2994 in

1815 3028 2204 3083 monasterium
2236 3035 2350 3090 eat,
2383 3034 2436 3079 et
2463 3027 2720 3094 pmniteat
2751 3027 3006 3081 omnibus
3036 3027 3225 3082 diebus
3260 3029 3383 3083 vitae

151 3125 276 3195 quia
332 3125 610 3196 negotium
669 3123 801 3179 illud
877 3123 1031 3178 radix
1091 3130 1144 3176 et
1191 3121 1343 3192 origo
1396 3130 1712 3177 czeterorum
1743 3163 1783 3218 Ο
1818 3133 1955 3182 suae;
1993 3126 2364 3170 verumtamen
2408 3119 2848 3172 communionem
2895 3135 3019 3173 cum
3056 3120 3384 3177 eueharistia

149 3207 482 3285 flagitiorum
521 3214 820 3279 videbatur,
875 3213 1078 3283 placuit
1129 3213 1195 3267 de
1247 3227 1312 3267 eo
1348 3213 1583 3282 primum
1608 3222 1718 3268 tra-

152 3304 285 3359 clari
303 3305 524 3368 debere,
555 3312 608 3356 et
630 3318 792 3371 quam
823 3303 1056 3370 pessima
1083 3310 1136 3355 et
1167 3300 1471 3369 periculosa
1495 3302 1564 3354 sit
1613 3303 1716 3354 hu-

147 3396 386 3467 jusmodl
430 3395 735 3452 adhortatio
781 3393 1010 3448 ostendi.
1052 3390 1205 3445 Unde
1250 3391 1302 3445 iu
1339 3392 1717 3460 imperatorem

152 3483 770 3541 excommunicationem
820 3481 1210 3551 promulgatam
1263 3480 1584 3535 necessariis
1617 3480 1716 3533 do-

155 3573 425 3628 cumentis
467 3571 906 3639 improbavimus,
943 3571 1070 3639 quia
1113 3569 1258 3623 illius
1321 3584 1387 3622 ex
1437 3569 1720 3624 occasione

155 3663 521 3736 pu'juriorum
555 3671 611 3715 et
645 3660 886 3714 omnium
918 3659 1278 3713 assertionum
1313 3674 1534 3712 suarum
1577 3661 1722 3715 vires

156 3755 498 3813 contraxisse
549 3753 888 3808 videbantur.
931 3744 1011 3804 Ad
1050 3749 1476 3804 convincendam
1538 3750 1720 3819 itaque

155 3860 345 3904 eorum
375 3845 751 3909 temeritatem,
780 3859 903 3896 cum
938 3842 1170 3912 plurima
1199 3850 1308 3896 tam
1330 3856 1396 3895 ex
1421 3841 1592 3897 sacris
1625 3856 1720 3896 ca-

156 3937 395 3992 nonibus
420 3951 583 4005 quam
618 3935 780 3988 etiam
817 3950 883 3988 ex
921 3933 1210 3988 mundanis
1239 3934 1448 4004 legibus
1478 3934 1722 4004 exempla

157 4033 526 4091 occurrerent,
543 4024 630 4078 illa
653 4032 832 4078 tamen
854 4023 922 4077 ad
935 4024 1195 4077 auxilium
1219 4033 1466 4078 nostrum
1481 4024 1724 4079 sufficere

159 4117 484 4172 documenta
512 4114 628 4168 visa
655 4121 801 4180 sunt,
839 4113 1045 4168 scilicet
1071 4112 1215 4184 quod
1241 4113 1294 4166 in
1337 4128 1428 4168 cos
1476 4113 1570 4182 qui
1615 4130 1723 4167 non

159 4214 287 4261 sunt
307 4205 563 4276 legitime
585 4203 784 4269 vocati,
809 4211 863 4256 et
891 4201 1279 4268 rationabiliter
1326 4203 1580 4266 convicti,
1609 4204 1727 4272 qui-

161 4309 266 4364 que
286 4293 450 4347 bonis
479 4292 594 4346 suis
613 4291 917 4361 exspoliati,
943 4290 1207 4346 sententia
1229 4290 1594 4346 damnationis
1615 4307 1724 4346 non

162 4384 232 4438 sit
252 4373 596 4454 proferenda,
622 4381 837 4437 Nicaeno
883 4382 1114 4438 concilio
1148 4383 1522 4452 approbante:
1569 4402 1588 4436 ι
1635 4382 1724 4437 ln-

1819 3209 1872 3262 in
1894 3209 2040 3262 exitu
2067 3224 2167 3263 suo
2192 3208 2440 3278 accipiat,
2463 3209 2751 3279 episcopus
2770 3225 2921 3277 vero,
2943 3211 3241 3281 presbyter,
3267 3213 3386 3268 dia-

1819 3312 2008 3361 conus,
2034 3299 2079 3352 si
2106 3297 2209 3350 hoc
2245 3297 2447 3350 crimen
2481 3299 2832 3365 perpetravit,
2861 3300 3200 3368 degradetur.
3240 3319 3258 3350 »
3288 3300 3388 3355 llis

1820 3400 1947 3438 vero
1990 3385 2272 3453 diligenter
2315 3385 2611 3452 expositis,
2666 3402 2877 3439 summa
2931 3402 3033 3440 nos
3087 3391 3383 3444 necessitas

1819 3473 2079 3542 compulit
2125 3473 2192 3526 ad
2234 3489 2296 3527 ea
2344 3488 2465 3543 quze
2504 3475 2570 3528 de
2609 3477 2962 3530 sacramentis
3003 3462 3386 3534 ecclesiasticis

1821 3563 2024 3618 inimici
2065 3563 2378 3619 christiana:
2429 3565 2707 3636 religionis
2756 3568 3016 3625 adversus
3062 3571 3387 3628 catholicam

1820 3653 1980 3708 fidem
2006 3656 2294 3720 oblatraut,
2328 3657 2591 3712 discretas
2620 3660 2970 3714 auctoritates
3006 3677 3277 3731 opponere
3291 3654 3311 3730 ;’
3334 3678 3390 3719 et

1821 3760 1942 3813 qua:
1983 3745 2160 3799 dicere
2194 3755 2247 3798 et
2289 3747 2463 3802 audiri
2508 3748 2659 3802 nefas
2682 3758 2790 3814 est,
2818 3751 3188 3818 probabilibus
3221 3769 3387 3824 argu-

1821 3833 2016 3887 mentis
2037 3833 2338 3888 confutare.
2364 3834 2564 3890 Dicunt
2581 3845 2816 3890 attamen
2841 3850 3238 3894 sacramentum
3265 3857 3388 3896 eor-

1821 3925 1972 3994 poris
1999 3933 2052 3978 et
2081 3926 2363 3996 sanguinis
2390 3925 2603 3979 Domini
2635 3927 2805 3980 nostri
2836 3925 2962 3981 Iesu
2999 3928 3222 3996 Christi,
3254 3948 3388 3987 con-

1823 4015 2150 4068 secrationes
2189 4014 2520 4078 chrismatis,
2565 4014 2676 4069 imo
2699 4031 3038 4088 quzecuuque
3071 4020 3138 4074 ad
3177 4023 3390 4092 episeo-

1822 4103 1941 4172 pale
1964 4111 2020 4157 et
2057 4103 2390 4159 sacerdotale
2425 4105 2660 4160 oflicium
2705 4109 3002 4178 pertinent,
3045 4111 3114 4166 ab
3168 4113 3254 4169 his
3295 4118 3390 4185 qui

1825 4201 1986 4249 sectae
2030 4209 2220 4249 eorum
2268 4211 2379 4250 non
2433 4199 2840 4252 communicant
2893 4200 3181 4267 celebrata,
3240 4207 3386 4260 nulla

1824 4300 2052 4355 prorsus
2079 4303 2198 4342 esse
2233 4297 2599 4351 sacramenta,
2628 4296 2682 4342 et
2714 4289 2847 4341 nihil
2894 4290 3037 4344 aliud
3080 4291 3386 4363 suscipien-

1827 4376 1974 4430 tibus
1997 4377 2102 4429 nisi
2132 4367 2531 4430 damnationem
2557 4377 2823 4432 conferre.
2845 4377 2979 4433 Nam
3014 4397 3205 4450 panem
3239 4386 3387 4442 illum

163 4482 310 4528 certa
361 4487 524 4527 nemo
580 4470 898 4542 pontificum
940 4471 1186 4540 judicare
1233 4481 1542 4541 praesumat,
1575 4474 1723 4542 quia,
1760 4485 1802 4538 ι)
1827 4467 1920 4536 qui
1944 4467 2010 4520 de
2034 4466 2174 4520 caelo
2195 4467 2492 4531 descendit,
2523 4468 2577 4522 in
2612 4484 2723 4538 quo
2757 4477 2868 4525 tota
2900 4473 3048 4528 salus
3066 4478 3120 4530 et
3147 4477 3255 4532 vita
3286 4494 3392 4531 noa

164 4564 415 4634 quamvis
435 4579 563 4618 vera
593 4565 723 4628 sint,
764 4577 871 4616 non
914 4571 1096 4616 tamen
1141 4563 1404 4618 credenda
1457 4571 1585 4618 sunt
1616 4563 1720 4617 nisi

164 4671 284 4724 qua:
297 4653 622 4708 manifestiis
644 4652 856 4708 indiciis
883 4652 1322 4722 comprobantur,
1345 4653 1449 4706 nisi
1463 4667 1584 4722 quae
1608 4668 1725 4707 ma-

163 4743 361 4800 nifesto
404 4743 611 4814 judicio
663 4744 1082 4816 convincuntur,
1109 4743 1214 4800 nisi
1255 4759 1376 4814 quae
1402 4743 1726 4813 judicatorio

167 4834 356 4887 ordine
401 4833 764 4902 publicantur.
799 4851 818 4884 ι
850 4827 910 4893 lu
935 4832 1123 4887 eodem
1151 4851 1164 4887 :
1197 4851 1215 4882 ι
1243 4831 1482 4886 Caveant
1515 4831 1726 4900 judiees

168 4920 423 4977 Ecclesia:
454 4937 522 4977 ne
547 4923 766 4976 absente
797 4913 870 4978 eo‘
891 4924 1046 4992 cujus
1081 4938 1247 4978 causa
1279 4923 1569 4978 ventilatur
1595 4939 1727 4977 sen-

169 5011 392 5066 tentiam
421 5009 712 5080 proferant,
731 5011 873 5078 quod
899 5011 1049 5065 irrita
1077 5012 1196 5065 erit.
1223 5030 1242 5062 ι
1262 5011 1320 5065 ln
1343 5012 1530 5066 eodem
1555 5011 1724 5081 (452):

176 5120 194 5152 ι
228 5100 348 5157 Non
376 5111 462 5158 est
489 5102 822 5173 privilegium
846 5118 955 5171 quo
987 5102 1203 5171 spoliari
1229 5103 1401 5171 possit
1415 5103 1528 5173 jam
1557 5104 1729 5157 nuda-

172 5197 277 5245 tus.
335 5210 356 5242 ι
386 5189 520 5246 Item
574 5192 632 5246 B.
667 5193 1138 5265 Augustaplenius
1201 5192 1254 5246 in
1321 5194 1416 5248 lib.
1445 5195 1722 5264 pmnitent.

173 5286 430 5346 tractans,
453 5279 526 5332 ita
556 5280 695 5334 inter
724 5291 910 5336 caetera
932 5283 1116 5336 dicens
1151 5300 1164 5335 :
1195 5301 1212 5332 ι
1257 5279 1365 5337 Nos
1401 5300 1434 5336 a
1477 5299 1725 5338 conmm-

175 5370 332 5424 nione
358 5385 686 5440 quemquam
710 5373 990 5440 prohibere
1014 5388 1117 5427 non
1147 5387 1457 5442 possumus,
1491 5375 1592 5428 nisi
1631 5383 1725 5429 aut

176 5468 362 5526 sponte
389 5458 718 5524 confessum,
770 5471 863 5515 aut
887 5462 942 5515 in
968 5463 1148 5531 aliquo
1183 5463 1292 5516 sive
1346 5464 1591 5519 szeculari
1616 5464 1728 5517 sive

173 5545 544 5600 ecclesiastico
609 5545 810 5614 judicio
887 5549 1222 5604 nominatum
1301 5557 1463 5618 atque
1545 5552 1728 5604 convi-

245 5658 552 5733 (ιῦὶλιίρς
573 5659 768 5726 pariter
790 5661 1115 5733 testimonio,
1143 5674 1397 5733 tanquam
1421 5679 1483 5716 ex
1516 5662 1728 5733 Gelasio

177 5741 225 5785 et
249 5727 468 5805 synodis
490 5727 703 5783 Χξωελιι
732 5747 792 5785 ac
818 5729 1119 5786 Sardieeusi
1149 5727 1335 5804 petito,
1362 5734 1448 5789 usi
1473 5741 1600 5789 sunt
1628 5732 1729 5789 Pa-

1827 4563 1938 4611 stra
1996 4557 2275 4623 consistit,
2333 4556 2502 4628 impio
2550 4559 2988 4630 blasphemantes
3034 4579 3165 4631 ore,
3222 4568 3395 4635 pollui

1828 4650 2009 4720 potius
2055 4665 2219 4720 quam
2259 4651 2568 4705 consecrari
2609 4660 2894 4719 astruunt;
2931 4670 3128 4723 aquam
3173 4672 3390 4726 quoque

1830 4742 2188 4811 baptismatis,
2211 4757 2306 4810 per
2332 4744 2672 4798 sacerdotum
2700 4759 2885 4814 preces
2907 4734 3397 4808 ac'benedictiones

1829 4838 1884 4884 et
1924 4831 2279 4885 chrismatum
2327 4832 2678 4886 admistiones
2721 4833 2854 4886 nihil
2899 4834 3396 4895 sanctificationum

1831 4922 2210 4991 suscipientem
2229 4965 2242 4989 ,
2287 4923 2371 4976 his
2400 4923 2492 4991 qui
2515 4923 2863 4990 regenerandi
2892 4933 3021 4979 sunt
3057 4928 3238 4996 potius
3268 4945 3396 4985 sora

1827 5009 2069 5065 diditatis
2095 5011 2336 5064 maculas
2379 5024 2542 5078 quam
2579 5010 2850 5078 spiritales
2896 5017 3192 5072 munditias
3237 5019 3400 5072 aiunt

1826 5109 2101 5169 praestare.
2149 5100 2239 5153 Sic
2257 5101 2419 5154 etiam
2451 5101 2686 5169 pessime
2717 5106 2960 5160 sentiunt
2985 5108 3049 5161 de
3071 5109 3397 5166 reiterandis

1827 5187 2207 5255 ecclesiasticis
2231 5190 2534 5256 ordinibus,
2558 5193 2623 5247 de
2655 5197 3098 5249 reconsecrandis
3124 5199 3398 5269 ccclesiis,

1827 5285 1881 5331 et
1901 5278 2084 5347 pueris
2105 5281 2572 5350 reconsignandis;
2597 5295 2871 5352 postremo
2891 5285 2956 5339 de
2977 5288 3231 5346 omnibus
3253 5292 3401 5350 idem

1827 5377 2115 5437 testantur,
2129 5389 2249 5440 qua:
2261 5389 2355 5442 per
2367 5376 2695 5431 sacerdotale
2705 5378 2935 5432 officium
2948 5380 3260 5441 Christianis
3269 5404 3399 5442 com

1832 5462 2097 5518 feruntur.
2113 5463 2188 5518 De
2212 5466 2298 5520 his
2321 5467 2502 5537 itaque
2527 5469 2731 5524 diutius
2752 5470 3270 5548 laborantibus(sic),
3285 5479 3400 5532 εἰη-υ

1830 5556 1968 5624 gulis
1994 5569 2183 5608 eorum
2207 5558 2482 5612 erroribus
2504 5562 2817 5629 opponenda
2841 5565 3170 5630 censuimus,
3193 5567 3395 5635 quibus

1829 5679 1942 5790 trag
1969 5671 2156 5792 simpli
2187 5669 2589 5795 Par-estadensis
2618 5679 2744 5730 anni
2779 5678 2938 5739 l033,
2967 5693 3129 5746 quam
3161 5679 3306 5754 legas
3335 5682 3389 5737 in

1859 5759 1906 5792 ,υ
1948 5754 2005 5788 er
2039 5779 2048 5791 .
2099 5757 2237 5792 .ont-i
2269 5782 2280 5795 .

1859 5754 2048 5792 .utlet't.
2076 5754 2280 5796 Lant'tl.
