3944 6378
546 422 652 477 855

1524 415 1612 469 AD
1649 413 1874 470 OPERA
1906 414 1962 468 S.
2002 412 2327 469 GRECORII
2365 411 2803 500 APPENDICES.

3679 417 3784 470 836

540 533 826 601 manifeste
843 531 1170 596 declaratur,
1197 545 1303 584 non
1335 529 1511 584 solum
1533 529 1676 598 apud
1698 545 1800 584 nos
1825 529 1919 584 Dei
1943 530 2112 599 gratia
2147 532 2187 586 Λ
2212 537 2343 581 cnnt
2365 525 2530 582 Deum
2549 526 2815 582 tenebrat?
2829 525 2872 580 si
2890 534 3069 581 autem
3088 526 3229 587 Deus
3250 527 3402 585 adest
3421 534 3784 585 sacramentis

541 621 863 690 catholicos,
886 638 1076 677 verum
1109 621 1274 676 etiam
1310 621 1453 691 apud
1479 620 1882 684 schismaticos,
1922 626 1977 674 et
1999 619 2111 672 ha:-

540 717 762 780 reticos,
794 716 913 770 hate
947 713 1131 768 omnia
1171 728 1293 767 esse
1319 721 1437 766 rata
1473 723 1575 766 nec
1597 711 1705 764 ulla
1736 725 1977 780 unquam
2023 724 2110 763 ra—

539 805 688 858 tione
717 803 980 858 iteranda.
1013 801 1350 871 Augustinus
1371 794 1536 870 super
1567 797 1832 854 Joannem
1868 816 1882 852 :
1934 817 1955 849 ι
1987 797 2112 854 Sive

539 902 633 950 aut
662 894 897 964 baptizet
916 907 1106 947 servus
1148 891 1354 956 bonus,
1399 891 1514 945 sive
1541 904 1733 944 servus
1773 889 1969 954 malus,
2001 903 2110 943 non

538 989 675 1044 sciat
700 1002 760 1042 se
781 987 870 1040 ille
903 985 1164 1054 baptizari
1190 985 1284 1054 qui
1314 983 1648 1053 baptizatur,
1688 982 1792 1036 nisi
1826 981 1896 1035 ab
1921 996 1987 1035 eo
2015 980 2107 1050 qui

537 1081 640 1136 sibi
665 1080 838 1134 tenuit
863 1077 1172 1147 baptizandi
1213 1083 1557 1146 potestatem.
1593 1093 1611 1125 ι
1653 1073 1719 1128 Et
1747 1073 1910 1144 paulo
1937 1082 2059 1143 post
2092 1091 2104 1126 :

542 1189 561 1219 ι
599 1168 716 1223 Non
766 1170 1055 1224 exhorreat
1099 1166 1350 1220 columba
1395 1163 1759 1226 ministerium
1807 1164 2105 1226 malorum,

535 1259 790 1326 respiciat
815 1256 1027 1312 Domini
1051 1263 1394 1325 potestatem.
1429 1251 1569 1320 Quid
1606 1253 1701 1307 tibi
1730 1251 1895 1308 faciat
1928 1253 2106 1330 malus

535 1348 811 1414 minister,
846 1347 936 1402 ubi
972 1356 1057 1402 cst
1093 1347 1271 1400 bonus
1314 1345 1602 1401 dominus?
1637 1355 1691 1400 et
1723 1353 1776 1400 te
1812 1361 1920 1400 non
1955 1346 2105 1401 deei-

535 1440 685 1508 piant
715 1439 1050 1493 seductores.
1097 1437 1344 1508 Agnosce
1386 1437 1531 1506 quod
1581 1437 1767 1492 docuit
1809 1437 2101 1492 columba:

534 1529 633 1582 llic
665 1538 748 1584 est
776 1529 870 1598 qui
901 1528 1139 1601 haptizat
1181 1529 1235 1581 in
1274 1526 1480 1598 Spiritu
1530 1536 1753 1593 sancto;
1787 1547 1804 1578 ι
1835 1536 1888 1582 et
1939 1527 1992 1581 in
2020 1543 2104 1582 se-

531 1619 824 1687 quentibus
841 1618 972 1672 dicit
1002 1637 1013 1671 :
1046 1637 1063 1668 ι
1099 1618 1386 1683 Seductor,
1412 1633 1520 1671 non
1550 1617 1718 1672 habes
1753 1617 2101 1686 baptismum,

530 1711 708 1764 malus
743 1708 842 1763 tibi
876 1709 1042 1774 dedit,
1082 1709 1309 1763 tratlitor
1340 1710 1526 1763 nescio
1552 1711 1675 1779 quis
1698 1710 1861 1764 dedit.
1889 1710 1964 1765 De
1988 1711 2102 1765 olli-

529 1798 653 1850 ciali
685 1812 793 1850 non
831 1797 1049 1866 disputo
1069 1839 1083 1864 ,
1115 1797 1354 1867 judieem
1399 1800 1650 1864 attendo,
1688 1815 1789 1869 ego
1813 1816 1844 1854 a
1878 1798 2099 1854 Christo

529 1887 650 1956 ipso
684 1887 988 1957 baptizatus
1012 1905 1153 1944 sunt.
1185 1887 1326 1953 Non,
1353 1890 1548 1958 inquit.
1572 1891 1666 1944 sed
1693 1892 1780 1945 ille
1815 1891 2100 1961 cpisc0pus

530 1973 924 2045 te‘haptizavit,
969 1987 1022 2033 et
1052 1981 1139 2032 ille
1173 1979 1464 2048 episcopus
1512 1980 1617 2036 illis
1655 1983 2094 2038 communicavit.

524 2068 573 2123 Α
602 2069 823 2124 Christo
853 2069 969 2140 ipso
997 2087 1116 2125 sum
1140 2057 1464 2140 baptizatus,
1494 2087 1594 2141 ego
1619 2072 1762 2126 novi.
1788 2071 1982 2128 Docuit
2013 2091 2098 2131 me

525 2159 774 2213 columba
805 2177 968 2229 quant
995 2162 1129 2215 vidit
1149 2160 1408 2216 Joannes.
1437 2161 1482 2215 0
1507 2163 1688 2226 milve,
1713 2178 1823 2216 non
1847 2178 1934 2218 me
1956 2165 2096 2219 dila-

525 2249 667 2314 nias,
702 2249 859 2302 male.
885 2245 1104 2313 Justos,
1124 2251 1398 2320 inquiunt,
1433 2260 1649 2321 oportet
1675 2267 1796 2307 esse
1840 2255 1977 2308 tanti
2003 2255 2098 2324 ju-

525 2338 664 2395 dicis
699 2339 999 2394 ministros.
1057 2340 1178 2396 Sint
1222 2342 1457 2396 ministri
1497 2342 1670 2412 justi,
1717 2344 1764 2399 si
1813 2345 2008 2412 velint;
2049 2350 2095 2403 si

524 2442 708 2487 autem
737 2435 1005 2503 superbus
1032 2433 1195 2488 fuerit
1226 2435 1495 2500 minister,
1530 2450 1654 2490 cum
1682 2433 1910 2490 Diabolo
1945 2454 2095 2493 com-

525 2533 775 2595 putatur;
802 2525 893 2579 sed
921 2540 1016 2594 per
1047 2526 1198 2579 illum
1221 2521 1424 2580 donum
1463 2524 1666 2582 Christi
1691 2541 1799 2580 non
1831 2531 2096 2583 contami-

525 2626 706 2672 natur.
737 2616 895 2682 Quod
938 2632 1035 2686 per
1071 2617 1220 2671 illum
1249 2616 1394 2684 ﬂuit,
1436 2631 1636 2687 purum
1664 2626 1776 2685 est;
1810 2619 1956 2688 quod
1999 2635 2096 2690 per

523 2708 677 2763 illum
702 2709 918 2774 transit,
947 2707 1212 2778 liquidum
1244 2717 1346 2763 est.
1381 2707 1516 2773 Puta
1543 2709 1688 2778 quod
1713 2708 1826 2779 ipse
1852 2710 2095 2780 lapideus

521 2807 628 2863 est,
655 2797 800 2868 quod
834 2813 900 2851 ex
929 2812 1070 2872 aqua
1100 2796 1337 2852 fructum
1380 2796 1522 2852 ferre
1555 2812 1664 2850 non
1710 2807 1914 2875 potest,
1945 2809 2000 2854 et
2038 2803 2093 2857 in

524 2889 699 2942 canali
723 2889 932 2957 lapideo
955 2903 1096 2957 aqua
1119 2888 1252 2942 nihil
1275 2897 1515 2958 generat,
1542 2887 1635 2942 sed
1660 2889 1833 2944 hortis
1859 2888 2092 2947 fructum

521 2979 726 3033 auferet.
757 2977 1063 3048 Spiritualis
1090 2993 1219 3032 vero
1245 2979 1419 3034 virtus
1451 2980 1777 3033 sacramenti
1821 2979 1892 3034 ita
1919 2990 2002 3036 est
2036 2993 2096 3038 ut

521 3067 638 3136 lux,
667 3085 789 3139 qua:
810 3077 864 3124 et
889 3069 958 3123 ab
983 3067 1354 3123 illuminandis
1378 3083 1512 3138 pura
1533 3067 1820 3139 excipitur,
1847 3078 1901 3126 et
1925 3071 1970 3126 si
1999 3088 2094 3141 per

2212 628 2266 672 et
2289 618 2465 673 verbis
2488 619 2623 683 suis,
2651 634 2744 688 per
2770 618 3090 688 qualeslibet
3111 619 3578 689 administrentur,
3599 630 3656 677 et
3689 637 3783 677 sa-

2211 719 2489 764 cramenta
2523 709 2617 764 Dei
2655 711 2856 777 ubique
2890 719 3039 766 recta
3066 713 3203 779 sint,
3244 723 3298 767 et
3326 713 3455 768 mali
3493 713 3776 778 homines,

2210 802 2408 872 quibus
2440 801 2574 856 nihil
2619 809 2880 872 prosunt,
2925 801 3126 873 ubique
3170 803 3437 860 subversi.
3479 821 3499 855 ι
3548 803 3681 858 item
3717 804 3776 860 in

2209 894 2396 948 eodem
2427 913 2440 947 :
2485 912 2504 944 ι
2540 891 2824 959 Quomodo
2848 893 3095 948 exaudiet
3135 893 3278 950 Deus
3311 895 3640 950 homicidam
3673 897 3775 951 de-

2209 991 2518 1050 precantem
2565 982 2648 1036 vel
2693 997 2857 1052 super
2898 999 3096 1053 aquam
3149 985 3443 1055 baptismi,
3487 985 3573 1040 vel
3608 1001 3778 1056 super

2208 1072 2413 1138 oleum,
2469 1072 2553 1126 vel
2587 1087 2753 1142 super
2800 1073 3327 1141 eucharistiam,vel
3381 1092 3547 1146 super
3593 1077 3772 1147 capita

2205 1177 2398 1217 eorum
2442 1163 2639 1235 quibus
2669 1178 2866 1216 manus
2893 1161 3235 1232 imponitur?
3261 1164 3393 1232 Qua:
3433 1174 3616 1222 tamen
3645 1182 3773 1221 om-

2208 1251 2296 1306 nia
2327 1259 2382 1306 et
2429 1252 2564 1306 fiunt
2595 1261 2649 1305 et
2683 1251 2884 1318 valent,
2915 1253 3080 1306 etiam
3111 1269 3206 1324 per
3240 1255 3578 1332 homicidas,
3605 1257 3659 1312 id
3683 1265 3773 1311 est

2205 1344 2298 1412 qui
2331 1344 2562 1398 oderunt
2602 1341 2796 1405 frattles
2833 1345 2996 1398 etiam
3028 1346 3082 1400 in
3125 1346 3239 1416 ipsa
3273 1348 3420 1405 intus
3453 1352 3703 1406 ecclesia.
3731 1369 3765 1404 ~s

2206 1433 2262 1486 ln
2292 1433 2480 1487 eodem
2511 1452 2522 1487 :
2561 1453 2579 1483 ι
2612 1432 2764 1488 Sic'ut
2795 1433 2904 1488 ficti
2939 1437 3200 1490 veraciter
3221 1427 3469 1494 conversi
3494 1442 3768 1510 recipiun-

2207 1532 2312 1588 tur,
2346 1539 2444 1578 nec
2483 1532 2662 1577 tamen
2703 1539 2894 1577 eorum
2934 1523 3198 1594 baptisma
3228 1529 3575 1598 reprobatur;
3607 1531 3686 1586 sic
3713 1543 3772 1587 et

2204 1614 2292 1668 illa
2334 1629 2498 1684 quam
2546 1615 2880 1668 schismatici
2926 1616 3008 1670 vel
3052 1616 3288 1672 haeretici
3333 1619 3492 1674 aliter
3541 1621 3766 1688 habent,

2204 1720 2303 1759 nec
2346 1705 2502 1758 aliter
2529 1713 2725 1774 agunt,
2772 1720 2936 1774 quam
2959 1721 3085 1760 vera
3125 1707 3374 1776 ecclesia,
3404 1724 3528 1764 cum
3567 1711 3637 1765 ad
3665 1727 3771 1768 nos

2203 1797 2445 1861 veniunt,
2474 1811 2582 1848 non
2616 1797 2997 1863 emendamus,
3040 1798 3134 1852 sed
3168 1800 3348 1868 potius
3375 1803 3765 1871 approhamus.

2134 1857 2175 1911 Β
2204 1884 2277 1939 lta
2299 1901 2427 1956 ergo
2453 1902 2552 1940 nec
2576 1885 2730 1953 foris,
2761 1887 2902 1941 sicut
2931 1903 3029 1942 nec
3069 1888 3214 1944 intus
3235 1891 3546 1960 quisquam,
3581 1896 3677 1963 qui
3699 1911 3772 1951 ex

2200 1984 2352 2044 parte
2377 1975 2578 2030 diaboli
2618 1985 2720 2044 est,
2752 1985 2929 2047 potest
2952 1979 3035 2033 vel
3063 1979 3118 2034 in
3153 1995 3240 2048 se,
3276 1983 3359 2038 vel
3385 1982 3443 2037 in
3486 1999 3769 2054 quoquam

2201 2066 2472 2119 maculare
2507 2075 2932 2141 sacramentum,
2961 2067 3107 2138 quod
3148 2067 3352 2124 Christi
3384 2080 3486 2126 est.
3519 2091 3538 2125 ι
3581 2071 3788 2138 Hiero-_

2200 2171 2395 2226 nymus
2438 2156 2506 2209 ad
2536 2156 2982 2211 Luciferianum:
3027 2179 3046 2209 ι
3098 2157 3250 2214 Sicut
3281 2161 3372 2217 hic
3398 2172 3481 2218 est
3521 2164 3618 2234 qui
3663 2166 3770 2221 has

2197 2247 2384 2315 ptizat,
2409 2247 2462 2301 id
2484 2256 2568 2302 est
2604 2247 2875 2313 Christus,
2915 2247 2991 2302 ita
3025 2249 3114 2305 hic
3140 2259 3225 2305 est
3253 2254 3345 2321 qui
3374 2255 3695 2311 sanctificat.
3740 2277 3762 2310 ι

2198 2334 2342 2391 ldem
2373 2355 2384 2388 :
2417 2356 2434 2388 ε
2459 2335 2594 2402 Oro,
2629 2336 2820 2407 inquit,
2845 2345 2897 2392 te
2922 2346 2982 2392 ut
3010 2347 3103 2394 aut
3118 2341 3457 2397 sacrificandi
3485 2343 3768 2401 licentiam

2197 2427 2245 2482 ei
2267 2427 2476 2482 tribuas
2501 2427 2660 2496 cujus
2692 2427 2961 2496 baptisma
2982 2430 3211 2499 probas;
3237 2439 3332 2485 aut
3355 2433 3614 2502 reprohes
3639 2437 3771 2506 ejus

2196 2517 2464 2586 baptisma
2493 2531 2654 2586 quem
2677 2533 2787 2571 non
2812 2527 2970 2587 putas
2999 2521 3354 2578 sacerdotem.
3390 2523 3573 2597 Neque
3594 2528 3774 2598 igitur

2197 2606 2311 2661 fieri
2367 2615 2545 2677 potest
2585 2616 2646 2662 ut
2683 2608 2777 2677 qui
2823 2609 2880 2662 in
2926 2609 3246 2678 baptisterio
3287 2623 3509 2672 sanctus
3541 2625 3654 2685 est,
3687 2620 3775 2674 sit

2195 2699 2335 2770 apud
2379 2700 2547 2754 altare
2594 2708 2865 2770 peccator.
2906 2719 2924 2751 ι
2958 2699 3102 2771 Papa
3145 2718 3363 2775 quoque
3411 2705 3772 2776 Anastasius,

2195 2791 2438 2846 scribens
2459 2790 2526 2845 ad
2546 2789 2894 2846 Auastasium
2917 2792 3292 2864 imperatorem
3306 2837 3322 2862 ,
3354 2797 3772 2856 asserit'omnes

2195 2897 2333 2951 quos
2354 2881 2621 2936 ordinavit
2638 2881 2888 2949 Aeacius,
2913 2883 3036 2938 licet
3055 2900 3086 2938 a
3108 2885 3168 2939 Β.
3195 2885 3368 2942 Felice
3388 2904 3524 2960 papa
3545 2905 3778 2946 excom-

2195 2972 2504 3027 municatus
2538 2980 2592 3026 et
2617 2971 2869 3027 haeretica
2904 2974 3166 3043 pravitate
3200 2975 3450 3045 infectus,
3480 2979 3677 3035 debere
3702 2983 3771 3036 in

2195 3065 2310 3118 suis
2347 3063 2630 3120 ordinibus
2674 3065 2880 3135 absque
2914 3065 3063 3121 omni
3097 3067 3499 3125 reordinatione
3538 3086 3773 3140 perma-

521 3158 834 3215 immundos
878 3168 1118 3215 transeat
1150 3175 1258 3213 non
1299 3158 1636 3230 inquinatur.
1672 3159 1840 3228 Quos,
1862 3162 2093 3232 baptizat

2198 3167 2346 3219 nere,
2399 3152 2478 3208 sic
2521 3153 2663 3208 inter
2693 3162 2885 3209 caetera
2911 3154 3097 3211 dicens
3132 3175 3145 3211 :
3199 3175 3218 3208 ι
3269 3156 3502 3215 Aeacius
3551 3160 3774 3218 bonum

519 3249 800 3314 ebriosus,
854 3265 996 3319 quos
1041 3249 1278 3318 baptizat
1317 3249 1627 3316 homicida,
1669 3267 1808 3320 quos
1857 3253 2095 3322 baptizat

519 3341 752 3406 adulter,
780 3340 1033 3395 Christus
1060 3340 1174 3410 ipse
1199 3340 1454 3410 baptizat.
1500 3359 1519 3392 ι
1556 3339 1702 3396 Idem
1748 3343 1816 3398 ad
1863 3343 2094 3400 Vincen-

521 3429 654 3483 tiam
682 3428 1052 3484 Donatistam:
1093 3449 1111 3480 ι
1144 3428 1262 3484 Non
1295 3440 1635 3485 sacramenta
1675 3432 1987 3499 Christiana
2019 3435 2095 3490 fac

521 3521 675 3577 ciunt
701 3531 752 3574 te
776 3521 1112 3586 haereticum,
1145 3520 1238 3575 sed
1273 3536 1438 3592 prava
1465 3522 1759 3577 dissensio.
1802 3522 1922 3578 Non
1961 3541 2090 3596 pro-

513 3621 640 3681 pter
678 3612 884 3665 malum
938 3612 1084 3681 quod
1134 3614 1400 3682 processit
1453 3629 1485 3667 a
1535 3623 1619 3680 te,
1658 3617 1962 3685 negandum
2008 3629 2093 3673 est

521 3703 725 3756 bonum
763 3702 906 3771 quod
947 3702 1210 3756 remansit
1235 3703 1291 3756 in
1323 3712 1374 3757 te
1397 3720 1412 3768 ;
1437 3703 1584 3773 quod
1614 3706 1758 3758 malo
1785 3713 1878 3760 tuo
1900 3707 2088 3774 habes,

521 3793 567 3846 si
598 3793 671 3862 ibi
699 3808 807 3847 non
841 3793 1008 3848 habes
1059 3793 1202 3848 unde
1235 3804 1318 3849 est
1359 3795 1563 3849 bonum
1601 3797 1747 3866 quod
1784 3797 1969 3853 habes.
2011 3799 2086 3854 Ex

518 3884 784 3938 catholica
815 3883 997 3952 itaque
1019 3883 1258 3937 Ecclesia
1283 3884 1392 3938 sint
1415 3886 1598 3940 omnia
1625 3898 1963 3942 sacramenta
1993 3889 2091 3943 Do-

519 3972 744 4039 minica,
776 3989 898 4043 quae
931 3973 1073 4028 sicut
1108 3973 1320 4027 habetis
1347 3981 1403 4028 et
1426 3973 1587 4040 datis,
1619 3977 1894 4044 quomodo
1926 3978 2089 4031 habe-

518 4065 717 4120 bantur
729 4075 782 4119 et
795 4066 1061 4119 dabantur
1071 4063 1234 4117 etiam
1255 4064 1573 4134 priusquam
1586 4063 1708 4118 inde
1717 4064 1954 4120 exiretis.
1964 4063 2085 4120 Non

519 4168 700 4212 tamen
742 4157 862 4210 ideo
898 4172 1005 4228 non
1065 4156 1276 4211 habetis
1300 4197 1314 4221 ,
1344 4159 1474 4226 quia
1513 4173 1620 4212 non
1665 4159 1798 4212 estis
1831 4158 1908 4213 ibi
1946 4159 2089 4214 unde

517 4248 626 4306 sint
647 4263 769 4318 quae
801 4246 1031 4302 habetis.
1065 4243 1183 4299 Non
1209 4243 1265 4298 in
1299 4246 1455 4300 nobis
1477 4255 1774 4313 mutamus,
1807 4247 1862 4300 in
1891 4249 2088 4316 quibus

515 4340 650 4395 estis
687 4339 992 4394 nobiscum.
1027 4334 1162 4390 Nam
1182 4344 1247 4406 et
1277 4335 1345 4390 de
1371 4336 1572 4391 talibus
1595 4335 1801 4391 dictum
1833 4344 1919 4392 est
1946 4353 2085 4408 quo-

518 4430 665 4484 niam
689 4430 744 4482 in
768 4428 956 4482 multis
985 4437 1141 4482 erant
1172 4441 1404 4482 mecum.
1436 4425 1540 4481 Sed
1573 4441 1638 4481 ea
1660 4427 2002 4498 corrigimus,
2029 4427 2085 4482 in

515 4517 718 4592 quibus
747 4535 856 4574 non
889 4519 1022 4574 estis
1053 4519 1359 4582 nobiscum,
1387 4527 1442 4572 et
1481 4533 1545 4573 ea
1579 4532 1677 4573 vos
1719 4519 1811 4573 hic
1839 4519 2083 4589 accipere
2114 4499 2161 4558 θ

517 4613 789 4677 volumus,
825 4626 948 4680 qua:
983 4625 1091 4663 non
1118 4609 1329 4663 habetis
1354 4608 1464 4664 illic
1492 4609 1585 4663 ubi
1617 4609 1769 4666 estis.
1795 4609 2087 4666 Nobiscum

516 4710 708 4756 autem.
728 4701 860 4756 estis
893 4701 947 4753 in
969 4699 1259 4768 baptismo,
1291 4699 1345 4752 in
1377 4699 1642 4784 symbolo,
1671 4698 1726 4752 in
1749 4700 1957 4754 caeteris
1983 4699 2091 4752 Do-
2183 4731 2186 4736 -

517 4791 733 4847 minicis
760 4789 1138 4844 sacramentis.
1173 4787 1232 4842 In
1279 4789 1474 4860 spiritu
1525 4798 1706 4845 autem
1744 4789 1999 4856 unitatis,
2035 4797 2091 4844 et

2197 3243 2337 3297 male
2373 3241 2804 3296 administrando
2835 3244 2938 3297 sibi
2969 3251 3147 3299 tamen
3173 3247 3378 3314 nocuit,
3421 3263 3548 3303 nam
3584 3250 3774 3305 invio-

2193 3333 2350 3390 labile
2381 3340 2801 3400 sacramentum,
2832 3334 2975 3404 quod
2999 3350 3094 3405 per
3122 3336 3271 3391 illum
3301 3338 3487 3394 datum
3508 3349 3592 3395 est
3613 3342 3772 3410 aliis,

2192 3423 2574 3494 perfectionem
2622 3440 2736 3479 sua:
2782 3425 2999 3482 virtutis
3049 3427 3301 3484 obtinuit.
3341 3449 3360 3482 ι
3401 3429 3497 3487 His
3540 3443 3594 3488 et
3635 3435 3772 3490 aliis

2192 3513 2436 3583 pluribus
2449 3512 2788 3567 diversorum
2812 3523 3024 3582 patrum
3049 3519 3328 3574 sententiis
3347 3520 3589 3576 recitatis
3610 3524 3771 3580 illam

2191 3620 2519 3676 synagogam
2569 3603 2784 3661 Satanae
2825 3607 2892 3661 ad
2933 3607 3258 3663 reddendam
3311 3609 3604 3680 impietatis
3645 3629 3772 3672 sum

2190 3695 2455 3750 rationem
2492 3695 2684 3751 litteris
2711 3704 2762 3751 et
2803 3698 3008 3754 nuntiis
3033 3701 3235 3756 nostris
3260 3701 3328 3755 ad
3358 3703 3626 3773 synodum
3659 3720 3769 3758 vo-

2190 3784 2452 3852 cavimus,
2486 3801 2596 3841 non
2628 3795 2807 3842 tamen
2831 3797 2890 3842 ut
2910 3789 3010 3858 ipsi
3047 3790 3397 3858 audientiam,
3431 3792 3485 3846 in
3526 3804 3767 3863 praeter-

2189 3872 2280 3926 itis
2301 3872 2545 3926 conciliis
2558 3873 2669 3942 jam
2692 3889 2920 3942 prorsus
2950 3875 3030 3929 eis
3049 3876 3347 3944 exclusam,
3386 3891 3764 3951 mererentur;

2190 3959 2282 4014 sed
2308 3969 2368 4014 ut
2392 3975 2577 4030 pacem
2609 3970 2812 4017 sanctae
2836 3961 3110 4031 Ecclesia,
3151 3983 3272 4038 quae
3312 3984 3410 4038 per
3437 3970 3588 4041 ipsos
3631 3989 3766 4028 om-

2189 4055 2318 4109 nino
2346 4056 2517 4111 divisa
2540 4067 2642 4124 est,
2667 4057 2724 4112 in
2745 4059 3014 4116 unitatem
3033 4075 3502 4134 companeremus.
3527 4061 3765 4119 Littera-

2188 4159 2309 4198 tum
2339 4153 2518 4199 autem
2556 4146 2646 4201 hic
2667 4154 2824 4201 tenor
2856 4147 2978 4202 fuit.

2816 4278 3015 4337 ,η

2188 4370 2410 4426 Wtoerli
2440 4373 2663 4442 epistola
2698 4377 2768 4428 ad
2795 4374 2860 4431 0.
2906 4375 3216 4433 Ostiensem.
3236 4419 3240 4422 «
3259 4411 3330 4421 —
3358 4381 3436 4437 De
3466 4384 3620 4437 rebus
3645 4404 3680 4439 α
3704 4405 3762 4441 se

2255 4443 2310 4495 in
2333 4445 2529 4511 synodo
2551 4444 2795 4521 [tornatur
2814 4447 3135 4521 constitutis,
3161 4452 3370 4519 etquod
3391 4453 3461 4506 ad
3493 4456 3759 4521 synodum

2255 4522 2464 4566 vocatus
2501 4528 2604 4566 non
2627 4514 2839 4579 venerit,
2875 4515 3134 4586 objurget.
3243 4514 3255 4519 ⁷
3328 4553 3330 4555 ›

2748 4616 2762 4669 ί
2779 4604 2939 4660 Anno
2989 4607 3170 4679 1089.)
3377 4638 3381 4645 -

2592 4692 2786 4766 [Μλκει
2808 4693 3017 4750 Conciti
3037 4695 3156 4765 XX,
3181 4698 3339 4772 599.]

2249 4801 2498 4856 Caeneus
2509 4803 2816 4874 episcopus,
2841 4821 3030 4864 servus
3053 4824 3335 4866 servorum
3359 4811 3475 4880 Dei,
3500 4811 3590 4882 0.,
3615 4818 3755 4876 olim

518 4883 571 4936 in
602 4880 818 4934 vinculo
840 4878 1010 4948 pacis,
1043 4876 1099 4980 in
1141 4877 1257 4980 ipsa
1278 4877 1510 4980 denique
1539 4879 1803 4980 catholica
1847 4877 2086 4932 Ecclesia
2180 4891 2328 4948 ἀίειο
2363 4891 2597 4950 Ostiensi
2638 4897 2930 4967 episcopo,
2972 4908 3030 4954 ει
3069 4901 3396 4971 sequacibus
3438 4876 3586 4962 suis-
3623 4925 3756 4980 qua!

515 4974 799 5028 nobiscum
828 4987 938 5024 non
973 4971 1124 5025 estis.
1157 4987 1176 5021 ι
1212 4967 1344 5022 Ιιειιι
1387 4968 1441 5022 ἰιι
1487 4979 1683 5040 quarto
1711 4971 1850 5024 libro
1891 4978 2081 5024 contra

517 5051 864 5118 Donatistas':
906 5081 924 5112 ‹
962 5061 1114 5115 Sicut
1153 5060 1331 5133 urgeri
1363 5060 1569 5128 videor,
1611 5077 1736 5117 cum
1775 5062 1910 5117 mihi
1947 5062 2082 5117 dici—

517 5167 643 5210 tur:
683 5153 825 5225 Ergo
862 5138 1148 5208 haereticus
1185 5154 1408 5208 dimittit
1429 5166 1668 5224 peccata,
1705 5171 1827 5210 cum
1851 5157 2004 5226 juxta
2029 5165 2082 5211 te

515 5247 752 5315 baptizat
776 5263 791 5312 ;
812 5240 908 5299 'sic
953 5251 1008 5298 et
1051 5259 1152 5314 ego
1182 5259 1307 5298 cum
1337 5244 1461 5298 dico
1496 5263 1509 5298 :
1547 5244 1688 5316 Ergo
1718 5261 1917 5301 avarus
1949 5247 2065 5300 reli~

514 5330 692 5407 gionis
717 5337 998 5391 simulator
1024 5344 1241 5406 peccata
1272 5335 1527 5390 dimittit?
1550 5335 1607 5389 Si
1641 5352 1736 5405 per
1764 5338 1873 5389 vim
1899 5353 2080 5391 sacra-

515 5427 705 5493 menti,
741 5427 883 5481 sicut
921 5427 1030 5492 ille,
1054 5427 1127 5480 ita
1153 5435 1208 5482 et
1240 5426 1368 5480 ille:
1405 5426 1451 5480 si
1477 5441 1574 5496 per
1607 5427 1860 5481 meritum
1901 5443 2083 5493 suum,

515 5534 616 5574 nec
644 5518 732 5573 ille
755 5558 770 5584 ,
813 5532 914 5571 nec
949 5518 1054 5572 ille.
1095 5517 1229 5572 Illud
1260 5517 1425 5588 igitur
1456 5527 1890 5583 sacramentum,
1935 5527 1989 5571 et
2027 5519 2084 5574 in

514 5609 670 5666 malis
696 5609 1027 5673 hominibus,
1045 5607 1247 5664 Christi
1271 5626 1391 5665 esse
1409 5609 1775 5681 cognoscitur.
1815 5629 1833 5660 ι
1863 5616 1993 5664 Item
2027 5610 2080 5665 in

511 5693 704 5772 quinto
729 5699 866 5752 libro
902 5708 1090 5753 contra
1118 5693 1426 5759 Donatistas
1456 5723 1466 5758 :
1509 5723 1526 5753 ι
1569 5702 1854 5768 Quomodo
1881 5719 2078 5772 aquam

514 5790 736 5845 tuumlit
765 5798 817 5845 et
846 5781 1149 5847 Sanctificat
1189 5791 1492 5845 homicida?
1535 5793 1810 5862 quomodo
1855 5792 2075 5846 benedi-

2187 4997 2481 5045 merentur.

2199 5091 2204 5096 ·
2257 5075 2404 5132 Licet
2428 5077 2674 5149 synodali
2717 5079 2988 5146 audientia
3016 5098 3115 5140 vos
3157 5085 3409 5157 indignos
3441 5087 3752 5160 fecissetis,

2183 5165 2310 5234 quia
2344 5168 2411 5221 ad
2437 5166 2704 5237 synodum
2741 5180 2941 5226 sanctae
2967 5170 3225 5229 Romanae
3265 5173 3520 5232 Ecclesia:
3540 5175 3752 5236 multo-

2183 5256 2483 5312 ties'vocati
2513 5258 2696 5313 venire
2723 5262 3040 5326 recusastis,
3062 5272 3116 5316 et
3135 5263 3238 5318 hac
3255 5264 3322 5319 de
3345 5281 3510 5322 causa
3531 5284 3752 5326 excom-

2184 5347 2442 5402 munieati
2464 5348 2615 5414 estis,
2659 5357 2839 5404 tamen
2868 5360 2931 5404 ut
2963 5367 3212 5408 murmur
3251 5357 3437 5426 populi
3463 5361 3753 5416 erroribus

2187 5433 2370 5489 infecti
2402 5435 2594 5490 vestris
2613 5436 2909 5503 auferatur,
2933 5441 3224 5506 apostolica
3254 5444 3575 5499 auctoritate
3607 5461 3754 5515 prae-

2187 5523 2418 5594 cipimus
2446 5532 2506 5578 ut
2526 5525 2593 5579 ad
2618 5525 2882 5596 synodum
2912 5542 3073 5595 quam
3100 5529 3154 5584 in
3177 5531 3402 5588 ecclesia
3427 5530 3574 5587 beati
3598 5532 3752 5608 Petri

2184 5615 2294 5670 Deo
2340 5615 2632 5670 auxiliante
2661 5615 2994 5674 celebramus
3022 5620 3207 5694 securi.
3235 5620 3449 5690 penitus
3478 5626 3750 5693 veniatis,

2184 5713 2246 5760 ut
2273 5707 2341 5760 de
2365 5722 2430 5762 eo
2462 5721 2572 5775 quo
2596 5694 2837 5762 sanetam
2873 5708 3163 5765 Ecclesiam
3199 5713 3575 5783 perturhastis,
3601 5718 3752 5773 sicut

2181 5793 2365 5860 decet,
2409 5795 2670 5852 rationem
2719 5797 2974 5852 reddatis.
3023 5796 3220 5855 Verum
3255 5800 3369 5871 ipsi
3421 5817 3520 5863 nec
3565 5804 3764 5861 Deum
