3944 6380
160 421 260 475 857

681 415 944 472 areum
995 378 1058 469 ll.
1095 444 1161 454 -
1193 411 1489 487 WlBEttTl
1533 380 1895 498 sz-“team:
1930 409 2286 466 setsrot..-L‘
2327 412 2412 468 ι-λτ
2445 373 2852 469 calvitium.

3273 418 3376 469 ξιῧῖ

165 540 434 594 umentes,
471 543 570 585 nec
595 529 865 584 hominem
909 535 1232 590 revertentes,
1261 526 1468 595 legatus
1492 535 1546 578 et
1574 523 1718 577 litte-
1749 523 1792 579 Λ
1820 521 2483 594 nummulariisjebcmur.
2520 527 2742 592 idcirco,
2781 528 2993 590 fratres,
3030 511 3216 583 hortor
3240 529 3309 582 di!
3335 550 3371 570 ·-

164 637 247 674 ras
277 627 499 676 nostras
527 634 627 672 nec
646 617 835 672 audire
866 632 966 670 nec
1005 616 1186 669 videre
1226 614 1533 688 voluerunt.
1569 611 1718 667 Unde
1764 636 1767 638 ·

163 711 214 766 ἰη
237 710 521 765 erroribus
548 697 663 769 suis
697 702 1050 776 perdurantcs
1092 720 1158 758 ex
1182 703 1406 760 latebris
1433 719 1571 772 quas
1599 703 1716 756 ser-

160 799 379 869 pentino
406 811 562 851 more
586 795 848 860 incolunt,
880 795 947 847 ad
970 793 1313 862 decipiendos
1343 792 1607 854 incautos,
1634 791 1716 844 vel
1752 840 1760 848 .

162 887 454 956 simplices
485 885 604 944 dira
651 885 806 942 sibila
866 883 1150 946 emittunt,
1207 890 1459 936 acuentes
1507 877 1717 950 linguas

161 994 283 1032 suas
320 977 463 1030 sicut
501 976 778 1045 serpentes
815 987 1081 1028 venenum
1128 973 1372 1042 aspiiium
1404 971 1522 1027 sub
1559 971 1716 1026 labiis

159 1082 364 1129 corium,
405 1077 518 1124 etc.
558 1063 782 1131 Quantzc
808 1065 966 1135 igitur
1006 1063 1228 1118 humani
1270 1063 1549 1134 sanguinis
1577 1063 1714 1117 cll‘u-

159 1154 336 1208 siones
377 1155 433 1205 in
465 1152 650 1227 italico
674 1161 727 1208 et
747 1151 1044 1206 Teutonico
1077 1165 1242 1223 regno
1267 1152 1553 1206 occasione
1579 1166 1716 1220 prac-
1759 1200 1761 1202 .

158 1240 442 1295 dicationis
487 1231 868 1296 eorumifactze
917 1241 1045 1306 sint,
1096 1249 1312 1311 quanta:
1364 1240 1713 1296 ecclesiarum

156 1327 574 1396 destructioncs,
604 1330 792 1400 quanti
822 1330 1108 1392 viduarum
1150 1337 1203 1384 et
1223 1316 1591 1399 orpbauorum
1621 1347 1712 1399 ge-

159 1420 368 1486 mitus;
417 1410 694 1489 postremo
744 1426 960 1488 quanta:
1005 1419 1243 1472 universi
1289 1409 1713 1486 [tomani'rcgui

156 1508 600 1580 depopulationcs
623 1548 638 1573 ,
673 1507 905 1569 lucidius
944 1521 1226 1584 ex‘corum
1271 1507 1580 1576 gemitibus,
1621 1507 1713 1575 qui

158 1600 554 1668 opprimuntur,
589 1613 751 1668 quam
778 1607 965 1653 nostra
1007 1598 1266 1652 relatione
1307 1597 1710 1667 comprobatur.

155 1688 416 1743 Praeterea
443 1689 646 1759 placuit
683 1671 877 1742 sancto
905 1688 1194 1760 conventui
1216 1730 1229 1754 ,
1264 1693 1325 1742 ut
1366 1689 1420 1741 in
1453 1688 1716 1744 Simoaia-

157 1793 266 1844 eos,
299 1780 391 1848 qui
421 1764 726 1847 Ecélesiam
762 1775 856 1832 Dei
904 1776 1175 1847 latronum
1223 1779 1531 1848 speluncam
1571 1780 1713 1834 fece-

157 1878 298 1934 runt,
325 1869 506 1922 debita
544 1866 1011 1922 animadversione
1046 1868 1443 1935 incvberemus,
1473 1876 1527 1924 et
1566 1871 1709 1923 redi-

155 1957 330 2011 vivum
371 1965 536 2027 caput
573 1956 716 2011 illius
744 1956 1016 2009 hmreseos
1037 1955 1272 2026 ltoticsa
1303 1958 1503 2012 sanctis
1535 1958 1709 2012 Patri-

155 2045 252 2100 bus
305 2046 612 2099 abscissum
661 2043 836 2114 gladio
888 2042 1029 2122 beati
1085 2040 1228 2098 Petri
1286 2054 1705 2117 amputat-emus.

156 2133 302 2190 lI-nde
364 2135 681 2189 earumdem
736 2133 955 2188 Patrum
1021 2136 1330 2189 sanctorum
1386 2127 1708 2191 documenta

155 2231 416 2278 sectantes
441 2221 736 2292 apostolica
754 2221 1073 2276 auctoritate
1094 2223 1433 2291 praacipimus
1453 2232 1511 2278 ut
1530 2225 1710 2280 nullus

155 2311 401 2381 deinceps
429 2310 593 2365 alicui
628 2323 848 2364 manum
880 2318 1172 2378 prmsumat
1221 2310 1498 2385 imponere
1531 2312 1710 2382 potius

155 2417 311 2472 quam
363 2400 589 2472 pessimi
642 2400 954 2455 commercii
1004 2400 1378 2454 conventione.
1431 2394 1493 2455 Si
1551 2389 1708 2470 vero,

154 2494 289 2564 quod
317 2494 481 2556 absit,
512 2491 619 2546 hoc
638 2491 843 2547 crimen
864 2491 921 2544 in
952 2491 1136 2560 aliquo
1155 2490 1408 2560 deinceps
1438 2493 1722 2560 repertum"

155 2575 329 2646 fuerit,
351 2589 406 2635 et
431 2579 714 2634 ordinator
745 2577 960 2647 propria
993 2577 1046 2630 in
1076 2587 1394 2649 perpetuum
1417 2587 1598 2634 careat
1627 2582 1711 2636 di-
1739 2573 1744 2578 ’

119 2686 125 2690 δ
155 2671 369 2740 gnitatc,
412 2677 466 2725 et
502 2668 786 2724 ordinatus
823 2683 985 2723 estea
1026 2680 1149 2744 qnae
1190 2685 1286 2739 per
1322 2674 1708 2726 commercium

157 2758 288 2818 facta
331 2768 449 2826 est,
516 2758 759 2828 perficiat
805 2757 1167 2812 ordinatione.
1212 2758 1514 2818 Praeterea.
1563 2762 1709 2831 quod

156 2849 360 2904 silentio
409 2847 928 2918 prmtermittendum
971 2860 1082 2902 non
1126 2844 1275 2913 fuit,
1294 2850 1422 2920 quia
1462 2865 1710 2905 murmur

156 2938 329 3007 populi
362 2935 627 3008 adversus
666 2935 1111 2991 incontinentiam
1155 2937 1474 2992 clericorum
1506 2941 1708 3008 passim

155 3029 343 3084 crescit
369 3043 434 3084 ac
454 3023 731 3094 dilatatur,
758 3027 888 3088 utile
918 3027 1094 3100 visum
1117 3027 1238 3094 fuit,
1281 3037 1341 3084 ut
1369 3045 1431 3084 ea
1464 3046 1571 3100 qua
1610 3032 1708 3085 de-

154 3115 285 3174 betis
305 3119 615 3192 diligentia,
644 3121 922 3174 ministros
934 3113 1464 3176 'altaris'secundum
1507 3131 1707 3185 statuta

154 3225 412 3265 canonum
450 3211 652 3276 vivere,
695 3206 856 3281 atque
900 3211 1218 3268 munditiam
1261 3212 1544 3278 eastitatis,
1590 3206 1739 3269 sine:

153 3314 273 3367 qua,
297 3307 433 3364 teste
463 3299 742 3370 Apostoio,
765 3301 978 3369 placere
1013 3300 1124 3355 Deo
1148 3317 1256 3356 non
1287 3310 1538 3372 possunt,
1570 3302 1708 3358 irre-

154 3386 580 3454 prehensibiliter
606 3386 877 3441 custodire
907 3377 1316 3465 commoneatis,
1345 3397 1614 3458 quatenus
1641 3391 1708 3444 de

154 3476 480 3530 correctione
500 3489 687 3530 eorum
702 3474 772 3529 ab
795 3474 880 3528 his
899 3473 1148 3550 qtnii'oris
1170 3483 1316 3541 sunt,
1333 3476 1537 3530 bonum
1557 3471 1708 3532 testi-

94 3625 100 3629 .
155 3563 391 3618 monium
423 3562 692 3630 habentis,
720 3572 775 3618 ct
802 3553 1194 3619 murmurantis
1236 3559 1422 3634 populi
1462 3564 1706 3619 insolen-

152 3655 274 3709 tiam
309 3655 592 3725 quiescere
622 3654 832 3709 faciatis
880 3652 948 3707 Hi
989 3668 1117 3708 vero
1147 3641 1248 3725 quid
1285 3655 1481 3710 missas
1513 3670 1705 3724 pecca-

154 3753 325 3799 torum
349 3744 692 3801 sacerdotum
723 3752 1006 3814 respuunt,
1036 3752 1092 3797 et
1130 3739 1223 3813 qui
1253 3743 1333 3798 eis
1361 3753 1487 3799 ante
1517 3743 1704 3818 judicii

155 3832 316 3885 nostri
361 3846 650 3887 censuram
689 3831 958 3901 Opinionis
1001 3846 1114 3886 suae
1158 3831 1527 3900 praejudicium
1577 3832 1708 3887 infe-

155 3931 292 3985 runt,
321 3911 706 3977 communione
735 3917 934 3976 sancta:
948 3920 1209 3992 Ecclesiae~
1231 3938 1404 3992 usque
1433 3923 1500 3978 ad
1527 3924 1714 3979 emeu4

153 4010 415 4064 dationem
452 4009 1218 4079 priventur.Conjunctioncs
1250 4023 1427 4085 autem
1473 4029 1706 4068 consan-

155 4099 467 4166 guineorum
501 4098 615 4152 fieri
651 4094 948 4168 prohibete,
979 4101 1235 4169 quoniam
1281 4101 1400 4166 has,
1433 4111 1488 4156 et
1512 4103 1704 4157 divinae

153 4196 202 4239 et
230 4187 408 4242 satculi
435 4187 722 4257 prohibent
753 4187 919 4257 leges.
963 4176 1282 4244 Consideret
1309 4203 1457 4253 vero,
1509 4190 1703 4245 fratres

153 4277 501 4342 dilectissimi,
552 4285 731 4330 vestra
763 4277 1030 4332 excellens
1076 4277 1378 4347 prudentia,
1407 4294 1569 4348 quam
1612 4279 1704 4333 bo-

155 4383 275 4422 num
301 4369 372 4424 sit
399 4369 689 4438 persistere
714 4368 767 4421 in
793 4368 1192 4436 dispensatione
1219 4369 1371 4424 vobis
1393 4371 1619 4434 credita,
1650 4380 1702 4426 ct

1818 611 2048 665 ctionem
2077 622 2330 678 vestram,
2355 617 2596 685 obtestor
2633 626 2687 670 et
2722 631 2934 678 moneo,
2962 627 3018 670 ut
3043 634 3146 686 qua
3171 619 3284 672 deli:
3306 620 3375 670 tis-

1817 710 1868 755 et
1891 703 2134 771 potestis,
2165 705 2524 759 sollicitudine
2561 707 2821 778 vigilctis,
2861 709 2924 760 ad
2977 709 3374 778 investigamim

1819 791 2118 860 incumbens,
2142 802 2193 848 ct
2218 795 2463 850 inimicos
2478 806 2681 852 sancte
2706 793 2793 850 Dei
2813 797 3084 862 Ecclesia},
3101 806 3150 851 et
3172 815 3200 851 a
3225 799 3373 850 sanis

1785 881 2086 936 ~mcutibus
2113 898 2179 938 ne
2206 884 2371 953 pestis
2411 885 2524 939 lucc
2552 886 2712 939 latius
2739 886 3060 957 tiivulgetur,
3093 887 3372 940 severitate

1816 985 1919 1039 qua
1946 971 2168 1039 potestis
2191 988 2287 1042 pro
2327 974 2532 1029 viribus
2561 976 2900 1044 cxstirpctis,
2939 977 3193 1045 quoniam
3231 979 3371 1030 sit-ut

1816 1061 2030 1115 habebit
2058 1077 2088 1118 a
2132 1062 2240 1116 Deo
2280 1065 2452 1134 dignae
2486 1068 2935 1121 remunerationis
2957 1068 3253 1138 prmmium.
3277 1069 3368 1136 q"i

1799 1144 2121 1217 "'tliiigcntius
2168 1155 2310 1223 quo]
2358 1156 2422 1208 ad
2456 1156 2681 1209 salutem
2714 1159 3016 1212 commissae
3067 1158 3165 1212 Sibi
3205 1159 3370 1225 plebis

1815 1242 2077 1309 proficiat,
2105 1241 2261 1296 fuerit
2288 1255 2605 1310 exsecutus;
2636 1246 2707 1298 ita
2739 1255 2874 1299 aute.-
2901 1247 3133 1300 triliunal
3160 1247 3367 1300 homini

1814 1331 1879 1384 de
1915 1342 2063 1384 reatu
2101 1318 2442 1402 negligentiae.
2469 1351 2526 1389 se
2572 1350 2678 1388 non
2721 1336 2911 1403 pulerit
2945 1351 3204 1389 excusare
3248 1337 3369 1403 qui—

1815 1437 2026 1490 cunque
2068 1425 2270 1492 plebem
2300 1440 2453 1479 suam
2482 1433 2666 1478 contra
2711 1435 2817 1480 tam
2847 1427 3116 1496 sacrilega:
3151 1442 3370 1495 persua-

1815 1511 1985 1568 sionis
2015 1523 2264 1569 auctores
2301 1515 2532 1569 noluerit
2561 1518 2852 1570 custodire.

2133 1695 2138 1700 _
2540 1627 2644 1681 vn.

1816 1703 2156 1776 Pririlegium
2180 1705 2459 1828 Clementis
2492 1706 2703 1828 Ιιζιιρνᾳ
2737 1709 3054 1790 part/teucria
3079 1707 3230 1762 Beati
3266 1708 3366 1762 Pc—

2431 1793 2472 1828 η
2555 1795 2585 1828 a
2612 1795 2770 1828 m'tm.

2405 1786 2472 1829 m
2509 1786 2770 1831 l'atarim‘.

2393 1867 2573 1934 (Anno
2607 1868 2786 1936 1091.)

2064 1953 2322 2026 [fissum
2365 1955 2508 2010 Hist.
2533 1959 2588 2008 di
2621 1957 2857 2027 Padorq,
2895 1974 2948 2028 p.
2975 1957 3129 2027 262.]

1880 2043 2125 2098 Ct.r..ut:.\'s
2143 2047 2449 2116 episcopus,
2474 2062 2662 2100 servus
2689 2063 2968 2101 servorum
2999 2050 3108 2110 Dei,
3133 2049 3368 2100 (Ιίιοριξςέ

1811 2132 1961 2187 sima!
1999 2135 2050 2187 in
2099 2135 2316 2188 Christo
2359 2137 2478 2190 filim
2517 2135 2855 2202 Tuscenium,
2880 2139 3190 2190 monasterii
3224 2138 3368 2190 litati

1810 2219 1952 2288 Petri
1983 2223 2035 2275 iu
2069 2223 2321 2277 Paduana
2360 2224 2575 2278 civitate
2618 2225 2704 2278 siti
2733 2219 3038 2288 abbatissae,
3066 2235 3119 2279 et
3151 2225 3240 2278 Dei
3272 2243 3370 2278 an-

1775 2385 1778 2388 λ
1811 2309 1949 2362 ciliis
1979 2311 2109 2364 inibi
2133 2311 2538 2379 famulantilius,
2570 2314 3032 2383 cunctisqueiuibi
3053 2317 3368 2384 regulariter

1810 2400 2220 2482 suecedentibus
2245 2401 2298 2454 iu
2337 2407 2680 2472 perpetuum.

1881 2489 1956 2542 Ex
1975 2490 2409 2566 consideratione
2452 2493 2740 2561 pastoralis
2769 2508 2933 2556 cut-zu,
2971 2509 3132 2562 quam
3190 2493 3367 2546 admi-
3446 2547 3449 2549 _

1810 2578 2130 2649 nistratione
2183 2581 2326 2634 sedis
2375 2581 2684 2648 apostolica:
2730 2582 2995 2650 gerimus,
3060 2581 3150 2635 cui
3207 2581 3368 2634 nulli;

1759 2692 1762 2695 -
1805 2668 2042 2735 propriis
2064 2667 2274 2720 meritis
2320 2669 2414 2721 sed
2459 2669 2656 2734 divinae
2697 2667 3044 2740 providentia:
3088 2671 3369 2738 dispensa-
3457 2659 3462 2663 ’

1809 2752 1954 2806 tione
1976 2753 2346 2822 prmsidemus,
2372 2756 2616 2809 omnium
2643 2773 2765 2826 quin
2814 2763 3201 2826 usquequaque
3244 2766 3370 2810 sunt

1810 2841 2170 2898 Ecclesiarum
2197 2843 2472 2914 proveetui
2517 2859 2619 2899 nos
2667 2847 2920 2900 convenit
2951 2845 3251 2916 invigilare,
3306 2862 3370 2900 ac

1803 2935 1968 3007 justis
1987 2937 2222 2993 fidelium
2258 2925 2715 3007 postulationibus
2765 2923 3036 3008 aequitatis
3088 2951 3367 3003 assensum

1808 3029 2065 3097 praebere,
2093 3028 2358 3097 bonisque
2385 3044 2450 3083 ac
2479 3029 2751 3098 religiosis
2790 3030 3144 3097 inemptis,'ut
3189 3030 3255 3084 de
3281 3029 3367 3081 die

1810 3117 2035 3187 indiem
2094 3111 2532 3188 augmententur,
2572 3125 2627 3171 et
2675 3119 2740 3171 ad
2772 3104 3153 3186 perfectionem
3199 3135 3370 3187 usque

1809 3195 2192 3276 perducantur,
2223 3206 2396 3261 nostri
2423 3205 2627 3261 favo-ris
2682 3215 2988 3276 nostraeque
3033 3209 3368 3262 auctoritatis

1809 3295 2122 3366 suffragium
2159 3296 2441 3365 impertiri,
2496 3305 2764 3365 quatenus
2803 3312 3047 3365 persona:
3073 3297 3184 3352 Deo
3219 3299 3368 3352 diea-

1809 3393 1876 3442 ta:
1902 3396 1957 3442 et
1974 3388 2157 3441 divino
2187 3389 2332 3442 cuitu
2353 3397 2612 3457 perpetuo
2640 3388 3124 3457 jure'mancipatze,
3160 3390 3228 3443 ab
3251 3405 3368 3443 om-

1807 3465 2256 3530 ni'saecularium
2329 3477 2696 3545 inquietudine
2765 3485 2986 3554 remoue
3042 3487 3096 3531 et
3153 3481 3367 3534 cunt-tis

1807 3566 2170 3620 mundialibus
2229 3566 2624 3634 impedimentis
2662 3567 2941 3635 expedite,
2996 3561 3135 3636 pura
3184 3578 3233 3623 ct
3281 3572 3366 3623 ἰιιη

1783 3661 1952 3709 "tenta
2005 3662 2184 3708 mente
2245 3653 2523 3710 Creatoris
2579 3655 2661 3708 sui
2705 3655 2954 3710 laudibus
2997 3655 3247 3714 insistere
3286 3669 3400 3713 n--‘
3446 3653 3450 3657 ’

1807 3751 2076 3822 neantur.
2096 3741 2267 3812 Unde,
2308 3743 2596 3798 reverenda
2622 3745 2727 3799 filia
2767 3743 3084 3815 Theophila,
3111 3752 3366 3818 quoniam

1767 3886 1769 3888 .
1806 3835 2146 3889 sanct‘ssima
2175 3833 2388 3888 devotio
2433 3844 2544 3899 tua,
2576 3836 2846 3912 religiosis
2885 3840 3129 3902 moribus
3169 3843 3367 3895 suffra-

1805 3929 1948 3992 gata,
1986 3921 2262 3976 humiliter
2283 3925 2434 3992 petiit
2460 3932 2519 3979 ut
2545 3925 2858 3994 prmdictum
2895 3927 3040 3982 Beati
3071 3929 3210 3983 Petri
3250 3949 3365 3984 Illo-

1768 4027 1770 4029 ‘
1807 4015 2102 4069 nasterium
2142 4015 2311 4068 nostri
2350 4015 2612 4086 privilegii
2644 4019 2967 4072 auctoritate
2995 4021 3360 4084 ﬁrmarcmus,

1798 4112 2071 4172 quatenus
2133 4105 2387 4157 omnibus
2429 4105 2627 4160 futuris
2684 4108 3017 4174 temporibus
3084 4115 3360 4162 monaste-

1803 4195 1943 4246 rium
1971 4192 2290 4246 ancillarum
2333 4189 2426 4246 Dci
2473 4193 2748 4259 existeret,
2777 4203 2836 4247 ut
2860 4194 3107 4249 videlicet
3155 4197 3359 4249 sancti-

1803 4280 2086 4346 moniales,
2140 4279 2416 4333 nullorum
2458 4279 2662 4349 absque
2697 4281 2845 4334 omni
2910 4281 3360 4350 contradictione,

1802 4369 1906 4426 sub
1924 4369 2186 4441 regimine
2204 4368 2492 4449 abbatissa:
2520 4370 2801 4439 degerent;
2835 4371 3055 4424 devotas
3077 4373 3362 4440 petitiones

156 4459 206 4513 in
232 4460 332 4516 ﬁde
368 4460 537 4528 recta,
563 4469 724 4530 atque
754 4459 1043 4525 haereticis,
1068 4468 1122 4514 et
1144 4460 1351 4514 aemulis
1378 4460 1580 4516 Christi
1609 4477 1697 4520 rc-
1729 4478 1770 4532 1)
1798 4475 1919 4525 tuas
1947 4474 2040 4532 per
2058 4445 2417 4514 interventum
2447 4454 2886 4516 hauet-aridorum
2907 4459 3236 4514 confratrum
3259 4477 3359 4514 no-

156 4564 405 4618 pugnare,
429 4559 484 4605 ct
512 4550 790 4620 nunquam
825 4566 856 4604 a
886 4551 1129 4605 veritatis
1169 4553 1385 4606 tramite
1410 4550 1698 4620 declinare,

127 4652 310 4706 quam
344 4639 608 4695 Dominus
649 4650 702 4694 et
738 4638 983 4693 Salvator
1019 4639 1291 4705 omnium,
1340 4641 1497 4709 cujus
1543 4642 1719 4696 lidem'

157 4733 413 4792 tenemus,
442 4727 535 4795 qui
565 4741 663 4795 pro
688 4728 842 4780 nobis
865 4727 1002 4780 mori
1036 4733 1145 4781 nun
1179 4727 1460 4792 dubitavit,
1491 4738 1544 4782 et
1576 4745 1703 4799 pro-

155 4816 266 4887 prio
290 4831 388 4870 nos
413 4815 676 4885 sanguine
714 4813 960 4880 redemit,
1010 4815 1167 4869 fidem
1212 4814 1269 4868 B.
1296 4814 1571 4870 Petri'non
1609 4819 1701 4871 da-

158 4902 408 4959 l’ccturam
452 4903 728 4973 promisit,
763 4913 817 4958 et
839 4905 1162 4958 confirmare
1186 4919 1309 4959 eum
1353 4903 1546 4958 fratres
1569 4921 1720 4961 suos-

157 4993 448 5060 Idmonuit,
475 4993 619 5064 quod
659 4994 984 5062 apostolicos
1012 4995 1293 5063 pontifices
1329 5008 1460 5050 mete
1488 4995 1698 5066 exigui-

159 5084 278 5137 tatis
322 5084 743 5155 praecessores
810 5083 1142 5152 confidenter
1205 5099 1418 5153 semper
1477 5082 1665 5139 fecisse
1682 5124 1698 5150 ,

161 5175 358 5230 cunctis
377 5182 463 5230 est
477 5173 772 5244 cognitum,
795 5187 1026 5242 quorum
1047 5180 1100 5226 et
1122 5173 1535 5241 pusillanimitas
1559 5191 1698 5236 mea.

161 5255 276 5312 licet
304 5261 477 5331 impar
507 5271 562 5317 et
593 5261 815 5316 minima
852 5275 949 5330 pro
987 5269 1266 5329 suscepto,
1289 5269 1476 5323 tamen
1520 5263 1700 5318 divina

161 5345 458 5415 dignatione
485 5351 846 5405 ministerium
887 5350 1204 5420 pedissequa
1253 5351 1402 5420 cupit
1441 5351 1690 5405 existere.

165 5433 248 5491 Vae
273 5437 559 5506 igitur‘erit
580 5441 753 5508 nobis,
778 5443 869 5512 qui
895 5442 1057 5511 hujus
1095 5441 1378 5495 ministerii
1402 5456 1539 5495 onus
1576 5458 1697 5496 sus-

165 5528 408 5596 cepimus,
434 5528 482 5583 si
512 5530 788 5587 veritatem
829 5534 951 5588 fldei
981 5533 1048 5587 ad
1074 5533 1236 5601 huius
1275 5532 1696 5586 destructionem

166 5617 350 5672 erroris
388 5615 686 5687 praedicare
728 5622 1138 5689 neglexerimus.
1180 5621 1270 5677 Va:
1311 5622 1414 5675 erit
1456 5621 1609 5673 nobis
1652 5621 1698 5672 si

171 5705 423 5759 Veritatem
469 5703 687 5759 silentio
735 5711 1159 5776 Oppresserimus
1189 5753 1202 5777 ,
1262 5725 1422 5782 quam
1480 5722 1701 5778 erogare

1802 4569 2037 4616 strorum
2076 4550 2309 4614 Milonis,
2367 4547 2571 4604 scilicet
2612 4549 2852 4617 ejusdem
2881 4549 3111 4604 civitatis
3157 4550 3361 4617 episro-
3441 4558 3444 4563 '

1803 4651 1877 4722 pi,
1903 4654 1958 4702 et
1983 4641 2242 4697 Roberti"
2267 4638 2306 4691 F
2311 4639 2547 4692 aventini
2582 4638 2843 4707 epise0pi,
2886 4653 3094 4714 necnon
3125 4639 3360 4691 dilectis-

1802 4739 1926 4795 simi
1973 4734 2065 4788 filii
2100 4729 2272 4785 nostri
2320 4728 2469 4784 Petri
2526 4727 2767 4800 Paduani
2820 4726 3205 4796 archidiaconi,
3235 4729 3359 4793 gra-

1801 4809 2356 4887 tanter‘suscipimus,
2410 4821 2463 4869 et
2501 4801 2609 4868 tuis
2645 4803 2912 4881 religiosis
2944 4811 3086 4864 votis
3131 4811 3360 4866 libenter

1803 4910 2116 4966 annuimus.
2176 4905 2514 4972 Quapropter
2569 4899 2864 4968 apostolica
2907 4901 3224 4955 auctoritate
3249 4944 3262 4966 ,
3304 4915 3359 4958 et

1803 5000 1968 5068 hujus
2011 4996 2183 5052 nostri
2230 4990 2488 5062 privilegii
2507 4989 2909 5054 constitutione,
2937 4991 3284 5047 concedimus
3304 5003 3359 5048 ct

1791 5080 2188 5141 conﬁrmamus
2224 5090 2282 5134 ut
2333 5079 2587 5134 omnibus
2635 5079 2888 5149 deinceps
2924 5079 3120 5136 futuris
3157 5083 3361 5152 tempoi

1806 5177 1957 5232 ribus
1984 5171 2384 5244 imonasterium
2428 5170 2556 5223 illud
2597 5171 2910 5240 pradictum
2968 5174 3356 5227 sanctimonia-
3405 5198 3407 5200 ·
3502 5175 3503 5178 “

1808 5265 1942 5320 lium
1978 5261 2383 5317 monasterium.
2415 5259 2694 5324 habeatur,
2733 5276 2832 5314 nec
2871 5261 2978 5314 ulla
3017 5261 3086 5315 sit
3104 5261 3356 5332 deinceps

1799 5368 1993 5425 magna
2015 5355 2288 5422 parvaque
2313 5362 2543 5418 persona
2569 5364 2692 5417 qua:
2715 5350 2822 5403 hoc
2845 5351 3110 5403 ullatenus
3158 5349 3352 5401 audeat

1799 5440 2102 5499 immutare.
2156 5435 2554 5501 Confirmamus
2599 5446 2814 5507 quoque
2850 5439 3022 5492 eidem
3081 5446 3352 5490 monaste-
3434 5478 3445 5510 _.

1804 5535 1902 5598 rio,
1929 5534 2133 5599 tibique
2150 5539 2206 5584 et
2229 5529 2481 5583 omnibus
2509 5529 2605 5580 tibi
2647 5526 2963 5596 regulariter
3017 5527 3355 5580 succedenti-

1793 5622 1906 5676 bus
1936 5621 2002 5674 ad
2029 5617 2185 5672 usum
2235 5615 2731 5671 sanctimonialium
2787 5615 2916 5668 inibi
2957 5615 3066 5668 Deo
3109 5616 3347 5667 servien-

1805 5711 1939 5763 tium
1979 5706 2157 5761 omnia
2209 5720 2328 5774 quzc
2388 5691 2652 5774 habentur
2693 5705 2747 5757 in
2812 5705 2997 5758 charta
3041 5704 3349 5784 donationis
