3944 6398
471 342 585 514 Ls

1497 440 1586 495 AD
1617 438 1841 496 OPERA
1881 436 1939 491 S.
1979 421 2307 491 GREGDRU
2339 428 2785 509 AI’PENDICES.

3617 432 3727 488 8l0

481 585 647 644 quam
671 566 957 638 episcopus
978 560 1104 617 Milo
1127 558 1281 615 vobis
1307 556 1452 623 fecit,
1476 565 1527 609 et
1551 555 1734 621 omnia
1756 567 1877 623 qua:
1902 564 2049 605 nunc
2076 554 2120 609 Α
2146 545 2200 601 in
2231 543 2444 599 Rivaita
2471 559 2597 599 cum
2627 551 2811 599 castra
2841 551 2895 597 et
2929 541 3044 598 suis
3088 523 3449 614 pertinentiis,
3486 552 3543 597 et
3563 555 3727 598 math

482 663 713 730 habetis,
752 660 832 717 vel
871 656 1208 728 acquisistis,
1265 662 1320 708 et
1347 666 1470 723 quas
1512 649 1790 717 deinceps,
1814 653 1927 701 tam
1952 653 2053 699 vas

482 772 648 829 quant
687 749 1039 827 succedentes
1091 745 1275 811 vobis,
1306 742 1455 813 juste
1490 737 1843 809 acquisiturse
1893 732 2048 790 estis.

482 824 834 915 Drzecipimus
882 839 1107 908 insuper
1141 845 1195 892 et
1243 832 1540 906 apostolica
1598 826 1922 884 auctoritate
1968 824 2052 879 in-

456 937 799 995 ‘terdicimus
842 940 902 988 ιιι
938 932 1121 986 nullus
1184 928 1323 992 dux,
1363 922 1635 987 marchio,
1672 934 1877 983 comes,
1909 916 2051 971 vice-

481 1043 689 1091 comes,
718 1009 972 1111 nullaqt‘e
1005 1031 1196 1090 inagna
1230 1026 1761 1089 parvaquepersaua
1800 1008 1917 1064 sive
1961 1019 2054 1061 ec-

483 1120 805 1182 clesiastica,
828 1096 944 1172 sive
961 1110 1257 1174 szecularis,
1295 1106 1611 1178 pranﬁctmn
1660 1096 2050 1156 monasterium

484 1210 632 1267 Beati
660 1208 823 1273 Petri,
847 1206 928 1261 vel
954 1204 1048 1259 Dei
1090 1200 1326 1257 famulas
1380 1196 1455 1251 ibi
1499 1193 1818 1255 servientes,
1861 1188 1930 1243 de
1968 1187 2053 1241 his

483 1317 607 1373 qua:
649 1302 810 1370 hujus
847 1295 1021 1352 nostri
1080 1288 1351 1364 privilegii
1401 1285 1725 1343 auctoritate
1768 1279 2054 1336 conﬁrma-

485 1370 628 1459 tuus,
650 1392 846 1449 audeat
878 1386 1134 1455 deinceps
1174 1383 1282 1437 ulla
1330 1376 1705 1450 inquietudine
1742 1370 2048 1426 maleslare.

486 1486 543 1541 Si
582 1484 706 1554 quis
732 1491 910 1536 autem
953 1476 1115 1545 hujus
1167 1472 1346 1529 nostri
1398 1466 1664 1541 privilegii
1716 1461 2050 1519 sanctionem

483 1551 784 1635 violaverit,
846 1568 951 1623 nisi
993 1563 1316 1635 resipnerit,
1365 1569 1420 1616 et
1465 1560 1629 1631 digna
1682 1551 2053 1610 satisfactione

484 1661 868 1738 emendaverit,
909 1660 981 1717 sit
1022 1655 1257 1712 extorris
1294 1666 1520 1723 aregna
1551 1648 1667 1713 Dei,
1713 1655 1896 1715 utpote
1924 1650 2055 1713 apes

484 1732 693 1816 italicae
719 1748 1063 1808 auctoritatis
1092 1744 1391 1814 sacrilegus
1414 1747 1779 1816 contemptor,
1795 1744 1868 1801 et,
1891 1732 2053 1803 digna

486 1840 1047 1903 excommunicatione
1069 1837 1378 1905 damnatus,
1402 1832 1471 1887 ab
1503 1829 1746 1886 Ecclesia
1767 1815 1860 1881 Dei
1893 1830 2053 1894 pror-

484 1954 583 1994 sus
627 1944 921 1992 extraneas
978 1927 1263 1994 eﬂiciatur,
1326 1931 1712 1995 perpetuaeque
1777 1916 2055 1986 subjaeeat

485 2028 871 2088 maledictionii
895 2025 965 2080 At
982 2040 1115 2080 vero
1136 2022 1233 2092 qui
1272 2021 1395 2092 pius
1420 2020 1737 2086 observator
1762 2013 2053 2079 exstiterit,

486 2104 759 2194 perpettia:
806 2101 1198 2191 benedictionis
1235 2108 1567 2175 abundantia
1598 2106 1891 2177 repleatur,
1925 2116 2055 2157 cou-

486 2202 786 2269 stituimtts.
1482 2222 1488 2227 ο

556 2301 713 2355 Διιηο
752 2294 1044 2353 Dominicas
1088 2286 1485 2347 lnearnatianis
1528 2284 1659 2354 1091
1690 2318 1706 2351 ,
1767 2272 2059 2337 indictione

490 2408 603 2457 xiv,
642 2403 786 2444 armo
825 2395 1007 2442 autem
1048 2382 1395 2454 pontiﬁcatus
1418 2374 1617 2435 damni
1642 2373 1940 2431 Clementis
1989 2369 2057 2426 lll

490 2490 643 2553 papa
664 2496 757 2544 vn,
795 2493 886 2532 nv
907 2475 1027 2529 Kal.
1052 2470 1357 2543 Februarii.

565 2549 758 2625 Datum
777 2583 874 2638 per
884 2579 1106 2621 manum
1126 2560 1368 2617 Bemerii
1389 2558 1507 2613 vice
1517 2552 1825 2612 cancellarii
1850 2551 1907 2605 in
1924 2549 2060 2635 urbe

491 2656 768 2727 Paduana,
790 2668 971 2717 actum
995 2653 1245 2719 feliciter.

1200 2784 1338 2840 Vill.

424 2918 430 2925 ο
495 2885 780 2943 Clementis
802 2858 1057 2948 “Laius
1085 2829 1341 2948 Gaiberii,
1367 2870 1745 2948 pseudo-pum
1764 2829 2064 2948 {bullahqua

564 2932 1125 3009 2255,}3257écémm
1161 2932 1430 3016 Regiam-is
1452 2932 1630 2995 onmi'a
1664 2932 1893 2991 illorum
1929 2932 2064 3015 bona

561 3036 613 3081 et
626 3026 757 3094 jura
784 3022 1081 3090 conﬁrmat.

1084 3105 1267 3177 (Auno
1295 3099 1479 3169 1092.)

748 3206 1081 3278 [Munuanh
1117 3201 1299 3269 Antiq.
1342 3196 1508 3263 Ital.,
1546 3194 1625 3260 ll,
1672 3191 1823 3265 185.]

569 3325 819 3380 Ctsusxs
838 3320 1149 3389 episcopus,
1201 3327 1390 3369 servus
1425 3317 1705 3366 servorum
1735 3306 1852 3373 Dei,
1894 3314 2063 3361 cano-

499 3418 639 3476 nitis
661 3412 945 3485 chiensis
972 3407 1236 3475 ecclesize,
1264 3406 1617 3477 ipsorumque
1658 3398 2064 3457 successoribus

501 3500 557 3563 in
587 3513 928 3577 perpetuum.
1441 3489 1444 3492 ’

466 3630 472 3643 ,
512 3579 519 3588 ’
570 3564 797 3663 Dpartet
833 3606 941 3665 nos
966 3588 1019 3643 in
1048 3584 1276 3667 specula
1319 3591 1533 3643 sancth
1562 3578 1705 3637 sedis
1757 3564 2067 3667 among;

500 3646 831 3745 constitutos
864 3662 941 3732 ad
966 3655 1336 3731 defensionem
1367 3678 1422 3725 et
1466 3646 1857 3723 ﬁrmitudinem
1890 3646 2067 3718 eccle‘;

506 3771 713 3837 simium
754 3769 853 3824 Dei
870 3765 1158 3840 vigilanter
1201 3763 1781 3830 insistere,ﬁquatenus
1824 3758 1891 3811 de
1923 3757 2068 3810 bono

489 3848 566 3920 in
589 3846 784 3918 melius
802 3859 915 3914 Dea
937 3858 1227 3927 adiuvante
1270 3852 1573 3923 proﬁciant,
1601 3859 1677 3917 ut,
1701 3856 1909 3905 remota
1947 3862 2069 3901 am-

508 3936 663 4013 nium
693 3964 987 4023 pravorum
1009 3948 1299 4007 hominum
1344 3941 1737 4015 inquietudine,
1765 3939 2070 3994 ministran-

505 4041 592 4104 tes
636 4042 835 4100 divinis
884 4038 1074 4096 otIiciis
1109 4036 1415 4109 promptius
1456 4033 1646 4089 intenti
1692 4030 1873 4101 quiete
1912 4027 2072 4082 mini-

509 4120 685 4213 strare
706 4139 928 4205 queant,
957 4138 1131 4186 etuas
1151 4128 1279 4183 boni
1323 4125 1556 4198 pastoris
1600 4134 1905 4178 mereamur
1947 4133 2068 4189 per-

507 4209 691 4297 cipere
708 4218 951 4294 praemia.
977 4220 1056 4275 Ac
1078 4236 1176 4290 per
1201 4219 1305 4275 hoc
1336 4233 1433 4289 per
1476 4222 1799 4286 praesentem
1840 4209 2079 4280 scriptu-

500 4304 633 4367 m
663 4311 958 4382 apostolica
983 4309 1307 4369 auctoritate
1328 4308 1383 4360 in
1410 4312 1729 4375 perpetuum
1746 4299 2074 4356 manendum

512 4400 902 4456 conﬁrmamus
925 4397 1202 4451 canonicis
1244 4404 1446 4450 saneta
1490 4391 1769 4463 Regicnsis
1800 4388 2074 4453 ecclesize,

2152 651 2273 692 sum
2298 636 2352 690 in
2382 634 2656 690 Carniana
2677 642 2732 690 et
2756 632 2813 688 in
2847 631 3101 701 Runcha,
3128 631 3375 689 Falliano
3394 644 3449 688 et
3472 632 3693 689 Alliano
3710 672 3726 699 ,

2150 735 2201 782 et
2225 742 2313 782 res
2338 725 2394 780 in
2431 724 2673 781 Gavassa
2695 740 2822 780 cum
2846 723 3094 790 decimis,
3123 732 3179 779 et
3206 724 3377 797 sylva,
3407 739 3462 780 et
3488 725 3541 779 in
3591 724 3728 781 Cor-

2152 814 2310 887 rigio,
2337 830 2435 872 seu
2453 814 2513 870 in
2531 815 2741 883 Butrio,
2764 815 2820 870 in
2842 814 2965 881 Rio,
2995 813 3230 881 Fazana,
3266 810 3725 887 Campagalliani,

2151 903 2206 958 in
2238 903 2506 972 Fontana,
2537 903 2593 959 in
2619 902 2797 972 Prata,
2836 904 3064 971 Canule,
3101 903 3365 971 Mandrie,
3414 905 3471 960 in
3516 906 3723 979 Gurgo.

2152 993 2219 1051 Et
2266 1004 2444 1051 sortes
2484 995 2621 1051 duas
2655 1010 2778 1066 qua:
2808 1002 2938 1050 sunt
2970 1010 3139 1065 prape
3169 993 3595 1051 Curtemnovam
3622 1037 3638 1063 ,
3671 1006 3731 1052 et

2152 1100 2375 1141 mansos
2396 1085 2535 1141 duos
2556 1085 2611 1139 in
2631 1085 2851 1153 Cetloie,
2880 1094 2933 1141 et
2965 1085 3173 1158 plebem
3202 1085 3270 1141 de
3290 1084 3563 1142 Nuvalare
3596 1101 3728 1142 cum

2152 1175 2406 1230 omnibus
2436 1175 2553 1230 suis
2585 1174 2946 1245 pertinentiis,
2982 1184 3036 1230 et
3063 1183 3286 1231 m'ansas
3316 1174 3428 1247 tres
3458 1176 3516 1231 in
3542 1171 3729 1232 Canae

2154 1268 2222 1335 le,
2240 1267 2567 1334 (Zorviatico,
2594 1266 2905 1331 Maudriole,
2929 1265 2983 1320 in
3005 1264 3231 1321 Fabrica
3252 1281 3503 1321 mansura
3527 1282 3728 1333 unum,

2152 1368 2205 1415 et
2237 1363 2290 1414 in
2320 1358 2476 1425 Sese,
2513 1358 2756 1423 lladano,
2799 1357 3104 1422 Silvarauo,
3157 1355 3543 1427 Carbognano,
3595 1357 3727 1411 Gal-

2154 1449 2379 1514 :lan'ola,
2420 1447 2792 1517 Campaniola,
2820 1434 3077 1511 Bedulla;
3109 1445 3227 1500 vico
3271 1443 3513 1513 Martini,
3546 1438 3727 1511 Quer-

2154 1538 2322 1603 ciolu,
2355 1530 2533 1592 Monte
2572 1534 2821 1591 Camoni.
2868 1534 2932 1589 Et
2974 1535 3234 1604 capellam
3287 1533 3470 1589 Sancti
3514 1532 3623 1589 Viti
3670 1534 3728 1589 in

2154 1624 2378 1693 Olliano,
2394 1634 2447 1681 et
2467 1624 2741 1696 Capellae:
2767 1624 2950 1678 Sancti
3003 1622 3218 1677 Abundi
3265 1636 3387 1677 eum
3416 1622 3533 1678 suis
3560 1623 3730 1693 perti-

2155 1715 2373 1781 neutiis,
2402 1712 2623 1769 Pratum
2669 1714 2737 1768 de
2775 1712 2988 1779 Boceta,
3037 1712 3241 1777 Artole,
3271 1710 3516 1779 Gaziata,
3544 1712 3723 1769 Mate-

2154 1802 2667 1873 lena,Campi,gene,
2699 1799 3065 1865 Marmoriola,
3111 1812 3161 1857 et
3208 1817 3294 1858 res
3328 1816 3451 1873 qua:
3487 1804 3733 1873 rejaceut

2089 1882 2128 1936 Β
2149 1892 2302 1960 juxta
2334 1890 2679 1961 pontieellum
2713 1889 2950 1957 llodani,
2982 1890 3117 1944 silva
3145 1889 3212 1945 de
3258 1888 3509 1957 Groseto,
3536 1889 3733 1947 Purcld

2157 1984 2300 2051 liole,
2326 1982 2579 2049 Ruucise,
2601 1995 2653 2037 et
2686 1982 2738 2036 in
2757 1980 2954 2037 .Casale
2972 1980 3347 2047 Fossedunde,
3380 1989 3432 2037 et
3458 1980 3729 2038 liazolum

2154 2087 2278 2127 cum
2304 2071 2578 2143 piscariis,
2604 2083 2658 2127 et
2691 2070 2947 2127 omnibus
2972 2070 3089 2126 suis
3110 2069 3455 2140 pertinentiis
3489 2070 3559 2126 ad
3588 2070 3732 2126 Sau-

2157 2170 2305 2243 etum
2329 2159 2687 2230 Stephanum,
2711 2160 2775 2214 ad
2812 2158 3072 2228 Sanctum
3104 2158 3513 2227 l’ossidouium,
3546 2160 3602 2215 in
3632 2176 3734 2231 pa-

2157 2265 2223 2319 go
2252 2246 2537 2303 Mutinensi
2550 2245 2765 2317 \Duyda,
2794 2246 2846 2299 in
2876 2256 3057 2301 monte
3084 2244 3418 2313 Passarario,
3441 2248 3497 2302 in
3538 2246 3730 2302 Polia-

2158 2338 2355 2409 gnello,
2394 2333 2495 2390 Ser
2526 2352 2578 2399 a,
2625 2335 2907 2406 Appollina
2930 2335 2994 2389 ad
3050 2336 3303 2391 Sanctam
3349 2335 3576 2391 Mariam
3601 2351 3733 2393 cum

2156 2422 2375 2481 aliveta.
2398 2424 2465 2479 Et
2480 2424 2747 2480 decimam
2773 2423 2830 2477 in
2851 2424 3068 2479 civitate
3090 2439 3212 2495 qum
3231 2423 3731 2497 vocaturBegium,

2158 2533 2284 2572 cum
2332 2515 2830 2585 amniintegritatc,
2868 2526 2924 2584 et
2960 2516 3018 2568 iu
3048 2511 3270 2570 Marsis.
3308 2512 3373 2569 Et
3398 2529 3591 2571 omnes
3639 2532 3736 2572 res

2160 2620 2281 2676 qua:
2321 2614 2448 2661 sunt
2478 2605 2534 2659 in
2563 2604 2794 2661 circuitu
2852 2604 3085 2659 civitatis
3110 2619 3234 2675 qua:
3259 2612 3483 2661 vocatur
3511 2604 3731 2660 Emilia.

2160 2697 2227 2752 Et
2246 2706 2455 2753 curtcm
2474 2712 2639 2752 unam
2669 2696 2724 2751 in
2747 2695 3194 2767 Tertonensibus,
3249 2712 3371 2767 quas
3391 2697 3592 2752 dicitur
3619 2697 3738 2755 Noe

2074 2792 2081 2801 ’
2162 2804 2227 2842 va
2246 2829 2261 2855 ,
2285 2798 2340 2843 et
2357 2804 2547 2844 omnes
2572 2803 2660 2843 res
2682 2803 2805 2857 quae
2842 2798 2971 2842 sunt
3019 2788 3075 2842 in
3102 2784 3465 2858 Aqueductib,
3500 2799 3557 2843 et
3602 2805 3737 2844 cur-

2164 2890 2270 2935 tem
2302 2878 2485 2933 Sancti
2508 2876 2767 2946 Stephani
2803 2893 2928 2932 cum
2957 2878 3111 2947 plebe
3152 2895 3277 2950 quin
3315 2879 3737 2937 inl‘racastrum

2164 2970 2266 3027 sita
2286 2977 2395 3036 est,
2412 2984 2536 3024 cum
2565 2969 2819 3047 omnibus
2844 2969 2961 3024 suis
2982 2970 3349 3039 pertinentiis,
3385 2972 3549 3026 sicuti
3572 2988 3605 3027 a
3633 2974 3739 3027 ιιο-

2165 3074 2249 3115 tue
2281 3057 2558 3114 memoriae
2586 3056 2854 3128 Sigefrido
2875 3057 3133 3129 episcopo
3151 3060 3237 3115 vel
3265 3060 3335 3115 ab
3372 3060 3495 3116 aliis
3513 3063 3739 3132 episco—

2165 3148 2272 3218 pis,
2302 3148 2542 3216 proauis
2580 3160 2918 3216 suarumque
2972 3162 3352 3204 successorum
3401 3150 3691 3207 animabus
3717 3190 3738 3218 ,

2163 3236 2341 3310 eidem
2362 3235 2641 3291 canonica:
2666 3251 2754 3306 per
2787 3236 3051 3308 scriptum
3078 3238 3163 3293 vel
3182 3238 3561 3297 investituram
3592 3243 3743 3301 bene

2164 3325 2496 3397 providendo
2546 3327 2755 3399 integre
2796 3329 2987 3384 collata
3011 3336 3158 3385 sunt.
3203 3330 3383 3401 Atque
3423 3344 3617 3389 omnes
3644 3342 3744 3393 res

2164 3433 2303 3489 quas
2321 3418 2388 3473 de
2420 3416 2582 3474 donis
2606 3420 2987 3490 episcoporum
3020 3420 3108 3475 vel
3143 3429 3271 3475 voto
3318 3421 3561 3478 ﬁdelium
3596 3440 3744 3494 pra:-

2165 3510 2323 3565 dictaa
2344 3510 2623 3592 canonica;
2647 3510 2731 3564 vel
2756 3510 3039 3583 canonicis
3068 3512 3277 3567 oblatas
3302 3527 3427 3569 esse
3460 3514 3743 3591 dignosci-

2167 3609 2276 3661 tur,
2297 3606 2610 3653 εειιιςιοῐιιιιι
2641 3612 2911 3653 canonum
2937 3601 3260 3655 auctoritate
3279 3610 3579 3673 nostraque
3603 3618 3743 3673 apo.

2168 3689 2357 3744 Stolica
2380 3688 2723 3743 immunitate
2751 3688 2880 3743 huic
2901 3698 3088 3746 nostra
3117 3690 3745 3795 inse/ripsimusmrivlle-

2168 3780 2295 3851 gio,
2326 3794 2448 3836 cum
2488 3780 2744 3835 Mnibus
2797 3781 2914 3836 suis
2953 3780 3270 3851 adjacentiis
3307 3792 3362 3839 et
3395 3786 3746 3855 pertinemus

2169 3874 2224 3926 in
2274 3878 2594 3942 perpetuum
2646 3870 3027 3927 inviolabiliter
3051 3860 3480 3943 wnservandas,
3514 3877 3745 3948 absque

2170 3962 2317 4015 omni
2346 3961 2773 4017 contradictione
2794 3963 3026 4034 alicujus
3051 3976 3261 4037 magna;
3295 3977 3584 4038 parvaque
3614 3982 3745 4039 per-

2170 4063 2335 4108 sonae.
2361 4050 2418 4105 Si
2463 4051 2588 4122 quis
2638 4058 2823 4106 autem
2880 4054 3171 4109 temeraria
3217 4070 3355 4111 ausu
3391 4064 3586 4113 contra
3634 4058 3745 4112 hac

2172 4151 2419 4214 nostrum
2467 4142 2824 4214 apostolicum
2852 4143 3195 4216 privilegium
3248 4161 3430 4217 agere,
3465 4149 3555 4203 vel
3589 4148 3743 4205 ordi-

2171 4249 2303 4290 nare
2322 4234 2585 4302 aliterres
2610 4233 2911 4301 canonice,
2930 4228 3017 4313 vel
3044 4235 3215 4291 alium
3238 4235 3295 4291 in
3320 4235 3404 4292 eis
3437 4227 3604 4294 usum
3636 4252 3741 4307 po-

2173 4338 2303 4377 nere
2361 4322 2769 4392 praesumpserit
2825 4338 2993 4391 quam
3051 4336 3178 4381 eum
3221 4335 3385 4394 quem
3452 4327 3787 4384 constituit.-

2175 4400 2357 4465 ‘l‘eulo
2406 4408 2718 4478 episcopus,
2774 4404 3101 4479 Siget‘ridus,
3149 4407 3537 4479 Adbelberius,
3569 4413 3741 4470 Wol-

515 4500 579 4555 ut
618 4489 685 4543 ad
726 4486 1043 4551 canonicam
1090 4498 1246 4539 suam
1279 4482 1660 4536 inviolabiliter
1691 4486 1913 4533 teneant
1955 4492 2075 4530 cur-
2110 4522 2153 4575 Β
2178 4504 2385 4562 ωηερε,
2425 4495 2746 4563 amuli-us,
2772 4498 2911 4553 “in
2950 4514 3011 4554 se
3034 4500 3423 4570 omnipotentis
3453 4503 3550 4559 Dei
3594 4515 3747 4577 po“.

516 4590 626 4637 tem
650 4595 812 4634 unam
845 4593 966 4649 qua:
1002 4577 1201 4632 dicitur
1226 4572 1388 4638 Villa,
1418 4580 1469 4626 et
1512 4584 1735 4625 mansos
1760 4576 1868 4622 tres
1891 4566 1945 4620 in
1969 4565 2078 4621 Go-

516 4688 607 4738 va,
630 4683 881 4725 mansum
916 4681 1086 4721 unum
1108 4666 1164 4723 in
1184 4661 1454 4727 Noniauo,
1496 4660 1549 4714 in
1574 4659 1836 4728 Campilia
1868 4665 2077 4712 cortem

516 4770 716 4827 unam,
737 4769 792 4815 et
831 4774 1051 4815 mansos
1079 4757 1245 4819 duos,
1274 4760 1330 4808 et
1356 4764 1527 4805 unum
1562 4764 1724 4819 quem
1753 4746 1899 4804 dedit
1924 4745 2077 4818 Sige-

522 4851 695 4905 l'ridus
719 4892 735 4916 ,
780 4851 1095 4921 quidicitur
1149 4843 1382 4901 Galliula
1406 4881 1421 4909 ,
1465 4848 1691 4897 cortem,
1722 4854 1843 4908 qua:
1882 4838 2081 4894 dicitur

523 4931 723 5009 Massa,
745 4953 869 4991 eum
892 4939 1005 4992 suis
1047 4932 1400 5006 appendiciis,
1452 4928 1761 4985 Prenniano
1793 4943 1915 4983 cum
1942 4928 2079 4993 suis,

521 5037 579 5083 et
611 5017 811 5080 terram
842 5041 964 5095 qure
994 5034 1078 5079 est
1105 5027 1161 5077 in
1195 5023 1390 5078 Castra
1435 5020 1725 5075 Haleriana
1767 5018 1824 5073 in
1852 5017 2081 5073 Mucleto

526 5131 780 5176 mansum
802 5130 992 5179 unum,
1035 5114 1091 5166 in
1113 5113 1388 5167 Dinalana
1426 5128 1616 5177 unum,
1653 5112 1708 5166 in
1752 5110 1902 5165 Valle
1950 5106 2080 5163 Birli

528 5206 787 5273 nnum,in
806 5210 990 5259 monte
1018 5201 1208 5256 Babuli
1231 5214 1421 5267 unum,
1443 5201 1497 5254 in
1516 5194 1783 5257 Casalicio
1803 5217 1997 5267 unum,
2026 5201 2080 5255 in

527 5293 790 5351 Braciano
814 5302 921 5349 tres
965 5292 1021 5347 in
1046 5288 1347 5346 Veterith
1378 5304 1567 5355 unum,
1602 5291 1660 5343 in
1688 5300 1869 5346 monte
1893 5291 2086 5347 Tadio-

527 5388 586 5441 ni
616 5400 805 5440 unum.
835 5384 901 5451 Et
944 5381 1207 5455 quidquid
1253 5378 1483 5450 pertinet
1508 5378 1575 5434 ad
1597 5380 1904 5449 pradictam
1946 5376 2085 5435 San-

520 5486 631 5537 cta:
650 5474 829 5529 Maria:
848 5483 903 5529 et
931 5474 1117 5529 Sancti
1137 5470 1417 5527 Michaelis
1457 5470 1774 5525 canonicam
1800 5469 1855 5524 in
1885 5467 2098 5524 Tabia-.

523 5577 628 5638 na,
658 5564 1004 5631 Caterniano,
1032 5564 1299 5629 Meilacio,
1323 5571 1377 5618 et
1404 5560 1671 5627 Grasano,
1705 5570 1760 5617 et
1790 5560 2085 5625 Verniano,

523 5670 659 5717 cum
682 5655 797 5709 Suis
818 5656 1166 5723 appendiciis,
1199 5664 1254 5709 et
1279 5654 1333 5709 in
1355 5654 1565 5707 civitate
1590 5651 1760 5717 Nova,
1788 5659 1841 5707 et
1869 5652 1922 5705 in
1949 5650 2088 5704 Cur-

526 5750 603 5815 ιο,
624 5753 689 5803 at
710 5745 925 5799 resillas
944 5761 1073 5801 cum
1090 5747 1224 5800 silva
1246 5746 1298 5799 in
1322 5745 1564 5815 Bajarala
1578 5786 1593 5810 ,
1616 5752 1670 5799 et
1688 5744 1897 5813 plebem
1920 5732 2093 5797 ouant

2178 4594 2336 4652 state,
2376 4601 2445 4642 ac
2497 4586 2642 4641 beati
2680 4586 2825 4642 Petri
2858 4590 3111 4659 apostoli,
3158 4599 3585 4663 sanctorumque
3630 4610 3745 4651 οιηι

2177 4674 2350 4739 nium,
2398 4682 2586 4747 nostra
2635 4676 2800 4730 etiam
2834 4677 3182 4745 auct:.ritate,
3214 4681 3580 4738 anathematis
3630 4681 3744 4739 vin-

2177 4763 2654 4832 eulainnodatnm,
2684 4773 2739 4821 et
2763 4782 2795 4822 a
2821 4782 2987 4839 regna
3015 4767 3111 4824 Dei
3163 4768 3480 4837 alienatum,
3525 4779 3583 4827 et
3616 4787 3743 4828 eum

2179 4854 2433 4909 omnibus
2450 4855 2632 4924 impiis
2648 4857 2855 4913 aeterna
2891 4858 3144 4915 incendia
3161 4861 3643 4917 concremandum.
3675 4863 3745 4917 At

2180 4957 2308 4997 vero
2327 4942 2421 5012 qui
2470 4943 2796 5008 observator.
2823 4945 3114 5015 exstiterit,
3155 4948 3387 5018 gratiam
3441 4956 3499 5002 et
3530 4949 3745 5006 miseri-

2181 5034 2421 5098 eordiam
2443 5035 2719 5107 vitamque
2744 5047 3003 5098 aeternam
3027 5056 3061 5097 a
3086 5037 3604 5095 misericordissima
3638 5038 3746 5097 Do-

2182 5124 2330 5178 mina
2357 5133 2545 5180 nostro
2564 5128 2825 5199 consequi
2859 5128 3154 5185 mereatur.

2253 5211 2445 5268 Datum
2470 5217 2613 5285 apud
2644 5212 2911 5274 Cesenam
2964 5232 3063 5287 per
3097 5231 3321 5273 manum
3348 5218 3590 5276 Bel-aerii
3784 5264 3789 5269 .

2182 5302 2327 5357 Petri
2351 5305 2682 5374 cancellarii,
2698 5322 2843 5363 anno
2854 5305 3150 5361 Dominice
3168 5300 3563 5366 lncarnatioais
3581 5312 3745 5379 {092,

2183 5393 2473 5451 indictione
2498 5411 2591 5464 xv,
2616 5410 2762 5452 anno
2800 5404 2983 5451 autem
3034 5397 3386 5464 pontiﬁcatus
3411 5401 3603 5459 damni
3628 5398 3730 5462 Cie

2185 5482 2381 5538 mentis
2417 5484 2563 5540 tertii
2595 5494 2750 5555 papa)
2776 5498 2854 5549 ix,
2902 5481 3086 5539 Idibus
3118 5483 3287 5543 Junii.

2915 5633 3006 5691 IX.

2189 5740 2466 5798 Clementis
2492 5745 2552 5797 11
2564 5744 2593 5798 Ι
2610 5748 2889 5819 .utipapm
2923 5736 3143 5823 epistola
3174 5758 3243 5809 ad
3270 5755 3621 5821 Rui'thardvm
3654 5738 3746 5811 ar.

3674 5922 3737 5981 ξίὲ
