3944 6408
140 522 230 576 Sil

653 514 936 570 APPEND.
978 515 1039 568 ll.
1079 543 1142 551 ——
1182 510 1479 566 “llllili'l'l
1518 510 1706 563 ANl‘ll‘

1834 509 1879 563 Ἐ
1918 508 2276 563 Ειιιδτυιηιὲ
2314 508 2398 561 ΕΤ
2440 506 2845 563 l’lllVlLl'lGlA.

3271 513 3371 565 812

210 631 587 699 chiepiscopuni
610 626 992 699 Moguntimmi.
1031 651 1103 699 _—--
1138 622 1290 676 Diem
1324 620 1405 673 illi
1436 621 1504 673 ad
1540 636 1696 689 syno-
1731 630 1773 680 Α
1801 620 1882 673 los
1912 618 2058 688 juste
2108 618 2433 687 disputando
2465 617 2675 672 fortiter
2710 618 2922 680 stabas,
2974 620 3276 672 audivimes
3322 633 3375 674 ut

208 694 332 754 dum
373 694 621 753 Vercellis
644 694 899 766 agendam
935 694 1086 746 dicit.

722 782 903 852 (Anno
936 780 1118 847 1097.)

523 870 715 945 [Missi
764 868 965 924 ϐοτη-ιι.
1014 865 1133 931 XX,
1172 864 1295 918 601.

205 962 454 1021 Cannas
473 961 779 1031 episcopus,
812 971 1001 1012 servus
1029 968 1309 1008 servorum
1337 950 1449 1016 Dei,
1482 949 1544 1002 ll.
1571 964 1700 1003 eon-

144 1053 290 1107 fratri
317 1060 375 1106 et
400 1051 719 1118 coepiscopo
755 1044 1071 1115 Moguntina
1108 1043 1335 1096 salutem
1364 1050 1419 1094 et
1447 1039 1701 1108 apostoli-

144 1158 258 1197 cam
284 1139 735 1196 benedictionem.

209 1230 531 1302 Nuperrime
576 1241 673 1296 per
716 1221 1048 1280 confratrem
1096 1228 1344 1275 nostrum
1388 1219 1700 1288 episcopum

142 1300 497 1379 Faventinum
532 1318 856 1375 fraternitati
890 1326 999 1371 tute
1029 1323 1089 1369 ut
1117 1315 1183 1370 ad
1210 1313 1500 1385 synodum,
1534 1300 1711 1382 quaml

141 1426 236 1482 pro
257 1411 429 1467 totius
455 1410 711 1465 Ecclesiae
750 1407 1081 1467 necessariis
1111 1407 1297 1462 causis
1333 1405 1387 1459 in
1422 1405 1534 1474 jam
1557 1404 1703 1458 dicto

143 1505 259 1557 loco
301 1512 356 1558 et
395 1511 638 1572 tempore
671 1500 994 1557 celebraturi
1024 1514 1239 1563 sumus,
1295 1498 1444 1551 omni
1481 1506 1701 1565 postpo-

140 1593 240 1646 sita
260 1591 556 1646 occasione
583 1591 888 1654 advenires,
925 1588 1305 1644 mandavimus
1343 1596 1397 1639 et
1432 1603 1525 1655 per
1555 1601 1703 1638 sum-

141 1695 282 1735 mam
326 1680 693 1735 obedientiam
734 1677 1111 1748 przecepimus.
1167 1662 1245 1728 Et,
1293 1676 1529 1745 primum
1577 1674 1701 1742 qui-

138 1770 257 1825 dem
299 1770 443 1825 bene
475 1770 793 1839 promisisti,
832 1783 1021 1822 verum
1060 1775 1269 1837 postea,
1299 1766 1574 1820 voluntate
1611 1773 1703 1819 tua

101 1905 107 1910 .
139 1860 194 1913 in
214 1860 399 1928 aliqua
430 1868 581 1929 parte
605 1867 842 1928 peracta,
866 1872 991 1911 cum
1018 1857 1310 1926 praedictus
1335 1855 1560 1909 nuntius
1583 1855 1706 1908 red-
1750 1908 1755 1910 .

138 1948 254 2003 iens
302 1964 492 2003 veram
542 1949 638 2003 tibi
680 1959 742 2003 ut
794 1947 1006 2002 caeteris
1058 1946 1420 2001 obedientiam
1456 1945 1705 2014 injunge-

138 2046 237 2103 ret,
266 2038 461 2093 dixisti
491 2047 543 2093 te
579 2054 609 2092 a
650 2038 805 2093 nobis
837 2053 933 2107 per
962 2046 1117 2091 tuum
1179 2036 1430 2091 nuntium
1464 2050 1586 2089 esse
1615 2049 1703 2088 re-

138 2127 400 2183 laxatum.
456 2127 613 2194 Quod
645 2138 705 2182 ut
735 2128 1062 2191 audivimus,
1095 2140 1259 2195 quam
1290 2125 1524 2195 graviter
1562 2124 1702 2178 tule-

137 2215 311 2271 rimus
354 2218 550 2285 nequit
572 2216 769 2271 eﬂerri.
820 2215 934 2271 Hoc
957 2217 1102 2270 enim
1127 2216 1332 2269 dictum
1363 2230 1555 2286 magna
1584 2230 1705 2283 per-

138 2304 383 2359 turbatio
404 2306 601 2375 synodi
628 2306 931 2371 videbatur,
956 2321 1081 2360 eum
1108 2320 1299 2359 omnes
1330 2320 1464 2375 pene
1511 2304 1706 2358 suffra-

138 2396 291 2465 ganei
314 2397 397 2450 tui
445 2397 513 2451 ad
552 2406 605 2452 te
632 2398 956 2474 respiciant,
992 2411 1118 2452 cum
1151 2397 1396 2450 omnium
1440 2408 1547 2449 vox
1594 2394 1700 2448 sit:

135 2487 281 2553 quod
308 2484 575 2557 magister
598 2502 754 2542 meus
790 2485 1011 2552 fecerit,
1060 2486 1167 2540 hoc
1212 2484 1427 2539 faciam.
1466 2483 1707 2552 Quapro-

136 2584 255 2643 pter
274 2574 458 2631 eidem
476 2573 568 2642 N.,
597 2577 693 2645 qui
719 2585 829 2631 tam
859 2574 1172 2639 nefandum,
1200 2582 1313 2627 tam
1350 2573 1702 2635 exsecrabile,

136 2673 245 2719 tam
272 2666 538 2720 nocivum
567 2674 768 2720 sancta:
787 2675 842 2720 et
873 2664 1164 2720 universali
1200 2650 1453 2719 Ecclesiae
1478 2664 1703 2717 menda-

136 2754 283 2809 cium
331 2756 593 2824 protulit,
637 2771 799 2810 omnc
835 2755 1077 2810 divinum
1126 2753 1362 2809 ofﬁcium
1409 2754 1704 2824 apostolica

138 2839 467 2901 auctoritate
502 2846 876 2902 interdicimus
902 2887 917 2911 ,
955 2846 1130 2901 donec
1154 2845 1222 2898 ad
1259 2858 1359 2899 nos
1383 2844 1608 2899 veniens
1640 2845 1708 2898 de

137 2945 287 2992 tanta
318 2947 438 2992 tam
483 2937 785 2993 detestandi
833 2936 1101 2991 mendacii
1146 2934 1433 3004 iniquitate
1484 2934 1710 2989 satisfa-

136 3026 265 3082 ciat.
289 3027 454 3094 Quod
484 3028 591 3083 nisi
631 3042 806 3097 usque
834 3028 901 3081 ad
932 3025 1129 3081 festum
1181 3025 1389 3079 scilicet
1430 3023 1707 3078 Michaelis

138 3119 204 3173 ad
240 3134 347 3175 nos
401 3107 470 3174 de
523 3119 627 3174 hac
661 3133 720 3177 re
764 3117 1142 3174 satisfacturos
1177 3116 1402 3181 venerit,
1458 3115 1707 3184 ampliori

135 3222 303 3276 quam
335 3205 570 3261 forsitan
619 3206 849 3262 aestimet
892 3204 1435 3261 excommunicationi
1461 3204 1708 3272 subjace-

136 3296 233 3350 bit.
264 3295 393 3351 Tibi
446 3310 576 3351 vero
621 3295 920 3367 apostolica
972 3293 1292 3349 auctoritate
1324 3300 1378 3346 ct
1406 3306 1503 3360 per
1527 3306 1712 3345 veram

136 3385 515 3440 obedientiam
545 3386 741 3440 iterum
768 3393 932 3453 atque
963 3383 1160 3437 iterum
1185 3381 1531 3451 prmcipimus
1559 3388 1618 3434 ut
1646 3381 1712 3434 ad

138 3475 417 3543 synodum
473 3475 529 3527 in
567 3473 707 3529 festo
755 3473 927 3528 sancti
974 3471 1218 3543 Dionysii
1265 3470 1524 3526 Vercellis
1581 3470 1715 3524 cele-

138 3562 408 3616 brandam
460 3562 669 3627 venias,
706 3572 765 3640 et
793 3577 984 3616 omnes
1034 3561 1403 3632 suffraganeos
1451 3569 1572 3615 tuos
1620 3575 1715 3627 per

136 3653 392 3706 eamdem
438 3652 802 3708 obedientiam
827 3653 1141 3708 admoneas.

139 3836 431 3909 Clerumttis
487 3836 585 3891 III
629 3798 1239 3909 pseudopapgepistola
1286 3839 1358 3892 ad
1410 3837 1712 3909 Rotbertum

207 3906 655 3978 Bambergensem
695 3906 1121 3978 ερίιέορωηης-
1163 3907 1340 3978 Monet
1371 3908 1526 3978 atad
1553 3923 1712 3978 syno;

206 3976 336 4055 dum
365 3976 662 4097 ‘accusator
685 3976 967 4047 Ruithardi
997 3976 1293 4046 Hoguntini
1336 3976 1711 4043 arclciepiscooi

206 4058 360 4096 uenia
393 4078 408 4097 .

352 4129 358 4133 ·
690 4134 870 4202 (Anno
900 4135 1180 4203 1097-98.)
1253 4110 1256 4114 λ

562 4218 757 4290 [Μλυει
779 4220 982 4275 Concil.
1017 4221 1137 4286 XX,
1162 4222 1315 4293 600.]

206 4315 470 4373 Caeneus
497 4317 807 4388 episcopus,
829 4332 1019 4373 servus
1043 4331 1323 4373 servorum
1346 4316 1460 4382 Dei,
1486 4316 1549 4369 lt.
1573 4330 1709 4372 con-

138 4406 296 4462 fratri
328 4415 388 4463 et
410 4406 743 4477 coepiscopo
775 4405 1228 4479 Babenbergensi,
1258 4405 1486 4462 salutem
1513 4413 1566 4460 et
1588 4421 1710 4475 apo-

138 4499 391 4554 stolicam
422 4498 873 4554 benedictionem.

204 4588 369 4657 Quod
381 4598 583 4647 contra
611 4588 858 4647 Ecclesia:
878 4590 1221 4647 demolitores
1232 4597 1287 4647 et
1307 4596 1523 4647 nostros
1543 4603 1708 4644 temu-

473 5900 763 5960 (ητιιοι.
805 5886 1007 5959 CXLV
1025 5893 1108 5950 tlt.

1803 708 1974 778 gavisi
2000 722 2211 773 sumus,
2247 707 2477 776 ideoque
2522 707 2616 760 tibi
2658 706 2859 775 gratias
2886 704 3187 760 referimus.
3217 708 3368 773 Quot

1803 807 1984 851 autem
2012 811 2132 865 qua:
2158 796 2222 850 de
2246 794 2485 867 Ecclesia
2515 804 2609 848 tua
2631 793 2897 865 .Romanze
2926 794 3088 848 «lebes
3122 794 3373 850 Ecclesiaé

1804 897 1855 940 te.
1890 887 1979 940 diu
2022 887 2221 955 injuste
2254 885 2557 941 detinuisse
2604 884 2868 953 patienter
2920 887 3371 955 exslnretavimus,

1804 992 1910 1029 non
1963 986 2183 1045 propter
2231 975 2592 1045 ignorantiam
2627 973 2881 1038 fecimus,
2940 977 3033 1029 sed
3085 979 3372 1046 gratuitam

1803 1067 2121 1121 obedientim
2176 1055 2282 1119 ttui:
2333 1065 2625 1133 praestolati
2680 1081 2872 1119 sutth
2920 1067 3411 1119 benevolentiam.‘

1803 1157 1861 1211 In
1894 1160 1994 1210 hoc
2039 1173 2205 1225 quam
2237 1172 2430 1226 parum
2480 1154 2842 1224 profecimus,
2880 1170 3163 1209 monemus
3195 1165 3277 1220 te,
3323 1166 3380 1208 et

1805 1248 2031 1302 ﬁrmiter
2078 1246 2422 1316 prazcipimus
2486 1256 2547 1299 ut
2589 1246 2735 1314 quod
2770 1246 2935 1300 debes
2978 1246 3178 1310 solvas,
3228 1246 3375 1298 abla—

1804 1347 2027 1406 tumque
2054 1346 2255 1390 temere
2281 1336 2568 1390 restituere
2603 1352 2712 1388 non
2748 1335 2984 1389 differas.
3018 1335 3071 1388 Si
3117 1337 3219 1388 hoc
3266 1350 3372 1388 non

1802 1424 2015 1489 feceris,
2052 1425 2215 1478 etiam
2242 1426 2508 1480 advortito
2535 1435 2723 1479 nostro
2754 1425 3086 1493 imperatori,
3115 1435 3168 1477 et
3199 1425 3375 1478 omni-

1803 1517 1904 1570 bus
1940 1516 2197 1570 fratribus
2224 1517 2429 1570 nostris
2464 1517 2676 1585 publice
2700 1526 2753 1569 et
2779 1532 2873 1585 per
2910 1517 3113 1585 legatos
3161 1527 3376 1571 nostros

1803 1608 2196 1677 querimoniam
2226 1608 2505 1663 faciemus.
2546 1608 2861 1677 Moguntina
2895 1610 3171 1678 episcopo,
3212 1625 3373 1678 quem

1805 1699 1959 1752 nobis
1989 1699 2241 1767 pessimis
2275 1699 2597 1751 criminibus
2621 1698 2929 1753 accusando
2976 1700 3276 1763 detulistis,
3309 1702 3376 1753 ad

1805 1788 2240 1855 respondendum
2283 1787 2439 1841 nobis
2488 1788 2734 1841 inducias
2778 1788 3024 1841 dedimus
3071 1788 3135 1839 ad
3181 1787 3374 1842 festum

1806 1876 1978 1929 sancti
2011 1875 2305 1931 Michaelis.
2337 1875 2473 1930 Huic
2520 1877 2595 1930 rei
2622 1886 2672 1930 te
2717 1892 2841 1930 cum
2873 1876 3082 1930 cmleris
3116 1875 3375 1930 fratribus

1808 1963 2008 2017 nostris
2036 1962 2287 2016 volumus
2335 1962 2615 2027 interesse,
2654 1972 2732 2028 ut,
2777 1963 2917 2017 sicut
2951 1976 3075 2016 eum
3107 1965 3373 2018 accusasti

1806 2054 2120 2117 absentem,
2178 2055 2251 2107 ita
2298 2053 2449 2107 illum
2492 2053 2633 2107 veris
2674 2053 3000 2106 testimoniis
3045 2054 3146 2106 sub
3190 2063 3374 2107 nostra

1807 2144 2126 2197 auctoritate
2152 2145 2488 2198 convincatis
2513 2153 2853 2211 prtesentem.
2886 2142 3132 2197 Relatum
3156 2153 3241 2199 est
3274 2159 3373 2197 no-

1808 2231 1889 2283 bis
1909 2247 1939 2284 a
1967 2231 2290 2301 quibusdam
2321 2234 2466 2301 quod
2491 2232 2691 2287 Iudaeis
2713 2234 3021 2302 baptizatis,
3054 2235 3237 2288 nescio
3266 2250 3371 2303 qua

1806 2322 2033 2386 ratione,
2052 2323 2377 2390 permissum
2401 2323 2471 2376 sit
2487 2332 2811 2392 apostatare,
2828 2324 3095 2392 ritumque
3114 2323 3377 2379 Judaismi

1805 2412 2069 2465 excolere.
2109 2411 2264 2477 Quod
2302 2412 2429 2481 quia
2457 2413 2757 2466 inauditmn
2784 2421 2942 2465 estet
2967 2426 3192 2480 prorsus
3225 2412 3375 2465 nefa-

1808 2500 1971 2561 rium,
1991 2510 2041 2554 te
2056 2509 2109 2554 et
2132 2516 2323 2555 omnes
2345 2501 2540 2555 fratres
2555 2510 2773 2555 nostros
2796 2501 2960 2554 verbo
2984 2500 3077 2554 Dei
3100 2501 3375 2555 constrin-

1806 2590 2002 2658 gimus,
2045 2591 2303 2659 quatinus
2340 2592 2413 2657 id,
2450 2593 2748 2647 secundum
2771 2576 3090 2645 canonicam
3130 2590 3371 2645 sanctio-

1807 2694 1931 2733 nem
1968 2688 2023 2732 et
2052 2680 2207 2749 juxta
2234 2678 2457 2743 Patrum
2486 2681 2751 2750 exempla,
2785 2679 3053 2749 corrigere
3088 2676 3375 2740 festinetis,

1779 2786 1874 2825 'ne
1917 2780 2315 2825 sacramentum
2364 2772 2643 2840 baptismi,
2696 2781 2749 2824 et
2781 2769 3056 2823 salutifera
3105 2769 3377 2822 invocatio

1809 2862 2044 2916 nominis
2069 2860 2282 2913 Domini
2308 2861 2553 2913 videatur
2574 2860 2861 2913 annullari.

2535 2968 2627 3022 Χῐ.

1810 3059 2045 3123 Clemens
2086 3056 2179 3109 III
2207 3059 2456 3128 mttipapa
2487 3056 2832 3128 G[odcbolrlo]
2864 3056 3230 3128 propositae!
3255 3057 3378 3128 uni—

1878 3144 2022 3180 rerso
2057 3128 2193 3179 clero
2231 3124 2860 3196 Mog/mitiumscribitd‘e
2903 3124 3164 3196 Ilutltonli
3201 3125 3379 3196 arclri-
3426 3132 3429 3133 ⁷

1878 3197 2106 3264 episcopi
2160 3191 2484 3247 criminibus.
2534 3194 2695 3264 Quem
2732 3194 2976 3264 dicit__ob_
3012 3191 3379 3264 Simoniarin-

1882 3260 2103 3331 famam
2129 3265 2355 3330 p::'mnm
2387 3282 2405 3313 ι
2446 3280 2540 3331 per
2566 3262 2813 3316 Romamn
2849 3260 3098 3331 Ecclesia:
3128 3260 3375 3312 cardina-

1881 3329 1955 3385 les
1993 3329 2291 3395 Warinnm,
2329 3329 2667 3386 Anastasium
2694 3340 2740 3383 ct
2765 3330 3155 3394 Adalmarinm,
3199 3339 3377 3398 postea

1883 3402 1947 3470 alt
2007 3401 2264 3470 episcopis
2314 3399 2551 3455 Tiderico
2602 3400 2883 3470 Albqrrcnsi
2941 3408 2991 3453 et
3047 3398 3376 3470 Rnoppcrtho

1887 3466 2198 3542 Ferentino,
2230 3479 2489 3542 postremp
2542 3487 2633 3539 per
2682 3468 2951 3542 IIng‘onem
2997 3469 3137 3542 sacri
3163 3466 3376 3542 palatii

1885 3539 2187 3601 diaconum,
2222 3536 2239 3590 ἡ
2278 3549 2356 3591 ter
2396 3536 2633 3593 vocatum
2670 3536 3012 3599 non’t’cnisse,
3046 3538 3151 3587 imo
3180 3536 3376 3587 riolata

1883 3606 2504 3687 imperatorisﬁdelitate
2531 3607 2766 3685 adfegui
2792 3622 2852 3687 (ις
2883 3605 3161 3683 sacerdotii
3194 3603 3373 3655 inimi-

1883 3669 1967 3730 (ἔοέ
1991 3693 2044 3730 se
2064 3669 2364 3739 contulisse,
2394 3676 2561 3744 iisque
2598 3669 2892 3739 E’odcital’is,
2918 3683 2985 3744 et“
3000 3673 3124 3744 ritca
3154 3682 3200 3724 et
3229 3688 3371 3744 coro-

1882 3761 1963 3799 nw
2014 3745 2342 3815 imperatoris
2377 3741 2686 3815 insidiatum
2720 3742 3036 3815 csseaglliis
3083 3741 3371 3815 ἰιςίςιεαιὶοἶ

1883 3815 2036 3868 nibus
2057 3811 2276 3880 additis,
2307 3814 2600 3867 obedientia
2636 3812 2897 3866 Rutlmrdi
2937 3828 3021 3865 eos
3055 3811 3243 3869 solrit;
3289 3811 3375 3861 cui

1884 3900 1945 3936 ne
1966 3883 2473 3952 quis'communicet,
2506 3883 2598 3935 sub
2624 3881 2974 3952 anathematis
3003 3896 3158 3952 poma
3209 3881 3373 3952 inter-

1883 3948 2031 4006 dicit.
2073 3972 2090 4003 ι
2121 3952 2259 4004 Data
2284 3968 2335 4020 ρ.
2370 3968 2439 4005 ni.
2474 3952 2700 4004 Tiderici
2726 3950 3037 4020 Aloanensis
3069 3948 3375 4020 cpiscopi_Iv

1885 4020 2009 4073 Iinl.
2030 4023 2177 4090 .Ang.
2203 4017 2446 4089 defuncto
2485 4019 2694 4090 Urbano
2714 4035 2777 4090 μ’
2806 4017 2932 4090 Kal.
2956 4019 3090 4090 Aug.
3128 4019 3238 4069 sine
3266 4018 3365 4090 ria-

1883 4092 1987 4142 tico
2016 4086 2348 4158 corporiset
2396 4089 2664 4157 sanguinis
2703 4088 2955 4158 Domini._
2986 4105 3003 4135 ι
3045 4086 3373 4158 («Legendum

1884 4160 2027 4233 [laud
2050 4152 2211 4213 dubie
2225 4168 2361 4233 _est:
2398 4152 2562 4233 ραῖιι.
2598 4186 2668 4233 -έ
2695 4172 2731 4210 ιι
2764 4155 2889 4208 Kal.
2923 4152 3082 4222 Aug.,
3135 4152 3377 4233 defuncto

1886 4227 2096 4280 Urbano
2133 4244 2182 4280 tv
2215 4227 2340 4280 Καί.
2374 4228 2508 4295 Aug.
2544 4228 2671 4292 etc.)

2395 4316 2573 4384 (Anno
2600 4312 2784 4378 1099.)

1812 4403 1990 4475 [Apud
2015 4394 2261 4459 Sentinati
2296 4403 2459 4457 Beitr.
2490 4418 2582 4456 sur
2640 4400 2879 4455 Mainzer
2924 4397 3105 4453 Gesch.
3138 4396 3203 4463 ll,
3253 4397 3377 4461 H5.

1883 4503 2018 4550 teste
2058 4493 2221 4548 δελετε
2269 4494 2487 4563 Hegesia
2531 4502 2675 4563 pont.
2716 4492 2894 4561 Rom,
2946 4491 3069 4546 447.
3112 4488 3355 4563 —lncip

1892 4605 1909 4636 ι
1942 4586 2153 4654 Quanta
2175 4586 2261 4645 bis
2288 4585 2637 4657 temporibus.
2685 4582 2748 4654 ο]

2992 5874 3069 5933 27
