  <div class='ocr_page' id='page_1' title='image "/cluster/home/n/w/nwhite01/storage/ocr_20150623/148/uva.x000829792/429.png"; bbox 0 0 3944 6424; ppageno 0'>
   <div class='ocr_carea' id='block_1_1' title="bbox 549 498 3788 554">
    <p class='ocr_par' dir='ltr' id='par_1_1' title="bbox 549 498 3788 554">
     <span class='ocr_line' id='line_1_1' title="bbox 549 498 3788 554; baseline -0.005 1"><span class='ocrx_word' id='word_1_1' title='bbox 549 498 3788 554; x_wconf 61' lang='lat' dir='ltr'><em>W</em></span> 
     </span>
    </p>
   </div>
   <div class='ocr_carea' id='block_1_2' title="bbox 1236 556 2793 821">
    <p class='ocr_par' dir='ltr' id='par_1_2' title="bbox 1236 556 2793 821">
     <span class='ocr_line' id='line_1_2' title="bbox 1236 556 2793 821; baseline -0.002 0"><span class='ocrx_word' id='word_1_2' title='bbox 1236 556 2195 821; x_wconf 70' lang='lat' dir='ltr'>APPENDIX</span> <span class='ocrx_word' id='word_1_3' title='bbox 2309 658 2793 820; x_wconf 83' lang='lat' dir='ltr'>TERT</span> 
     </span>
    </p>
   </div>
   <div class='ocr_carea' id='block_1_3' title="bbox 1501 556 3058 821">
    <p class='ocr_par' dir='ltr' id='par_1_3' title="bbox 1501 658 3058 821">
     <span class='ocr_line' id='line_1_3' title="bbox 1501 658 3058 821; baseline -0.001 -1"><span class='ocrx_word' id='word_1_4' title='bbox 1501 671 2195 821; x_wconf 79' lang='lat' dir='ltr'>PENDIX</span> <span class='ocrx_word' id='word_1_5' title='bbox 2309 658 3058 820; x_wconf 82' lang='lat' dir='ltr'>TERTIA.</span> 
     </span>
    </p>
   </div>
   <div class='ocr_carea' id='block_1_4' title="bbox 840 1062 3470 1244">
    <p class='ocr_par' dir='ltr' id='par_1_4' title="bbox 840 1062 3470 1244">
     <span class='ocr_line' id='line_1_4' title="bbox 840 1062 3470 1244; baseline -0.004 0"><span class='ocrx_word' id='word_1_6' title='bbox 840 1062 1819 1244; x_wconf 75' lang='lat' dir='ltr'>VETERA</span> <span class='ocrx_word' id='word_1_7' title='bbox 1951 1072 3470 1236; x_wconf 77' lang='lat' dir='ltr'><strong>MONUMENTA</strong></span> 
     </span>
    </p>
   </div>
   <div class='ocr_carea' id='block_1_5' title="bbox 1328 1337 2997 1520">
    <p class='ocr_par' dir='ltr' id='par_1_5' title="bbox 1328 1337 2997 1520">
     <span class='ocr_line' id='line_1_5' title="bbox 1328 1337 2997 1520; baseline -0.002 -64"><span class='ocrx_word' id='word_1_8' title='bbox 1328 1339 1899 1458; x_wconf 83' lang='lat' dir='ltr'><strong>CONTRA</strong></span> <span class='ocrx_word' id='word_1_9' title='bbox 1960 1337 2997 1520; x_wconf 85' lang='lat' dir='ltr'>SCHISMATICOS</span> 
     </span>
    </p>
   </div>
   <div class='ocr_carea' id='block_1_6' title="bbox 1865 1553 2462 1615">
    <p class='ocr_par' dir='ltr' id='par_1_6' title="bbox 1865 1553 2462 1615">
     <span class='ocr_line' id='line_1_6' title="bbox 1865 1553 2462 1615; baseline 0.003 -2"><span class='ocrx_word' id='word_1_10' title='bbox 1865 1554 2020 1614; x_wconf 73' lang='lat' dir='ltr'>1AM</span> <span class='ocrx_word' id='word_1_11' title='bbox 2062 1553 2263 1615; x_wconf 83' lang='lat' dir='ltr'>OLIM</span> <span class='ocrx_word' id='word_1_12' title='bbox 2305 1553 2462 1615; x_wconf 83' lang='lat' dir='ltr'>PRO</span> 
     </span>
    </p>
   </div>
   <div class='ocr_carea' id='block_1_7' title="bbox 1510 1699 2816 1842">
    <p class='ocr_par' dir='ltr' id='par_1_7' title="bbox 1510 1699 2816 1842">
     <span class='ocr_line' id='line_1_7' title="bbox 1510 1699 2816 1842; baseline -0.002 0"><span class='ocrx_word' id='word_1_13' title='bbox 1510 1699 2459 1842; x_wconf 60' lang='lat' dir='ltr'>annuente</span> <span class='ocrx_word' id='word_1_14' title='bbox 2535 1715 2816 1840; x_wconf 81' lang='lat' dir='ltr'>vn</span> 
     </span>
    </p>
   </div>
   <div class='ocr_carea' id='block_1_8' title="bbox 608 1928 3722 2056">
    <p class='ocr_par' dir='ltr' id='par_1_8' title="bbox 608 1928 3722 2056">
     <span class='ocr_line' id='line_1_8' title="bbox 608 1928 3722 2056; baseline -0.002 -54"><span class='ocrx_word' id='word_1_15' title='bbox 608 1943 922 2042; x_wconf 75' lang='lat' dir='ltr'>ALIISQUE</span> <span class='ocrx_word' id='word_1_16' title='bbox 955 1936 1344 1998; x_wconf 80' lang='lat' dir='ltr'><strong>NONNULLIS</strong></span> <span class='ocrx_word' id='word_1_17' title='bbox 1381 1931 1855 1994; x_wconf 83' lang='lat' dir='ltr'>PONTIFICIBUS</span> <span class='ocrx_word' id='word_1_18' title='bbox 1891 1931 2683 2056; x_wconf 47' lang='lat' dir='ltr'>RO‘llllgglgAfigNSCRlPTA,</span> <span class='ocrx_word' id='word_1_19' title='bbox 2723 1932 2813 1987; x_wconf 85' lang='lat' dir='ltr'>ET</span> <span class='ocrx_word' id='word_1_20' title='bbox 2848 1933 3032 1990; x_wconf 83' lang='lat' dir='ltr'>NUNC</span> <span class='ocrx_word' id='word_1_21' title='bbox 3070 1934 3339 1991; x_wconf 79' lang='lat' dir='ltr'><strong>PRIMUM</strong></span> <span class='ocrx_word' id='word_1_22' title='bbox 3377 1935 3443 1991; x_wconf 82' lang='lat' dir='ltr'><strong>IN</strong></span> <span class='ocrx_word' id='word_1_23' title='bbox 3481 1928 3722 1996; x_wconf 60' lang='lat' dir='ltr'>LUC“</span> 
     </span>
    </p>
   </div>
   <div class='ocr_carea' id='block_1_9' title="bbox 1518 2149 2404 2222">
    <p class='ocr_par' dir='ltr' id='par_1_9' title="bbox 1518 2149 2404 2222">
     <span class='ocr_line' id='line_1_9' title="bbox 1518 2149 2404 2222; baseline -0.003 -8"><span class='ocrx_word' id='word_1_24' title='bbox 1518 2217 1522 2222; x_wconf 69' lang='grc'>,</span> <span class='ocrx_word' id='word_1_25' title='bbox 1841 2149 2404 2214; x_wconf 80' lang='lat' dir='ltr'>‘STUDIO</span> 
     </span>
    </p>
   </div>
   <div class='ocr_carea' id='block_1_10' title="bbox 1475 2293 2856 2360">
    <p class='ocr_par' dir='ltr' id='par_1_10' title="bbox 1475 2293 2856 2360">
     <span class='ocr_line' id='line_1_10' title="bbox 1475 2293 2856 2360; baseline -0.004 -1"><span class='ocrx_word' id='word_1_26' title='bbox 1475 2296 1919 2360; x_wconf 81' lang='lat' dir='ltr'><strong>CLARISSIMI</strong></span> <span class='ocrx_word' id='word_1_27' title='bbox 1958 2295 2061 2356; x_wconf 85' lang='lat' dir='ltr'><strong>ET</strong></span> <span class='ocrx_word' id='word_1_28' title='bbox 2103 2293 2644 2355; x_wconf 81' lang='lat' dir='ltr'>ERUDITISSIMI</span> <span class='ocrx_word' id='word_1_29' title='bbox 2685 2295 2856 2354; x_wconf 68' lang='grc' dir='ltr'><strong>νιιιι</strong></span> 
     </span>
    </p>
   </div>
   <div class='ocr_carea' id='block_1_11' title="bbox 2063 2456 2294 2500">
    <p class='ocr_par' dir='ltr' id='par_1_11' title="bbox 2063 2456 2294 2500">
     <span class='ocr_line' id='line_1_11' title="bbox 2063 2456 2294 2500; baseline -0.009 0"><span class='ocrx_word' id='word_1_30' title='bbox 2063 2456 2294 2500; x_wconf 70' lang='lat' dir='ltr'>DOMI‘NI</span> 
     </span>
    </p>
   </div>
   <div class='ocr_carea' id='block_1_12' title="bbox 1431 2589 2898 2682">
    <p class='ocr_par' dir='ltr' id='par_1_12' title="bbox 1431 2589 2898 2682">
     <span class='ocr_line' id='line_1_12' title="bbox 1431 2589 2898 2682; baseline -0.002 0"><span class='ocrx_word' id='word_1_31' title='bbox 1431 2591 2119 2682; x_wconf 77' lang='lat' dir='ltr'>SEBASTIANI</span> <span class='ocrx_word' id='word_1_32' title='bbox 2194 2589 2898 2681; x_wconf 85' lang='lat' dir='ltr'><strong>TENGNAGEL</strong></span> 
     </span>
    </p>
   </div>
   <div class='ocr_carea' id='block_1_13' title="bbox 1187 2757 3111 2818">
    <p class='ocr_par' dir='ltr' id='par_1_13' title="bbox 1187 2757 3111 2818">
     <span class='ocr_line' id='line_1_13' title="bbox 1187 2757 3111 2818; baseline -0.001 -1"><span class='ocrx_word' id='word_1_33' title='bbox 1187 2763 1234 2817; x_wconf 84' lang='lat' dir='ltr'>J.</span> <span class='ocrx_word' id='word_1_34' title='bbox 1286 2761 1350 2817; x_wconf 80' lang='grc' dir='ltr'>υ.</span> <span class='ocrx_word' id='word_1_35' title='bbox 1399 2757 1737 2815; x_wconf 82' lang='lat' dir='ltr'>DOCTORIS</span> <span class='ocrx_word' id='word_1_36' title='bbox 1773 2758 1862 2814; x_wconf 85' lang='lat' dir='ltr'>ET</span> <span class='ocrx_word' id='word_1_37' title='bbox 1898 2757 2218 2814; x_wconf 63' lang='lat' dir='ltr'>CAESARE!</span> <span class='ocrx_word' id='word_1_38' title='bbox 2253 2757 2533 2813; x_wconf 67' lang='lat' dir='ltr'>VIENNE.</span> <span class='ocrx_word' id='word_1_39' title='bbox 2566 2758 3111 2818; x_wconf 70' lang='lat' dir='ltr'>BIBLIOTHECARH</span> 
     </span>
    </p>
   </div>
   <div class='ocr_carea' id='block_1_14' title="bbox 1809 2867 2532 2959">
    <p class='ocr_par' dir='ltr' id='par_1_14' title="bbox 1809 2867 2532 2959">
     <span class='ocr_line' id='line_1_14' title="bbox 1809 2867 2532 2959; baseline 0.003 -15"><span class='ocrx_word' id='word_1_40' title='bbox 1809 2889 1966 2959; x_wconf 82' lang='lat' dir='ltr'>(Opp.</span> <span class='ocrx_word' id='word_1_41' title='bbox 2001 2887 2232 2943; x_wconf 65' lang='grc' dir='ltr'>(ἐνεῖδετί</span> <span class='ocrx_word' id='word_1_42' title='bbox 2261 2887 2359 2956; x_wconf 82' lang='lat' dir='ltr'>VI,</span> <span class='ocrx_word' id='word_1_43' title='bbox 2383 2867 2532 2959; x_wconf 43' lang='lat'>$29).</span> 
     </span>
    </p>
   </div>
   <div class='ocr_carea' id='block_1_15' title="bbox 1940 3018 2379 3036">
    <p class='ocr_par' dir='ltr' id='par_1_15' title="bbox 1940 3018 2379 3036">
     <span class='ocr_line' id='line_1_15' title="bbox 1940 3018 2379 3036; baseline 0.002 -1"><span class='ocrx_word' id='word_1_44' title='bbox 1940 3018 2379 3036; x_wconf 50' lang='lat'>“*—</span> 
     </span>
    </p>
   </div>
   <div class='ocr_carea' id='block_1_16' title="bbox 858 3157 2415 3239">
    <p class='ocr_par' dir='ltr' id='par_1_16' title="bbox 858 3161 2414 3211">
     <span class='ocr_line' id='line_1_16' title="bbox 858 3161 2414 3211; baseline -0.002 0"><span class='ocrx_word' id='word_1_45' title='bbox 858 3171 939 3211; x_wconf 81' lang='grc' dir='ltr'>ΔΙ)</span> <span class='ocrx_word' id='word_1_46' title='bbox 972 3167 1244 3211; x_wconf 67' lang='lat' dir='ltr'><strong>NORILEM</strong></span> <span class='ocrx_word' id='word_1_47' title='bbox 1274 3165 1353 3208; x_wconf 78' lang='lat' dir='ltr'>ET</span> <span class='ocrx_word' id='word_1_48' title='bbox 1384 3161 1808 3207; x_wconf 70' lang='grc' dir='ltr'>οιλιιιεεωωί</span> <span class='ocrx_word' id='word_1_49' title='bbox 1831 3161 2035 3208; x_wconf 75' lang='lat' dir='ltr'><strong>VIBUM</strong></span> <span class='ocrx_word' id='word_1_50' title='bbox 2063 3165 2138 3208; x_wconf 74' lang='lat' dir='ltr'>AC</span> <span class='ocrx_word' id='word_1_51' title='bbox 2167 3164 2414 3209; x_wconf 76' lang='lat' dir='ltr'>DOMINU</span> 
     </span>
    </p>
   </div>
   <div class='ocr_carea' id='block_1_17' title="bbox 1921 3157 3478 3239">
    <p class='ocr_par' dir='ltr' id='par_1_17' title="bbox 1921 3157 3478 3220">
     <span class='ocr_line' id='line_1_17' title="bbox 1921 3157 3478 3220; baseline 0.004 -16"><span class='ocrx_word' id='word_1_52' title='bbox 1921 3162 2035 3208; x_wconf 76' lang='lat' dir='ltr'>um</span> <span class='ocrx_word' id='word_1_53' title='bbox 2063 3165 2138 3208; x_wconf 62' lang='lat' dir='ltr'>ac</span> <span class='ocrx_word' id='word_1_54' title='bbox 2167 3164 2488 3220; x_wconf 76' lang='lat' dir='ltr'>DOMINUM,</span> <span class='ocrx_word' id='word_1_55' title='bbox 2522 3160 2583 3208; x_wconf 78' lang='grc' dir='ltr'>ι).</span> <span class='ocrx_word' id='word_1_56' title='bbox 2619 3165 3055 3213; x_wconf 64' lang='lat' dir='ltr'>sanas&#39;runuu</span> <span class='ocrx_word' id='word_1_57' title='bbox 3083 3157 3478 3212; x_wconf 61' lang='lat' dir='ltr'>renouant.</span> 
     </span>
    </p>
   </div>
   <div class='ocr_carea' id='block_1_18' title="bbox 1119 3308 2678 3387">
    <p class='ocr_par' dir='ltr' id='par_1_18' title="bbox 1119 3308 2678 3387">
     <span class='ocr_line' id='line_1_18' title="bbox 1119 3308 2678 3387; baseline 0 -17"><span class='ocrx_word' id='word_1_58' title='bbox 1119 3315 1285 3371; x_wconf 87' lang='lat' dir='ltr'>Dum</span> <span class='ocrx_word' id='word_1_59' title='bbox 1314 3308 1876 3387; x_wconf 77' lang='lat' dir='ltr'>veterumchartas</span> <span class='ocrx_word' id='word_1_60' title='bbox 1908 3308 2106 3370; x_wconf 86' lang='lat' dir='ltr'>densa</span> <span class='ocrx_word' id='word_1_61' title='bbox 2133 3309 2408 3387; x_wconf 79' lang='lat' dir='ltr'>caligine</span> <span class='ocrx_word' id='word_1_62' title='bbox 2436 3326 2678 3371; x_wconf 88' lang='lat' dir='ltr'>mersas</span> 
     </span>
    </p>
   </div>
   <div class='ocr_carea' id='block_1_19' title="bbox 1040 3382 2642 3462">
    <p class='ocr_par' dir='ltr' id='par_1_19' title="bbox 1040 3382 2642 3462">
     <span class='ocr_line' id='line_1_19' title="bbox 1040 3382 2642 3462; baseline 0.001 -16"><span class='ocrx_word' id='word_1_63' title='bbox 1040 3390 1043 3393; x_wconf 80' lang='grc'><em>’</em></span> <span class='ocrx_word' id='word_1_64' title='bbox 1192 3385 1485 3462; x_wconf 82' lang='lat' dir='ltr'>Extrahis</span> <span class='ocrx_word' id='word_1_65' title='bbox 1511 3383 1584 3462; x_wconf 81' lang='lat' dir='ltr'>in</span> <span class='ocrx_word' id='word_1_66' title='bbox 1608 3382 1841 3462; x_wconf 86' lang='lat' dir='ltr'>lucem,</span> <span class='ocrx_word' id='word_1_67' title='bbox 1875 3401 1957 3445; x_wconf 87' lang='lat' dir='ltr'>ne</span> <span class='ocrx_word' id='word_1_68' title='bbox 1985 3382 2378 3462; x_wconf 72' lang='lat' dir='ltr'>pereantque</span> <span class='ocrx_word' id='word_1_69' title='bbox 2415 3404 2596 3448; x_wconf 84' lang='lat' dir='ltr'>caves</span> <span class='ocrx_word' id='word_1_70' title='bbox 2627 3411 2642 3448; x_wconf 90' lang='lat'><strong>:</strong></span> 
     </span>
    </p>
   </div>
   <div class='ocr_carea' id='block_1_20' title="bbox 1117 3459 2728 3542">
    <p class='ocr_par' dir='ltr' id='par_1_20' title="bbox 1117 3459 2728 3542">
     <span class='ocr_line' id='line_1_20' title="bbox 1117 3459 2728 3542; baseline 0.002 -20"><span class='ocrx_word' id='word_1_71' title='bbox 1117 3466 1145 3522; x_wconf 90' lang='lat' dir='ltr'>.l</span> <span class='ocrx_word' id='word_1_72' title='bbox 1156 3481 1269 3524; x_wconf 85' lang='lat' dir='ltr'>ure</span> <span class='ocrx_word' id='word_1_73' title='bbox 1285 3461 1414 3542; x_wconf 71' lang='lat' dir='ltr'>tibi</span> <span class='ocrx_word' id='word_1_74' title='bbox 1445 3459 1771 3538; x_wconf 86' lang='lat' dir='ltr'>applaudit</span> <span class='ocrx_word' id='word_1_75' title='bbox 1798 3459 2127 3523; x_wconf 73' lang='lat' dir='ltr'>doctorum</span> <span class='ocrx_word' id='word_1_76' title='bbox 2157 3459 2364 3536; x_wconf 76' lang='lat' dir='ltr'>turba,</span> <span class='ocrx_word' id='word_1_77' title='bbox 2397 3471 2728 3542; x_wconf 80' lang='lat' dir='ltr'>rogatque,</span> 
     </span>
    </p>
   </div>
   <div class='ocr_carea' id='block_1_21' title="bbox 1196 3537 2556 3618">
    <p class='ocr_par' dir='ltr' id='par_1_21' title="bbox 1196 3537 2556 3618">
     <span class='ocr_line' id='line_1_21' title="bbox 1196 3537 2556 3618; baseline 0.001 -19"><span class='ocrx_word' id='word_1_78' title='bbox 1196 3537 1388 3618; x_wconf 77' lang='lat' dir='ltr'>Tales</span> <span class='ocrx_word' id='word_1_79' title='bbox 1411 3544 1502 3618; x_wconf 57' lang='lat' dir='ltr'>ut</span> <span class='ocrx_word' id='word_1_80' title='bbox 1523 3537 1762 3618; x_wconf 76' lang='lat' dir='ltr'>pergas</span> <span class='ocrx_word' id='word_1_81' title='bbox 1777 3555 2074 3618; x_wconf 81' lang='lat' dir='ltr'>promere</span> <span class='ocrx_word' id='word_1_82' title='bbox 2103 3556 2356 3618; x_wconf 82' lang='lat' dir='ltr'>semper</span> <span class='ocrx_word' id='word_1_83' title='bbox 2381 3537 2556 3618; x_wconf 65' lang='lat' dir='ltr'>opes,</span> 
     </span>
    </p>
   </div>
   <div class='ocr_carea' id='block_1_22' title="bbox 1118 3614 2934 3691">
    <p class='ocr_par' dir='ltr' id='par_1_22' title="bbox 1118 3614 2934 3691">
     <span class='ocr_line' id='line_1_22' title="bbox 1118 3614 2934 3691; baseline 0 -13"><span class='ocrx_word' id='word_1_84' title='bbox 1118 3617 1256 3678; x_wconf 89' lang='lat' dir='ltr'>Sint</span> <span class='ocrx_word' id='word_1_85' title='bbox 1282 3614 1391 3676; x_wconf 91' lang='lat' dir='ltr'>alii</span> <span class='ocrx_word' id='word_1_86' title='bbox 1417 3614 1680 3685; x_wconf 85' lang='lat' dir='ltr'>CONDI,</span> <span class='ocrx_word' id='word_1_87' title='bbox 1715 3614 1844 3676; x_wconf 82' lang='lat' dir='ltr'>sint</span> <span class='ocrx_word' id='word_1_88' title='bbox 1872 3617 2122 3678; x_wconf 85' lang='lat' dir='ltr'>CLUSII</span> <span class='ocrx_word' id='word_1_89' title='bbox 2155 3623 2217 3676; x_wconf 89' lang='lat' dir='ltr'>et</span> <span class='ocrx_word' id='word_1_90' title='bbox 2242 3614 2462 3676; x_wconf 68' lang='lat' dir='ltr'>omnia</span> <span class='ocrx_word' id='word_1_91' title='bbox 2497 3616 2824 3691; x_wconf 82' lang='lat' dir='ltr'>claudant;</span> <span class='ocrx_word' id='word_1_92' title='bbox 2930 3666 2934 3670; x_wconf 25' lang='grc' dir='ltr'><strong>Α</strong></span> 
     </span>
    </p>
   </div>
   <div class='ocr_carea' id='block_1_23' title="bbox 1195 3691 2706 3756">
    <p class='ocr_par' dir='ltr' id='par_1_23' title="bbox 1195 3691 2706 3756">
     <span class='ocr_line' id='line_1_23' title="bbox 1195 3691 2706 3756; baseline 0.003 -6"><span class='ocrx_word' id='word_1_93' title='bbox 1195 3695 1293 3754; x_wconf 86' lang='lat' dir='ltr'>Tu</span> <span class='ocrx_word' id='word_1_94' title='bbox 1319 3692 1635 3752; x_wconf 78' lang='lat' dir='ltr'>PROMUS</span> <span class='ocrx_word' id='word_1_95' title='bbox 1666 3691 1851 3752; x_wconf 87' lang='lat' dir='ltr'>nobis</span> <span class='ocrx_word' id='word_1_96' title='bbox 1880 3699 2016 3753; x_wconf 87' lang='lat' dir='ltr'>esto</span> <span class='ocrx_word' id='word_1_97' title='bbox 2047 3701 2111 3753; x_wconf 90' lang='lat' dir='ltr'>et</span> <span class='ocrx_word' id='word_1_98' title='bbox 2141 3693 2456 3752; x_wconf 78' lang='lat' dir='ltr'>APERTA</span> <span class='ocrx_word' id='word_1_99' title='bbox 2486 3693 2706 3756; x_wconf 86' lang='lat' dir='ltr'>simul.</span> 
     </span>
    </p>
   </div>
   <div class='ocr_carea' id='block_1_24' title="bbox 1389 3969 2970 4072">
    <p class='ocr_par' dir='ltr' id='par_1_24' title="bbox 1389 3969 2970 4072">
     <span class='ocr_line' id='line_1_24' title="bbox 1389 3969 2970 4072; baseline 0.003 -8"><span class='ocrx_word' id='word_1_100' title='bbox 1389 3973 1968 4068; x_wconf 88' lang='lat' dir='ltr'>EPISTOLA</span> <span class='ocrx_word' id='word_1_101' title='bbox 2042 3969 2970 4072; x_wconf 77' lang='lat' dir='ltr'>NUNCUPATORIA</span> 
     </span>
    </p>
   </div>
   <div class='ocr_carea' id='block_1_25' title="bbox 630 4165 3792 4238">
    <p class='ocr_par' dir='ltr' id='par_1_25' title="bbox 630 4165 3792 4238">
     <span class='ocr_line' id='line_1_25' title="bbox 630 4165 3792 4238; baseline 0.001 -12"><span class='ocrx_word' id='word_1_102' title='bbox 630 4169 1096 4227; x_wconf 81' lang='lat' dir='ltr'>Reverendissimo</span> <span class='ocrx_word' id='word_1_103' title='bbox 1118 4177 1171 4224; x_wconf 81' lang='lat' dir='ltr'>et</span> <span class='ocrx_word' id='word_1_104' title='bbox 1205 4167 1572 4223; x_wconf 89' lang='lat' dir='ltr'>illustrissimo</span> <span class='ocrx_word' id='word_1_105' title='bbox 1603 4168 1821 4237; x_wconf 78' lang='lat' dir='ltr'>praesuli</span> <span class='ocrx_word' id='word_1_106' title='bbox 1846 4179 1911 4222; x_wconf 89' lang='lat' dir='ltr'>ac</span> <span class='ocrx_word' id='word_1_107' title='bbox 1945 4167 2168 4222; x_wconf 84' lang='lat' dir='ltr'>domino</span> <span class='ocrx_word' id='word_1_108' title='bbox 2194 4167 2416 4223; x_wconf 88' lang='lat' dir='ltr'>domino</span> <span class='ocrx_word' id='word_1_109' title='bbox 2438 4165 2716 4221; x_wconf 83' lang='lat' dir='ltr'>Melchiori</span> <span class='ocrx_word' id='word_1_110' title='bbox 2750 4166 2944 4232; x_wconf 78' lang='lat' dir='ltr'>KuzsL,</span> <span class='ocrx_word' id='word_1_111' title='bbox 2971 4168 3225 4238; x_wconf 88' lang='lat' dir='ltr'>episcopo</span> <span class='ocrx_word' id='word_1_112' title='bbox 3267 4167 3564 4226; x_wconf 76' lang='lat' dir='ltr'>Viennensi</span> <span class='ocrx_word' id='word_1_113' title='bbox 3603 4174 3792 4229; x_wconf 58' lang='lat' dir='ltr'>nomio</span> 
     </span>
    </p>
   </div>
   <div class='ocr_carea' id='block_1_26' title="bbox 565 4252 3801 4331">
    <p class='ocr_par' dir='ltr' id='par_1_26' title="bbox 565 4252 3801 4331">
     <span class='ocr_line' id='line_1_26' title="bbox 565 4252 3801 4331; baseline 0 -15"><span class='ocrx_word' id='word_1_114' title='bbox 565 4270 710 4327; x_wconf 87' lang='lat' dir='ltr'>nato,</span> <span class='ocrx_word' id='word_1_115' title='bbox 745 4262 1087 4330; x_wconf 80' lang='lat' dir='ltr'>episcopatus</span> <span class='ocrx_word' id='word_1_116' title='bbox 1132 4257 1479 4314; x_wconf 81' lang='lat' dir='ltr'>Neostadiani</span> <span class='ocrx_word' id='word_1_117' title='bbox 1523 4258 1949 4313; x_wconf 87' lang='lat' dir='ltr'>administratori</span> <span class='ocrx_word' id='word_1_118' title='bbox 1994 4259 2336 4324; x_wconf 85' lang='lat' dir='ltr'>conﬁrmato,</span> <span class='ocrx_word' id='word_1_119' title='bbox 2359 4252 2701 4312; x_wconf 47' lang='lat' dir='ltr'>cathedralis&quot;</span> <span class='ocrx_word' id='word_1_120' title='bbox 2739 4259 2983 4312; x_wconf 66' lang='lat' dir='ltr'>ecclesiae</span> <span class='ocrx_word' id='word_1_121' title='bbox 3029 4257 3354 4313; x_wconf 75' lang='lat' dir='ltr'>Viennensis</span> <span class='ocrx_word' id='word_1_122' title='bbox 3395 4264 3714 4331; x_wconf 67' lang='lat' dir='ltr'>praeposito,</span> <span class='ocrx_word' id='word_1_123' title='bbox 3748 4272 3801 4317; x_wconf 84' lang='lat' dir='ltr'>et</span> 
     </span>
    </p>
   </div>
   <div class='ocr_carea' id='block_1_27' title="bbox 566 4337 3800 4418">
    <p class='ocr_par' dir='ltr' id='par_1_27' title="bbox 566 4337 3800 4418">
     <span class='ocr_line' id='line_1_27' title="bbox 566 4337 3800 4418; baseline 0.001 -16"><span class='ocrx_word' id='word_1_124' title='bbox 566 4349 1188 4418; x_wconf 75' lang='lat' dir='ltr'>archigymnasiiibidem</span> <span class='ocrx_word' id='word_1_125' title='bbox 1219 4348 1553 4403; x_wconf 79' lang='lat' dir='ltr'>celeberrimi</span> <span class='ocrx_word' id='word_1_126' title='bbox 1590 4348 1934 4414; x_wconf 88' lang='lat' dir='ltr'>cancellario,</span> <span class='ocrx_word' id='word_1_127' title='bbox 1972 4363 2140 4403; x_wconf 64' lang='lat' dir='ltr'>sacrae</span> <span class='ocrx_word' id='word_1_128' title='bbox 2184 4337 2432 4402; x_wconf 73' lang='lat' dir='ltr'>caesareaa</span> <span class='ocrx_word' id='word_1_129' title='bbox 2476 4355 2531 4400; x_wconf 88' lang='lat' dir='ltr'>et</span> <span class='ocrx_word' id='word_1_130' title='bbox 2565 4347 2728 4414; x_wconf 74' lang='lat' dir='ltr'>regia:</span> <span class='ocrx_word' id='word_1_131' title='bbox 2757 4347 3027 4414; x_wconf 83' lang='lat' dir='ltr'>majestati</span> <span class='ocrx_word' id='word_1_132' title='bbox 3059 4364 3090 4400; x_wconf 90' lang='lat' dir='ltr'>a</span> <span class='ocrx_word' id='word_1_133' title='bbox 3126 4349 3388 4414; x_wconf 84' lang='lat' dir='ltr'>consiliis,</span> <span class='ocrx_word' id='word_1_134' title='bbox 3438 4349 3673 4404; x_wconf 89' lang='lat' dir='ltr'>Domino</span> <span class='ocrx_word' id='word_1_135' title='bbox 3698 4358 3800 4406; x_wconf 75' lang='lat' dir='ltr'>suo</span> 
     </span>
    </p>
   </div>
   <div class='ocr_carea' id='block_1_28' title="bbox 567 4437 2310 4500">
    <p class='ocr_par' dir='ltr' id='par_1_28' title="bbox 567 4437 2310 4500">
     <span class='ocr_line' id='line_1_28' title="bbox 567 4437 2310 4500; baseline -0.003 -9"><span class='ocrx_word' id='word_1_136' title='bbox 567 4437 1003 4500; x_wconf 84' lang='lat' dir='ltr'>clementissimo,</span> <span class='ocrx_word' id='word_1_137' title='bbox 1029 4446 1132 4491; x_wconf 87' lang='lat' dir='ltr'>etc.</span> <span class='ocrx_word' id='word_1_138' title='bbox 2304 4449 2310 4454; x_wconf 91' lang='grc'>·</span> 
     </span>
    </p>
   </div>
   <div class='ocr_carea' id='block_1_29' title="bbox 633 4519 3801 4594">
    <p class='ocr_par' dir='ltr' id='par_1_29' title="bbox 633 4519 3801 4594">
     <span class='ocr_line' id='line_1_29' title="bbox 633 4519 3801 4594; baseline 0.001 -15"><span class='ocrx_word' id='word_1_139' title='bbox 633 4526 972 4594; x_wconf 81' lang='lat' dir='ltr'>QuantOpere</span> <span class='ocrx_word' id='word_1_140' title='bbox 997 4527 1042 4578; x_wconf 79' lang='grc' dir='ltr'>οἱ</span> <span class='ocrx_word' id='word_1_141' title='bbox 1068 4527 1118 4587; x_wconf 79' lang='grc' dir='ltr'>ἐξ</span> <span class='ocrx_word' id='word_1_142' title='bbox 1139 4527 1384 4588; x_wconf 62' lang='lat' dir='ltr'>inst-iac,</span> <span class='ocrx_word' id='word_1_143' title='bbox 1416 4524 1780 4578; x_wconf 87' lang='lat' dir='ltr'>illustrissime</span> <span class='ocrx_word' id='word_1_144' title='bbox 1804 4533 1858 4578; x_wconf 91' lang='lat' dir='ltr'>et</span> <span class='ocrx_word' id='word_1_145' title='bbox 1881 4523 2326 4579; x_wconf 82' lang='lat' dir='ltr'>reverendissimc</span> <span class='ocrx_word' id='word_1_146' title='bbox 2361 4519 2579 4589; x_wconf 74' lang='lat' dir='ltr'>praesul,</span> <span class='ocrx_word' id='word_1_147' title='bbox 2613 4520 2817 4589; x_wconf 87' lang='lat' dir='ltr'>apertis</span> <span class='ocrx_word' id='word_1_148' title='bbox 2857 4520 3146 4587; x_wconf 80' lang='lat' dir='ltr'>machinis,</span> <span class='ocrx_word' id='word_1_149' title='bbox 3177 4523 3427 4592; x_wconf 79' lang='lat' dir='ltr'>telisque,</span> <span class='ocrx_word' id='word_1_150' title='bbox 3455 4533 3619 4594; x_wconf 86' lang='lat' dir='ltr'>atque</span> <span class='ocrx_word' id='word_1_151' title='bbox 3651 4527 3801 4581; x_wconf 50' lang='lat' dir='ltr'>cuni.</span> 
     </span>
    </p>
   </div>
   <div class='ocr_carea' id='block_1_30' title="bbox 564 4611 3798 4685">
    <p class='ocr_par' dir='ltr' id='par_1_30' title="bbox 564 4611 3798 4685">
     <span class='ocr_line' id='line_1_30' title="bbox 564 4611 3798 4685; baseline -0 -15"><span class='ocrx_word' id='word_1_152' title='bbox 564 4617 702 4672; x_wconf 86' lang='lat' dir='ltr'>culis</span> <span class='ocrx_word' id='word_1_153' title='bbox 723 4623 978 4685; x_wconf 80' lang='lat' dir='ltr'>pugnent,</span> <span class='ocrx_word' id='word_1_154' title='bbox 1006 4623 1065 4666; x_wconf 90' lang='lat' dir='ltr'>ut</span> <span class='ocrx_word' id='word_1_155' title='bbox 1087 4623 1488 4666; x_wconf 84' lang='lat' dir='ltr'>sacrosanctam</span> <span class='ocrx_word' id='word_1_156' title='bbox 1516 4613 1662 4666; x_wconf 88' lang='lat' dir='ltr'>illam</span> <span class='ocrx_word' id='word_1_157' title='bbox 1702 4614 2015 4682; x_wconf 85' lang='lat' dir='ltr'>pontificum</span> <span class='ocrx_word' id='word_1_158' title='bbox 2046 4613 2418 4667; x_wconf 82' lang='lat' dir='ltr'>Romanorum</span> <span class='ocrx_word' id='word_1_159' title='bbox 2461 4611 2807 4680; x_wconf 75' lang='lat' dir='ltr'>maiestatem</span> <span class='ocrx_word' id='word_1_160' title='bbox 2829 4621 2883 4666; x_wconf 87' lang='lat' dir='ltr'>et</span> <span class='ocrx_word' id='word_1_161' title='bbox 2917 4613 3294 4667; x_wconf 81' lang='lat' dir='ltr'>auctoritatem</span> <span class='ocrx_word' id='word_1_162' title='bbox 3338 4614 3561 4681; x_wconf 86' lang='lat' dir='ltr'>violent,</span> <span class='ocrx_word' id='word_1_163' title='bbox 3593 4616 3798 4672; x_wconf 68' lang='lat' dir='ltr'>labefa-</span> 
     </span>
    </p>
   </div>
   <div class='ocr_carea' id='block_1_31' title="bbox 568 4701 3796 4777">
    <p class='ocr_par' dir='ltr' id='par_1_31' title="bbox 568 4701 3796 4777">
     <span class='ocr_line' id='line_1_31' title="bbox 568 4701 3796 4777; baseline 0 -17"><span class='ocrx_word' id='word_1_164' title='bbox 568 4717 730 4770; x_wconf 84' lang='lat' dir='ltr'>ctcm,</span> <span class='ocrx_word' id='word_1_165' title='bbox 763 4721 826 4758; x_wconf 88' lang='lat' dir='ltr'>ac</span> <span class='ocrx_word' id='word_1_166' title='bbox 864 4704 1095 4771; x_wconf 87' lang='lat' dir='ltr'>denique</span> <span class='ocrx_word' id='word_1_167' title='bbox 1117 4701 1360 4756; x_wconf 87' lang='lat' dir='ltr'>funditus</span> <span class='ocrx_word' id='word_1_168' title='bbox 1387 4702 1629 4756; x_wconf 83' lang='lat' dir='ltr'>excisum</span> <span class='ocrx_word' id='word_1_169' title='bbox 1672 4711 1816 4768; x_wconf 88' lang='lat' dir='ltr'>eant,</span> <span class='ocrx_word' id='word_1_170' title='bbox 1847 4711 2103 4756; x_wconf 83' lang='lat' dir='ltr'>testatum</span> <span class='ocrx_word' id='word_1_171' title='bbox 2131 4701 2278 4767; x_wconf 84' lang='lat' dir='ltr'>facit,</span> <span class='ocrx_word' id='word_1_172' title='bbox 2305 4703 2423 4755; x_wconf 87' lang='lat' dir='ltr'>luce</span> <span class='ocrx_word' id='word_1_173' title='bbox 2458 4702 2751 4755; x_wconf 81' lang='lat' dir='ltr'>meridiana</span> <span class='ocrx_word' id='word_1_174' title='bbox 2799 4702 3019 4768; x_wconf 86' lang='lat' dir='ltr'>clarius,</span> <span class='ocrx_word' id='word_1_175' title='bbox 3040 4704 3352 4758; x_wconf 82' lang='lat' dir='ltr'>earumdem</span> <span class='ocrx_word' id='word_1_176' title='bbox 3398 4704 3796 4777; x_wconf 78' lang='lat' dir='ltr'>indefatigabile</span> 
     </span>
    </p>
   </div>
   <div class='ocr_carea' id='block_1_32' title="bbox 567 4790 3794 4863">
    <p class='ocr_par' dir='ltr' id='par_1_32' title="bbox 567 4790 3794 4863">
     <span class='ocr_line' id='line_1_32' title="bbox 567 4790 3794 4863; baseline 0 -13"><span class='ocrx_word' id='word_1_177' title='bbox 567 4796 826 4861; x_wconf 78' lang='lat' dir='ltr'>studium,</span> <span class='ocrx_word' id='word_1_178' title='bbox 851 4808 961 4863; x_wconf 86' lang='lat' dir='ltr'>quo</span> <span class='ocrx_word' id='word_1_179' title='bbox 985 4792 1255 4847; x_wconf 85' lang='lat' dir='ltr'>obsoletas</span> <span class='ocrx_word' id='word_1_180' title='bbox 1287 4791 1755 4846; x_wconf 89' lang='lat' dir='ltr'>schismaticorum</span> <span class='ocrx_word' id='word_1_181' title='bbox 1787 4791 2030 4855; x_wconf 81' lang='lat' dir='ltr'>all‘anias,</span> <span class='ocrx_word' id='word_1_182' title='bbox 2059 4791 2268 4860; x_wconf 86' lang='lat' dir='ltr'>apinas,</span> <span class='ocrx_word' id='word_1_183' title='bbox 2293 4799 2347 4845; x_wconf 90' lang='lat' dir='ltr'>et</span> <span class='ocrx_word' id='word_1_184' title='bbox 2373 4799 2747 4861; x_wconf 79' lang='lat' dir='ltr'>purgamenta,</span> <span class='ocrx_word' id='word_1_185' title='bbox 2773 4790 3013 4845; x_wconf 84' lang='lat' dir='ltr'>horridis</span> <span class='ocrx_word' id='word_1_186' title='bbox 3069 4791 3181 4861; x_wconf 81' lang='lat' dir='ltr'>jam</span> <span class='ocrx_word' id='word_1_187' title='bbox 3204 4793 3296 4848; x_wconf 91' lang='lat' dir='ltr'>diu</span> <span class='ocrx_word' id='word_1_188' title='bbox 3327 4795 3520 4849; x_wconf 87' lang='lat' dir='ltr'>merito</span> <span class='ocrx_word' id='word_1_189' title='bbox 3539 4797 3794 4850; x_wconf 80' lang='lat' dir='ltr'>damnata</span> 
     </span>
    </p>
   </div>
   <div class='ocr_carea' id='block_1_33' title="bbox 567 4866 3792 4953">
    <p class='ocr_par' dir='ltr' id='par_1_33' title="bbox 567 4866 3792 4953">
     <span class='ocr_line' id='line_1_33' title="bbox 567 4866 3792 4953; baseline 0 -17"><span class='ocrx_word' id='word_1_190' title='bbox 567 4885 820 4950; x_wconf 87' lang='lat' dir='ltr'>tenebris,</span> <span class='ocrx_word' id='word_1_191' title='bbox 849 4899 947 4938; x_wconf 89' lang='lat' dir='ltr'>ceu</span> <span class='ocrx_word' id='word_1_192' title='bbox 983 4898 1111 4936; x_wconf 85' lang='lat' dir='ltr'>nare</span> <span class='ocrx_word' id='word_1_193' title='bbox 1132 4866 1346 4947; x_wconf 86' lang='lat' dir='ltr'>canina,</span> <span class='ocrx_word' id='word_1_194' title='bbox 1380 4881 1724 4951; x_wconf 75' lang='lat' dir='ltr'>investigarit,</span> <span class='ocrx_word' id='word_1_195' title='bbox 1763 4890 1980 4946; x_wconf 87' lang='lat' dir='ltr'>eruunt,</span> <span class='ocrx_word' id='word_1_196' title='bbox 2005 4890 2059 4935; x_wconf 90' lang='lat' dir='ltr'>et</span> <span class='ocrx_word' id='word_1_197' title='bbox 2081 4881 2198 4934; x_wconf 88' lang='lat' dir='ltr'>dias</span> <span class='ocrx_word' id='word_1_198' title='bbox 2232 4881 2288 4933; x_wconf 90' lang='lat' dir='ltr'>in</span> <span class='ocrx_word' id='word_1_199' title='bbox 2309 4881 2532 4934; x_wconf 88' lang='lat' dir='ltr'>luminis</span> <span class='ocrx_word' id='word_1_200' title='bbox 2561 4893 2688 4934; x_wconf 86' lang='lat' dir='ltr'>oras</span> <span class='ocrx_word' id='word_1_201' title='bbox 2715 4879 2999 4935; x_wconf 81' lang='lat' dir='ltr'>confertim</span> <span class='ocrx_word' id='word_1_202' title='bbox 3041 4884 3369 4952; x_wconf 86' lang='lat' dir='ltr'>protrudunt</span> <span class='ocrx_word' id='word_1_203' title='bbox 3406 4903 3418 4936; x_wconf 89' lang='lat'>:</span> <span class='ocrx_word' id='word_1_204' title='bbox 3463 4874 3528 4938; x_wconf 79' lang='lat' dir='ltr'>ac</span> <span class='ocrx_word' id='word_1_205' title='bbox 3564 4885 3613 4939; x_wconf 75' lang='lat' dir='ltr'>si</span> <span class='ocrx_word' id='word_1_206' title='bbox 3664 4887 3792 4953; x_wconf 82' lang='lat' dir='ltr'>quid</span> 
     </span>
    </p>
   </div>
   <div class='ocr_carea' id='block_1_34' title="bbox 569 4969 3794 5042">
    <p class='ocr_par' dir='ltr' id='par_1_34' title="bbox 569 4969 3794 5042">
     <span class='ocr_line' id='line_1_34' title="bbox 569 4969 3794 5042; baseline 0.001 -19"><span class='ocrx_word' id='word_1_207' title='bbox 569 4972 625 5024; x_wconf 87' lang='lat' dir='ltr'>in</span> <span class='ocrx_word' id='word_1_208' title='bbox 648 4975 1006 5028; x_wconf 78' lang='lat' dir='ltr'>venerandum</span> <span class='ocrx_word' id='word_1_209' title='bbox 1034 4973 1161 5026; x_wconf 84' lang='lat' dir='ltr'>illud</span> <span class='ocrx_word' id='word_1_210' title='bbox 1184 4987 1351 5027; x_wconf 60' lang='lat' dir='ltr'>sacrm</span> <span class='ocrx_word' id='word_1_211' title='bbox 1378 4970 1695 5026; x_wconf 69' lang='lat' dir='ltr'>hierarchia:</span> <span class='ocrx_word' id='word_1_212' title='bbox 1718 4980 1896 5038; x_wconf 89' lang='lat' dir='ltr'>caput,</span> <span class='ocrx_word' id='word_1_213' title='bbox 1923 4970 2066 5039; x_wconf 86' lang='lat' dir='ltr'>quod</span> <span class='ocrx_word' id='word_1_214' title='bbox 2114 4969 2249 5036; x_wconf 83' lang='lat' dir='ltr'>Indi,</span> <span class='ocrx_word' id='word_1_215' title='bbox 2276 4969 2580 5038; x_wconf 65' lang='lat' dir='ltr'>Ethiopcs,</span> <span class='ocrx_word' id='word_1_216' title='bbox 2603 4970 2830 5036; x_wconf 83' lang='lat' dir='ltr'>Arabes,</span> <span class='ocrx_word' id='word_1_217' title='bbox 2857 4969 3054 5039; x_wconf 65' lang='lat' dir='ltr'>Persae,</span> <span class='ocrx_word' id='word_1_218' title='bbox 3082 4971 3316 5034; x_wconf 85' lang='lat' dir='ltr'>Tartari.</span> <span class='ocrx_word' id='word_1_219' title='bbox 3336 4975 3497 5028; x_wconf 83' lang='lat' dir='ltr'>etiam</span> <span class='ocrx_word' id='word_1_220' title='bbox 3519 4973 3794 5042; x_wconf 82' lang='lat' dir='ltr'>religionis</span> 
     </span>
    </p>
   </div>
   <div class='ocr_carea' id='block_1_35' title="bbox 569 5059 3795 5130">
    <p class='ocr_par' dir='ltr' id='par_1_35' title="bbox 569 5059 3795 5130">
     <span class='ocr_line' id='line_1_35' title="bbox 569 5059 3795 5130; baseline 0.001 -18"><span class='ocrx_word' id='word_1_221' title='bbox 569 5068 767 5114; x_wconf 69' lang='lat' dir='ltr'>nostra:</span> <span class='ocrx_word' id='word_1_222' title='bbox 785 5075 888 5113; x_wconf 91' lang='lat' dir='ltr'>non</span> <span class='ocrx_word' id='word_1_223' title='bbox 902 5063 1267 5126; x_wconf 87' lang='lat' dir='ltr'>consecranei,</span> <span class='ocrx_word' id='word_1_224' title='bbox 1284 5071 1343 5116; x_wconf 89' lang='lat' dir='ltr'>ut</span> <span class='ocrx_word' id='word_1_225' title='bbox 1359 5063 1546 5117; x_wconf 88' lang='lat' dir='ltr'>sileam</span> <span class='ocrx_word' id='word_1_226' title='bbox 1565 5061 1875 5130; x_wconf 72' lang='lat' dir='ltr'>Europam,</span> <span class='ocrx_word' id='word_1_227' title='bbox 1890 5075 2199 5130; x_wconf 89' lang='lat' dir='ltr'>supremam</span> <span class='ocrx_word' id='word_1_228' title='bbox 2217 5061 2358 5114; x_wconf 87' lang='lat' dir='ltr'>inter</span> <span class='ocrx_word' id='word_1_229' title='bbox 2378 5059 2720 5115; x_wconf 83' lang='lat' dir='ltr'>Christianos</span> <span class='ocrx_word' id='word_1_230' title='bbox 2742 5063 3117 5118; x_wconf 85' lang='lat' dir='ltr'>auctoritatem</span> <span class='ocrx_word' id='word_1_231' title='bbox 3140 5065 3382 5118; x_wconf 86' lang='lat' dir='ltr'>obtinere</span> <span class='ocrx_word' id='word_1_232' title='bbox 3402 5071 3730 5130; x_wconf 81' lang='lat' dir='ltr'>agnoscunt,</span> <span class='ocrx_word' id='word_1_233' title='bbox 3749 5065 3795 5119; x_wconf 86' lang='lat' dir='ltr'>si</span> 
     </span>
    </p>
   </div>
   <div class='ocr_carea' id='block_1_36' title="bbox 567 5151 3792 5224">
    <p class='ocr_par' dir='ltr' id='par_1_36' title="bbox 567 5151 3792 5224">
     <span class='ocr_line' id='line_1_36' title="bbox 567 5151 3792 5224; baseline 0 -16"><span class='ocrx_word' id='word_1_234' title='bbox 567 5154 717 5223; x_wconf 87' lang='lat' dir='ltr'>quid,</span> <span class='ocrx_word' id='word_1_235' title='bbox 737 5154 975 5220; x_wconf 87' lang='lat' dir='ltr'>inquam,</span> <span class='ocrx_word' id='word_1_236' title='bbox 990 5153 1232 5218; x_wconf 86' lang='lat' dir='ltr'>petulans</span> <span class='ocrx_word' id='word_1_237' title='bbox 1253 5153 1471 5223; x_wconf 86' lang='lat' dir='ltr'>aliquod</span> <span class='ocrx_word' id='word_1_238' title='bbox 1491 5153 1767 5224; x_wconf 80' lang='lat' dir='ltr'>ingenium</span> <span class='ocrx_word' id='word_1_239' title='bbox 1789 5151 1986 5218; x_wconf 88' lang='lat' dir='ltr'>amori,</span> <span class='ocrx_word' id='word_1_240' title='bbox 2003 5151 2147 5217; x_wconf 88' lang='lat' dir='ltr'>odio,</span> <span class='ocrx_word' id='word_1_241' title='bbox 2160 5151 2243 5205; x_wconf 85' lang='lat' dir='ltr'>vel</span> <span class='ocrx_word' id='word_1_242' title='bbox 2266 5151 2418 5206; x_wconf 90' lang='lat' dir='ltr'>lucro</span> <span class='ocrx_word' id='word_1_243' title='bbox 2437 5151 2730 5206; x_wconf 80' lang='lat' dir='ltr'>obnoxium</span> <span class='ocrx_word' id='word_1_244' title='bbox 2745 5153 2946 5210; x_wconf 86' lang='lat' dir='ltr'>chartis</span> <span class='ocrx_word' id='word_1_245' title='bbox 2972 5156 3112 5208; x_wconf 87' lang='lat' dir='ltr'>male</span> <span class='ocrx_word' id='word_1_246' title='bbox 3135 5155 3282 5206; x_wconf 85' lang='lat' dir='ltr'>sanis</span> <span class='ocrx_word' id='word_1_247' title='bbox 3301 5153 3547 5216; x_wconf 80' lang='lat' dir='ltr'>illeverit,</span> <span class='ocrx_word' id='word_1_248' title='bbox 3565 5152 3619 5206; x_wconf 90' lang='lat' dir='ltr'>id</span> <span class='ocrx_word' id='word_1_249' title='bbox 3637 5157 3792 5209; x_wconf 73' lang='grc' dir='ltr'><strong>ἀκαν-</strong></span> 
     </span>
    </p>
   </div>
   <div class='ocr_carea' id='block_1_37' title="bbox 567 5243 2124 5317">
    <p class='ocr_par' dir='ltr' id='par_1_37' title="bbox 567 5243 2124 5317">
     <span class='ocr_line' id='line_1_37' title="bbox 567 5243 2124 5317; baseline -0.001 -19"><span class='ocrx_word' id='word_1_250' title='bbox 567 5247 756 5317; x_wconf 53' lang='lat' dir='ltr'>eam/oi</span> <span class='ocrx_word' id='word_1_251' title='bbox 778 5243 866 5296; x_wconf 91' lang='lat' dir='ltr'>isti</span> <span class='ocrx_word' id='word_1_252' title='bbox 889 5250 942 5296; x_wconf 86' lang='lat' dir='ltr'>et</span> <span class='ocrx_word' id='word_1_253' title='bbox 965 5243 1393 5310; x_wconf 65' lang='grc' dir='ltr'>καλαμοσφάκται,</span> <span class='ocrx_word' id='word_1_254' title='bbox 1413 5243 1581 5296; x_wconf 74' lang='lat' dir='ltr'>veluti</span> <span class='ocrx_word' id='word_1_255' title='bbox 1604 5243 1743 5298; x_wconf 69' lang='lat' dir='ltr'>caalo</span> <span class='ocrx_word' id='word_1_256' title='bbox 1756 5243 2053 5297; x_wconf 81' lang='lat' dir='ltr'>demissum</span> <span class='ocrx_word' id='word_1_257' title='bbox 2083 5251 2124 5297; x_wconf 83' lang='lat' dir='ltr'>el</span> 
     </span>
    </p>
   </div>
   <div class='ocr_carea' id='block_1_38' title="bbox 2235 5243 3792 5317">
    <p class='ocr_par' dir='ltr' id='par_1_38' title="bbox 2235 5243 3792 5314">
     <span class='ocr_line' id='line_1_38' title="bbox 2235 5243 3792 5314; baseline 0.003 -19"><span class='ocrx_word' id='word_1_258' title='bbox 2235 5263 2361 5298; x_wconf 78' lang='grc' dir='ltr'><strong>ιαιον</strong></span> <span class='ocrx_word' id='word_1_259' title='bbox 2389 5243 2590 5312; x_wconf 88' lang='lat' dir='ltr'>aliquid</span> <span class='ocrx_word' id='word_1_260' title='bbox 2620 5244 2906 5314; x_wconf 89' lang='lat' dir='ltr'>arripiunt,</span> <span class='ocrx_word' id='word_1_261' title='bbox 2923 5246 3150 5308; x_wconf 88' lang='lat' dir='ltr'>cudunt,</span> <span class='ocrx_word' id='word_1_262' title='bbox 3182 5243 3468 5307; x_wconf 90' lang='lat' dir='ltr'>recudunt,</span> <span class='ocrx_word' id='word_1_263' title='bbox 3490 5258 3557 5297; x_wconf 88' lang='lat' dir='ltr'>ac</span> <span class='ocrx_word' id='word_1_264' title='bbox 3581 5253 3792 5299; x_wconf 84' lang='lat' dir='ltr'>tantum</span> 
     </span>
    </p>
   </div>
   <div class='ocr_carea' id='block_1_39' title="bbox 567 5329 3793 5399">
    <p class='ocr_par' dir='ltr' id='par_1_39' title="bbox 567 5329 3793 5399">
     <span class='ocr_line' id='line_1_39' title="bbox 567 5329 3793 5399; baseline 0 -11"><span class='ocrx_word' id='word_1_265' title='bbox 567 5351 675 5388; x_wconf 90' lang='lat' dir='ltr'>non</span> <span class='ocrx_word' id='word_1_266' title='bbox 699 5333 860 5387; x_wconf 88' lang='lat' dir='ltr'>cedro</span> <span class='ocrx_word' id='word_1_267' title='bbox 892 5338 946 5385; x_wconf 87' lang='lat' dir='ltr'>et</span> <span class='ocrx_word' id='word_1_268' title='bbox 979 5329 1378 5383; x_wconf 86' lang='lat' dir='ltr'>immortalitate</span> <span class='ocrx_word' id='word_1_269' title='bbox 1389 5330 1610 5399; x_wconf 74' lang='lat' dir='ltr'>dignum</span> <span class='ocrx_word' id='word_1_270' title='bbox 1632 5340 1873 5395; x_wconf 87' lang='lat' dir='ltr'>censent,</span> <span class='ocrx_word' id='word_1_271' title='bbox 1891 5341 2052 5399; x_wconf 87' lang='lat' dir='ltr'>atque</span> <span class='ocrx_word' id='word_1_272' title='bbox 2077 5332 2204 5387; x_wconf 87' lang='lat' dir='ltr'>hinc</span> <span class='ocrx_word' id='word_1_273' title='bbox 2231 5332 2438 5387; x_wconf 86' lang='lat' dir='ltr'>sinuosi</span> <span class='ocrx_word' id='word_1_274' title='bbox 2459 5332 2536 5386; x_wconf 90' lang='lat' dir='ltr'>illi</span> <span class='ocrx_word' id='word_1_275' title='bbox 2551 5331 2932 5396; x_wconf 78' lang='lat' dir='ltr'>Centuriarum</span> <span class='ocrx_word' id='word_1_276' title='bbox 2952 5341 3006 5386; x_wconf 91' lang='lat' dir='ltr'>et</span> <span class='ocrx_word' id='word_1_277' title='bbox 3026 5331 3458 5384; x_wconf 88' lang='lat' dir='ltr'>memorabilium</span> <span class='ocrx_word' id='word_1_278' title='bbox 3477 5335 3793 5388; x_wconf 83' lang='lat' dir='ltr'>recondita—</span> 
     </span>
    </p>
   </div>
   <div class='ocr_carea' id='block_1_40' title="bbox 564 5417 3794 5491">
    <p class='ocr_par' dir='ltr' id='par_1_40' title="bbox 564 5417 3794 5491">
     <span class='ocr_line' id='line_1_40' title="bbox 564 5417 3794 5491; baseline 0 -15"><span class='ocrx_word' id='word_1_279' title='bbox 564 5437 795 5490; x_wconf 88' lang='lat' dir='ltr'>rumque</span> <span class='ocrx_word' id='word_1_280' title='bbox 809 5423 1120 5483; x_wconf 84' lang='lat' dir='ltr'>lectionum,</span> <span class='ocrx_word' id='word_1_281' title='bbox 1147 5419 1344 5487; x_wconf 86' lang='lat' dir='ltr'>aliique</span> <span class='ocrx_word' id='word_1_282' title='bbox 1358 5419 1598 5486; x_wconf 81' lang='lat' dir='ltr'>ejusdem</span> <span class='ocrx_word' id='word_1_283' title='bbox 1613 5427 1752 5472; x_wconf 71' lang='lat' dir='ltr'>nota:</span> <span class='ocrx_word' id='word_1_284' title='bbox 1765 5419 1903 5470; x_wconf 89' lang='lat' dir='ltr'>male</span> <span class='ocrx_word' id='word_1_285' title='bbox 1925 5421 2031 5472; x_wconf 91' lang='lat' dir='ltr'>suti</span> <span class='ocrx_word' id='word_1_286' title='bbox 2043 5431 2317 5488; x_wconf 79' lang='lat' dir='ltr'>centones,</span> <span class='ocrx_word' id='word_1_287' title='bbox 2335 5431 2592 5491; x_wconf 81' lang='lat' dir='ltr'>tanquam</span> <span class='ocrx_word' id='word_1_288' title='bbox 2610 5423 2834 5477; x_wconf 81' lang='lat' dir='ltr'>vomicae</span> <span class='ocrx_word' id='word_1_289' title='bbox 2843 5432 2897 5476; x_wconf 89' lang='lat' dir='ltr'>et</span> <span class='ocrx_word' id='word_1_290' title='bbox 2907 5417 3271 5475; x_wconf 80' lang='lat' dir='ltr'>carcinomata</span> <span class='ocrx_word' id='word_1_291' title='bbox 3289 5421 3514 5476; x_wconf 65' lang='lat' dir='ltr'>sincera:</span> <span class='ocrx_word' id='word_1_292' title='bbox 3525 5425 3794 5488; x_wconf 84' lang='lat' dir='ltr'>veritatis,</span> 
     </span>
    </p>
   </div>
   <div class='ocr_carea' id='block_1_41' title="bbox 570 5508 3797 5580">
    <p class='ocr_par' dir='ltr' id='par_1_41' title="bbox 570 5508 3797 5580">
     <span class='ocr_line' id='line_1_41' title="bbox 570 5508 3797 5580; baseline -0 -15"><span class='ocrx_word' id='word_1_293' title='bbox 570 5511 899 5579; x_wconf 85' lang='lat' dir='ltr'>prodierunt,</span> <span class='ocrx_word' id='word_1_294' title='bbox 925 5511 1049 5564; x_wconf 87' lang='lat' dir='ltr'>licet</span> <span class='ocrx_word' id='word_1_295' title='bbox 1069 5509 1143 5561; x_wconf 92' lang='lat' dir='ltr'>illi</span> <span class='ocrx_word' id='word_1_296' title='bbox 1172 5508 1294 5577; x_wconf 90' lang='lat' dir='ltr'>ipsi,</span> <span class='ocrx_word' id='word_1_297' title='bbox 1322 5523 1459 5576; x_wconf 90' lang='lat' dir='ltr'>quos</span> <span class='ocrx_word' id='word_1_298' title='bbox 1503 5508 1637 5561; x_wconf 87' lang='lat' dir='ltr'>adeo</span> <span class='ocrx_word' id='word_1_299' title='bbox 1678 5515 1880 5571; x_wconf 87' lang='lat' dir='ltr'>amant,</span> <span class='ocrx_word' id='word_1_300' title='bbox 1911 5508 2133 5576; x_wconf 77' lang='lat' dir='ltr'>vulgant</span> <span class='ocrx_word' id='word_1_301' title='bbox 2169 5511 2607 5580; x_wconf 88' lang='lat' dir='ltr'>prostituuntque</span> <span class='ocrx_word' id='word_1_302' title='bbox 2642 5521 2914 5576; x_wconf 88' lang='lat' dir='ltr'>auctores,</span> <span class='ocrx_word' id='word_1_303' title='bbox 2937 5525 3188 5579; x_wconf 82' lang='lat' dir='ltr'>magnam</span> <span class='ocrx_word' id='word_1_304' title='bbox 3232 5521 3437 5580; x_wconf 88' lang='lat' dir='ltr'>partem</span> <span class='ocrx_word' id='word_1_305' title='bbox 3481 5512 3551 5566; x_wconf 89' lang='lat' dir='ltr'>ab</span> <span class='ocrx_word' id='word_1_306' title='bbox 3591 5514 3797 5568; x_wconf 86' lang='lat' dir='ltr'>horum</span> 
     </span>
    </p>
   </div>
   <div class='ocr_carea' id='block_1_42' title="bbox 570 5596 3796 5674">
    <p class='ocr_par' dir='ltr' id='par_1_42' title="bbox 570 5596 3796 5674">
     <span class='ocr_line' id='line_1_42' title="bbox 570 5596 3796 5674; baseline 0.002 -23"><span class='ocrx_word' id='word_1_307' title='bbox 570 5599 804 5670; x_wconf 75' lang='lat' dir='ltr'>profanis</span> <span class='ocrx_word' id='word_1_308' title='bbox 826 5601 1088 5670; x_wconf 81' lang='lat' dir='ltr'>dogmatis</span> <span class='ocrx_word' id='word_1_309' title='bbox 1120 5599 1386 5668; x_wconf 85' lang='lat' dir='ltr'>sectisque</span> <span class='ocrx_word' id='word_1_310' title='bbox 1411 5599 1559 5654; x_wconf 87' lang='lat' dir='ltr'>varie</span> <span class='ocrx_word' id='word_1_311' title='bbox 1580 5596 1828 5654; x_wconf 88' lang='lat' dir='ltr'>dissectis</span> <span class='ocrx_word' id='word_1_312' title='bbox 1853 5596 2168 5668; x_wconf 84' lang='lat' dir='ltr'>dissideant,</span> <span class='ocrx_word' id='word_1_313' title='bbox 2196 5607 2358 5669; x_wconf 85' lang='lat' dir='ltr'>atque</span> <span class='ocrx_word' id='word_1_314' title='bbox 2380 5601 2454 5657; x_wconf 85' lang='lat' dir='ltr'>ita</span> <span class='ocrx_word' id='word_1_315' title='bbox 2486 5600 2712 5668; x_wconf 81' lang='lat' dir='ltr'>asciam,</span> <span class='ocrx_word' id='word_1_316' title='bbox 2735 5614 2900 5668; x_wconf 90' lang='lat' dir='ltr'>quam</span> <span class='ocrx_word' id='word_1_317' title='bbox 2922 5599 3080 5656; x_wconf 91' lang='lat' dir='ltr'>nobis</span> <span class='ocrx_word' id='word_1_318' title='bbox 3105 5601 3344 5674; x_wconf 81' lang='lat' dir='ltr'>inﬂigere</span> <span class='ocrx_word' id='word_1_319' title='bbox 3367 5618 3566 5674; x_wconf 78' lang='lat' dir='ltr'>magno</span> <span class='ocrx_word' id='word_1_320' title='bbox 3590 5615 3796 5659; x_wconf 78' lang='lat' dir='ltr'>conatu</span> 
     </span>
    </p>
   </div>
   <div class='ocr_carea' id='block_1_43' title="bbox 571 5688 2606 5757">
    <p class='ocr_par' dir='ltr' id='par_1_43' title="bbox 571 5688 2606 5757">
     <span class='ocr_line' id='line_1_43' title="bbox 571 5688 2606 5757; baseline -0.013 -8"><span class='ocrx_word' id='word_1_321' title='bbox 571 5689 833 5757; x_wconf 73' lang='lat' dir='ltr'>laborant,</span> <span class='ocrx_word' id='word_1_322' title='bbox 862 5693 980 5745; x_wconf 70' lang='lat' dir='ltr'>suis</span> <span class='ocrx_word' id='word_1_323' title='bbox 1002 5688 1208 5744; x_wconf 61' lang='lat' dir='ltr'>tllidant</span> <span class='ocrx_word' id='word_1_324' title='bbox 1231 5688 1500 5745; x_wconf 84' lang='lat' dir='ltr'>cruribus.</span> <span class='ocrx_word' id='word_1_325' title='bbox 2541 5753 2545 5757; x_wconf 15' lang='grc' dir='ltr'><strong><em>ν</em></strong></span> 
     </span>
    </p>
   </div>
  </div>
