3944 6384
114 405 222 457 84Σὲ
1009 385 1293 454 sermo.
1340 401 1420 452 Ill.
1462 428 1529 438 -—
1564 399 1671 450 MUl

1790 397 1990 450 ΙΕΝΪΑ
2027 396 2484 452 GHEUORHNA.
3246 405 3276 456 8
3293 406 3347 457 it}

180 515 390 569 "OI'IIIN
434 516 613 584 itaque
641 513 1006 567 exsuscitatus
1047 512 1225 564 studio
1258 521 1310 564 et
1335 509 1620 572 industria,
1643 517 1770 561 utet
1791 521 1909 576 ego,
1943 522 2102 574 quem
2145 507 2197 557 iu
2229 505 2468 559 Ecclesia
2523 513 2660 557 tenet
2699 503 2778 572 (Β.
2810 505 3093 575 Augustini
3146 510 3197 561 ili
3235 522 3345 564 tum

116 593 323 674 usurpo
357 607 539 677 [epist.
575 604 720 675 1635])
745 604 812 656 ab
835 604 948 670 ipsa
979 605 1103 655 sedc
1131 602 1273 654 Petri
1298 600 1544 668 apostoli,
1569 598 1656 652 cui
1684 599 1982 666 pascendos
2010 612 2137 650 oves
2159 612 2286 648 suas
2318 597 2591 650 conmisit
2621 596 2889 656 Christus.
2923 613 3095 665 usque
3124 601 3187 653 ad
3213 617 3340 670 prm-

114 706 322 750 Senteni
349 698 726 765 episcopatum
749 694 1022 748 successio
1058 693 1434 750 sacerdotum;
1478 700 1691 743 tenuem
1729 689 2025 759 symbolam
2049 689 2284 757 aliquam
2340 687 2394 740 in
2435 698 2722 756 augustum
2754 689 2854 742 hoc
2896 701 2947 742 et
2999 693 3188 746 iisdem
3225 709 3360 747 cum.

114 787 223 839 sole
245 786 522 840 limitibus
548 785 1022 852 circtrmscriptum
1054 783 1333 837 catholicae
1362 781 1617 834 Ecclesia:
1648 779 2105 848 amphitheatrum
2138 776 2459 842 conferrem,
2493 779 2898 832 membranacea
2931 782 3174 849 quatiam
3217 798 3352 851 opu-

114 879 285 941 scula,
313 879 652 946 eictcroquin
678 877 784 929 situ
808 875 1166 943 squalorcque
1198 875 1457 942 peritura,
1476 881 1529 924 ct
1558 873 1721 925 lineis
1747 872 2036 939 blattisque
2062 871 2300 934 excussi,
2325 870 2609 937 exscripsi,
2642 880 2694 923 et
2722 875 3093 939 pancratiastie
3137 885 3349 928 nostra—

114 985 230 1020 rum
255 971 500 1038 partium
527 969 746 1038 eximio,
780 966 1075 1019 reverendo
1104 962 1163 1017 P.
1197 964 1397 1018 Jacobo
1431 964 1683 1016 Gretsero
1707 964 1982 1016 societatis
2007 961 2157 1027 Jesu,
2182 977 2288 1014 una
2316 977 2438 1015 cum
2469 961 2582 1014 suis
2605 963 2746 1031 typis
2804 965 3146 1031 exprimenda
3208 966 3350 1026 dedi,

113 1076 256 1128 quae,
285 1061 453 1129 cujus
472 1059 757 1114 commatis
779 1058 907 1122 sint,
933 1057 1266 1110 utlaciniosa
1291 1057 1534 1108 oratione
1548 1055 1831 1123 explicem,
1859 1055 2206 1123 supersedeo,
2237 1070 2304 1107 ne
2328 1053 2457 1108 illud
2486 1069 2516 1106 e
2548 1054 2706 1108 trivio
2727 1053 3066 1108 Lucilianum
3095 1057 3309 1112 audiam
3329 1093 3347 1112 .

681 1177 752 1186 —
783 1145 974 1199 Scruta
1007 1147 1235 1216 quidem,
1266 1155 1319 1198 ut
1351 1146 1556 1209 vendat,
1589 1147 1868 1198 scrutariu‘
1901 1145 2104 1211 (aiidat,

685 1239 1037 1308 Praefractam
1059 1239 1336 1307 strigilem,
1362 1239 1556 1291 soieam
1585 1239 1837 1306 improbu’
1869 1239 2225 1292 dimidiatam.

179 1349 317 1406 Illud
352 1352 576 1406 interim
611 1351 770 1420 clogii
805 1351 924 1404 vice
953 1350 1042 1415 sit,
1080 1349 1224 1418 quod
1273 1354 1552 1424 μακαρίτης
1600 1350 1687 1403 ille
1728 1351 2005 1403 annalium
2034 1349 2524 1404 ecclesiasticorum
2553 1365 2774 1418 promus
2805 1351 3009 1406 condus
3036 1351 3200 1404 illust.
3234 1368 3353 1405 car—
3413 1382 3415 1384 -

112 1442 309 1496 dinalis
367 1443 655 1507 Baronius,
685 1444 799 1496 lucc
856 1449 1039 1494 nostra
1089 1441 1290 1504 videre,
1316 1451 1368 1493 ct
1391 1441 1794 1494 commentariis
1825 1441 1940 1494 suis
1973 1442 2207 1496 inserere
2239 1440 2468 1493 summis
2489 1442 2628 1493 votis
2650 1442 2924 1510 discupiit,
2961 1457 3082 1510 quae
3103 1442 3350 1510 indeptus

114 1533 254 1586 haud
282 1533 660 1602 pmnitendum
707 1532 1009 1585 auctarium
1028 1529 1099 1582 XI
1138 1540 1191 1584 et
1233 1530 1325 1583 Xll
1362 1541 1506 1605 tomo
1538 1531 1826 1599 junxisset,
1858 1541 1911 1584 et
1949 1531 2341 1584 calumniarum
2366 1531 2482 1583 illas
2505 1531 2745 1594 nebulas,
2769 1549 2905 1598 quas
2934 1533 3097 1586 veluti
3131 1549 3174 1586 e-
3200 1535 3352 1602 plau-

111 1633 222 1677 stro
255 1624 311 1677 in
341 1623 668 1692 Gregorium
695 1619 803 1686 ΥΠ,
841 1621 1202 1675 Alexandrum
1227 1619 1292 1672 lll
1324 1631 1376 1674 et
1401 1621 1668 1673 Adrianur

1794 1663 1807 1684 ,
1833 1620 2013 1681 κηκὰδι
2041 1625 2137 1675 σὺν
2166 1623 2371 1693 γλώσσῃ
2403 1626 2482 1690 (ιιι
2509 1620 2823 1674 Callimachi
2850 1625 3028 1677 verbis
3063 1627 3205 1694 utar)
3226 1642 3349 1695 pro-

111 1711 369 1777 fundunt,
407 1713 604 1767 illustri
627 1713 729 1766 hoc
749 1711 993 1766 veritatis
1015 1712 1127 1766 sole
1147 1711 1702 1780 clarius‘dispulisset.
1735 1710 1817 1764 Sit
1844 1712 2026 1781 itaque
2052 1713 2168 1767 haec
2193 1720 2379 1766 nostra
2399 1711 2591 1780 Opella,
2622 1712 2784 1766 veluti
2815 1724 2972 1766 tenue
2997 1714 3208 1781 spicum
3231 1727 3354 1784 post

109 1818 366 1872 magnam
393 1803 756 1857 Baronianam
781 1811 1042 1870 segetem,
1065 1802 1336 1857 relictum.
3101 1879 3130 1880 η
3207 1877 3210 1880 ν

179 1892 360 1958 Quam
389 1903 486 1948 tuo
517 1894 716 1948 illustri
740 1893 976 1958 nomine,
1002 1880 1368 1971 illustrissime
1397 1891 1614 1961 praesul,
1649 1907 1746 1947 ceu
1803 1889 2033 1947 Palladis
2055 1891 2244 1962 :cgide,
2275 1899 2461 1946 contra
2477 1893 2798 1960 rupiconum
2827 1903 2883 1947 et
2925 1879 3351 1966 vitiliti—gatorum

111 1978 392 2038 incondita
418 1995 616 2051 rostra,
646 1993 863 2045 tectam,
896 1985 1098 2053 publici
1119 1984 1260 2052 juris
1285 1999 1429 2036 nunc
1455 1982 1615 2049 facio,
1651 1993 1703 2037 et
1726 1983 1842 2048 tibi,
1877 1994 1936 2038 ut
1983 1983 2227 2036 eamdem
2279 1983 2520 2036 laborum
2562 1993 2614 2035 et
2643 1984 3002 2050 periculorum
3028 1989 3198 2041 aleam
3230 2006 3351 2043 cum

111 2076 466 2142 pontiﬁcibus
500 2076 700 2130 nostris
719 2116 734 2140 ,
766 2091 903 2143 quos
928 2074 1150 2142 scriptio
1179 2081 1378 2136 tuetur,
1420 2089 1788 2141 saepenumero
1817 2074 2088 2139 subeunti,
2107 2075 2228 2140 jure
2277 2075 2479 2150 optimo
2504 2072 2564 2125 L.
2601 2072 2669 2124 Mi
2723 2073 2928 2128 dedico.
2955 2074 3033 2126 Tu
3053 2079 3216 2143 enim,
3242 2096 3356 2132 ma-

112 2180 212 2233 gne
235 2175 292 2219 et
323 2167 532 2220 invicte
565 2166 787 2229 athleta,
809 2181 969 2218 manu
992 2172 1243 2219 conserta
1274 2179 1400 2217 cum
1423 2163 1748 2217 adversariis
1771 2163 1961 2217 crebro
1988 2178 2330 2232 congressus,
2354 2178 2543 2216 eorum
2574 2164 2842 2230 strophas,
2861 2167 3079 2230 sutelas,
3100 2170 3354 2238 varieque

112 2265 401 2311 contexta:
447 2257 696 2324 technas,
733 2257 898 2310 veluti
952 2271 1164 2310 aranea:
1215 2257 1398 2320 telam,
1428 2255 1590 2309 unico
1637 2255 1745 2308 ictu
1771 2255 2056 2321 discidisti,
2091 2269 2263 2324 usque
2304 2256 2437 2309 adeo
2467 2264 2527 2308 ut
2560 2255 3025 2324 grandiloquentia
3055 2266 3166 2322 tua,
3198 2263 3351 2327 quasi

112 2347 424 2403 Mercuriali
450 2350 683 2418 quadam
717 2358 926 2415 catena,
961 2349 1215 2415 devincti,
1247 2349 1481 2418 perculsi
1507 2358 1561 2403 et
1584 2351 1859 2417 prostrati,
1888 2349 2100 2403 veritati
2141 2365 2335 2403 manus
2365 2350 2574 2412 darent,
2599 2358 2652 2401 et
2678 2349 2914 2416 ejeratis,
2947 2350 3144 2416 quibus
3168 2349 3352 2402 hacte—

111 2455 216 2493 nus
239 2441 441 2494 imbuti
463 2440 699 2505 fuerant,
737 2440 978 2509 profanis
1014 2441 1306 2510 mysteriis,
1332 2441 1386 2493 in
1415 2441 1534 2494 ﬁdei
1563 2449 1760 2494 nostrae
1792 2442 2105 2494 orthodoxae
2120 2456 2376 2493 numeros
2394 2440 2723 2508 transcripti,
2761 2454 2858 2506 pro
2883 2441 3067 2492 eadem
3089 2440 3224 2493 velle
3245 2442 3351 2505 uri,

111 2531 323 2596 vinciri,
357 2531 528 2600 virgis
554 2530 807 2599 ferroque
837 2530 1040 2596 necari,
1063 2545 1183 2585 sese
1213 2530 1566 2585 sacramentis
1583 2531 1789 2584 alacres
1811 2531 2152 2599 promptique
2174 2530 2490 2599 obligarent.
2519 2528 2576 2581 ln
2599 2543 2830 2598 quorum
2849 2529 3046 2581 animis
3070 2543 3236 2596 porro
3256 2531 3348 2582 ﬁr-

113 2622 328 2676 mandis
364 2622 497 2675 dum
527 2627 750 2674 strenue
787 2619 1094 2685 adlaboras,
1133 2628 1295 2690 caput
1338 2620 1441 2674 hoc
1477 2628 1650 2685 tuum,
1682 2620 1930 2685 religioni
1964 2619 2323 2689 propagandae
2364 2619 2637 2683 devotum,
2662 2626 3033 2686 praesentaneo
3068 2633 3208 2688 saepe
3252 2637 3350 2688 pro

111 2708 333 2766 Christo
364 2720 421 2766 et
450 2709 692 2766 Ecclesia
711 2710 830 2779 ejus
852 2710 1101 2779 objecisti
1128 2709 1390 2779 periculo,
1414 2717 1486 2775 et,
1511 2718 1834 2778 contemptis
1858 2709 2201 2763 inimicorum
2233 2709 2359 2763 hinc
2385 2710 2506 2764 inde
2534 2709 2932 2762 imminentium
2961 2709 3195 2776 insidiis,
3219 2727 3350 2764 con-

113 2808 314 2870 tempta
348 2803 476 2857 vitae
513 2800 794 2871 praesentis
839 2815 992 2866 cura,
1019 2808 1234 2855 interna:
1276 2799 1400 2854 vitae
1427 2799 1570 2853 viam
1606 2800 1830 2869 regiam,
1883 2800 2050 2854 totius
2083 2800 2402 2855 veneranda:
2445 2799 2784 2868 antiquitatis
2850 2800 3090 2870 vestigiis
3144 2802 3347 2868 tritam,

111 2904 373 2947 erronum
423 2892 758 2948 diverticulis
779 2900 836 2947 et
864 2892 1176 2962 praecipitiis
1206 2891 1462 2948 ﬁexucsis
1484 2891 1708 2962 insuper
1744 2891 1964 2959 habitis,
2007 2893 2303 2964 neopbytos
2336 2901 2458 2948 tuos
2509 2891 2739 2961 ingredi,
2773 2892 2942 2961 gratia
2965 2893 3121 2958 duce,
3149 2897 3344 2948 comite

112 2983 234 3049 ﬁde,
263 2993 587 3053 constanter
607 2985 887 3052 solideque
919 2983 1174 3039 docuisti.

181 3074 372 3147 Usque
403 3079 539 3132 adeo
565 3084 625 3130 ut
658 3075 845 3144 religio
878 3075 1164 3139 catholica,
1190 3085 1312 3142 quae
1338 3072 1700 3127 collabascere
1740 3072 1827 3126 hic
1850 3073 2107 3142 paulatim
2138 3088 2200 3126 ac
2216 3082 2360 3127 retro
2385 3073 2438 3126 in
2470 3071 2623 3141 pejus
2645 3070 2773 3126 ferri
2795 3080 2908 3125 tum
2944 3073 3203 3142 temporis
3227 3076 3344 3130 visa

110 3178 245 3235 erat,
271 3185 494 3223 omnem
526 3166 611 3222 sui
633 3166 861 3232 cultum,
888 3173 1139 3220 ornatum
1208 3179 1272 3218 ac
1297 3163 1715 3229 incrementum,
1753 3179 1862 3234 quo
1897 3182 2042 3220 nunc
2077 3166 2323 3235 splendet
2351 3175 2405 3218 et
2434 3163 2738 3228 cmorescit,
2761 3164 2857 3217 tibi
2899 3165 3013 3230 uni,
3052 3174 3113 3219 ut
3143 3166 3364 3222 incom-'

111 3259 339 3328 parabili
371 3257 760 3329 propugnatori
789 3298 804 3322 ,
837 3257 930 3326 qui
958 3272 1016 3312 se
1042 3271 1262 3311 murum
1293 3271 1358 3311 ac
1381 3257 1580 3309 vallum
1612 3258 1878 3310 aheneum
1919 3272 2016 3325 pro
2044 3258 2206 3310 domo
2229 3249 2442 3338 Domini
2487 3255 2748 3309 confertis
2796 3255 3035 3310 hostium
3095 3258 3215 3314 telis
3263 3263 3350 3313 vel

112 3349 309 3406 millies
335 3350 559 3418 objecit,
588 3347 898 3418 gratissimo
921 3362 980 3402 se
1003 3348 1198 3401 debere
1219 3348 1401 3400 animo
1427 3347 1775 3415 profiteatur,
1799 3363 1920 3415 quae
1943 3348 2066 3400 licet
2101 3365 2244 3401 nunc.
2284 3349 2475 3400 iterum
2519 3356 2820 3414 temporum
2867 3347 3059 3414 injuria
3104 3350 3351 3404 nonnihil

113 3438 198 3493 hic
223 3439 459 3494 delibari
485 3448 539 3492 et
563 3438 871 3492 adversaria
888 3436 1153 3491 cervicem
1183 3436 1407 3505 erigere,
1438 3436 1736 3504 pedemque
1760 3445 2006 3490 nostrum
2035 3452 2276 3504 premere
2327 3437 2590 3498 videatur,
2625 3451 2745 3504 spes
2789 3445 2870 3489 est
2909 3445 3086 3490 tamen
3124 3436 3348 3493 confore

113 3540 170 3584 ut
230 3545 372 3586 nova
422 3537 477 3584 et
520 3528 773 3598 ignobilis
830 3529 946 3583 lucc
967 3527 1223 3582 Titanum
1261 3527 1495 3590 soboles,
1519 3526 1717 3580 cmlum
1752 3527 2066 3595 cmlitesquc
2102 3525 2306 3580 nefarie
2339 3541 2677 3595 oppugnaris,
2709 3527 2944 3594 sUprcmi
2997 3525 3348 3586 Moderatoris

112 3623 276 3680 ductu
297 3621 689 3692 auspiciisque,
717 3619 874 3689 cujus
895 3620 1114 3674 decreta
1135 3618 1248 3690 ﬁgit
1267 3627 1320 3672 et
1335 3617 1528 3688 reﬁgit,
1548 3632 1612 3670 ex
1637 3617 1746 3671 alto
1775 3617 2000 3687 deiecta,
2029 3634 2124 3672 sua
2155 3627 2497 3688 aggestorum
2523 3617 2786 3694 montium
2823 3617 2964 3672 mole
3009 3619 3198 3674 obruta
3246 3638 3344 3692 0p—

113 3729 412 3783 pressaque
432 3713 650 3766 demum
682 3712 878 3780 jaceat.
909 3709 1204 3765 Conferant
1233 3711 1415 3779 itaque
1440 3711 1649 3779 pedem,
1685 3709 1894 3765 irruant
1926 3718 1978 3764 et
2001 3711 2315 3781 impugnent
2344 3709 2732 3763 andabatarum
2769 3707 2824 3762 in
2866 3724 3093 3777 morem,
3132 3715 3347 3767 terribi-

113 3803 215 3856 lem
254 3803 420 3865 hanc,
452 3809 508 3855 et
527 3809 589 3855 ut
613 3809 920 3854 castrorum
943 3799 1114 3853 aciem
1133 3799 1268 3853 bene
1302 3799 1626 3863 ordinatam,
1660 3799 1960 3853 Romanam
1996 3817 2121 3854 vere
2152 3810 2294 3854 statu
2322 3800 2526 3852 felicem
2562 3798 2856 3852 Ecclesiam
2886 3799 3344 3865 (utTertullianua

114 3892 236 3948 Afer
264 3894 343 3948 ait
383 3891 472 3966 [de
503 3891 808 3961 Prcescript.
841 3907 891 3946 c.
933 3891 1070 3964 56]),
1094 3891 1183 3946 cui
1213 3893 1384 3944 totam
1423 3889 1723 3944 doctrinam
1755 3891 1983 3958 apostoli
2020 3905 2142 3943 cum
2181 3905 2281 3942 suo
2316 3891 2576 3958 sanguine
2609 3889 2982 3956 profuderunt,
3012 3895 3101 3947 ubi
3153 3893 3343 3950 Petrus

112 3985 350 4053 passioni
373 3985 670 4039 Dominicaa
716 3983 1050 4052 adsequatur,
1076 3982 1168 4036 ubi
1189 3982 1392 4037 Paulus
1429 3979 1654 4036 Joannis
1697 3981 1842 4034 exitu
1895 3988 2209 4044 coronatur,
2237 3980 2328 4034 ubi
2360 3980 2640 4048 apostolus
2673 3977 2928 4047 Joannes,
2961 3993 3244 4054 postquam
3286 3988 3341 4041 in

113 4076 290 4128 oleum
313 4077 532 4148 igneum
587 4074 870 4128 demersus
922 4073 1058 4126 nihil
1102 4087 1300 4141 passus
1342 4078 1447 4137 est,
1481 4073 1536 4126 in
1580 4071 1814 4128 insulam
1859 4069 2148 4142 relegatur.
2191 4071 2364 4126 Stabit
2428 4071 2782 4126 nihilominus
2819 4073 2928 4148 illa,
2962 4083 3023 4128 ut
3058 4076 3340 4146 ἀδαμαντο-

112 4163 310 4223 πέδιλος
350 4166 488 4231 κίων,
518 4165 599 4232 ξιιι
642 4161 894 4217 columna
933 4171 988 4217 et
1034 4162 1434 4216 ﬁrmamentum
1476 4163 1739 4228 veritatis,
1783 4162 2041 4217 adversus
2087 4179 2248 4231 quam
2298 4179 2364 4217 ne
2401 4162 2696 4217 inferorum
2741 4165 2955 4231 quidem
2991 4175 3158 4231 porta:
3204 4184 3341 4234 pra:-

113 4253 390 4308 valebunt.
3016 4276 3019 4278 ’

179 4345 299 4411 Quo
319 4345 376 4398 in
411 4343 592 4398 omine
614 4343 869 4415 abjungo,
893 4353 947 4400 et
968 4352 1028 4397 ut
1051 4353 1209 4398 tenue
1229 4343 1335 4398 hoc
1360 4343 1702 4396 chartaceum
1726 4340 2132 4403 munusculum,
2159 4340 2474 4393 meritorum
2498 4340 2550 4392 in
2569 4355 2654 4393 mc
2684 4349 2900 4393 tuorum
2923 4355 3334 4412 mnemosynoa,

115 4434 318 4490 lubenti
344 4449 512 4488 manu
545 4443 599 4488 et
634 4449 826 4488 serena
862 4433 1058 4495 fronte,
1090 4432 1458 4488 illustrissime
1487 4431 1769 4494 Maecenas,
1801 4429 2060 4499 excipias,
2087 4439 2139 4484 et
2163 4430 2424 4484 editorem
2447 4444 2626 4495 suum,
2649 4445 2773 4483 cum
2799 4446 2964 4500 prope
2986 4431 3135 4486 solus

790 4522 986 4575 Tristes
1009 4524 1106 4576 hac
1142 4532 1444 4592 tempestate
1469 4522 1725 4577 Camenas

606 4610 954 4681 Respicis.....

115 4703 434 4760 auctoritate
463 4709 516 4757 et
539 4702 711 4772 gratia
749 4710 839 4755 tua
869 4699 1244 4768 complectaris
1270 4707 1323 4752 et
1353 4699 1558 4763 foveas,
1581 4710 1634 4752 et
1660 4701 1723 4755 ad
1757 4702 1964 4769 majora
1999 4702 2322 4771 publicanda
2346 4701 2682 4770 exstimules,
2719 4715 2871 4770 rogo,
2913 4711 2965 4756 et
3019 4717 3328 4771 supremum

115 4811 332 4862 numen,
363 4804 427 4850 ut
463 4803 691 4848 conatus
714 4803 835 4848 tuos
864 4790 1168 4860 reipublicae
1203 4790 1523 4843 Christiana:
1546 4793 1812 4842 salutares
1835 4800 2040 4843 annutu
2067 4808 2166 4844 suo
2215 4791 2388 4844 ﬁrmet
2416 4801 2820 4861 prosperetque,
2841 4807 2902 4846 ex
2929 4793 3108 4844 animo
3139 4807 3325 4845 voveo.

182 4887 300 4942 Dat.
333 4887 554 4941 Viennae
575 4885 939 4944 Austriorum,
969 4899 1033 4937 ex
1065 4881 1250 4937 Museo
1274 4882 1462 4952 Regio,
1488 4898 1584 4934 xui
1636 4883 1719 4936 die
1752 4881 1811 4934 D.
1849 4880 2128 4952 llippolyto
2158 4883 2390 4937 Austriae
2418 4883 2632 4937 tutelari
2653 4898 2825 4936 sacra.
2878 4881 3032 4932 Anno
3079 4882 3266 4934 salutis
3298 4899 3328 4935 a

118 4973 332 5032 Christo
364 4978 633 5032 restituta:
666 4967 821 5032 toti.
2329 4975 2685 5028 Sasismsus
2714 4969 3118 5022 TENGNAGEL

747 5041 753 5070 ‘
2060 5126 2062 5128 ι
2442 5061 2570 5113 iens
2598 5070 2650 5113 ct
2674 5060 2810 5113 Caes.
2842 5059 2969 5130 Reg.
3007 5060 3255 5116 Biblioth.

134 5197 2784 5221 Ἣ

3189 5199 3300 5218 ν--ς

1163 5317 1544 5404 INDEX
1611 5295 2291 5407 AUCTORUM.

123 5481 162 5553 ξε
325 5481 566 5553 Epistola
597 5484 654 5553 S.
685 5483 942 5538 Gebhardi
990 5484 1363 5553 archiepiscopi
1402 5481 1814 5553 Salisburgensis
1854 5485 1921 5537 ad
1957 5485 2332 5537 li'erimuimum
2355 5481 2647 5547 episcopum
2677 5477 2972 5530 .lleteuscm.

123 5550 182 5620 ῃ,
331 5550 453 5606 Vita
478 5552 534 5606 S.
572 5552 842 5605 Altinanm’
869 5552 1093 5620 episcopi
1115 5550 1496 5604 Passauiensis.

336 5623 458 5675 Vita
479 5622 542 5675 Β.
573 5620 831 5674 Tiemonis
855 5617 1224 5689 archiepiscopi
1250 5620 1678 5689 Salistmrgensis.

126 5685 205 5740 ιν.
337 5691 458 5745 Vita
484 5690 540 5744 S.
577 5689 809 5742 Anselmi
833 5685 1057 5744 episcopi
1080 5685 1341 5741 Lucensis.
