3944 6398
99 575 197 631 849

977 577 1262 633 APPEND.
1304 578 1388 632 lll.
1429 609 1492 618 -ο-
1530 579 1958 634 ΜΟΝΕΜΕΝΤΛ
1997 554 2460 638 ΟΒΕΟΟΒΙᾸΝΛ.

3224 591 3330 640 δὸν

101 691 370 747 contraria
396 690 639 746 sentiunt
660 698 713 744 et
740 691 1053 760 loquuntur.
1087 691 1197 747 Nos
1237 701 1438 758 autem,
1466 693 1665 747 moduli
1699 697 1742 751 Α
1772 711 1872 750 nos
1898 706 2214 766 sequantur.
2248 696 2304 750 lu
2332 697 2465 755 locis
2509 694 2774 762 siquidem
2802 693 2868 747 de
2903 693 3099 763 quibus
3134 705 3333 751 nostra

104 782 268 840 nostri
291 798 402 836 non
433 782 630 854 ignari,
660 782 726 836 ad
755 782 1128 838 instruendam
1152 783 1494 854 prudentiam
1515 794 1663 839 tuam

104 888 442 944 nequaquam
473 873 901 944 prorumpimus,
937 875 1081 944 quod
1105 891 1214 930 non
1246 876 1429 930 minus
1460 877 1664 931 ridicu-

105 965 211 1021 lum
242 963 385 1018 foret
418 981 587 1035 quam
611 965 659 1019 si
686 965 811 1034 quis
841 965 1010 1019 solem
1033 964 1247 1022 facibus
1279 967 1535 1035 adjuvare
1566 968 1670 1021 vel-

106 1057 190 1111 let.
219 1054 338 1112 Huc
364 1059 580 1113 accedit
607 1058 773 1128 quod,
801 1056 944 1112 sicut
970 1058 1199 1114 facultas
1237 1061 1338 1114 hoe
1373 1076 1477 1113 non
1501 1059 1667 1112 mini-

105 1156 252 1212 strat,
291 1149 376 1203 sic
405 1165 508 1205 nec
541 1149 790 1204 voluntas
809 1150 1067 1218 suggerit.
1100 1149 1406 1204 Tzediosum
1438 1165 1670 1217 namque

103 1250 153 1293 et
176 1255 640 1310 supervacaneum
660 1239 892 1305 videtur,
916 1240 1035 1297 illos
1064 1240 1430 1310 pneparandis
1451 1254 1671 1308 respono

106 1329 344 1384 sionibus
371 1345 596 1398 operam
640 1329 790 1395 dare,
817 1345 954 1398 quos
980 1344 1140 1383 nemo
1177 1329 1429 1398 dignatur
1461 1328 1668 1381 audire.

108 1418 304 1473 Harum
331 1418 619 1474 infortunii
648 1434 818 1491 genus
857 1428 940 1475 est
973 1419 1117 1489 quod
1141 1421 1400 1488 patimur,
1424 1419 1516 1488 qui
1540 1427 1593 1472 et
1619 1418 1675 1470 in

107 1509 284 1566 multis
318 1526 669 1577 aceusamur,
702 1518 756 1565 et
793 1519 974 1566 tamen
1017 1511 1226 1564 nullum
1257 1509 1554 1565 excusandi
1593 1509 1674 1562 lo-

107 1617 226 1654 cum
275 1601 481 1656 habere
515 1616 828 1672 possumus.
881 1600 1138 1656 Seniores
1193 1616 1430 1670 namque
1477 1599 1694 1664 nostri;

108 1689 310 1748 scilicet
330 1691 623 1768 contraria:
644 1691 816 1760 partis
839 1690 1100 1760 episcopi,
1137 1705 1262 1746 eam
1297 1706 1423 1744 cum
1449 1691 1564 1745 suis
1592 1705 1680 1744 sa-

107 1779 418 1836 cerdotibus
442 1779 836 1834 humanitatem
869 1779 924 1834 in
956 1779 1179 1849 agendis
1203 1777 1387 1833 causis
1426 1778 1681 1832 exhibere

106 1871 469 1941 dedignantur
510 1886 676 1940 quam
721 1885 824 1925 nec
867 1871 1108 1941 propriis
1147 1869 1447 1939 mancipiis
1490 1885 1682 1939 quem-

107 1976 269 2029 quam
291 1965 509 2031 oportet
534 1960 822 2030 denegare,
862 1975 972 2015 non
1006 1968 1220 2015 utentes
1243 1959 1296 2012 in
1325 1959 1480 2013 nobis
1500 1974 1683 2030 exem-

110 2051 193 2120 plo
215 2050 359 2104 beati
393 2049 496 2108 Job
517 2049 750 2104 dicentis
777 2065 790 2102 :
825 2047 885 2104 Si
910 2049 1196 2118 contempsi
1225 2048 1400 2103 subire
1417 2047 1683 2117 judicium
1718 2035 1758 2089 Β

110 2157 222 2198 cum
258 2157 408 2195 servo
444 2149 494 2195 et
532 2137 733 2193 ancilla
762 2155 876 2192 mea
911 2137 1032 2210 (Job
1059 2138 1234 2207 xxxx).

177 2229 253 2284 Ex
294 2247 418 2301 quo
448 2230 596 2285 enim
627 2230 743 2286 hare
778 2229 921 2284 inter
950 2245 1050 2285 nos
1077 2229 1487 2284 dissensionum
1523 2244 1681 2283 scan-

111 2321 228 2377 data
258 2321 398 2375 oriri
433 2329 736 2391 creperum,
767 2320 1016 2389 nunquid
1052 2319 1194 2384 illos,
1219 2313 1348 2374 licet
1373 2317 1682 2388 frequenter

111 2411 366 2467 etdevote
416 2411 641 2477 orando,
693 2425 918 2465 exorare
966 2411 1241 2480 potuimus
1290 2418 1579 2480 quatenus,
1615 2408 1682 2461 ad

114 2501 517 2559 reformandum
541 2499 798 2559 Ecclesia:
834 2498 1086 2565 formam,
1115 2509 1296 2554 etnos
1330 2500 1451 2554 illos
1495 2499 1684 2553 audire

110 2599 162 2642 et
191 2592 371 2646 audiri
393 2592 592 2646 abillis
613 2590 992 2654 concederent,
1027 2590 1422 2659 promittentes,
1460 2590 1508 2644 si
1543 2592 1683 2658 parti

114 2677 324 2733 illomm
355 2679 627 2749 justitiam
669 2677 850 2734 favere
883 2688 1176 2746 constaret,
1221 2695 1324 2734 nos
1359 2679 1476 2733 sine
1517 2679 1684 2734 dubio

114 2757 441 2825 sententiam
481 2770 695 2824 illorum
723 2779 1008 2826 secuturos

182 2858 287 2916 Sed
308 2857 542 2915 fortasse
563 2861 940 2930 ignorantibus
971 2861 1288 2916 incredibile
1301 2859 1518 2915 videtur
1537 2861 1684 2930 quod

114 2943 367 3019 dicimus,
407 2959 570 3007 tanta
598 2951 878 3022 dignitatis
909 2963 963 3008 et
998 2952 1313 3007 reverentia:
1356 2951 1505 3006 viros
1549 2952 1684 3004 aflli-

116 3042 216 3097 ctis
239 3034 656 3115 fratribus'non
701 3045 878 3100 solum
910 3046 1348 3114 compassionem
1377 3060 1486 3098 non
1526 3045 1682 3099 exhi-

116 3133 259 3200 bere,
279 3133 390 3188 sed
412 3143 467 3188 et
493 3133 766 3204 justitiam
792 3135 1080 3204 denegare.
1116 3135 1197 3189 Ad
1230 3133 1536 3190 faciendam
1566 3151 1684 3188 ver—

116 3223 199 3277 bis
231 3225 439 3280 nostris
469 3225 651 3291 fldem,
687 3234 904 3296 propter
939 3215 1232 3296 legationes
1259 3225 1587 3295 quibusdam
1615 3225 1682 3277 il-

117 3315 291 3369 lorum
323 3316 579 3386 privatim
616 3317 873 3384 directas,
927 3317 1074 3387 ipsas
1126 3332 1384 3387 personas
1424 3317 1683 3386 exprimi—
1716 3363 1756 3415 υ

119 3419 238 3456 mus
267 3419 407 3458 cum.
431 3405 634 3473 quibus
669 3407 724 3459 in
757 3407 975 3474 publico
1007 3407 1279 3475 colloquio
1301 3407 1439 3460 vivis
1465 3407 1688 3460 vocibus

119 3493 233 3548 hac
273 3501 508 3548 tractata
549 3501 707 3560 sunt;
754 3495 960 3550 scilicet
1009 3497 1484 3564 archiepiscopum
1532 3497 1690 3551 Colo-

121 3581 392 3648 niensem,
440 3581 729 3653 episcopos
783 3577 1296 3655 Babinlfergensem,
1355 3584 1688 3653 Spirensein,

118 3672 319 3727 electos
367 3669 649 3743 (electum)
701 3667 1133 3743 Trevererisem,
1163 3675 1366 3728 electos
1413 3674 1689 3742 (electum)

121 3760 548 3832 Trajectensem.
577 3762 700 3818 Istis
729 3764 1154 3833 peneemnibus
1183 3763 1435 3818 Saxonica
1465 3772 1520 3817 et
1545 3763 1692 3816 Thu-

120 3854 312 3924 ringia:
353 3854 611 3924 majores,
662 3856 756 3909 ubi
789 3856 1099 3914 condictum
1133 3865 1246 3922 est,
1281 3840 1510 3915 obviam
1532 3869 1694 3908 vene-

120 3951 269 4009 runt,
291 3952 378 4009 et,
400 3942 456 3996 in
495 3953 748 4014 ea'quam
779 3945 1129 4015 prmdiximus
1165 3945 1439 4000 sententia
1467 3959 1693 4000 concor—

119 4032 337 4100 danaes,
361 4034 508 4090 ultro
540 4049 610 4092 se
631 4034 1004 4095 discutiendos
1033 4036 1365 4101 obtulerunt,
1395 4052 1460 4092 ea
1506 4037 1694 4090 condi-

120 4114 266 4178 tiOne
285 4131 378 4188 ut,
397 4122 445 4177 si
478 4139 700 4192 causam
731 4141 885 4179 suam
907 4125 1062 4194 juxta
1086 4114 1229 4194 leges
1266 4136 1321 4179 et
1345 4128 1692 4185 eonsuetudi-
1741 4159 1744 4162 -

122 4213 642 4269 uesceciesiastieas
662 4213 950 4270 defendere
979 4231 1090 4270 non
1112 4223 1354 4283 possent,
1383 4215 1692 4268 sanioribus

122 4307 342 4364 illorum
393 4306 637 4380 consiliis
686 4305 1120 4376 acquiescerent,
1168 4321 1276 4360 non
1317 4291 1690 4360 confusionem

121 4397 224 4453 hoc
253 4405 595 4468 reputantes,
619 4399 689 4465 si,
714 4398 941 4455 meliora
955 4399 1284 4454 etviciuiora
1306 4400 1467 4453 saluti
1493 4399 1560 4452 ab
1587 4385 1692 4454 illis

118 4487 422 4555 discentes,
447 4504 686 4544 errorem
721 4505 884 4546 suum
912 4490 1300 4560 relinquerent.

191 4577 322 4636 [lac
349 4580 405 4634 in
429 4580 656 4636 auribus
679 4581 926 4649 omnium
949 4581 1042 4649 qui
1069 4581 1296 4640 aderant
1323 4596 1429 4635 non
1463 4590 1690 4636 conten-

1768 787 1938 853 partis
1968 788 2250 856 pontifices
2276 787 2486 855 expulsi
2528 794 2673 848 sunt,
2708 785 2970 839 doctrinae
3014 786 3115 839 sibi
3154 785 3334 842 locum

1771 877 2080 943 vindicant,
2120 879 2322 948 ibique,
2368 880 2422 932 in
2449 878 2705 932 Ecelesiis
2729 891 2837 930 non
2861 876 2998 943 suis,
3023 892 3150 931 oves
3177 878 3243 932 ad
3274 893 3335 934 se

1771 983 1879 1022 non
1914 969 2246 1038 pertinentes
2286 979 2559 1038 usurpata:
2599 967 2998 1038 praedicationis
3033 968 3233 1036 pabulo
3267 969 3338 1026 ad

1772 1058 1874 1113 hoc
1897 1076 2069 1129 usque
2106 1061 2556 1127 informaverunt,
2597 1071 2653 1113 ut
2689 1067 2933 1128 pastores
2957 1059 3078 1127 pios
3106 1076 3213 1113 non
3245 1076 3337 1114 so-

1771 1149 1882 1202 lum
1927 1150 2231 1220 despicere,
2269 1152 2363 1205 sed
2403 1151 2566 1206 etiam
2635 1149 2889 1218 persequi
2921 1149 3147 1219 dignum
3194 1151 3336 1204 arbi-

1773 1246 1887 1293 ll‘Cﬂ
1895 1247 2000 1294 tur.

1845 1329 1984 1400 Ergo
2012 1331 2058 1384 si
2086 1346 2328 1401 eousque
2355 1333 2532 1402 prodit
2584 1331 2846 1401 iniquitas
2893 1339 3079 1386 nostra
3120 1341 3179 1386 ut
3219 1332 3350 1385 nul-

1775 1418 1888 1472 lum
1921 1419 1988 1473 de
2022 1419 2365 1476 abet-ratione
2391 1433 2576 1478 nostra
2618 1422 2868 1476 dubietas
2907 1423 3086 1478 locum
3125 1422 3343 1485 habeat,

1776 1515 1830 1560 et
1861 1509 2033 1579 magis
2065 1511 2329 1578 plectendi
2370 1513 2543 1566 simus
2579 1529 2742 1581 quam
2789 1511 3066 1576 audiendi,
3105 1514 3351 1581 oportuit

1777 1606 1960 1652 tamen
2012 1600 2157 1654 viros
2204 1603 2297 1670 qui
2342 1601 2582 1670 ejusdem
2639 1603 2920 1656 nobiscum
2956 1611 3083 1656 sunt
3112 1603 3350 1656 nominis

1778 1698 1831 1743 et
1865 1689 2026 1745 oflicii
2066 1693 2451 1746 convertendis
2495 1693 2756 1746 fratribus
2798 1693 2977 1762 potius
3018 1707 3184 1760 quam
3223 1706 3346 1760 per-

1779 1781 1971 1836 dendis
1993 1783 2230 1849 studere,
2269 1785 2580 1838 errantibus
2610 1785 2752 1837 viam
2778 1783 3020 1837 veritatis
3044 1782 3352 1846 ostendere,

1781 1880 1835 1926 et
1860 1871 2192 1928 salutaribus
2223 1874 2447 1928 monitis
2484 1875 2659 1929 divisa
2699 1874 2940 1927 membra
2980 1873 3047 1926 ad
3084 1874 3352 1927 unitatem

1786 1963 2006 2018 lucrari.
2045 1962 2160 2019 lloc
2202 1965 2404 2018 bonum
2439 1973 2584 2019 esset
2623 1973 2678 2018 et
2707 1973 2987 2033 acceptum
3019 1979 3203 2018 coram
3236 1965 3356 2017 Sal-

1785 2064 1972 2109 vatore
2002 2063 2207 2118 nostro,
2233 2064 2292 2109 ut
2321 2057 2413 2124 qui
2445 2057 2510 2110 de
2540 2055 2874 2124 plenitudine
2911 2056 3029 2123 ejus
3067 2055 3353 2108 abundan-

1783 2146 1893 2202 tius
1916 2155 2263 2216 aceeperunt,
2286 2157 2564 2216 acceptam
2586 2163 2695 2215 pra:
2719 2145 2842 2198 aliis
2863 2145 3093 2214 gratiam
3116 2145 3172 2198 in
3195 2145 3355 2198 alter-

1787 2247 1969 2293 utrum
2018 2237 2465 2292 administrarent
2496 2236 2548 2302 (Ι
2583 2236 2698 2290 Pet.
2751 2235 2854 2304 iv),
2902 2235 3043 2289 sicut
3094 2235 3378 2303 scriptum.

1783 2315 1866 2383 est
1894 2347 1906 2380 :
1937 2328 2042 2392 Qui
2071 2329 2243 2392 audit,
2281 2328 2426 2380 dicat
2455 2343 2471 2378 :
2516 2315 2659 2380 chi.
2692 2325 2901 2379 Bonum
2944 2324 3163 2393 quidem
3189 2332 3358 2387 esset,

1783 2427 1836 2473 et
1867 2417 2225 2473 fraternitatis
2276 2417 2614 2470 amatoribus
2658 2423 2990 2484 competens,
3041 2395 3096 2467 in
3141 2413 3252 2478 tali,
3299 2420 3360 2467 ut

1786 2509 1961 2573 aiunt,
2002 2508 2301 2577 praecipitio
2337 2506 2558 2576 positos,
2599 2503 2765 2558 etiam
2809 2505 3054 2558 nolentes
3098 2504 3357 2565 retinere,

1787 2607 1991 2668 quanto
2017 2598 2188 2668 magis
2210 2613 2304 2652 eos
2325 2597 2418 2665 qui
2457 2610 2674 2649 summo
2704 2594 2757 2648 id
2783 2593 3054 2648 desiderio
3077 2601 3358 2661 expetunt,

1785 2699 1838 2742 et
1876 2688 2103 2742 rectiora
2129 2687 2450 2741 docentibus
2476 2685 2696 2739 obedire
2731 2685 2786 2738 in
2835 2690 3090 2752 promptu
3136 2682 3355 2734 habent.

1790 2775 1900 2828 Non
1938 2791 2098 2845 grave
2130 2785 2224 2831 aut
2254 2776 2605 2828 inhonestum
2647 2773 2976 2826 arbitrantes
3015 2771 3094 2825 sic
3140 2772 3208 2825 ab
3237 2771 3361 2825 aliis

1788 2866 1954 2930 vinci,
1991 2875 2049 2920 ut
2088 2874 2142 2920 et
2173 2865 2277 2935 ipsi
2311 2882 2471 2919 suum
2504 2880 2748 2919 errorem
2776 2865 3074 2918 vincerent.

1857 2957 2161 3023 Postremo,
2199 2957 2244 3012 si
2272 2966 2434 3010 tanta:
2457 2955 2844 3010 obstinationis
2870 2968 3118 3008 essemus
3140 2961 3201 3005 ιιι·
3227 2951 3363 3010 veri-

1789 3049 1917 3103 tatis
1967 3065 2147 3103 sermo
2185 3049 2238 3102 in
2275 3048 2433 3101 nobis
2479 3063 2586 3100 non
2621 3052 2836 3114 caperet
2872 3043 3050 3112 (Joan.
3080 3043 3222 3109 vui),
3257 3040 3359 3111 ipsi

1791 3146 1971 3192 tamen
2012 3138 2194 3206 impiis
2249 3137 2588 3204 iniquitatem
2627 3148 2784 3188 suam
2827 3131 3201 3186 annuntiando
3239 3130 3360 3184 ani-'-

1791 3247 1908 3285 mas
1930 3246 2060 3285 suas
2081 3230 2394 3283 liberarent.
2430 3225 2597 3279 Nobis
2629 3233 2808 3279 autem
2829 3265 2843 3289 ,
2879 3237 3113 3292 quorum
3139 3221 3364 3276 calami-

1793 3320 1920 3390 tatis
1942 3319 2077 3373 adeo
2099 3317 2282 3386 cupidi
2308 3324 2456 3379 sunt,
2481 3315 2748 3368 carbones
2770 3347 2772 3350 τ
2791 3312 2934 3382 ignis
2971 3319 3362 3382 congererent;

1791 3408 1918 3477 quia
1953 3416 2080 3460 tunc
2111 3405 2268 3459 nobis
2304 3403 2477 3471 major
2518 3401 2857 3455 confusionis
2891 3392 3141 3455 cumulus
3183 3413 3364 3452 accre-

1793 3505 1987 3559 sceret,
2019 3494 2259 3563 quando,
2293 3491 2474 3559 agnita
2507 3491 2753 3553 veritate,
2788 3487 2865 3542 ab'
2889 3490 2970 3546 eis
3004 3489 3071 3541 de
3105 3487 3360 3556 ignoran-

1796 3584 1866 3636 tia
1888 3577 2293 3636 excusationem
2319 3595 2427 3633 non
2466 3581 2810 3634 haberemus.

1862 3672 1974 3742 Age
1998 3688 2163 3737 nunc,
2207 3672 2528 3727 eharissime
2567 3671 2726 3726 Pater
2760 3682 2814 3726 et
2837 3671 3078 3738 domine,
3109 3671 3360 3741 quando-

1795 3763 2010 3831 quidem
2040 3777 2138 3816 nos
2174 3762 2377 3833 indigni
2405 3763 2714 3831 judicamur
2738 3779 2874 3832 quos
2904 3764 3129 3817 verbum
3168 3763 3364 3817 verita-

1795 3854 1864 3908 tis
1903 3839 2134 3918 erudiat,
2175 3868 2300 3906 cum
2341 3853 2526 3904 domus
2574 3869 2891 3922 exasperans
2940 3853 3154 3922 (Ezech.
3195 3855 3254 3923 ιι)
3287 3853 3364 3908 si-

1795 3959 1952 4008 mus;
1991 3952 2046 3996 tu
2100 3951 2303 4013 tamen,
2336 3943 2445 4008 cui,
2499 3959 2596 4012 pro
2645 3945 3019 3999 commorandi
3067 3945 3362 4008 vicinitate,

1794 4034 2137 4103 colloquendi
2191 4051 2315 4088 cum
2364 4035 2444 4088 eis
2489 4034 2702 4089 facilior
2751 4035 2928 4090 aditus
2970 4043 3148 4103 patet;
3182 4049 3362 4102 quem

1794 4125 1979 4190 etiam,
2012 4132 2124 4179 tam
2150 4140 2248 4192 pro
2272 4126 2397 4179 vita:
2429 4141 2594 4193 quam
2618 4125 2900 4193 dignitatis
2924 4125 3228 4189 honestate,
3274 4142 3362 4178 rc-

1794 4213 2006 4281 pulsam
2044 4213 2155 4282 pati
2187 4228 2292 4267 non
2347 4221 2560 4281 oportet
2595 4233 2606 4265 :
2642 4223 2720 4278 tu,
2768 4213 3020 4282 inquam,
3045 4213 3171 4282 .pro‘
3203 4214 3361 4267 nobis

1795 4296 2017 4357 verbum
2047 4301 2156 4365 fac;
2195 4311 2256 4356 tu
2288 4302 2385 4356 tibi
2419 4303 2557 4358 inter
2589 4319 2690 4358 nos
2718 4304 3032 4368 mediatoris
3065 4303 3235 4358 viCcm
3269 4322 3363 4357 as—

1796 4406 1968 4447 sume.
2008 4391 2145 4447 Audi
2169 4392 2238 4444 ab
2258 4392 2337 4445 eis
2361 4393 2504 4462 quod
2528 4393 2841 4459 audiamus;
2877 4408 2945 4448 ex
2967 4402 3019 4446 te
3043 4393 3190 4447 disce
3219 4393 3364 4460 quod

1795 4482 2028 4546 doceas;
2067 4482 2280 4552 inquire
2331 4484 2530 4554 quibus
2566 4482 2950 4553 ecclesiasticis
2991 4480 3363 4537 sanctionibus

1795 4590 2018 4629 causam
2067 4589 2221 4627 suam
2272 4574 2520 4641 probent,
2550 4581 2792 4626 nostram
2840 4569 3366 4638 veroimprobent;

122 4670 280 4735 tiose,
311 4670 408 4724 sed
441 4671 718 4731 humiliter
756 4677 1123 4745 proponentes
1167 4671 1301 4723 nihil
1337 4669 1687 4739 profecimus.
1725 4688 1769 4739 υ
1794 4673 2066 4732 quatenus
2094 4679 2190 4730 per
2217 4669 2266 4715 te
2300 4662 2422 4714 illos
2463 4661 2771 4724 audiamus,
2813 4675 2953 4728 quos
2987 4675 3081 4728 per
3130 4675 3187 4713 se
3216 4659 3371 4728 ipsos

81 4799 84 4806 .
123 4757 188 4812 Et
217 4775 369 4813 nunc
391 4775 556 4828 super
576 4761 692 4816 hac
711 4762 917 4828 omnia,
948 4760 1144 4816 fratres
1167 4768 1221 4816 et
1243 4760 1451 4816 domini
1495 4761 1693 4824 nostri,-

125 4845 259 4900 nihil
295 4845 551 4902 fraternis
591 4838 879 4910 calumniis
923 4860 977 4906 et
1022 4848 1504 4920 supplicationibus
1540 4849 1690 4913 moti,
1725 4877 1730 4882 ι

122 4952 186 4996 ea
231 4953 340 5010 qua
373 4947 667 5006 coeperunt
704 4955 832 5010 erga
865 4956 966 4996 nos
993 4941 1338 4997 induratione
1372 4935 1691 5010 perdurant,

127 5028 283 5084 nobis
312 5027 531 5098 quidem
574 5028 907 5104 audientiam
930 5032 1288 5102 denegantes;
1325 5032 1467 5098 aliis,
1492 5033 1691 5101 quibus

126 5122 308 5176 valent
338 5129 396 5175 et
444 5127 708 5188 quantum
746 5120 948 5185 valent,
983 5121 1204 5176 sinistra
1244 5123 1312 5176 de
1345 5121 1512 5178 nobis
1558 5123 1693 5177 insi-

126 5218 331 5276 nuant;
360 5225 462 5267 nos
484 5208 742 5265 seductos
756 5215 811 5263 et
837 5207 1170 5273 seductores,
1193 5224 1292 5263 nos
1311 5211 1562 5277 perﬁdos,
1590 5226 1692 5264 nos

125 5297 529 5361 instituendum
560 5299 828 5355 malorum
872 5305 1034 5366 caput
1083 5305 1138 5350 et
1176 5311 1398 5354 causam
1447 5313 1568 5351 esse
1615 5307 1692 5351 te-

125 5397 361 5460 stantur.
387 5388 545 5454 Quod
581 5393 724 5447 sicut
764 5390 1118 5454 incessanter,
1159 5388 1234 5442 ita
1271 5404 1372 5442 nec
1408 5387 1694 5443 efﬁcaciter

127 5481 342 5548 docent.
392 5476 627 5548 Adiuvat
655 5483 807 5546 enim
847 5480 1233 5545 sacerdotalem
1278 5478 1576 5532 doctrinam
1610 5493 1694 5531 re-

127 5541 268 5642 galis
299 5541 694 5636 munificentia,
718 5586 842 5640 qua:
876 5541 990 5626 uno
1021 5569 1320 5639 eodemque
1360 5569 1694 5626 in’citamenti

129 5676 326 5732 genere
374 5669 430 5715 et
468 5659 721 5714 doctores
763 5661 1027 5719 facundos
1075 5671 1131 5720 et
1176 5661 1452 5717 auditores
1489 5660 1696 5740 dociles

131 5753 308 5830 reddit
357 5760 414 5806 et
458 5764 704 5820 capaces.
769 5751 1003 5808 Tantum
1054 5753 1412 5825 persuadendi
1455 5752 1694 5807 studium

130 5839 282 5900 tanta
303 5841 670 5918 plurimorum
692 5841 984 5903 credulitas
1004 5844 1294 5900 subsecuta
1315 5853 1419 5908 est,
1456 5850 1513 5895 ut
1533 5842 1697 5896 etiam

132 5951 265 5992 oves
294 5942 500 5992 nostra:
521 5948 703 5988 vocem
738 5941 977 6008 nostram
1021 5949 1129 5990 non
1165 5931 1406 6001 audiant,
1441 5933 1535 5988 sed
1553 5932 1702 6000 .nlie1

1795 4753 1982 4807 audire
2007 4767 2114 4806 non
2142 4752 2431 4819 contingit,
2481 4760 2534 4804 et
2587 4751 2732 4820 quod
2783 4752 2986 4822 proprii
3034 4752 3146 4806 oris
3187 4751 3370 4803 cilicio

1795 4843 2082 4910 impetrare
2117 4829 2222 4895 non
2255 4841 2550 4910 potuimus,
2573 4856 2668 4911 per
2697 4841 2978 4912 allegantis
3005 4838 3364 4912 reverentiam

1795 4948 2216 5001 consequamur.
3366 4933 3379 4971 '

1867 5025 2022 5091 Quod
2054 5027 2121 5092 si,
2156 5035 2261 5078 tuae
2303 5023 2555 5078 eharitati
2597 5010 3024 5089 acquiescentes,
3075 5018 3215 5097 hanc
3251 5032 3281 5070 a
3316 5025 3368 5072 te

1797 5115 2227 5170 vicissitudinem
2266 5114 2489 5180 exigunt
2533 5118 2612 5177 ut,
2646 5109 2786 5163 sicut
2840 5125 2994 5163 suam
3048 5110 3236 5172 nobis,
3292 5109 3366 5161 ita

1797 5214 2038 5258 nostram
2087 5203 2193 5256 illis
2225 5203 2548 5256 sententiam
2592 5201 2858 5268 insinues,
2894 5203 2981 5256 dic
3016 5202 3160 5270 quod
3195 5203 3359 5267 nosti,

1795 5297 1884 5349 die
1922 5294 2066 5363 quod
2113 5294 2248 5346 nihil
2278 5309 2479 5346 novum
2506 5335 2520 5358 ,
2564 5293 2700 5348 nihil
2735 5295 3052 5349 inusitatum
3085 5294 3358 5355 cudimus,
3388 5312 3391 5313 ν

1797 5381 1934 5437 nihil
1985 5399 2015 5436 a
2062 5382 2219 5436 nobis
2258 5383 2430 5452 quasi,
2467 5384 2754 5448 ernobis,
2807 5385 2901 5438 sed
2954 5382 3097 5450 quod
3150 5380 3361 5434 audivi-

1798 5491 1923 5530 mus
1997 5484 2052 5528 et
2107 5475 2385 5541 vidimus,
2451 5475 2596 5542 quod
2683 5483 2861 5542 patres
2937 5472 3107 5524 nostri
3165 5487 3327 5524 narra

1797 5573 1992 5620 verunt
2031 5564 2188 5618 nobis
2237 5561 2410 5630 (Psal.
2459 5561 2701 5628 Lxxvn),
2751 5559 2884 5613 nihil
2914 5559 2980 5611 de
3017 5560 3173 5612 nobis
3219 5575 3356 5626 prm-

1799 5663 2115 5716 sumentes,
2187 5651 2280 5705 sed
2349 5651 2528 5718 potius
2590 5649 2831 5702 contenti
2878 5656 3022 5702 stare
3068 5657 3122 5701 et
3180 5656 3360 5700 tenere

1801 5745 2118 5799 traditiones
2157 5757 2294 5809 quas
2362 5739 2651 5794 didicimus
2701 5736 2790 5808 (II
2849 5736 3026 5789 Thess.
3090 5737 3172 5806 ιι),
3226 5737 3360 5790 nihil

1802 5852 1897 5906 per
1925 5832 2321 5888 contentionem
2340 5872 2354 5895 ,
2388 5830 2521 5882 nihil
2553 5845 2648 5898 per
2677 5827 3209 5898 argumentationum
3239 5844 3361 5881 ver-

1805 5928 2031 5991 sutiam,
2079 5938 2215 5993 quge,
2245 5920 2463 5979 inimica
2498 5927 2598 5992 .est
2629 5919 2771 5974 fidei.
2832 5917 2986 5982 Quod
3025 5934 3124 5973 nec
3161 5933 3360 5987 propo-
