3944 6420
554 532 650 588 sst
1202 556 1209 569 ο
1565 540 1665 633 AD.
1695 542 1923 599 OPERA
1962 545 2017 600 s.
2061 502 2386 604 cneconn
2420 526 2897 610 spernendis
3244 602 3247 605 ς
3673 566 3789 622 852

552 646 644 702 siti
694 646 866 702 nostri
907 655 1021 713 est,
1075 663 1174 704 nec
1196 676 1199 680 -
1221 651 1435 718 astatis;
1474 651 1608 723 quin
1645 654 1828 725 potius
1881 672 1945 712 ea
1988 672 2112 728 quae
2137 656 2183 713 A
2211 657 2321 713 imo
2345 662 2643 745 secundum
2670 652 3077 735 idos,,aliorum
3105 664 3328 739 Patrum
3370 674 3595 744 cepiosa
3624 677 3783 751 mul-

555 738 867 808 hujnsmodi
920 750 1047 794 sunt
1078 742 1221 795 aetati
1260 743 1539 800 decentius
1596 746 1813 803 lasciva
1847 748 2154 821 relinqui-.
2216 747 2423 815 titudo,
2469 741 2569 821 qui
2609 762 2752 808 notat
2798 754 3104 813 sanctitatis
3145 768 3199 814 et
3225 738 3566 820 auctoritatis
3613 750 3785 834 sunt.

552 843 711 895 mus,
748 829 834 884 his
893 830 1110 900 quid'em
1156 833 1251 901 qui
1288 832 1355 889 ad
1400 835 1505 890 hoc
1542 838 1868 895 exercitatos
1920 855 2117 898 sensus

552 918 773 986 habent,
810 935 941 986 non,
964 922 1121 991 juxta
1147 922 1484 992 Apostolum,
1503 926 1574 981 ad
1597 926 1965 983 discretionem
1995 930 2116 985 boni

551 1017 603 1062 et
637 1009 767 1063 mali
789 1010 977 1082 (Hebr.
1014 1013 1091 1082 v),
1124 1014 1217 1068 sed
1257 1024 1319 1070 ιιι
1355 1016 1558 1087 ingenii
1604 1020 1690 1075 sui
1720 1020 2017 1078 subtilitate
2063 1031 2118 1079 et

552 1097 754 1169 linguae
784 1101 1115 1160 volubilitate
1144 1105 1198 1159 id
1246 1108 1390 1175 quod
1410 1107 1619 1177 justum
1653 1118 1756 1176 est,
1786 1112 1942 1182 quasi
1969 1121 2118 1169 recte

556 1200 884 1258 pervertant.
917 1191 1099 1250 Nostri
1136 1206 1319 1253 autem
1356 1214 1458 1255 nec
1501 1199 1661 1256 ollicii
1686 1210 1791 1272 est,
1814 1219 1917 1259 nec
1950 1202 2115 1259 studii

556 1294 678 1336 esse
718 1282 893 1349 debet,
928 1292 990 1339 ut
1026 1286 1273 1344 dicamus
1300 1290 1504 1345 bonum
1549 1293 1781 1360 malum,
1804 1302 1859 1350 et
1889 1295 2113 1363 malum,

558 1369 796 1440 bonum;
824 1374 919 1429 sed
944 1383 1005 1430 ut
1032 1376 1246 1433 Domini
1274 1383 1447 1437 nostri
1465 1384 1826 1452 aemulatores,
1849 1394 2115 1456 quantum

558 1458 676 1529 ipse
699 1464 1050 1531 concesserit,
1098 1469 1415 1544 Studeamus
1453 1473 1745 1544 reprobare
1787 1474 2022 1544 malum,
2063 1486 2118 1533 et

559 1552 760 1622 eligere
785 1554 988 1610 bonum
1021 1557 1157 1626 (-lsa.
1186 1559 1283 1631 vn)
1410 1542 1426 1554 i
1522 1542 1529 1544 ⁷
1762 1558 1767 1563 ’
1833 1549 1868 1561 ”

627 1641 742 1699 Hac
762 1643 944 1715 itaque
964 1649 1198 1716 puritate
1217 1652 1479 1720 contenti,
1504 1668 1591 1721 eo,
1613 1656 1756 1726 quod
1786 1656 1841 1710 in
1864 1660 2118 1727 presenti

558 1741 808 1788 versatur
832 1737 1075 1815 negotio,
1098 1738 1202 1794 hoc
1229 1742 1405 1797 solum
1437 1752 1682 1801 tenemus
1711 1747 1857 1816 quod
1878 1747 2117 1805 Ecclesia

560 1825 828 1880 catholica
879 1841 1091 1897 semper
1145 1835 1349 1900 tenuit,
1402 1836 1547 1904 quod
1607 1837 1675 1890 ab
1722 1838 1878 1893 initio
1932 1850 2122 1909 coepta:

560 1911 988 1970 Christianitatis
1028 1933 1198 1988 usque
1228 1918 1309 1976 ad‘
1326 1931 1673 1980 monstruosa
1710 1927 1828 1981 haec
1853 1936 2119 1998 tempora,

558 2002 751 2059 stabile
797 2013 852 2060 et
893 2006 1270 2065 inconvnlsum
1304 2013 1558 2082 perstitit,
1589 2016 1795 2072 scilicet
1826 1988 1981 2089 quod.
2020 1988 2119 2076 ex;
2153 1988 2195 2041 Β

2183 844 2450 908 'quorum
2495 841 2742 897 doctrina
2770 842 2937 914 fulget
2964 844 3240 916 Ecclesia,
3273 859 3329 906 et
3370 853 3464 921 qui
3502 869 3629 909 cum
3665 854 3784 913 00‘.

2214 927 2364 982 mino
2403 938 2631 999 regnant
2673 931 2730 986 in
2772 932 2955 999 caelis,
2987 942 3042 989 et
3070 935 3126 991 in
3146 938 3335 1005 sterris
3369 940 3652 1008 miraculis
3685 960 3787 1002 eo:

2216 1025 2437 1071 ruseant
2459 1033 2473 1081 ;
2499 1030 2732 1087 quorum
2764 1022 3141 1086 sanctionibus
3182 1041 3293 1082 non
3342 1020 3651 1109 ignorantia
3693 1036 3789 1100 vel

3800 64 3897 251 Ἰ

2213 1103 2539 1175 negligentia
2563 1147 2578 1171 ,
2622 1107 2717 1162 sed
2766 1110 2948 1165 studio
2994 1112 3281 1182 reluctari,
3322 1103 3466 1195 quid
3497 1119 3647 1176 aliud
3695 1113 3805 1188 esi

2214 1205 2394 1282 quam;
2423 1195 2678 1282 spiritum
2696 1237 2712 1263 ,
2738 1197 2834 1268 qui
2872 1213 2970 1270 per
2998 1217 3093 1258 eos
3132 1203 3349 1263 loeutus
3380 1200 3491 1276 est,
3521 1209 3788 1282 blasphe—

2214 1281 2402 1337 mare?
2424 1281 2551 1339 istis
2589 1284 2707 1340 sine
2737 1287 2925 1355 dubio,
2971 1299 3027 1355 et
3066 1307 3176 1347 non
3215 1295 3374 1352 nobis
3419 1298 3792 1367 adversantur

2213 1373 2527 1444 quicunque
2585 1375 2655 1430 ab
2717 1381 3206 1440 exeonununicatis
3267 1395 3394 1442 ante
3457 1390 3789 1455 canonicam

2214 1464 2675 1521 examinationem
2698 1481 2807 1521 non
2830 1468 3123 1538 abstinent,
3149 1481 3205 1528 et
3241 1488 3351 1529 non
3394 1475 3787 1534 abstinendum

2214 1551 2430 1607 docent.
2476 1551 2627 1608 Talia
2669 1554 2817 1609 enim
2864 1558 3150 1627 praedictos
3193 1559 3384 1619 Patres
3429 1566 3686 1621 concordi
3726 1577 3793 1624 et

2217 1639 2436 1696 assidua
2473 1642 2839 1712 prohibitione
2878 1655 3090 1704 vetasse
3120 1665 3230 1705 non
3274 1652 3452 1707 solum
3502 1653 3559 1710 hi
3599 1657 3793 1713 sciunt

2218 1731 2313 1802 qui
2357 1742 2426 1789 ex
2456 1734 2675 1804 scriptis
2715 1734 2933 1791 illorum
2977 1753 3332 1809 acceperunt,
3379 1760 3568 1815 verum
3617 1749 3793 1804 etiam

2219 1822 2384 1877 rudes
2423 1831 2478 1878 et
2516 1823 2800 1891 illitterati,
2828 1825 2942 1897 qui,
2964 1828 3068 1883 etsi
3104 1816 3277 1909 legem
3304 1832 3572 1903 ignorent,
3602 1845 3792 1893 tamen

2223 1929 2287 1969 ea
2310 1930 2431 1985 quae
2474 1914 2608 1986 legis
2648 1923 2776 1971 sunt
2819 1916 2991 1987 (Rom.
3026 1918 3087 1989 ιι)
3111 1935 3178 1975 ex
3204 1922 3502 1988 inveterata
3541 1935 3597 1981 et
3644 1930 3796 1982 nun-‘-

2220 2021 2385 2075 quam
2414 2015 2622 2061 mutata
2639 2009 3034 2066 consuetudine
3068 2012 3393 2075 didicerunt.
3419 2013 3546 2084 Haec
3578 2016 3793 2087 itaque,

559 2097 975 2155 communicatis
1001 2116 1107 2155 non
1131 2109 1214 2157 est
1246 2105 1777 2162 communicandum.
1805 2106 1935 2164 Haec
1960 2126 2118 2165 nam-

2238 2113 2341 2166 lua:
2373 2096 2745 2167 legislatorum
2790 2100 2979 2155 talium
3025 2102 3383 2159 unanimitate
3428 2116 3649 2172 statuta,
3681 2123 3798 2163 usu

561 2200 669 2254 que
719 2186 1122 2245 dissensionum
1167 2210 1331 2249 causa
1370 2203 1455 2250 est
1500 2205 1556 2250 et
1587 2198 1933 2264 seditionum,
1976 2203 2123 2271 quod
2220 2184 2632 2279 δηξίξιυκείωφ
2658 2185 2767 2240 huc
2815 2204 2988 2279 “Situ
3043 2190 3282 2279 summa
3335 2202 3494 2260 sum,
3540 2196 3800 2265 quando-

565 2275 643 2328 illi
668 2275 737 2331 ab
760 2282 1248 2344 excommunicatis
1274 2299 1381 2338 non
1411 2285 1703 2354 abstinent,
1729 2296 1784 2342 et
1818 2303 1926 2343 non
1955 2289 2124 2345 absti-

2238 2272 2438 2343 luidem
2464 2274 2666 2343 apertis
2694 2276 3065 2358 oppositisque
3092 2278 3511 2359 impulsionibus
3528 2285 3799 2363 quassari.

565 2368 802 2423 nendum
828 2370 1040 2427 docent.
1071 2372 1182 2429 Nos
1223 2389 1353 2430 vero
1387 2384 1441 2431 et
1485 2376 1849 2445 abstinemus,
1874 2388 1927 2434 et
1956 2380 2124 2436 absti-

562 2460 801 2514 nendum
863 2464 1284 2532 persuademus,
1342 2468 1613 2537 praecipue
1665 2469 1734 2523 ab
1785 2470 1893 2525 illis
1944 2474 2035 2540 qui
2092 2490 2124 2529 a

562 2550 833 2621 Dreecipua
879 2560 934 2607 et
978 2554 1154 2625 prima
1208 2557 1336 2612 sede
1380 2558 1939 2615 excommunicantur.
1994 2560 2127 2627 Quae

564 2640 848 2698 diversitas
896 2646 1167 2701 contraria
1220 2646 1527 2702 docentium
1601 2649 1941 2705 sacerdotum
2000 2666 2128 2707 vere

566 2729 709 2784 facta
734 2740 815 2786 est
870 2734 1027 2789 ruina
1067 2737 1283 2806 populi,
1315 2752 1442 2793 vere
1485 2739 1781 2794 multorum
1824 2740 1979 2795 radix
2011 2758 2127 2796 ma-

569 2820 770 2875 lorum.
805 2821 883 2877 Ex
906 2839 1012 2892 qua
1045 2832 1123 2879 tot
1149 2828 1289 2880 male
1310 2827 1527 2884 fecundi
1547 2829 1687 2884 rami
1713 2831 2038 2900 pullulantes
2071 2834 2128 2887 in

569 2911 825 2966 universa
885 2911 1145 2969 Ecclesia.
1173 2915 1352 2971 varios
1404 2915 1615 2972 fructus
1665 2920 2039 2987 protulerunt,
2076 2929 2132 2977 et

569 3000 810 3067 quotidie
862 3002 1161 3072 proferunt.
1213 3003 1456 3072 Quorum
1501 3005 1775 3062 fructuum
1826 3010 2130 3066 amaritudo

572 3090 911 3144 amarissima
932 3108 1040 3146 non
1076 3102 1188 3149 tam
1206 3093 1373 3150 ramis
1401 3111 1566 3165 quam
1605 3096 1774 3151 radici
1812 3097 2132 3153 ascribenda

572 3186 674 3232 est.
707 3178 979 3249 Quidquid
1017 3184 1163 3237 enim
1204 3185 1384 3239 studia
1416 3187 1655 3254 partium
1685 3187 1942 3253 delirant,
1973 3188 2132 3258 quid—

576 3267 707 3336 quid
757 3269 814 3323 in
845 3269 948 3323 hac
982 3285 1165 3325 rerum
1198 3272 1527 3328 turbulentia
1553 3290 1584 3327 a
1610 3276 1840 3352 subditis
1884 3293 2134 3346 perverse

573 3356 771 3426 agitur,
793 3356 942 3427 juste
984 3356 1038 3412 in
1066 3361 1241 3429 capita
1272 3375 1524 3430 perversa
1565 3361 1871 3418 docentium
1910 3364 2136 3436 [videtur

578 3447 753 3501 deesse
789 3448 977 3503 vocula
1021 3450 1229 3517 recidit,
1278 3451 1567 3519 relabitur,
1604 3453 1683 3508 vel
1729 3454 1969 3528 similis].
1999 3457 2136 3514 Vere

579 3552 728 3592 nunc
755 3538 1011 3608 impletur
1033 3542 1176 3611 quod
1206 3543 1464 3612 scriptum
1494 3552 1577 3599 est
1602 3563 1614 3598 ε
1660 3543 1886 3616 Egressa
1928 3557 2005 3603 est
2034 3551 2137 3604 ini—

577 3626 755 3694 quitus
792 3630 1136 3685 asenioribua
1158 3633 1449 3701 judicibus,
1487 3637 1576 3705 qui
1615 3636 1922 3691 videbantur
1968 3657 2140 3709 regere

579 3714 830 3784 papulum
858 3716 1018 3787 (Dan.
1048 3723 1189 3791 xm).
1218 3720 1285 3775 lli
1314 3736 1550 3791 namque
1578 3723 1673 3792 qui
1725 3726 1971 3782 veritatis
1996 3742 2139 3797 prat-

581 3820 750 3861 cones
783 3805 1058 3874 dicuntur,
1089 3810 1287 3879 quibus
1311 3810 1514 3865 credita
1539 3820 1666 3866 sunt
1695 3813 1908 3883 eloquia
1932 3813 2027 3870 Dei
2074 3817 2141 3873 ad

588 3893 1067 3967 evangelizandum
1105 3901 1304 3968 populo
1337 3899 1453 3965 Dei,
1501 3902 1548 3956 si
1599 3903 1655 3957 id
1692 3903 1867 3973 ipsum
1902 3906 2142 3962 dicerent

581 4001 809 4057 omnes,
839 3996 894 4043 et
936 4003 1044 4043 non
1096 3997 1281 4044 essent
1314 3990 1606 4046 schismata
1659 3992 1715 4047 in
1749 3994 1857 4060 eis;
1896 3993 1943 4050 si
1992 4011 2144 4050 more

582 4076 984 4143 speculatorum
1010 4077 1353 4147 providerent
1374 4089 1643 4149 quatenus
1695 4084 1968 4140 contentio
1990 4085 2145 4155 ,inter

583 4179 681 4220 eos
706 4174 801 4221 aut
848 4183 960 4222 non
1003 4168 1259 4236 oriretur,
1304 4178 1397 4225 aut
1436 4180 1588 4239 orta,
1629 4174 1838 4229 collatis
1880 4191 1947 4230 ex
1990 4192 2142 4233 more

586 4254 943 4314 fraternitatis
970 4260 1310 4326 tractatibus,
1340 4262 1651 4330 sedaretur;
1682 4265 1905 4320 dubium
1924 4281 2034 4321 non
2062 4278 2147 4321 est

591 4345 727 4414 quin
768 4347 985 4401 illorum
1033 4351 1087 4402 in
1130 4352 1429 4408 assertione
1480 4356 1595 4409 veri
1654 4356 1913 4411 unitatem
1966 4357 2148 4410 unitas

595 4436 760 4490 etiam
811 4437 994 4505 populi
1041 4449 1388 4507 sequeretur,
1438 4452 1492 4495 et
1547 4444 1723 4498 adhuc
1759 4445 1816 4497 in
1851 4460 1951 4498 suo
2005 4452 2148 4499 statu

596 4540 923 4595 permanens
945 4526 1222 4596 antiquam
1244 4544 1429 4597 pacem
1452 4530 1719 4584 obtineret
1739 4531 2000 4596 Ecclesia,
2033 4547 2152 4601 quae
2181 4527 2185 4530 ’

2222 2371 2516 2433 nequeunt,
2547 2365 2704 2433 quasi
2744 2379 2812 2419 ex
2848 2365 3017 2422 latere
3056 2369 3487 2426 machinationes
3524 2383 3804 2441 parantur

2222 2453 2289 2507 a:l
2330 2453 2675 2523 decipiendas
2713 2454 2929 2510 illorum
2983 2458 3266 2527 opiniones
3301 2459 3494 2532 [[ονιε,
3534 2462 3805 2539 animas]

2223 2539 2319 2608 qui
2347 2540 2575 2596 minoris
2600 2541 2965 2613 intelligentiae
2993 2548 3352 2605 aestimantur.

2295 2679 2363 2736 Et
2403 2682 2532 2751 quia
2572 2683 2713 2752 apud
2757 2682 2893 2741 tales
2915 2687 3079 2742 etiam
3130 2703 3242 2745 non
3280 2690 3471 2748 leviter
3498 2691 3702 2764 agitur,
3735 2704 3807 2747 ut

2227 2770 2281 2823 in
2304 2771 2439 2826 adeo
2483 2772 2597 2826 triti
2630 2774 2844 2842 lateque
2870 2778 3106 2844 patentis
3133 2778 3344 2835 itineris
3384 2781 3552 2837 ductu
3575 2783 3807 2837 exorbi-

2225 2868 2363 2925 tent,
2388 2861 2544 2930 juxta
2574 2862 2676 2916 iter
2710 2865 3028 2927 scandalum
3061 2869 3283 2936 ponitur
3318 2870 3491 2941 (Psal‘.
3528 2872 3758 2942 cxxxrx)
3783 2913 3804 2938 ,

2227 2947 2358 3001 dum
2385 2948 2633 3017 quaedam
2667 2948 2799 3003 vitia
2833 2952 3049 3018 veritati
3094 2955 3161 3011 ad
3200 2957 3607 3017 subversionem
3650 2960 3806 3014 veri-

2228 3037 2356 3092 tatis
2402 3037 2509 3093 illis
2550 3049 2946 3108 proponuntur.
2975 3040 3301 3099 Audivimus
3340 3046 3485 3102 enim
3526 3048 3809 3115 quosdam

2231 3128 2515 3183 contraria:
2537 3130 2709 3198 partis
2735 3130 3074 3199 clericos,'de
3096 3149 3197 3189 sua
3218 3135 3449 3195 scientia
3475 3137 3809 3207 gloriantes,

2232 3218 2287 3273 id
2348 3218 2514 3273 studii
2553 3220 2753 3275 habere
2792 3230 2853 3275 ut
2901 3220 2969 3277 de
3012 3223 3185 3279 sacris
3229 3225 3471 3294 undique
3511 3226 3809 3282 codicibus

2160 3312 2201 3368 C
2234 3308 2354 3364 illas
2394 3309 2707 3365 sententias
2777 3304 3033 3383 colligant
3083 3329 3224 3383 quas
3272 3315 3447 3375 sancti
3497 3314 3690 3373 Patres
3733 3318 3808 3373 ad

2233 3399 2590 3457 cohibendum
2650 3400 2866 3454 illorum
2919 3401 3262 3459 sacerdotum
3324 3405 3809 3476 intemperantiam

2233 3489 2610 3554 condiderunt,
2627 3490 2719 3558 qui
2745 3490 2799 3542 in
2822 3491 3164 3563 proferendis
3185 3495 3474 3550 sententiis
3492 3497 3810 3566 praecipites

2237 3585 2365 3639 sunt
2390 3577 2681 3631 indiscrete
2726 3579 2943 3647 ligando
2979 3581 3065 3633 vel
3101 3582 3380 3637 solvendo.
3410 3583 3548 3639 Vere
3592 3586 3649 3640 in
3689 3585 3807 3652 his,

2236 3675 2296 3719 ut
2324 3666 2381 3720 in
2407 3666 2682 3733 omnibus,
2724 3668 3023 3731 laudabiles
3047 3677 3211 3739 atque
3250 3671 3637 3742 amplectenda;
3672 3675 3808 3728 illo-

2238 3772 2360 3811 rum
2382 3757 2685 3824 sententiat,
2707 3758 2801 3827 qui
2829 3758 3077 3813 omnium
3117 3759 3199 3815 sic
3223 3776 3410 3821 curam
3434 3762 3715 3832 gerebant,
3745 3774 3815 3822 ut

2238 3836 2299 3900 et
2321 3848 2572 3917 praelatos
2596 3861 2627 3900 a
2651 3847 3077 3916 praecipitatione
3102 3836 3537 3919 compescerent,
3571 3861 3629 3907 et
3667 3854 3811 3909 sub-

2235 3936 2506 4005 jectorum
2528 3937 2849 3992 innocentiae
2870 3936 3243 3996 defensionem
3274 3943 3645 4000 necessariam
3672 3961 3812 4016 pro~-

2242 4028 2503 4083 viderent.

2313 4163 2516 4218 Verum
2561 4162 2639 4218 illi
2702 4162 2819 4233 qui,
2875 4163 2943 4219 ad
3000 4164 3107 4220 hoc
3159 4166 3306 4235 quod
3364 4166 3811 4237 persuadendum

2246 4261 2621 4324 susceperunt,
2655 4253 2760 4308 ista
2800 4253 3182 4321 introducunt,
3228 4256 3394 4323 bono,
3422 4266 3477 4323 at
3519 4272 3631 4313 non
3664 4258 3816 4320 bene

2247 4352 2493 4398 utuntur.
2535 4341 2684 4395 Nam.
2700 4343 2849 4410 quod
2874 4332 3047 4397 sancti
3077 4344 3325 4398 doctores
3348 4345 3415 4398 ad
3458 4360 3817 4402 communem

2248 4430 2551 4501 profectum
2577 4438 2688 4483 tam
2715 4433 2914 4484 eorum
2965 4431 3059 4499 qui
3089 4440 3330 4499 praesunt
3364 4447 3529 4503 quam
3554 4432 3652 4502 qui
3688 4435 3818 4488 sub-

2246 4520 2427 4589 jaeent
2458 4518 2882 4597 iconstituerunt
2902 4558 2917 4583 ,
2987 4518 3094 4573 hoc
3144 4519 3232 4573 isti
3287 4519 3476 4589 procul
3522 4520 3694 4575 dubio
3747 4522 3817 4576 ad

595 4629 763 4681 nunc,
800 4614 1146 4669 inimicorum
1181 4632 1406 4671 suorum
1440 4618 1663 4686 pedibus
1692 4620 1954 4687 exposita,
1994 4621 2151 4673 inau-
2183 4642 2229 4701 υ
2255 4606 2622 4701 contemptum
2649 4607 2974 4676 θβίεοοβδιίε
2998 4608 3307 4701 ῐηίηίεξξὶτίῖ,
3429 4608 3496 4662 ad
3535 4609 3814 4665 SUSCitan-

595 4708 709 4761 dita
754 4706 1080 4762 contritione
1110 4709 1442 4777 conteritur,
1488 4716 1542 4761 et
1587 4708 1994 4777 incomparabili
2038 4718 2148 4764 tam

598 4810 889 4865 corporum
913 4813 1077 4866 quam
1099 4798 1405 4850 animarum
1438 4804 1616 4864 strage
1636 4805 1964 4851 cruentatur.
1983 4798 2152 4866 Cujus

600 4885 825 4952 sanguis
860 4902 969 4941 non
1005 4887 1300 4956 incongrue
1329 4886 1396 4940 de
1436 4885 1686 4939 manibus
1728 4886 1941 4940 illorum
1967 4889 2151 4957 requi-

602 4970 740 5024 ritur
773 4974 887 5040 qui,
933 4991 1053 5029 eam
1097 4978 1151 5028 in
1197 4976 1279 5029 sui
1335 4975 2149 5045 procuratione,suscipientes,

602 5069 795 5114 contra
838 5075 959 5113 eam
988 5062 1400 5130 dogmatizando
1439 5065 1744 5136 transgredi
1786 5064 2027 5121 fecerunt
2052 5082 2151 5135 po—

602 5149 792 5216 pulum
820 5146 935 5201 Dei.

675 5237 784 5292 Nos
807 5237 971 5307 igitur
989 5246 1043 5291 et
1062 5236 1157 5304 qui
1188 5246 1385 5293 nostrae
1406 5241 1575 5308 partis
1602 5250 1748 5307 sunt,
1773 5242 1970 5310 quibus
1995 5243 2157 5297 etiam

607 5326 867 5383 Ecclesiae
899 5325 1183 5395 disciplina
1218 5326 1507 5383 commissa
1545 5338 1647 5393 est,
1676 5329 1778 5397 ipsi
1809 5328 2061 5385 Ecclesia:
2105 5332 2159 5384 in

606 5417 715 5473 hoc
733 5416 1128 5480 satisfacimus,
1160 5416 1288 5486 quia
1326 5413 1463 5471 nihil
1492 5417 1777 5471 docuimus
1808 5416 1891 5470 vel
1909 5417 2163 5472 docemus

609 5510 805 5571 preter
839 5502 892 5556 id
926 5503 1072 5572 quod
1111 5502 1419 5558 didicimus.
1470 5501 1527 5557 Si
1572 5501 1900 5572 inquirimur
1940 5504 2099 5569 unde,
2132 5520 2161 5557 a

613 5593 809 5660 quibus
860 5592 1227 5661 didicerimus,
1264 5604 1408 5650 certe
1466 5594 1665 5648 multos
1711 5599 1765 5647 et
1821 5607 2162 5661 nequaquam

617 5683 830 5739 obscuri
852 5685 1087 5740 nominis
1126 5685 1384 5741 doctrina:
1424 5691 1624 5740 nostra;
1660 5684 2037 5753 astipulatores
2062 5681 2161 5735 ha-

617 5769 829 5827 bemus.
857 5773 1098 5841 Apostoli
1134 5790 1233 5831 nos
1266 5775 1590 5840 docuerunt,
1630 5772 2001 5843 apostolorum
2041 5786 2164 5825 sue~

621 5875 885 5934 erssores,
925 5866 1233 5935 apostolicae
1270 5867 1416 5927 sedis
1456 5863 1769 5936 pontiﬁces;
1801 5870 1995 5934 praeter
2020 5860 2161 5928 illos,

2254 4698 2377 4752 dam
2422 4698 2561 4751 inter
2607 4704 2850 4766 pastores
2889 4703 2943 4750 et
2980 4711 3109 4751 oves
3145 4697 3471 4753 discordiam
3498 4709 3812 4755 assumunt.

2258 4786 2412 4853 Quod
2456 4786 2512 4838 in
2550 4785 2656 4838 hoc
2682 4782 2921 4852 profecto
2956 4793 3118 4853 patet,
3150 4786 3277 4855 quia
3303 4786 3424 4841 illas
3468 4787 3818 4841 solummodo

2257 4876 2551 4934 sententias
2579 4891 2715 4944 quas
2766 4871 2877 4930 sua:
2909 4866 3249 4946 persuasioni
3276 4877 3817 4933 commodas-existi-

2256 4974 2406 5020 mant
2468 4962 2807 5018 auditoribus
2863 4967 2978 5021 suis
3030 4966 3331 5031 inculcant,
3401 4964 3527 5017 aliis
3584 4977 3820 5031 prorsus

2256 5054 2471 5110 silentio
2510 5054 2813 5122 oppressis,
2846 5071 2982 5124 quas
3016 5055 3371 5109 nihilominus
3395 5051 3591 5106 Patres
3619 5052 3815 5106 catho-

2255 5146 2343 5200 lici
2367 5145 2433 5198 de
2464 5143 2649 5197 eadem
2673 5159 2732 5196 re
2758 5151 3064 5198 statuerunt
3082 5185 3098 5209 ,
3123 5155 3355 5211 quaeque
3393 5139 3463 5193 ad
3499 5138 3647 5194 hanc
3666 5139 3817 5194 litem

2256 5234 2615 5290 dirimendam
2640 5234 2716 5287 ita
2737 5232 3059 5287 necessaria:
3080 5236 3210 5284 sunt
3229 5237 3290 5281 ut
3313 5226 3464 5281 nullo
3499 5228 3667 5283 modo
3698 5228 3818 5284 sine

2257 5327 2365 5379 illis
2396 5325 2542 5392 juste
2580 5321 2794 5376 diﬂiniri
2837 5321 3032 5374 valeat.
3076 5316 3208 5382 Quae
3250 5331 3380 5370 vero
3419 5316 3526 5372 illae
3563 5317 3695 5383 sint,
3721 5332 3818 5372 nc-

2258 5429 2531 5485 quaquam
2567 5428 2597 5466 a
2624 5412 2781 5466 nobis
2827 5407 3056 5464 docendi
3098 5419 3244 5461 sunt.
3288 5406 3394 5477 Ipsi
3429 5408 3579 5464 enim
3625 5409 3819 5463 melius

2262 5504 2418 5556 nobis
2447 5503 2625 5555 sciunt
2652 5499 2853 5561 multos
2879 5495 3135 5551 Ecclesiae
3180 5496 3430 5551 doctores
3481 5496 3821 5552 multimodis

2266 5592 2472 5662 [multis
2523 5586 2722 5657 modis]
2745 5579 2824 5639 'et
2878 5585 3055 5641 verbis
3110 5587 3214 5666 hoc
3262 5585 3595 5652 instituisse,
3635 5594 3717 5650 ut,
3773 5583 3821 5638 si

2262 5682 2480 5752 quando
2533 5679 2601 5733 de
2648 5676 2910 5731 sententia
2966 5676 3542 5732 excommunicationis
3605 5682 3823 5730 contra-

2262 5771 2429 5827 dictio
2454 5765 2775 5834 oboriretur,
2791 5768 3067 5825 canonicis
3083 5765 3516 5824 discussionibus
3536 5765 3821 5833 utriusque

2266 5860 2437 5931 partis
2476 5858 2702 5930 diligens
2737 5856 3071 5917 examinatio
3088 5861 3257 5929 iteret,
3297 5866 3349 5912 et
3386 5855 3467 5912 sic
3502 5860 3823 5910 exeommu-
