3944 6398
155 494 260 546 δδδ
282 457 284 459 ’

1041 487 1327 544 APPEND.
1367 488 1452 542 Ill.
1489 516 1558 528 -
1589 487 2020 544 MONUMENTA
2055 487 2514 546 GREGORlANA.

3278 491 3380 548 85!

155 598 424 654 nicatoris
489 594 759 653 sententia
811 605 904 654 aut
955 599 1278 668 probaretur
1327 608 1431 655 aut.
1468 599 1723 655 emenda-
1752 602 1798 657 A
1823 602 1917 670 qui
1939 613 2064 658 ante
2090 603 2355 674 synodum
2375 603 2651 657 Nicaznam
2674 603 2910 671 fuerunt,
2941 603 3290 659 decernerent
3317 608 3384 660 de

156 696 328 742 retur.

223 775 352 830 Haec
396 784 454 831 et
495 776 582 831 his
621 775 822 831 similia
869 775 1111 846 praedicti
1139 774 1358 844 fratres,
1389 776 1547 846 quasi
1573 776 1725 831 ineo-

156 867 304 936 gnita
323 880 426 920 nec
457 865 666 935 aliquid
686 865 756 920 ad
782 880 898 919 rem
919 864 1266 934 pertinentia,
1294 850 1722 932 dissimulantes,

157 957 221 1011 ad
268 957 373 1010 hos
439 971 574 1011 suos
625 970 886 1024 sequaces
949 955 1226 1010 instruunt
1272 963 1365 1020 ut,
1422 963 1623 1009 temere
1673 963 1727 1009 et

156 1048 363 1116 absque
405 1046 562 1101 omni
615 1047 935 1114 probatione
975 1045 1216 1115 legitima
1253 1044 1519 1114 prolatam
1569 1043 1624 1096 in
1668 1057 1728 1097 se

157 1135 942 1200 sententiam-contemnentes,
973 1135 1166 1204 iugum
1197 1134 1494 1203 disciplina:
1514 1134 1726 1202 penitus

156 1224 455 1278 excutiant.
484 1223 732 1294 Cumque
759 1225 1008 1294 ignorent
1042 1224 1266 1278 minime
1308 1223 1411 1277 hoc
1436 1223 1599 1277 etiam
1630 1237 1728 1275 an-

156 1313 386 1383 tiquitus
437 1314 639 1368 scitum
680 1329 820 1381 esse,
844 1314 990 1384 quod
1019 1313 1253 1384 pastoris
1301 1313 1588 1380 sententia,
1615 1313 1729 1366 sive

152 1404 301 1476 iusta
331 1405 451 1459 sive
497 1404 731 1474 iniusta,
755 1405 993 1466 timenda
1028 1413 1211 1459 tamen
1253 1403 1352 1469 sit;
1382 1403 1461 1456 illi
1483 1403 1728 1458 homines

159 1495 259 1550 sub
280 1494 633 1550 anathemate
662 1495 873 1563 positos
894 1508 1140 1559 securos,
1173 1500 1226 1547 et
1263 1491 1332 1546 de
1369 1491 1609 1548 timenda
1639 1490 1728 1544 illa

158 1599 190 1637 ι
224 1594 414 1638 nostra
444 1585 755 1639 diversione
779 1583 962 1656 [nobis
1005 1582 1257 1654 diversa].
1287 1583 1424 1637 nihil
1469 1583 1728 1638 sollicitos

159 1672 394 1726 reddunt
421 1690 453 1726 :-
485 1673 579 1727 illa
623 1673 1026 1742 Scripturarum
1065 1674 1376 1728 testimonia
1420 1672 1732 1742 frequenter

161 1762 501 1831 replicando,
533 1763 589 1816 in
609 1764 808 1833 quibus
837 1764 938 1820 boc
967 1764 1252 1830 astruitur,
1276 1763 1424 1832 quod
1448 1763 1542 1832 qui
1571 1762 1730 1816 inno-

160 1861 370 1905 centem
417 1853 722 1920 maledicit,
751 1853 858 1907 sibi
895 1852 1018 1922 plus
1039 1862 1199 1908 nocet
1219 1869 1385 1922 quam
1419 1852 1508 1910 cui
1533 1868 1730 1908 nocere

162 1941 383 2008 appetit,
419 1942 638 2010 aliaque
671 1942 726 1995 in
750 1942 895 1996 hunc
937 1942 1179 1996 modum.
1208 1940 1254 1994 Α
1283 1943 1482 2011 quibus
1525 1951 1734 1997 sancto-

163 2045 282 2082 rum
340 2031 523 2085 verbis
583 2047 932 2102 nequaquam
989 2047 1092 2086 nos
1152 2032 1540 2100 dissentimus,
1600 2034 1732 2102 quin

163 2119 340 2186 potius
390 2136 518 2175 cum
579 2137 766 2176 amore
811 2131 865 2176 et
919 2122 1224 2176 reverentia
1265 2120 1578 2191 recipimus,
1619 2129 1734 2175 stu-

163 2209 368 2274 dentes,
407 2219 677 2279 quantum
707 2211 890 2266 divina
914 2213 1179 2282 largiente
1226 2212 1401 2283 gratia
1439 2225 1734 2281 possumus

167 2299 230 2352 de
262 2300 354 2353 illa
395 2303 690 2369 pastoralis
722 2303 880 2357 cilicii
904 2304 1167 2378 abusione
1189 2315 1242 2357 et
1262 2304 1421 2358 nobis
1447 2319 1657 2370 cavere,
1681 2314 1736 2358 et

166 2389 296 2458 aliis.
323 2401 384 2444 ut
428 2401 656 2446 caveant
698 2395 1042 2460 persuadere.
1069 2392 1178 2447 lllis
1203 2403 1382 2447 autem
1408 2394 1503 2462 qui
1529 2393 1642 2448 haec
1667 2393 1733 2447 ad

168 2495 278 2534 suae
305 2481 478 2549 partis
502 2482 873 2550 adjumentum
901 2483 1022 2552 plus
1062 2499 1221 2551 aequo
1249 2483 1581 2552 intorquent,
1608 2499 1733 2537 cum

168 2569 259 2621 tali
302 2573 679 2626 moderamine
730 2589 1015 2628 assensum
1057 2574 1380 2642 prazbcmus,
1427 2582 1487 2627 ut
1525 2589 1733 2642 nequa—

171 2675 332 2726 quam
375 2663 520 2716 ultra
575 2663 838 2716 terminos
880 2664 1208 2717 constitutos
1246 2663 1465 2717 illorum
1507 2665 1734 2733 vestigia

172 2751 569 2819 prosequamur
612 2771 624 2805 :
669 2767 778 2806 non
827 2753 1142 2822 adjicientes
1183 2763 1241 2807 ut
1280 2755 1386 2808 hoc
1425 2770 1491 2808 ex
1518 2755 1734 2808 illorum

177 2842 518 2896 documentis
540 2843 1046 2914 subintelligamus,
1076 2844 1220 2913 quod
1247 2843 1362 2913 jam
1403 2859 1533 2900 suos
1575 2845 1734 2900 audi-

173 2939 313 2982 tores
355 2931 652 2986 subaudire
700 2931 972 3001 fecerunt;
1014 2934 1119 2988 hoc
1162 2933 1367 2990 scilicet
1403 2942 1484 3001 ut,
1525 2934 1576 2990 si
1613 2934 1736 3004 quis

175 3022 673 3076 excommunicatus
708 3022 907 3090 injuste
975 3038 1034 3077 se
1077 3025 1606 3079 excommunicatum
1633 3039 1747 3076 nu—

175 3107 256 3164 dis
332 3119 546 3164 tantum
633 3111 811 3164 verbis
889 3109 1123 3178 asserit,
1191 3109 1736 3166 excommunicatoris

176 3201 442 3254 sententia
496 3200 744 3269 protinus
786 3201 937 3255 irrita
978 3199 1273 3270 judicetur.
1325 3199 1384 3254 Si
1415 3200 1582 3256 stabit
1621 3200 1738 3256 haec
1766 3233 1805 3289 ο

178 3292 584 3361 consequentia,
606 3292 720 3360 jam
742 3308 774 3346 a
795 3293 942 3348 nullo
969 3293 1438 3348 exeommunicato
1473 3292 1733 3358 abstinet;

179 3377 302 3443 quia
341 3380 527 3432 nullus
549 3365 740 3433 eorum
767 3394 824 3433 se
850 3379 996 3448 juste
1023 3380 1327 3448 iudicatum
1353 3394 1474 3432 esse
1493 3378 1698 3434 iatetur
1722 3398 1734 3432 :

180 3467 270 3525 sed
299 3483 406 3522 non
427 3477 515 3524 est
531 3484 683 3538 aequa
715 3469 932 3539 partitio
961 3478 1022 3524 ut
1060 3469 1288 3540 subjecti
1327 3470 1402 3523 ita
1450 3469 1740 3524 audiantur

179 3567 445 3625 quatenus
486 3561 692 3630 praelati
734 3561 970 3616 inauditi
1017 3561 1393 3630 praeiudicium
1439 3560 1737 3629 patiantur,

183 3649 318 3705 sicut
347 3652 586 3708 dicitur:
620 3651 740 3705 Non
778 3669 890 3708 esse
909 3653 1114 3720 justum
1160 3652 1522 3718 mediatorem,
1549 3652 1640 3720 qui
1664 3652 1740 3704 sic

183 3753 335 3793 unam
362 3749 568 3810 partem
591 3742 762 3808 audit,
792 3749 851 3794 ut
881 3741 1018 3794 nihil
1034 3740 1190 3795 alteri
1227 3749 1466 3794 reservet.

248 3829 401 3894 Quod
431 3831 483 3885 si
512 3832 629 3886 hac
672 3833 884 3887 naviter
923 3846 1206 3913 emergens
1243 3831 1493 3885 doctrina
1539 3831 1595 3885 in
1634 3829 1739 3887 Ec-

184 3918 342 3975 clesia
376 3921 712 3979 fructiﬁcare
737 3924 982 3994 eruperit,
1015 3923 1225 3993 antiqui
1250 3923 1438 3979 Patres
1464 3924 1519 3978 in
1541 3940 1743 3978 vanum

185 4008 563 4067 laboraverunt
595 4013 769 4083 (Psat.
800 4014 1013 4084 cxxvr),
1043 4017 1140 4084 qui
1183 4016 1237 4070 id
1283 4015 1460 4070 modis
1491 4015 1744 4070 omnibus

188 4101 519 4170 satagebant,
542 4103 595 4156 id
625 4103 806 4158 conati
833 4112 981 4171 sunt,
1005 4114 1271 4174 quatenus
1286 4105 1361 4168 ,in
1405 4089 1515 4159 uno
1540 4103 1744 4158 Christi

187 4205 431 4261 corpore,
461 4193 605 4262 quod
634 4203 723 4247 est-
749 4192 1008 4262 Ecclesia,
1035 4211 1134 4250 nec
1169 4196 1236 4250 ab
1273 4195 1744 4249 excellentioribus

191 4283 444 4338 membris
463 4283 674 4340 minora
698 4294 1070 4356 gravarentur,
1093 4302 1195 4340 nec
1217 4285 1474 4339 inferiora
1498 4286 1744 4354 superio-

190 4371 334 4428 ribus
382 4376 728 4430 resultarent.
785 4373 966 4432 Multae
1018 4377 1234 4434 illorum
1295 4377 1744 4441 constitutiones,

192 4476 362 4520 causa:
407 4482 532 4536 qua:
571 4467 711 4521 inter
752 4482 853 4522 nos
891 4469 1182 4522 ventilatur
1222 4475 1602 4535 congruentes,
1642 4465 1746 4520 hoc

1824 691 1911 748 bis
1930 692 2025 763 qui
2056 693 2434 748 communione
2455 693 2754 761 privantur,
2785 707 2880 748 seu
2919 709 2984 748 ex
3013 694 3154 748 clero
3180 709 3277 748 seu
3316 713 3384 749 ex

1823 781 1964 836 laico
1982 782 2192 847 ordine,
2215 783 2282 836 ab
2302 782 2590 857 episcopis,
2620 791 2679 836 ut
2711 783 2767 856 hi
2806 783 2898 851 qui
2924 783 3183 852 abjiciunt
3205 795 3255 836 et
3287 785 3380 852 qui

1825 871 2153 941 abjiciuntur
2201 872 2431 941 [videtur
2482 870 2654 924 deesse
2702 871 2885 925 vocula
2957 872 3378 934 innotescet'cnt,

1823 960 1902 1014 vel
1929 959 2167 1032 similis],
2192 961 2264 1014 ita
2298 961 2696 1030 subjunxerunt
2725 979 2737 1014 :
2773 960 3090 1030 chuiratur
3125 973 3295 1024 autem
3323 983 3383 1016 ne

1825 1048 2285 1120 pusillanimitate,
2333 1059 2425 1103 aut
2473 1051 2816 1116 contentione,
2861 1045 2943 1105 vel
2991 1053 3098 1107 alio
3159 1055 3384 1122 quolibet

1825 1140 2050 1207 episcopi
2107 1140 2235 1192 vitio
2297 1141 2538 1194 videatur
2607 1157 2638 1192 a
2700 1142 3094 1209 congregatione
3156 1143 3386 1196 seclusus

1829 1228 2057 1297 (Nicaea.
2098 1228 2284 1282 concil.
2324 1245 2442 1297 cap.
2495 1229 2579 1299 5).
2625 1227 2864 1295 Qualiter
2907 1239 3085 1284 autem
3121 1232 3388 1296 quibusve

1826 1318 2002 1372 modis
2039 1318 2418 1388 inquirendum
2459 1319 2547 1384 sit,
2577 1319 2928 1373 nihilominus
2956 1319 3276 1374 addiderunt
3306 1321 3389 1374 his

1826 1407 2041 1462 verbis:
2074 1405 2142 1462 Ut
2170 1407 2287 1478 ergo
2331 1408 2592 1461 decentius
2638 1409 2968 1476 inquiratur,
3017 1408 3138 1461 bene
3188 1412 3387 1477 placuit

1828 1498 1981 1550 annis
2014 1497 2234 1566 singulis
2274 1513 2364 1566 per
2403 1513 2818 1566 unamquamque
2857 1498 3177 1566 provinciam
3211 1499 3286 1550 bis
3333 1500 3388 1549 in

1829 1601 1964 1638 anno
2013 1587 2237 1640 concilia
2292 1586 2550 1640 celebrare
2591 1584 2738 1657 (Nic.
2788 1603 2964 1653 conc.,
3009 1587 3298 1657 loc.-cit.);
3336 1595 3388 1642 et

1829 1684 2020 1731 caetera
2061 1691 2181 1745 qua:
2206 1685 2526 1745 sequuntur.

1896 1765 2064 1836 Igitur
2103 1767 2197 1834 qui
2235 1767 2302 1820 ad
2350 1767 2630 1820 decentem
2672 1765 2752 1819 rei
2794 1765 2960 1835 hujus
2986 1765 3411 1833 inquisitionemi

1831 1856 2060 1915 concilia
2091 1855 2408 1929 celebranda
2443 1870 2566 1908 esse
2607 1856 2982 1922 decreverunt,
3025 1872 3388 1926 nequaquam,

1838 1957 1897 2001 ut
1929 1959 2077 2002 nunc
2117 1947 2286 2002 moris
2327 1954 2430 2010 est,
2476 1943 2720 1998 arbitrati
2760 1950 2889 1997 Sunt
2942 1947 3006 1998 ad
3056 1943 3390 2011 probandam

1834 2051 2022 2091 eorum
2064 2037 2156 2104 qui
2206 2035 2401 2104 abjccti
2457 2043 2585 2087 sunt
2658 2033 3022 2087 innocentiam
3076 2035 3176 2087 hoc
3232 2050 3391 2103 posse

1835 2114 2097 2191 sullicerc,
2139 2125 2184 2180 si
2219 2125 2423 2194 passim
2470 2139 2707 2193 vageque
2751 2124 2807 2176 in
2841 2139 2974 2179 suos
3014 2125 3380 2176 excommuni-

1835 2224 2046 2271 catores
2075 2215 2326 2270 absentes
2347 2214 2579 2269 convitia
2609 2213 3100 2267 ctobtrectationcs
3125 2222 3388 2267 cructent.

1833 2304 1974 2373 Ergo
2019 2305 2110 2372 qui
2163 2313 2350 2358 contra
2396 2319 2582 2358 sacros
2631 2315 2868 2356 canones
2918 2300 3188 2367 Nicasnos,
3243 2303 3389 2355 nulla

1835 2394 2083 2450 condicta
2132 2393 2374 2463 synodo,
2431 2391 2577 2444 nulla
2631 2391 2964 2458 przecedente
3007 2390 3390 2458 inquisitione,

1834 2483 2096 2538 canonica
2137 2481 2515 2543 communione
2552 2480 2791 2551 privatos
2843 2479 2898 2532 in
2956 2480 3393 2533 communionem

1835 2572 2132 2640 recipiunt,
2180 2572 2402 2625 audiant
2446 2570 2494 2623 si
2534 2569 2779 2638 ejusdem
2807 2569 3024 2623 concilii
3059 2577 3260 2628 statuta
3283 2578 3396 2622 tam

1836 2663 2022 2715 leviter
2048 2660 2297 2713 violanda
2339 2659 2447 2712 sint
2471 2667 2523 2711 et
2546 2656 2966 2722 contemnenda;
2994 2659 3216 2710 audiant
3264 2659 3392 2727 quid

1834 2760 2054 2805 sanctus
2084 2748 2375 2818 Gregorius
2417 2749 2482 2802 de
2519 2747 2841 2801 auctoritate
2880 2755 3113 2815 quatuor
3137 2748 3396 2802 concilio-

1836 2859 1958 2897 rum
1995 2839 2409 2911 principallum,
2450 2853 2686 2906 quorum
2729 2835 2873 2890 istud
2920 2837 3252 2906 praecipuum
3284 2846 3394 2902 est,

1837 2933 2050 2989 sentiat.
2097 2929 2374 2998 Siquidem
2411 2929 2464 2980 in
2506 2927 2733 2996 epistola
2769 2926 3169 2990 Alexandrino,
3206 2927 3397 2979 Antio-

1837 3023 2044 3086 cheno,
2110 3017 2598 3085 Hierosolymitano
2647 3014 2969 3082 patriar-cluis
3021 3015 3257 3078 directa,
3319 3017 3398 3068 sic

1837 3111 1912 3163 ait
1939 3109 2054 3178 (lib.
2086 3124 2123 3173 ι,
2155 3108 2314 3175 epist.
2338 3105 2429 3174 24)
2454 3123 2464 3156 :
2493 3104 2642 3156 Sicut
2665 3104 2835 3156 sancti
2869 3102 3139 3172 Evangelii
3171 3113 3400 3173 quatuor

1839 3201 2017 3265 libros,
2054 3199 2130 3251 sic
2165 3203 2392 3266 quatuor
2421 3179 2647 3247 concilia
2684 3195 2948 3262 suscipere
2981 3201 3030 3245 ct
3062 3195 3294 3247 venerari
3320 3210 3397 3246 me

1842 3293 2029 3360 fateor,
2057 3289 2180 3359 quia
2203 3288 2258 3340 in
2283 3285 2396 3351 Itis,
2423 3284 2563 3338 velut
2587 3285 2639 3336 in
2666 3285 2926 3352 quadrato
2969 3283 3163 3352 lapide,
3203 3292 3400 3335 sancta:

1838 3382 1964 3449 ﬁdei
2015 3385 2282 3432 structura
2327 3375 2624 3442 consurgit,
2684 3382 2732 3425 et
2772 3371 3050 3439 cujuslibet
3093 3373 3210 3425 vita:
3246 3381 3400 3439 atquc

1841 3469 2062 3522 actionis
2089 3482 2272 3519 norma
2293 3463 2551 3515 consistit.
2592 3461 3043 3529 Quisquis'eorum
3076 3459 3399 3518 solidi-tatem

1841 3576 1942 3612 non
1974 3564 2130 3623 tenet,
2159 3554 2368 3610 etiamsi
2405 3552 2543 3621 lapis
2590 3567 2698 3605 esse
2742 3550 3000 3617 rideatur,
3038 3556 3209 3603 tamen
3250 3561 3401 3604 ea‘tra

1843 3650 1943 3704 redi
1949 3650 2127 3718 ﬁcium
2151 3647 2315 3717 jacet.
2395 3685 2401 3692 .
2806 3707 2811 3714 .

1909 3740 2062 3805 Item,
2085 3746 2207 3806 post
2225 3750 2416 3806 pauca,
2453 3735 2518 3788 dc
2547 3733 2737 3787 iisdem
2761 3732 3007 3787 conciliis
3033 3751 3046 3788 :
3074 3731 3234 3800 Quia,
3277 3734 3404 3786 dum

1841 3827 2126 3892 universali
2175 3834 2295 3880 sunt
2340 3841 2590 3878 consensu
2639 3825 2956 3889 constituta,
2989 3839 3042 3876 se
3076 3831 3126 3876 et
3171 3839 3272 3875 non
3306 3824 3404 3876 illa

1843 3925 2062 3978 destruit
2110 3921 2346 3991 quisquis
2384 3917 2654 3987 pra'sumit
2692 3925 2783 3967 aut
2810 3914 3004 3968 solvere
3046 3929 3172 3982 quos
3203 3914 3403 3980 ligant,

1846 4023 1937 4066 aut
1985 4013 2151 4080 ligare
2197 4025 2322 4078 quos
2368 4007 2592 4060 solvunt.
2640 4003 2888 4070 Quisquis
2913 4019 3032 4070 ergo
3065 4002 3212 4053 aliud
3239 4003 3400 4069 sapit,

1847 4102 2125 4155 anathema
2152 4099 2240 4150 sit.

1916 4191 2149 4244 Audiant
2182 4187 2345 4242 etiam
2381 4185 2473 4254 qui
2520 4191 2669 4238 tanto
2698 4182 2890 4236 adnisu
2915 4179 3088 4235 sancti
3119 4195 3182 4234 ac
3219 4180 3404 4247 magni

1848 4281 2061 4337 concilii
2098 4277 2300 4332 Nicaeni
2331 4283 2531 4330 statuta
2574 4273 2855 4326 annullare
2885 4276 3156 4337 satagunt,
3191 4267 3404 4335 specia—

1847 4373 1951 4426 lem
1975 4372 2040 4424 de
2067 4371 2158 4422 illo
2187 4367 2327 4421 beati
2356 4363 2550 4416 Leonis
2577 4360 2898 4414 sententiam
2927 4359 3099 4428 (epist.
3132 4357 3223 4426 53)
3251 4376 3262 4408 :
3299 4356 3404 4409 Leo

1849 4439 2422 4532 ερὶεεοριιεἈηαιΙιοιὶο
2453 4452 2710 4519 episcopo.
2740 4447 2860 4502 Non
2909 4450 3175 4514 trecentis,
3213 4435 3410 4516 inquit,

193 4567 329 4608 novo
379 4557 633 4626 dogmate
690 4556 1022 4614 frustrantur
1065 4565 1118 4610 et
1161 4557 1218 4610 in
1266 4557 1482 4609 irritum
1522 4556 1740 4609 cadunt.
1781 4559 1823 4610 D
1849 4553 2022 4602 decem
2055 4557 2208 4615 atque
2243 4552 2357 4595 octo
2406 4539 3123 4610 episcopis,{quarctumlibet
3154 4537 3413 4626 copiosior

195 4641 434 4719 Quorum
479 4647 763 4716 synodicas
792 4656 846 4700 et
887 4646 1185 4702 decretales
1239 4646 1535 4701 sententias
1578 4646 1624 4698 si
1663 4644 1750 4696 hic

196 4735 514 4803 inserimus,
548 4736 779 4794 fortasse
818 4735 1096 4792 fastidium
1140 4738 1440 4809 legentibus
1487 4737 1748 4802 ingerent,

197 4841 258 4878 eo
286 4829 435 4896 quod
475 4829 620 4884 trita:
665 4836 792 4884 sunt
836 4837 890 4904 et
934 4838 1046 4882 tam
1088 4845 1190 4883 usu
1231 4843 1396 4896 quam
1431 4823 1752 4878 auctoritate

200 4919 506 4976 notissimae.
534 4916 979 4996 Quandoquidem
1019 4928 1198 4972 autem
1232 4917 1309 4970 illi
1345 4915 1440 4984 qui
1479 4915 1753 4969 contraria

203 5020 496 5078 aguntlam
529 5026 735 5066 serena:
759 5011 868 5066 luci
894 5009 1180 5078 caliginem
1223 5006 1424 5061 inferre
1465 5014 1752 5070 conantur,

203 5101 565 5156 necessarium
595 5100 868 5163 ducimus,
914 5110 1106 5153 contra
1137 5099 1456 5167 ingruentes
1498 5097 1756 5151 novitatis

205 5186 358 5258 huius
399 5193 784 5258 obscuritates,
825 5190 1104 5257 antiquam
1163 5197 1218 5240 et
1270 5196 1456 5240 notam
1505 5187 1759 5241 Ecclesiae

207 5276 474 5335 lucernam
515 5299 679 5353 super
704 5281 1091 5338 candelabrum
1125 5292 1326 5347 ponere
1368 5275 1517 5347 (Luc.
1555 5278 1656 5343 ιι),
1701 5284 1762 5331 ut

208 5370 342 5434 quod
386 5372 465 5426 illi
496 5381 646 5426 tanto
690 5382 889 5428 conatu
939 5370 1194 5426 oblivioni
1224 5370 1437 5424 tradere
1472 5374 1758 5431 conantur,

121 5490 123 5493 -
211 5472 302 5514 nos
342 5463 407 5518 ad
441 5461 759 5517 memoriam
796 5478 1136 5528 rcvocemus,
1168 5460 1300 5516 satis
1335 5458 1672 5513 aestimantes
1693 5455 1769 5509 ad

212 5549 567 5612 defensionem
591 5562 831 5607 nostram
869 5562 998 5608 nota
1033 5552 1294 5622 replicare
1317 5563 1483 5619 quam
1523 5553 1584 5600 ut
1624 5561 1761 5599 nova

216 5637 569 5701 introduxisse
591 5644 890 5700 videamur.

317 5734 458 5790 ancti
516 5733 706 5789 Patres
749 5737 804 5790 in
847 5733 1022 5788 Nicen
1068 5732 1399 5803 congregati,
1451 5743 1574 5785 cum
1608 5726 1761 5796 juxta

219 5819 600 5884 institutionem
630 5827 1017 5896 apostolorum,
1043 5831 1095 5881 et
1127 5838 1316 5880 eorum
1341 5821 1763 5893 apostolicorum

1851 4642 1923 4692 sit
1959 4654 2200 4691 numerus
2264 4635 2630 4696 sacerdotum,
2678 4631 2754 4684 vel
2805 4643 3108 4697 comparare
3137 4642 3190 4676 se
3220 4622 3416 4675 audeat

1853 4731 1931 4785 vel
1961 4731 2236 4800 prwferrc;
2263 4743 2380 4780 cum
2416 4733 2562 4778 tanto
2599 4723 2848 4776 divinitus
2879 4716 3150 4785 privilegio
3191 4713 3416 4766 Nicaena

1853 4822 2081 4891 synodus
2119 4821 2187 4871 sit
2232 4825 2553 4878 consecrata,
2581 4822 2638 4865 ut
2664 4813 2768 4862 sive
2797 4825 2887 4877 per
2905 4809 3176 4876 pauciores
3201 4806 3306 4858 sive
3326 4821 3419 4873 per

1850 4904 2027 4982 plures
2067 4910 2423 4963 ecclesiastica
2446 4904 2658 4973 judicia
2680 4900 3017 4964 celebrentur,
3049 4899 3187 4950 omni
3209 4898 3417 4965 penitus

1855 5003 2171 5054 auctoritate
2219 5001 2287 5049 sit
2330 5009 2548 5050 vacuum
2611 4988 2862 5060 quidquid
2898 4988 2961 5041 ab
3008 4987 3222 5042 illorum
3259 4984 3419 5053 fuerit

1857 5092 2222 5146 constitutione
2248 5087 2526 5138 diversum.

1930 5180 2057 5234 Item
2086 5179 2151 5232 de
2177 5178 2363 5231 eadem
2387 5191 2476 5228 re:
2505 5173 2688 5227 Sancti
2719 5179 2768 5226 et
2800 5170 3110 5224 venerabiles
3143 5167 3326 5220 Patres
3363 5165 3420 5216 in

1861 5271 1982 5325 urbe
2019 5269 2257 5331 Nicwna,
2283 5269 2534 5336 sacrilego
2565 5266 2691 5316 Ario
2723 5279 2836 5314 cum
2863 5279 2956 5312 sua
2983 5261 3244 5326 impietate
3267 5253 3424 5305 dam-

1863 5371 2006 5428 nato,
2037 5376 2312 5414 mansuras
2345 5374 2501 5426 usque
2525 5358 2578 5406 in
2613 5355 2769 5420 ﬁnem
2805 5352 2982 5403 mundi
3022 5349 3150 5414 leges
3177 5343 3426 5397 ecclesia-

1861 5455 2114 5506 sticarum
2145 5463 2400 5504 canonum
2430 5444 2794 5505 condiderunt,
2828 5451 2876 5494 et
2911 5439 3047 5505 apud
3082 5453 3194 5501 nos,
3232 5437 3286 5487 in
3317 5442 3423 5485 toto

1864 5545 1984 5598 orbe
2011 5554 2288 5603 terrarum,
2337 5553 2391 5589 tn
2425 5537 2532 5588 suis
2571 5527 3024 5587 constitutionibus
3063 5527 3255 5587 vivunt,
3291 5531 3338 5573 et
3378 5521 3423 5568 si

1863 5620 1990 5706 quid
2021 5647 2237 5700 usquam
2272 5627 2428 5682 aliter
2475 5642 2629 5694 quam
2674 5622 2754 5674 illi
2800 5625 3099 5672 statuerunt
3145 5609 3420 5702 praesumi-

1867 5735 1971 5789 tur,
2003 5725 2112 5776 sine
2142 5719 2470 5773 cunctatione
2495 5722 2734 5766 cassatur
2762 5727 2777 5761 :
2811 5709 2946 5762 Ecce
2977 5721 3073 5759 nos
3107 5711 3328 5789 sumus,
3368 5709 3425 5748 ιιι

1866 5787 2000 5884 ques
2031 5815 2158 5884 ﬁnes
2197 5809 2504 5868 smeulorum
2534 5805 2842 5858 devenerunt
2873 5797 2921 5865 (l
2956 5795 3075 5848 Cor.
3102 5790 3181 5858 ι),
3215 5787 3268 5839 in
3292 5798 3425 5852 quo-
