3944 6410
479 544 584 599 859

1451 539 1542 595 AD
1574 538 1802 596 OPERA
1837 539 1894 594 S.
1936 536 2261 594 GREGORII
2304 536 2742 593 APPENDKIES.

3693 62 3899 297 ,Ἴ

3619 538 3731 593 860

482 655 777 718 difﬁnitivze
809 655 1106 721 sententiae,
1122 640 1251 724 quc:
1274 652 1419 707 nulla
1443 662 1671 723 possunt
1695 655 1903 709 ratione
1924 669 2054 708 con-
2081 654 2127 710 Α
2155 625 2268 706 ιιιιιι
2286 659 2369 708 cst
2391 659 2446 706 et
2477 651 2655 705 modis
2676 649 2930 704 omnibus
2955 647 3274 705 cavendum.
3315 648 3407 704 illa
3433 659 3615 705 autem
3640 652 3731 705 di-

480 749 625 813 velli,
670 762 701 801 a
751 746 953 802 sanctis
994 743 1246 798 Patribus
1295 744 1647 815 promulgatae
1689 752 1836 810 sunt,
1873 743 1947 797 ita
1991 751 2052 796 ut

481 837 687 889 nullum
709 834 1001 890 dubietatis
1021 831 1336 904 scrupulum
1361 831 1695 901 reliquerint.
1718 831 1877 897 Ecce,
1901 831 2048 886 omni

477 920 921 991 tergiversatione
942 928 1167 984 remota,
1193 934 1370 973 causa:
1400 934 1431 973 a
1455 919 1611 975 nobis
1642 919 1899 990 expositae
1925 927 2055 974 sunt

478 1011 546 1066 de
577 1020 679 1066 tibi.
711 1010 854 1079 quod
874 1008 1381 1074 excommunicatis,
1404 1009 1602 1077 quibus
1640 1009 1716 1062 illi
1749 1009 2052 1063 communi-

478 1110 622 1165 cant,
659 1117 766 1155 non
817 1100 1313 1166 eommunicamus;
1365 1100 1508 1170 quod
1557 1102 1862 1170 apostolicae
1908 1101 2053 1158 sedis

477 1191 741 1260 pontiﬁci,
797 1200 851 1245 et
897 1190 1039 1243 beati
1076 1190 1217 1245 Petri
1262 1192 1467 1246 vicario
1516 1192 1899 1247 abrenuntiare
1941 1209 2052 1248 non

478 1281 890 1350 praesumimus;
923 1282 1090 1350 quod,
1121 1282 1309 1337 eodem
1344 1282 1553 1337 vivente
1576 1295 1630 1358 et
1661 1299 1783 1338 cum
1810 1284 2053 1340 Romana

480 1371 720 1429 Ecclesia
757 1373 1097 1428 concorditer
1139 1383 1349 1443 agente,
1387 1374 1556 1429 alium
1591 1376 1657 1429 ad
1686 1378 1931 1431 eamdem
1964 1392 2052 1431 se-

478 1466 600 1520 dem
639 1466 836 1535 eligere
867 1474 960 1519 aut
996 1465 1318 1534 eligentibus
1364 1466 1675 1521 consentire
1701 1483 1809 1521 non
1831 1468 2052 1538 acquie-

479 1555 707 1610 scimus.
748 1553 888 1624 Ergo
911 1554 957 1610 si
996 1555 1071 1607 illi
1103 1555 1195 1624 qui
1219 1557 1487 1631 contraria
1519 1564 1731 1626 gerunt,
1752 1557 2055 1623 verioribus

479 1653 535 1699 et
562 1644 1086 1714 praepollentioribus
1104 1646 1447 1700 documentis
1478 1662 1541 1700 ea
1573 1647 1733 1701 licere
1756 1649 2057 1717 approbant

479 1751 602 1805 qua:
634 1752 732 1790 nos
771 1737 955 1792 illicita
995 1752 1114 1791 esse
1148 1738 1658 1804 demonstravimus,
1715 1755 1932 1807 aequum
1974 1749 2059 1794 est

481 1832 539 1878 ut
576 1825 803 1879 rectiora
856 1826 1177 1880 docentibus
1210 1837 1264 1880 et
1297 1826 1545 1881 auditum
1571 1836 1626 1881 et
1650 1842 1935 1884 assensum
1966 1844 2058 1884 ac-

478 1917 905 1971 commodemus.

551 2005 656 2062 Sed
691 2007 776 2061 his
798 2022 919 2076 quae
946 2007 1149 2063 ad.rem
1180 2008 1449 2077 pertinent
1472 2008 1715 2073 omissis,
1740 2009 1872 2062 vitia
1904 2007 2061 2080 [con-

477 2093 641 2166 vicia]
667 2104 721 2150 et
744 2095 1186 2164 vituperationes,
1217 2107 1275 2151 ut
1298 2097 1517 2161 dicitur,
1543 2097 1601 2151 in
1626 2097 1914 2151 Dominum
1936 2114 2062 2168 apo-

480 2186 732 2240 stolicum
765 2186 1041 2252 dictitant;
1080 2189 1211 2257 quid
1242 2190 1345 2243 hoc
1383 2197 1565 2241 nostra
1603 2188 1865 2244 interest?
1904 2189 1959 2243 Si
1994 2190 2062 2247 de

479 2276 593 2329 vita
630 2276 776 2330 illius
808 2277 1007 2347 agitur,
1046 2292 1143 2331 nos
1175 2294 1280 2331 non
1318 2293 1415 2348 pro
1453 2279 1572 2333 vita:
1598 2296 1710 2332 sua:
1747 2280 2063 2334 considera-

477 2366 624 2420 tione
669 2366 746 2419 illi
786 2366 1089 2430 obedimus,
1135 2368 1228 2421 sed
1278 2384 1375 2436 pro
1403 2369 1709 2421 ministerio
1751 2370 1957 2423 collatae
2007 2370 2064 2423 in

481 2457 633 2511 illum
667 2456 964 2527 dignitatis.
1006 2455 1145 2511 Nam
1186 2458 1505 2511 meritorum
1556 2474 1781 2512 suorum
1827 2461 2064 2529 qualitas

480 2547 797 2602 sacerdotali
821 2546 995 2601 cilicio
1023 2563 1130 2600 non
1157 2546 1493 2616 przejudicat.
1532 2547 1872 2619 Quapropter
1890 2565 2065 2619 quan-

480 2634 728 2689 tumlibet
759 2634 932 2697 docte,
957 2633 1355 2702 quantumlibet
1375 2633 1668 2687 artiticiose
1691 2635 1747 2687 in
1767 2635 2064 2702 reprehen-

481 2723 663 2777 siones
695 2723 841 2777 illius
885 2722 1230 2787 invehantur,
1269 2732 1451 2777 tamen
1493 2723 1741 2778 convicia
1772 2739 1870 2793 pro
1900 2739 2064 2779 accu-

482 2815 691 2868 satione
716 2814 1020 2882 recipienda
1047 2830 1155 2867 non
1178 2824 1323 2867 sunt.
1367 2814 1470 2883 Ipsi
1492 2814 1659 2879 enim,
1684 2823 1744 2868 ut
1771 2816 2072 2884 sapientes,

485 2914 683 2961 tiorunt
723 2905 888 2972 probe
936 2904 1083 2956 hunc
1118 2919 1243 2956 vere
1283 2904 1572 2958 confusum
1604 2915 1654 2958 et
1678 2919 2066 2974 praeposterum

484 2994 728 3046 ordinent
759 3010 898 3056 esse,
935 2993 979 3046 si
1024 2993 1197 3056 illum,
1235 3008 1398 3062 quem
1449 2994 1569 3047 sine
1602 2997 1947 3050 accusatione
1985 2997 2068 3050 vel

484 3074 828 3138 discusSionc
856 3085 1381 3153 prae.lamnaverunt,
1418 3101 1564 3140 nunc
1596 3086 1811 3141 tandem
1833 3097 1953 3158 post
1985 3087 2068 3142 fa-

485 3182 632 3229 ctum
660 3174 925 3241 judicium
961 3188 1217 3229 accusent
1250 3186 1302 3229 et
1332 3177 1646 3230 discutiant.

558 3264 663 3318 Sed
684 3274 736 3319 et
760 3258 811 3319 in
838 3267 958 3331 hoc,
986 3276 1044 3320 ut
1074 3267 1346 3331 audimus,
1375 3267 1614 3321 studium
1636 3267 1909 3333 exhibent,
1935 3284 2069 3337 qua-

2151 742 2289 795 vina:
2317 741 2451 811 legis
2478 748 2745 810 praecepta
2778 740 2977 809 quibus
3036 738 3360 803 innituntur,
3410 740 3535 795 licet
3571 742 3755 795 omni.»

2149 830 2495 885 veneratione
2518 829 2835 905 dignissima
2861 830 2990 895 sint,
3015 844 3124 884 non
3148 839 3329 884 tamen
3369 839 3427 885 ut
3455 831 3532 885 illi
3563 832 3731 887 intel-

2150 919 2240 989 ligi
2263 921 2449 974 volunt
2475 920 2822 990 intelligimus
2844 938 2856 974 :
2881 920 3130 974 videlicet
3171 927 3231 974 ut
3266 920 3531 990 quidquid
3563 923 3727 991 quis-

2151 1025 2256 1079 que
2284 1010 2450 1079 juret,
2480 1009 2846 1065 indifferenter
2869 1017 2924 1065 et
2944 1009 3063 1063 sine
3091 1009 3470 1064 retractatione
3494 1025 3727 1065 servan-

2152 1100 2280 1154 dum
2306 1099 2407 1165 sit;
2445 1100 2579 1169 quin
2614 1099 2796 1177 potius
2823 1100 2948 1164 hoc,
2974 1098 3120 1168 quod
3148 1097 3413 1168 scriptum
3440 1106 3525 1155 est
3551 1118 3565 1154 :
3601 1098 3732 1153 Non

2151 1190 2351 1260 pollues
2385 1206 2573 1245 nomen
2600 1190 2700 1244 Dei
2730 1190 2807 1243 tui
2839 1191 2892 1243 in
2934 1206 3127 1244 ranam
3160 1188 3349 1259 (Leuit.
3375 1189 3567 1261 xviii);
3602 1189 3734 1243 Non

2151 1281 2446 1351 perjurabis
2497 1281 2551 1333 in
2602 1296 2713 1334 meo
2760 1278 2966 1346 nomine
3018 1276 3209 1348 (Leuit.
3272 1277 3416 1349 xu),
3472 1280 3735 1341 cautione

2154 1372 2357 1445 [caute]
2383 1373 2637 1427 omnibus
2664 1371 3061 1465 observandum
3081 1386 3204 1428 esse
3229 1371 3521 1441 credimus,
3544 1382 3606 1429 ut
3633 1381 3739 1428 aut

2154 1466 2655 1535 nihiljurentqum
2691 1463 2925 1534 juranda
2950 1478 3061 1518 non
3089 1470 3235 1529 sunt,
3281 1471 3337 1518 et
3383 1479 3506 1533 qua:
3544 1464 3733 1534 jnrata

2157 1556 2364 1611 servari
2378 1576 2381 1579 π
2396 1571 2497 1611 nec
2509 1556 2712 1611 debent
2759 1569 2859 1609 nec
2880 1561 3127 1625 possunt,
3160 1553 3243 1608 vel
3270 1561 3482 1608 servata
3506 1554 3562 1608 in
3582 1555 3734 1609 aliud

2157 1646 2334 1715 majus
2374 1652 2467 1699 aut
2504 1650 2657 1716 aeque
2694 1659 2953 1715 magnum
2999 1641 3301 1714 periculum
3345 1640 3627 1696 inducunt.
3674 1640 3755 1697 Si

2157 1739 2254 1809 qui
2279 1739 2526 1793 doctores
2559 1736 2803 1793 subditos
2842 1750 2974 1793 suos
3013 1743 3109 1792 aut
3139 1735 3362 1792 omnino
3390 1750 3501 1790 non
3522 1735 3735 1804 jurare,

2158 1835 2252 1882 aut
2273 1826 2394 1880 aliis
2412 1825 2754 1894 iuramentis,
2781 1825 2829 1880 si
2855 1839 2964 1894 qua
2983 1823 3303 1878 necessitate
3322 1821 3749 1892 ﬁunt,_diligen-.

2160 1909 2303 1973 tiam.
2320 1916 2576 1972 adbibere
2613 1929 2725 1971 non
2757 1914 2973 1981 docent,
2998 1911 3113 1979 sed,
3141 1912 3383 1982 quolibet
3415 1912 3579 1966 modo
3602 1912 3746 1965 ﬁant

2092 2010 2135 2065 B
2160 2005 2243 2060 vel
2279 2004 2420 2059 facta
2451 2004 2578 2070 sint,
2618 1984 2943 2058 exsolvenda
2969 1999 3295 2071 praedicant;
3331 1998 3459 2055 talis
3484 1998 3746 2054 doctrina

2160 2094 2309 2149 nullo
2340 2108 2577 2163 unquam
2597 2099 2839 2162 tempore
2872 2105 3003 2147 sana
3036 2088 3271 2157 exstitit;
3300 2088 3524 2144 minime
3549 2096 3744 2143 autem

2161 2184 2217 2238 in
2243 2185 2366 2248 isto,
2394 2182 2450 2236 in
2480 2197 2591 2252 quo
2637 2196 2777 2253 pene
2816 2175 2978 2238 omne
3018 2178 3166 2249 quod
3204 2178 3446 2249 loquitur
3480 2177 3743 2248 populus,

2161 2274 2465 2343 conjui'atio
2501 2281 2607 2327 est.

2232 2393 2503 2460 Quorsum
2529 2400 2708 2447 autem
2737 2391 2852 2447 hzec
2874 2390 3288 2460 praedicamenta
3311 2388 3552 2454 tendant,
3571 2387 3751 2442 omis-

2162 2485 2238 2540 sis
2265 2483 2603 2555 ambagibus,
2633 2482 2791 2553 quasi
2826 2483 2894 2538 ad
2940 2482 3122 2536 vivum
3161 2479 3748 2550 tangendoedissera-

2164 2590 2307 2629 mus.
2349 2573 2461 2628 lloc
2483 2574 2600 2628 sine
2629 2574 2794 2628 dubio
2831 2572 2947 2633 suis
2973 2571 3467 2626 machinationibus
3500 2570 3753 2625 moliun-

2164 2675 2271 2729 tur,
2297 2667 2364 2719 ad
2392 2667 2494 2718 hoc
2519 2680 2779 2732 sequaces
2807 2678 2938 2719 suos
2970 2663 3261 2731 perducere
3296 2670 3567 2732 satagunt,
3598 2678 3745 2730 qua—

2165 2739 2324 2811 tenus
2352 2757 2495 2828 quod
2537 2771 2812 2817 summum
2855 2752 3007 2808 nefas
3032 2760 3116 2808 est
3150 2751 3230 2806 fas
3261 2767 3381 2806 esse
3422 2759 3634 2821 putent,
3669 2751 3749 2805 ita

2165 2850 2383 2918 quidem
2434 2859 2491 2902 ut
2533 2847 2627 2917 qui
2672 2845 2907 2915 propriis
2943 2854 3255 2915 gravantur,
3279 2843 3470 2898 alienis
3492 2852 3748 2898 commu-

2166 2939 2349 2993 nicare
2376 2952 2488 3009 non
2511 2939 2738 2990 timeant
2761 2935 3015 3005 peccatis,
3042 2934 3496 2989 communicando
3517 2950 3745 3002 excom-

2168 3029 2483 3095 municatis,
2512 3036 2592 3093 ut,
2611 3025 2774 3081 'nulla
2798 3025 3059 3081 suadente
3081 3024 3310 3090 ratione,
3337 3024 3432 3079 sed
3458 3040 3559 3094 pro
3583 3025 3753 3079 libisu

2169 3117 2447 3174 srecularis
2499 3116 2791 3186 potentiae,
2846 3114 2991 3168 illius
3037 3111 3318 3183 potestatis
3370 3126 3403 3166 a
3442 3127 3502 3167 se
3546 3110 3747 3181 iugum

2167 3207 2459 3277 projiciant
2490 3206 2547 3259 in
2585 3221 2693 3275 qua
2720 3204 2983 3259 Dominus
3011 3210 3066 3257 et
3093 3199 3343 3255 Salvator
3368 3208 3552 3255 noster
3568 3199 3771 3255 totius.

2171 3295 2428 3352 Ecclesia:
2454 3296 2635 3365 posuit
2658 3294 3042 3363 principatum,
3073 3299 3136 3344 ut
3160 3291 3217 3345 in
3251 3291 3432 3345 sedem
3460 3290 3597 3345 adeo
3629 3305 3749 3358 spe-

485 3364 734 3409 tenusex
760 3357 944 3410 multis
971 3355 1376 3425 Scripturaruni
1402 3359 1813 3414 collectionibus
1836 3360 1950 3413 suis
1974 3374 2063 3413 se-

2170 3373 2372 3443 cialiter
2400 3387 2751 3442 constitutam
2773 3384 3034 3439 violenter
3058 3380 3395 3436 irruentibus
3417 3394 3753 3436 consensum

485 3446 755 3514 quacibus
782 3447 1069 3501 ostendant
1109 3449 1300 3516 quanti
1337 3448 1407 3502 sit
1436 3458 1617 3502 reatus
1642 3449 1941 3517 perjurium
1980 3450 2066 3501 in-

487 3552 725 3603 currere,
740 3540 795 3592 et
810 3553 1005 3592 nomen
1028 3537 1241 3592 Domini
1268 3539 1323 3592 in
1347 3554 1543 3591 vanum
1568 3552 1847 3593 assumere
1870 3536 2065 3607 (Exod.

491 3629 604 3695 xx).
646 3627 712 3683 Et
741 3629 808 3684 de
840 3629 1130 3698 episcopis,
1166 3630 1307 3683 sicut
1344 3630 1503 3697 paulo
1545 3638 1668 3683 ante
1722 3628 2070 3699 praediximus

489 3719 619 3787 quia
643 3719 887 3775 insontes
913 3704 1223 3772 damnando
1248 3720 1351 3771 sibi
1381 3721 1502 3786 plus
1532 3729 1728 3773 nocent
1756 3735 1919 3788 quam
1949 3720 2071 3787 qui~

488 3810 594 3864 bus
627 3824 823 3864 nocere
850 3810 1098 3879 cupiunt,
1130 3825 1252 3879 quae
1283 3809 1501 3878 quidem
1538 3818 1666 3863 sunt
1695 3810 1960 3863 rationem
1980 3824 2070 3863 ve-

489 3899 669 3954 ritatis
695 3900 969 3964 habentia,
1006 3902 1054 3955 si
1086 3900 1304 3969 quando
1335 3915 1437 3953 suo
1460 3901 1542 3953 vel
1576 3901 1692 3954 loco
1725 3900 1809 3954 vel
1833 3905 2071 3969 tempore

490 3991 861 4060 proferuntur,
908 3992 1165 4060 quiddam
1213 3991 1358 4045 enim
1400 3992 1547 4045 aliud
1592 3984 1950 4061 quam‘quod
1985 4007 2073 4044 so-

494 4090 645 4147 nant,
689 4096 978 4151 suggerere
1017 4092 1295 4150 putantur,
1329 4082 1396 4135 ad
1425 4083 1831 4151 percutiendum
1865 4081 2073 4149 simpli-

493 4175 702 4229 ciorum
749 4173 979 4228 fratrum
1030 4173 1302 4227 inlirmam
1356 4172 1764 4238 conscientiam,
1808 4181 2074 4242 quatenus

492 4266 574 4319 eis
608 4268 717 4320 sub
766 4266 946 4333 specie
984 4266 1200 4332 pietatis
1245 4265 1497 4334 laqueum
1525 4265 1790 4335 injiciant,
1825 4274 1879 4318 et
1916 4264 2073 4333 quasi

493 4374 621 4412 vera
652 4357 880 4411 dicendo
907 4356 1127 4420 fallant;
1164 4356 1476 4425 diligentius
1507 4368 1686 4409 autem
1718 4340 2072 4419 intuentibus,

497 4448 564 4501 ad
592 4457 791 4501 ucstra:
811 4448 1241 4502 controversiam
1283 4463 1462 4501 causa:
1504 4447 1638 4500 nihil
1682 4446 1948 4515 pertinere
1996 4444 2077 4497 vi-

496 4539 713 4592 d:ntur.
756 4538 1039 4603 Quomodo
1071 4539 1215 4592 enim
1245 4540 1310 4592 a-l
1351 4540 1498 4592 litem
1526 4539 1664 4592 inter
1691 4552 1790 4591 nos
1819 4537 2075 4608 agitatam

502 4629 605 4681 hoc.
654 4630 939 4699 pertineat,
991 4628 1046 4683 in
1093 4643 1204 4699 quo
1249 4643 1474 4698 prorsus
1510 4627 1644 4679 nihil
1678 4626 2074 4692 discordamus,

2169 3488 2224 3534 et
2249 3478 2512 3535 auxilium
2536 3477 2831 3547 praebeant.

2240 3599 2322 3655 Ad
2371 3596 2773 3669 persuadendas
2810 3603 2991 3650 autem
3036 3592 3172 3647 tales
3206 3588 3575 3659 blasphemias
3618 3591 3760 3659 quia

2161 3688 2549 3747 convenientia
2591 3685 2900 3745 testimonia
2953 3698 3061 3737 non
3096 3679 3399 3747 inveniunt,
3442 3679 3657 3733 ratione
3699 3686 3757 3734 et

2171 3781 2491 3836 auctoritate
2523 3777 2855 3849 deﬁcientes,
2895 3775 2967 3829 ad
2984 3768 3640 3845 juramentaconfugium
3667 3768 3758 3823 fas

2172 3871 2343 3937 ciunt,
2371 3868 2549 3941 quasi,
2575 3868 2911 3938 jur‘ationum
2934 3879 3159 3921 suarum
3187 3861 3533 3927 necessitate,
3558 3873 3756 3914 neces-

2173 3961 2317 4015 sario
2366 3960 2455 4014 illa
2500 3956 2858 4029 perpetranda
2892 3956 3001 4009 sint
3043 3967 3167 4022 qua:
3209 3949 3562 4021 propheticis,
3588 3963 3760 4002 evan-

2127 4052 2360 4141 ‘gelicis
2401 4058 2456 4105 et
2493 4047 2806 4119 apostolicis
2848 4044 3111 4101 institutis
3139 4049 3325 4113 aperta
3363 4038 3543 4100 fronte
3577 4035 3761 4095 refra-

2158 4140 2390 4212 "gantur.
2434 4138 2773 4208 Propheticis
2795 4135 3036 4205 quidem,
3073 4133 3219 4195 sicut
3252 4131 3309 4187 in
3332 4128 3761 4189 Deuteronomia

2174 4231 2538 4304 legislatorem
2562 4237 2616 4284 et
2642 4228 2962 4298 prophetam
2981 4224 3187 4280 dixisse
3210 4222 3462 4278 novimus
3493 4238 3507 4276 :
3537 4218 3644 4285 Qui
3666 4234 3765 4272 εει·-

2173 4324 2441 4396 perbierit,
2492 4320 2670 4375 nolens
2717 4318 2925 4374 obedire
2968 4315 3260 4372 sacerdotis
3301 4312 3524 4384 imperio
3563 4312 3655 4384 qui
3702 4327 3762 4366 eo

2177 4424 2403 4483 tempore
2428 4412 2695 4465 ministrat
2733 4408 2842 4461 Deo
2872 4416 2984 4475 tuo,
3013 4396 3078 4460 ea:
3106 4404 3318 4458 decreto
3332 4400 3536 4471 judicia
3562 4401 3764 4454 morie-

2177 4513 2266 4559 tur
2286 4504 2441 4557 homo
2464 4501 2576 4566 ille,
2605 4508 2654 4554 et
2685 4498 2893 4568 auferes
2904 4495 3105 4550 malum
3121 4493 3186 4546 de
3202 4490 3374 4546 Israel
3392 4489 3571 4561 (Deut.
3589 4491 3761 4559 xv“);

2177 4593 2481 4665 evangelica
2513 4601 2693 4646 autem
2722 4590 2853 4644 tuba
2888 4587 3100 4642 intonat
3130 4603 3144 4639 :
3182 4581 3308 4637 Non
3348 4588 3425 4636 est
3466 4578 3764 4649 discipulus

504 4677 603 4681 “⁷”’”’
655 4677 939 4699 Γ“’””’“’“““Ὶ
991 4677 1046 4683 ’”“
1098 4677 1197 4699 1"'
1251 4677 1472 4698 I'"""'
1513 4677 1643 4679 """V
1690 4677 1693 4678 ⁷
1746 4677 1785 4679 ⁷’
1811 4677 2067 4692 ⁷*““⁷’“⁷“Ϋ’1

502 4718 597 4771 sed
626 4734 691 4771 ex
716 4726 941 4786 utraque
967 4728 1118 4786 parte
1153 4735 1321 4773 unum
1354 4718 1603 4786 idemque
1636 4714 1911 4769 fatemur?
1941 4714 2067 4769 Nam

2180 4706 2334 4759 super
2358 4688 2672 4757 magistrum
2698 4682 2916 4753 (Matth.
2951 4679 3006 4751 ι)
3033 4698 3048 4747 ;
3087 4677 3461 4748 apostolorum
3501 4682 3686 4737 autem
3713 4684 3768 4730 et

502 4808 626 4875 quis
676 4823 821 4861 same
866 4809 1065 4862 mentis
1100 4808 1398 4883 pcrjurium
1443 4821 1603 4875 grave
1633 4814 1913 4873 peccatum
1957 4821 2078 4860 esse

503 4898 745 4953 dubitet?
784 4898 1059 4961 Similiter,
1096 4897 1238 4966 quod
1269 4897 1335 4950 de
1364 4898 1449 4949 illa
1483 4896 1743 4965 praecipiti
1782 4898 2076 4951 sentcntia-

505 5004 630 5043 rnm
652 4991 950 5058 prolatione
971 4990 1177 5053 dicunt,
1207 4986 1460 5050 dicimus,
1485 4986 1576 5039 sed
1600 4987 1666 5039 ad
1688 4987 1830 5055 quod
1850 4988 2078 5041 dicendo

506 5080 751 5143 lcntlttttt,
786 5094 892 5133 non
925 5080 1323 5155 prosequimur.
1368 5075 1542 5130 Verba
1580 5077 1794 5129 illorum
1830 5077 1972 5131 aliud
1998 5094 2082 5131 so-

509 5177 659 5237 nant,
697 5169 844 5225 aliud
872 5169 1108 5237 sapiunt.
1150 5167 1304 5233 Quod
1350 5170 1540 5221 contra
1590 5166 1924 5222 inordinatas
1962 5167 2080 5237 epi-

507 5276 797 5329 scoporum
823 5257 1279 5329 promulgationes
1300 5257 1368 5310 ab
1395 5257 1631 5326 antiquis
1647 5257 1899 5311 Patribus
1921 5273 2083 5328 gene—

2182 4777 2602 4849 apostolicorum
2644 4773 2820 4842 (454),
2840 4779 2896 4826 et
2938 4777 3158 4839 quantas
3184 4769 3238 4822 iu
3269 4767 3391 4830 illos
3416 4764 3766 4829 animadver-

2182 4870 2362 4926 siones
2390 4865 2703 4939 procedant,
2734 4861 2830 4935 qui
2855 4869 3045 4917 eontra
3072 4859 3257 4919 sedem
3275 4857 3421 4912 beati
3447 4855 3597 4909 Petri
3620 4855 3770 4923 ejus-

2182 4976 2289 5033 que
2313 4971 2663 5033 successores
2709 4970 2769 5011 se
2811 4952 3043 5023 erigant,
3095 4964 3192 5019 per
3241 4946 3459 5018 singula
3498 4943 3766 5009 evolvere,

2185 5050 2626 5124 supeisedimus;
2661 5047 2793 5117 quia
2832 5043 3025 5099 tritum
3069 5048 3126 5095 et
3170 5037 3445 5109 prolixum
3490 5044 3594 5092 est.
3632 5033 3772 5088 Illud

2178 5152 2362 5199 tamen
2406 5138 2580 5195 sancti
2621 5133 2870 5206 Gregorii
2918 5130 3101 5203 quarti
3142 5129 3314 5199 (455),
3364 5142 3474 5197 quo
3513 5138 3773 5193 expresse

2182 5232 2489 5287 sacerdotes
2522 5227 2636 5284 sedi
2678 5225 2992 5296 apostolicae
3028 5222 3380 5277 adversantes
3421 5216 3774 5279 denotamur,

510 5312 695 5403 raliter
713 5312 1041 5416 disputatur,
1071 5348 1145 5401 ita
1169 5346 1455 5400 laudamus
1481 5356 1540 5400 ut
1572 5312 2086 5411 uullatenusfs‘icut
2185 5341 2294 5416 ηοη
2338 5322 2674 5378 “mendum
2723 5328 2981 5416 Pu‘f‘mus
3008 5336 3019 5369 ⁵
3047 5313 3151 5378 Si"
3660 5321 3776 5416 ἕξω

512 5443 732 5495 modum
763 5438 970 5510 [.nodo]
1008 5440 1218 5504 nolunt,
1249 5437 1529 5507 speciatim
1575 5438 1806 5506 alicujus
1847 5439 2086 5507 episcopi

515 5537 837 5591 sententiain
872 5545 1073 5591 temere
1102 5543 1156 5587 et
1196 5535 1399 5605 absque
1426 5534 1743 5605 probatione
1765 5532 2083 5587 refutemus.

517 5629 647 5683 Item
694 5630 759 5682 dc
802 5628 1042 5697 pcrjurio
1090 5627 1142 5681 id
1176 5626 1350 5695 ipsum
1385 5627 1531 5694 quod
1564 5638 1617 5680 et
1651 5626 1748 5689 illi,
1786 5624 1896 5678 imo
1943 5624 2087 5693 quod

517 5736 706 5775 omnes
733 5719 939 5783 dicunt,
972 5719 1233 5786 dicimus;
1259 5718 1387 5789 quia
1430 5717 1619 5787 ingens
1644 5718 1841 5772 animae
1874 5714 2087 5786 pericu—

591 5835 737 5897 (ιλιι
781 5832 1005 5901 Videtur
1036 5830 1123 5886 hic
1143 5831 1344 5901 aliquid
1368 5830 1576 5901 deesse.

2191 5415 2372 5468 dolore
2395 5421 2715 5483 prostratus,
2737 5410 3030 5478 quicunque
3058 5398 3360 5471 apostolicis
3390 5394 3618 5452 voluerit
3649 5412 3777 5450 con-

2195 5510 2358 5562 traire
2393 5505 2639 5567 decretis,
2686 5518 2778 5556 nec
2813 5500 2993 5569 locum‘
3025 5495 3265 5564 deinceps
3298 5492 3439 5546 inter
3476 5487 3779 5543 sacerdota

2195 5598 2414 5659 habent;
2449 5595 2539 5649 sed
2578 5594 2805 5648 extorris
2833 5608 2865 5643 α
2889 5597 3071 5641 sancto
3100 5585 3195 5654 ﬁat
3229 5580 3545 5639 ministerio.

2266 5710 2332 5766 Et
2367 5718 2492 5781 post
2520 5723 2731 5779 pauca:
2768 5704 2909 5770 Quia
2949 5701 3170 5771 ntajoris
3218 5692 3784 5753 excommunicationis

596 5888 742 5969 ζιῖςῖιι
782 5905 939 5973 Grrg.
982 5900 1045 5956 iv
1089 5902 1142 5957 in
1174 5888 1332 5972 epist.
1371 5902 1440 5957 ad
1475 5900 1711 5958 univers.
1751 5899 1942 5969 episc.,
1978 5907 2113 5954 ton.
2155 5895 2221 5950 ιιι
2264 5893 2496 5949 Com-11..
2536 5891 2629 5946 ιοι.
2673 5888 2793 5944 559.

3438 6254 3817 6307 ..ι’-Μ
3852 6258 3899 6307 ‘J‘
