3944 6412
264 560 360 618 861

1157 561 1444 620 APPEND.
1483 564 1569 620 Ill.
1608 594 1679 608 --
1711 561 2144 621 MOSUMEN'PA
2176 565 2638 625 GREGORIANA.

3405 573 3511 636 862

261 672 556 742 dejectione
586 679 666 726 est
707 673 988 743 exigendus
1038 673 1122 727 cui
1169 683 1369 736 sancta:
1399 674 1649 732 Ecclesia:
1698 691 1840 731 com-
1866 677 1913 733 Α
1940 677 2129 731 trauda
2161 677 2360 749 ﬂagitia
2389 691 2614 735 cruento
2652 681 2956 751 ministerio
2987 691 3234 747 utuntur,
3262 682 3508 751 homines

260 764 427 817 missa
456 762 616 832 fuerit
640 764 942 833 disciplina,
979 766 1069 835 qui
1103 782 1205 819 non
1229 766 1399 820 solum
1426 767 1666 836 priefatie
1711 784 1837 821 san-

259 861 360 906 cta:
397 852 654 908 Ecclesiae
689 855 1014 924 jussionibus
1065 872 1248 926 parere
1302 857 1500 923 debuit,
1537 858 1626 911 sed
1673 861 1835 913 etiam

258 940 387 997 aliis
438 960 501 997 ne
539 947 869 1013 prmterirent
911 947 1200 1000 insinuare.
1240 945 1613 1003 Communiter
1651 958 1833 1005 autem

254 1037 517 1092 omnibus
549 1038 847 1092 timendum
882 1046 966 1094 est
1014 1039 1159 1108 quod
1186 1039 1300 1109 ipse
1324 1040 1534 1108 primus
1561 1042 1835 1110 apostolo-

253 1142 383 1181 rum
406 1127 675 1197 de'primo
699 1136 800 1182 suo
828 1143 1143 1184 successore
1170 1128 1411 1197 loquitur
1443 1147 1456 1183 :
1489 1127 1547 1183 Si
1574 1130 1712 1199 quis,
1736 1130 1831 1196 ait,

250 1233 397 1270 nam:
419 1217 809 1271 contristaverit
829 1217 1119 1284 Christum,
1146 1218 1236 1289 qui
1255 1220 1304 1272 ei
1328 1218 1631 1272 cathedrata
1660 1220 1833 1273 credi—

248 1305 361 1369 dit,
393 1307 776 1376 non_recipiet;
805 1315 854 1361 et
894 1307 1010 1361 ideo
1051 1324 1143 1361 nec
1175 1308 1284 1378 ipse
1322 1310 1601 1377 recipiatur
1651 1310 1707 1362 in
1752 1326 1833 1364 re-

248 1412 417 1466 gnum
444 1395 710 1451 calorum.
752 1397 944 1452 Dicant
980 1414 1108 1469 ergo
1150 1398 1246 1469 qui
1274 1399 1438 1454 verba
1485 1400 1618 1469 legis
1647 1400 1714 1455 ad
1739 1400 1832 1455 de-

249 1488 572 1542 struendam
607 1488 780 1557 legem
801 1498 1107 1555 assumunt,
1140 1490 1186 1545 si
1217 1498 1436 1560 propter
1461 1490 1642 1560 aliqua
1678 1490 1841 1558 jura-‘

248 1586 443 1632 menta
469 1579 526 1633 iu
556 1579 677 1634 illas
709 1581 1182 1649 przevaricationes
1231 1578 1579 1635 recidendum
1615 1581 1686 1635 sit
1711 1595 1831 1650 quze

247 1666 311 1722 iu
334 1667 517 1724 Veteri
547 1669 893 1726 Testamento
915 1680 1086 1727 morte
1112 1672 1466 1737 mulctantur,
1482 1671 1536 1724 in
1566 1669 1715 1725 Novo
1734 1688 1831 1725 au-

246 1765 389 1824 tem,
415 1759 556 1815 sicut
577 1759 885 1832 Discipulos
922 1762 1164 1817 veritatis
1198 1761 1371 1827 docet,
1404 1777 1436 1816 a
1469 1761 1687 1816 Christo
1713 1770 1767 1815 et
1801 1778 1830 1814 a

247 1864 426 1919 regno
478 1840 737 1906 caelorum
795 1863 1067 1921 separant.
1127 1852 1449 1921 Quicunque
1504 1852 1560 1906 in
1606 1852 1726 1908 istis
1774 1868 1831 1907 se

250 1946 692 2010 transgressums
716 1943 1071 2013 jurejurando
1096 1944 1518 2013 spoponderunt,
1544 1957 1687 1997 nunc
1710 1958 1832 1997 sero

1935 768 2154 836 quidem
2178 769 2479 849 litterarum
2501 780 2770 840 expertes,
2788 773 3014 843 idecquc
3042 774 3109 829 ad
3139 773 3508 840 seductionem

1935 871 2089 911 suam
2114 859 2339 924 creduli,
2372 860 2444 914 ita
2471 863 2626 917 novis
2651 862 2756 917 illis
2784 864 2851 917 de
2882 864 3122 918 cavendo
3152 864 3390 934 periurio
3410 865 3498 919 do-

1934 948 2206 1016 gmatibus
2237 949 2418 1003 inlecti
2446 962 2592 1017 sunt,
2621 962 2679 1006 ut
2709 954 2880 1021 levius
2902 963 3063 1024 atque
3105 954 3369 1009 venialius
3407 969 3508 1025 pu-

1934 1046 2048 1092 tent
2115 1042 2479 1109 quorumlibet
2554 1045 2820 1099 scelerum
2881 1060 3192 1100 mensuram
3254 1044 3505 1119 implere,

1933 1148 2097 1199 quam
2145 1136 2325 1190 stulta:
2368 1152 2433 1191 ac
2478 1139 2923 1205 prevaricatorite
2976 1140 3353 1208 promissionis
3394 1155 3508 1194 sua:

1930 1230 2055 1275 vota
2109 1224 2441 1295 infringere;
2480 1244 2586 1281 non
2623 1230 2960 1284 attendentes
3015 1215 3162 1299 qudd
3204 1238 3258 1285 et
3295 1231 3385 1284 illa
3418 1229 3507 1298 ju-

1931 1324 2176 1369 ramenta
2214 1304 2335 1385 qua:
2375 1334 2442 1372 ex
2480 1334 2627 1373 more
2679 1321 2817 1374 ﬁunt
2850 1331 2903 1374 ct
2942 1320 3179 1390 legitima
3229 1321 3506 1385 dicuntur,

1932 1404 2221 1470 interdum,
2245 1416 2462 1476 propter
2486 1410 2666 1464 varios
2691 1425 2870 1463 rerum
2893 1408 3327 1463 intereidentium
3350 1425 3509 1464 even-

1931 1504 2041 1558 tus,
2064 1496 2326 1565 gravioris
2349 1507 2530 1577 reatus
2552 1498 3176 1577 timore’rescinduntnr;
3201 1500 3342 1552 sicut
3365 1513 3506 1567 saepe

1933 1585 2133 1640 milites
2161 1602 2191 1639 a
2224 1587 2339 1640 suis
2362 1570 2503 1657 saepe
2533 1570 2771 1652 famulis,
2797 1588 2910 1641 sive
2926 1590 3236 1642 satellitium
3261 1589 3365 1642 sibi
3388 1605 3508 1656 pru-

1931 1674 2113 1741 fessis,
2164 1677 2471 1744 juramenta
2519 1694 2669 1732 more
2724 1678 2926 1731 usitato
2977 1680 3199 1747 exigunt
3238 1689 3292 1733 et
3357 1678 3504 1733 acci-

1929 1765 2104 1837 piunt.
2144 1765 2244 1831 Qui
2278 1768 2323 1819 si
2357 1782 2509 1820 versa
2550 1767 2664 1820 vice
2701 1767 3061 1835 promissores
3099 1768 3222 1821 ﬁdei
3254 1768 3319 1822 ad
3349 1783 3506 1822 exer-
3574 1825 3580 1831 ε

1928 1855 2407 1926 eendalatrucinia
2436 1856 2752 1920 invitantur,
2782 1857 2867 1909 vel
2897 1857 2962 1910 ad
2993 1857 3326 1911 tractandam
3355 1856 3504 1925 prin-

1930 1945 2065 2013 cipis
2109 1954 2203 1998 aut
2241 1945 2478 1998 virorum
2516 1947 3006 2000 ecclesiasticarum
3061 1962 3268 2013 necem,
3300 1963 3393 2001 seu
3435 1946 3502 2000 ad

245 2030 321 2086 de
353 2030 649 2099 juramcnti
693 2035 901 2088 cautela
956 2034 1259 2102 provident.
1320 2033 1634 2088 Certissime
1683 2034 1826 2088 enim
1862 2020 1903 2073 Β
1930 2035 2298 2105 iul‘ringendas
2336 2052 2398 2089 ac
2421 2036 2727 2104 spoliandas
2754 2037 3035 2098 ecclesias,
3072 2051 3166 2090 seu
3193 2036 3262 2089 ad
3287 2045 3501 2104 raptum

247 2129 469 2175 constat
494 2122 623 2191 quia
667 2122 784 2191 ipsa
810 2124 941 2178 liora
972 2140 1076 2193 qua
1113 2124 1371 2192 jurabant
1421 2126 1562 2192 quod
1599 2142 1706 2181 non
1740 2129 1829 2197 ju-

248 2214 488 2274 randum
532 2231 653 2269 esse
687 2216 1024 2285 ignorabant,
1045 2218 1352 2286 polluerunt
1370 2234 1566 2271 nomen
1596 2216 1693 2273 Dei
1722 2222 1826 2286 sui,

245 2313 306 2358 et
328 2316 746 2375 assumpserunt
767 2324 959 2363 nomen
984 2308 1077 2362 Dei
1096 2309 1180 2363 sui
1202 2309 1256 2362 in
1277 2324 1473 2362 vanum
1494 2309 1687 2380 (Exod.
1713 2315 1825 2379 xx).

320 2393 492 2464 Igitur
513 2412 638 2451 cum
664 2400 922 2467 apostolis
946 2415 977 2453 a
1002 2400 1231 2455 Domino
1259 2400 1463 2454 dictum
1494 2402 1563 2454 sit
1598 2420 1609 2454 :
1647 2401 1830 2454 Nolite

243 2486 466 2539 omnino
483 2487 669 2556 jurare
699 2488 915 2557 (Matth.
955 2489 1032 2557 ν),
1079 2504 1260 2543 nonne
1307 2497 1493 2544 contra
1542 2489 1829 2546 Dominum

243 2572 360 2630 fuit
385 2584 446 2650 u't
469 2578 727 2647 episcopi,
760 2579 1129 2653 apostolorum
1171 2580 1344 2634 vicem
1373 2588 1636 2646 tenentes,
1678 2581 1829 2635 illum

243 2666 570 2737 episcopum
606 2668 700 2741 qui
744 2668 1003 2738 principis
1056 2671 1421 2738 apostolorum
1466 2672 1637 2725 vicem
1666 2680 1828 2737 tenet,

241 2758 572 2826 abjurarent
614 2769 668 2813 et
699 2762 1146 2829 proscriberent?
1182 2763 1382 2815 Audire
1428 2778 1557 2832 ergo
1602 2763 1831 2819 velimus

240 2862 278 2902 e
310 2848 528 2903 duobus
560 2850 867 2915 contrariis,
920 2866 1152 2920 quorum
1203 2852 1521 2905 alterutrum
1570 2851 1831 2905 iulirmari

240 2953 481 2995 necesse
501 2940 590 3005 sit,
623 2949 806 2995 utrum
847 2951 1026 2996 tamen
1052 2942 1310 2997 Ecclesia:
1333 2944 1502 3013 magis
1526 2942 1831 3012 eligendum

243 3030 331 3083 sit
362 3047 376 3083 :
410 3046 479 3084 an
511 3032 655 3101 quod
692 3033 985 3102 prophetae,
1042 3034 1187 3103 quod
1225 3033 1476 3102 apostoli,
1521 3034 1667 3103 quod
1719 3033 1835 3102 ipse

241 3123 493 3194 denique
514 3126 901 3195 prophetarum
927 3136 979 3181 et
999 3128 1364 3196 apostolorum
1399 3128 1651 3197 magister
1679 3127 1836 3181 insti-

243 3214 393 3297 tuit;
414 3206 514 3270 iseu
536 3218 681 3286 quod
706 3225 899 3272 contra
925 3219 1037 3272 haec
1063 3219 1244 3272 omnia
1270 3218 1510 3272 moderni
1533 3217 1833 3287 pontiﬁces,

1931 2139 2267 2183 sacratarum
2302 2128 2410 2182 Deo
2445 2129 2749 2197 virginum;
2789 2129 3032 2197 nunquid
3064 2145 3168 2181 non
3209 2128 3320 2198 jam
3364 2128 3502 2181 stul—

1933 2228 2045 2273 tum
2072 2228 2218 2273 esset
2251 2235 2345 2272 eos
2376 2219 2469 2288 qui
2524 2220 2819 2273 invitantur
2844 2220 2909 2272 ad
2944 2230 3298 2288 utrorumque
3327 2219 3506 2288 perui—

1932 2312 2067 2365 ciem
2090 2311 2377 2380 expetitum
2407 2327 2561 2380 opem
2600 2311 2758 2375 ferre,
2786 2323 2857 2376 ct,
2884 2313 2985 2365 sub
3021 2312 3236 2366 nomine
3276 2312 3505 2365 ﬁdelita-

1932 2404 2020 2467 tis,
2044 2404 2279 2471 perﬁdia:
2306 2413 2358 2456 et
2388 2405 2721 2458 crudelitatis
2744 2420 2905 2472 Opera
2937 2404 3190 2473 implere?
3232 2404 3322 2458 Sic
3343 2404 3503 2458 etiam

1929 2493 2220 2561 episcopis,
2252 2492 2501 2556 ducibus,
2549 2494 2779 2562 aliisque
2829 2494 2882 2546 ia
2930 2495 3258 2548 sublimitate
3313 2493 3506 2563 positis

1932 2584 2000 2636 ab
2036 2582 2276 2638 Ecclesia
2322 2585 2409 2637 vel
2451 2584 2565 2637 ﬁsci
2603 2584 2910 2639 hominibus
2956 2595 3291 2639 sacramenta
3352 2585 3506 2638 exhi-

1932 2673 2046 2728 beri
2087 2675 2278 2728 solent.
2319 2673 2422 2743 Qui
2461 2675 2507 2727 si
2540 2658 2693 2743 juxta
2734 2676 2911 2743 legum
2960 2676 3393 2739 constitutiones,
3447 2683 3507 2726 ut

1934 2768 2224 2835 aliquando
2272 2767 2351 2832 ﬁt,
2392 2784 2422 2820 a
2462 2767 2575 2820 suis
2625 2767 2924 2821 honoribus
2970 2768 3356 2829 destituuntur,
3409 2765 3502 2834 ju-

1935 2866 2144 2910 ratores
2167 2857 2272 2921 sui,
2302 2872 2424 2909 eum
2458 2855 2593 2909 alios
2625 2857 2925 2909 sortiuntur
2956 2856 3224 2921 dominos,
3254 2856 3321 2909 ab
3352 2864 3505 2908 ante—

1934 2948 2140 3001 riorum
2164 2948 2343 3017 jurata
2374 2946 2474 3000 ﬁde
2499 2955 2550 2999 et
2572 2930 2987 3015 subjectione‘sc
3012 2947 3357 3001 subtrahunt.
3390 2944 3505 3007 Isti,

1936 3038 2373 3111 quandoquidem
2405 3054 2512 3091 non
2540 3038 2863 3102 voluntarie,
2890 3038 2983 3091 sed
3013 3036 3276 3095 conmulsi
3308 3033 3507 3109 juratoT

1937 3130 2075 3183 riam
2114 3128 2529 3198 promissionem
2573 3126 2778 3181 irritam
2808 3128 3032 3191 faciunt,
3064 3128 3194 3197 quid
3233 3126 3430 3179 mirum
3458 3125 3505 3178 si

1938 3221 2006 3273 ab
2034 3219 2305 3287 aliquibus
2328 3216 2528 3286 ligandi
2553 3225 2712 3285 atque
2739 3217 2978 3271 solvendi
3015 3226 3276 3286 potestate
3315 3216 3505 3285 praedi-

243 3302 372 3359 lmo
421 3322 489 3361 ex
535 3308 877 3375 pontiﬁcibus
921 3310 1143 3378 palatini
1201 3312 1574 3379 conjuratores
1639 3309 1832 3373 effecti,
1862 3338 1902 3393 ε
1938 3310 2006 3363 tis
2045 3308 2191 3362 illius
2236 3308 2407 3376 culpa:
2451 3306 2834 3376 indulgentiam
2885 3315 3306 3389 consequantur,
3341 3322 3504 3375 quam

243 3397 471 3453 naviter
496 3399 910 3453 conﬁaverunt?
948 3399 1074 3464 Sed,
1102 3408 1162 3453 ut
1189 3400 1255 3453 de
1291 3400 1700 3453 sublimioribus
1730 3398 1831 3452 Ec-

245 3487 439 3543 clesiae
467 3487 805 3545 documentis
834 3497 1131 3555 taceamus,
1159 3497 1340 3543 utrum
1371 3489 1545 3557 major
1584 3504 1835 3542 reveren-

243 3579 339 3633 tia
367 3579 593 3634 debetur
635 3580 743 3637 illis
785 3581 888 3636 5l8
928 3580 1023 3651 qui
1057 3576 1118 3635 in
1140 3581 1272 3636 urbe
1297 3580 1470 3635 Nicaea
1518 3580 1574 3633 in
1615 3580 1835 3634 nomine

158 3684 167 3691 '
246 3668 479 3724 Domini
507 3666 816 3743 congregati
863 3679 1019 3738 Sunt,
1048 3687 1120 3752 an
1148 3672 1268 3726 istis
1294 3673 1385 3740 qui
1424 3671 1571 3739 (456)
1606 3679 1829 3739 praetcr-

245 3760 401 3816 erito
422 3777 568 3817 anno
589 3762 823 3818 Brixinaa
847 3770 1214 3817 convenerunt
1246 3762 1503 3816 adversus
1545 3762 1833 3816 Dominum

246 3860 318 3904 et
367 3846 626 3909 adversus
671 3853 935 3910 cbristum
983 3852 1141 3921 ejus?
1188 3850 1360 3920 (Psat.
1405 3849 1489 3918 ιι.)
1519 3848 1654 3903 Nam
1689 3849 1832 3918 quod

248 3942 342 3997 illi
371 3942 579 4013 Spiritu
616 3953 825 4011 sancto,
874 3953 934 3999 ut
974 3943 1299 3998 credendum
1340 3948 1443 4008 est,
1490 3940 1726 3995 dictante
1777 3939 1832 3993 in

249 4043 448 4087 sancta
493 4036 583 4089 illa
631 4045 686 4090 et
729 4037 1161 4098 nominatissima
1202 4035 1406 4107 synodo
1451 4033 1832 4097 condiderunt,

249 4124 369 4179 hoc
407 4122 511 4192 ipsi
550 4126 756 4193 absque
786 4127 1027 4195 synodali
1063 4135 1329 4180 conventu
1370 4125 1423 4179 in
1463 4125 1626 4179 curia:
1659 4124 1834 4178 tribu-

250 4213 478 4268 nalibus
525 4214 931 4283 abjuraverunt.
1001 4214 1280 4284 Siquidem
1337 4214 1541 4269 Nic-aeui
1601 4231 1836 4270 canones

248 4305 646 4361 communione
697 4306 933 4374 privatos
980 4307 1289 4359 nullatenus
1350 4303 1554 4372 absque
1597 4303 1834 4372 legitima

249 4396 663 4452 examinatione
689 4396 1024 4466 recipiendos
1062 4397 1287 4460 docent;
1326 4393 1416 4463 isti
1445 4402 1624 4447 autem
1651 4408 1681 4446 a
1711 4408 1836 4446 san-

251 4482 349 4543 eta
388 4497 442 4542 et
485 4487 775 4558 apostolica
812 4488 938 4543 sede
976 4485 1472 4542 excommunicatos
1506 4499 1613 4537 non
1658 4484 1835 4537 solum

255 4578 383 4634 sine
417 4580 757 4634 discussione
785 4587 1121 4648 receperunt,
1158 4592 1348 4631 verum
1391 4584 1464 4642 et,
1490 4576 1556 4630 ad
1597 4575 1830 4645 ignomi-

188 4730 195 4733 _
255 4671 413 4725 niam
450 4678 506 4724 et
529 4670 904 4726 confusionem
939 4671 1101 4724 totius
1145 4668 1525 4723 ecclesiastica:
1573 4666 1831 4734 regionis,

252 4774 331 4814 cx
355 4759 487 4828 ipsis
509 4761 973 4814 anathematizatis
999 4760 1352 4829 apostolicum
1395 4758 1499 4812 sibi
1536 4759 1833 4825 elegerunt,

255 4852 371 4917 vel,
427 4857 487 4904 ut
528 4850 709 4905 verius
750 4850 1033 4914 fateamur,
1086 4849 1429 4917 apostolicum
1465 4847 1614 4899 illum
1655 4848 1833 4899 nomi-

259 4951 459 5000 nantes
478 4947 731 5010 apostatae
754 4940 941 5009 angelo
958 4939 1429 5008 conﬁguraverunt
1450 4955 1463 5003 ;
1486 4952 1645 5006 quem
1670 4937 1832 4990 etiam

259 5035 442 5091 eidem
469 5031 605 5099 sedi,
655 5048 685 5085 a
728 5047 834 5099 qua
870 5016 1156 5083 damnatus
1200 5037 1301 5092 est,
1339 5043 1459 5081 esse
1489 5012 1834 5097 imposituros

259 5125 621 5205 jurejurando
648 5120 865 5192 polliciti
898 5129 1054 5184 sunt;
1079 5129 1131 5173 et
1158 5135 1303 5173 nunc
1326 5107 1565 5187 quidem,
1594 5127 1653 5172 ut
1685 5117 1833 5187 quod

267 5220 454 5288 inique
487 5217 874 5287 promiserunt,
920 5211 1208 5266 crudeliter
1249 5210 1594 5278 adimpleant,
1644 5209 1700 5260 in
1746 5221 1840 5261 ore

1934 3404 1999 3450 ex
2026 3396 2299 3467 inopinata
2327 3397 2648 3473 necessitate
2672 3397 2848 3466 magis
2877 3413 3040 3467 quam
3065 3398 3203 3450 mala
3236 3386 3507 3450 veluntate

1933 3493 2278 3549 inciderunt?
2317 3492 2421 3548 Sed
2451 3493 2577 3549 novi
2600 3480 2955 3564 dogmatistaa,
2983 3494 3137 3560 longe
3177 3490 3331 3542 aliter
3356 3486 3505 3556 judi-

1933 3592 2140 3649 cantes,
2179 3584 2368 3639 talium
2399 3583 2803 3638 alisolutionum
2832 3584 3131 3644 ministros,
3154 3579 3505 3633 subversores

1932 3687 2094 3748 atque
2140 3678 2500 3749 perjuriorum
2539 3689 2887 3744 persuasores
2938 3672 3248 3735 nominant,
3280 3668 3505 3734 ideoque.

1933 3783 2027 3823 eos
2054 3784 2216 3838 super
2241 3767 2554 3823 cathedram
2570 3764 2738 3836 Moysi
2753 3764 2866 3833 jam
2891 3780 2999 3817 non
3016 3762 3202 3816 sedere
3217 3760 3467 3813 astruultt
3487 3775 3500 3820 ;

1931 3859 2060 3926 quia
2080 3858 2292 3928 Moyses
2322 3858 2493 3912 dixit:
2530 3854 2653 3907 Non
2678 3854 2972 3927 perjurabts
3004 3852 3146 3922 (Leu.
3175 3849 3309 3919 XIX).
3349 3846 3505 3910 Quod

1906 3942 1978 4001 ἐἰ
2007 3947 2333 4024 haecdittera:
2367 3953 2610 4000 vetustas
2634 3945 2839 4012 absque
2861 3958 3001 3996 nova
3031 3939 3254 4008 spiritus
3296 3938 3503 3991 discre-

1934 4037 2077 4092 tione
2103 4022 2508 4092 immutabiliter
2530 4034 2759 4089 tenenda
2785 4040 2890 4097 est,
2917 4036 3145 4101 possunt
3173 4027 3389 4097 quidem
3417 4024 3505 4079 di~

1933 4144 2055 4184 cere
2085 4138 2139 4184 et
2169 4129 2344 4199 ipsum
2381 4127 2601 4198 Moysen
2654 4124 2821 4196 Moysi
2850 4123 3106 4180 cathedra
3136 4116 3502 4201 deseqndissc.

1899 4215 1902 4219 ’
1934 4218 2051 4288 Ipse
2075 4220 2221 4274 enim
2252 4221 2347 4288 qui
2386 4219 2522 4274 dixit
2553 4236 2566 4271 :
2607 4215 2729 4269 Non
2763 4212 3080 4284 perjurabis,
3124 4210 3261 4264 dixit
3296 4208 3459 4261 etiam
3490 4225 3502 4258 :

1940 4308 2059 4361 Non
2092 4309 2294 4361 occides
2324 4306 2521 4374 (Exod.
2576 4305 2700 4373 xx);
2737 4311 2792 4356 et
2822 4311 3001 4355 tamen
3032 4307 3154 4367 post
3196 4298 3507 4365 frequenter

1934 4397 2114 4452 intulit
2147 4415 2160 4449 :
2194 4396 2297 4461 Qui
2322 4397 2417 4450 hoc
2446 4397 2522 4449 vel
2547 4394 2681 4448 illud
2708 4394 2909 4462 fecerit,
2939 4390 3229 4443 occidetur.

2005 4488 2230 4558 Propter
2253 4504 2392 4557 quas
2414 4484 2805 4541 sententiarum
2832 4483 3139 4544 varietates,
3174 4493 3346 4547 neque
3375 4492 3507 4558 pra:-

1936 4581 2203 4636 dictarum
2252 4580 2535 4649 culparum
2567 4577 2886 4631 remissuros
2935 4572 3122 4643 Moysi,
3156 4588 3256 4623 nec
3296 4568 3508 4637 Moyses

1869 4668 1911 4720 ῐ)
1938 4674 2052 4742 ipse
2077 4672 2182 4726 sibi
2206 4671 2518 4726 contrarius
2541 4676 2651 4734 est;
2675 4667 2770 4721 sed
2795 4663 3192 4734 dispensatoria
3225 4674 3505 4713 sacrarum

1940 4763 2345 4816 institutionum
2369 4760 2567 4823 edicta,
2596 4758 2661 4812 ad
2687 4757 2830 4811 aliud
2863 4765 2915 4808 et
2940 4755 3085 4808 aliud
3123 4754 3307 4812 relata,
3349 4757 3505 4800 utro—

1938 4857 2100 4927 hique
2143 4865 2322 4910 tamen
2374 4853 2589 4908 veritati
2638 4862 2692 4906 et
2730 4851 2957 4920 justitia:
2991 4836 3409 4905 consonasunt,
3454 4850 3511 4894 et

1919 4943 2228 5002 'causarum
2271 4946 2447 5000 ordini
2497 4957 2754 5011 congrua.
2805 4938 2940 4992 Ecce
2986 4936 3259 5004 legislator
3290 4942 3510 5001 propter

1937 5040 2039 5095 hoc
2082 5039 2304 5109 legalem
2345 5034 2667 5091 sententiam
2710 5030 2993 5089 immutat,
3036 5035 3144 5079 uta
3169 5025 3301 5094 legis
3327 5033 3507 5078 trans-

1936 5129 2216 5196 gressione
2265 5129 2531 5178 coerceat.
2570 5119 2611 5171 E
2670 5119 2947 5173 contrario
2996 5116 3119 5169 novi
3174 5115 3551 5189 legislature:;_

1935 5226 2153 5283 propter
2174 5215 2279 5266 hoc
2303 5213 2481 5281 legum
2513 5220 2943 5279 transgressores
2967 5206 3094 5261 laeti
3121 5214 3266 5268 sunt,
3294 5214 3349 5255 ut
3371 5219 3471 5254 con
3494 5232 3505 5239 -

266 5308 452 5379 gladii,
482 5309 538 5360 in
568 5305 850 5377 sanguinis
874 5302 1134 5361 ell‘usione
1180 5316 1288 5354 non
1329 5300 1560 5362 modica,
1590 5298 1646 5351 in
1678 5296 1842 5350 sacri-
1930 5303 2223 5372 jurationis
2248 5318 2361 5356 sua:
2388 5302 2652 5356 sententia
2670 5316 2779 5353 non
2807 5302 3139 5353 immutetur.
3164 5295 3302 5347 Sunt
3325 5297 3506 5342 autem

267 5397 386 5466 loga
421 5396 690 5449 bonorum
731 5396 871 5450 beati
908 5392 1052 5447 Petri
1091 5390 1390 5443 vastatione
1427 5394 1762 5458 grassantur.

339 5483 448 5540 Sed
495 5500 597 5538 nec
646 5484 795 5553 regni
827 5481 1306 5555 proﬁigationibus,
1354 5493 1453 5534 nec
1488 5476 1837 5533 ecclesiarum

265 5574 735 5633 destructionibus
781 5576 1037 5643 parcitur,
1097 5574 1226 5628 dum
1275 5570 1488 5625 illorum
1531 5570 1832 5639 conjuratio

264 5668 462 5727 cﬁ‘ectu
487 5680 603 5721 non
630 5677 829 5719 careat.
864 5665 944 5721 Illi
971 5681 1101 5721 vero
1131 5678 1362 5735 quorum
1395 5660 1462 5716 ad
1495 5662 1611 5716 haec
1646 5678 1832 5732 perpe-

1933 5408 2000 5446 ex
2035 5392 2165 5462 ipsis
2195 5392 2468 5462 episcopis
2513 5391 2606 5460 qui
2646 5406 2753 5443 non
2798 5406 2856 5444 se
2886 5404 3012 5444 cum
3042 5385 3164 5439 aliis
3195 5383 3506 5451 juramentu

1938 5485 2207 5555 obligatos
2228 5483 2484 5549 fatentur,
2515 5491 2569 5536 et
2601 5489 2782 5535 tamen
2817 5480 2871 5533 in
2912 5476 3154 5531 eamdem
3181 5467 3503 5555 sententiam

1943 5554 2128 5627 votum
2190 5572 2405 5627 vovisse
2471 5585 2581 5623 non
2642 5576 2863 5636 negant;
2939 5562 3026 5617 cui
3079 5562 3291 5613 illorum
3364 5554 3505 5607 factu

1941 5683 2051 5722 non
2073 5665 2218 5720 aliud
2242 5680 2406 5734 quam
2431 5657 2851 5729 conspirationis
2872 5655 3085 5722 culpam
3114 5648 3262 5719 parvi
3298 5645 3504 5698 iaciunt

334 5802 491 5873 (456)
526 5796 742 5873 Scripta
772 5804 853 5873 est
889 5812 1019 5873 e_rgo
1040 5795 1412 5873 hazoepistola
1447 5810 1477 5849 a
1510 5794 1565 5848 S.
1592 5794 1875 5873 Gebhaido
1908 5810 2051 5849 anno
2108 5791 2258 5857 l08l,
2292 5790 2419 5858 quia
2456 5774 2903 5859 pseudosynodus
2948 5777 3279 5837 Brixiuensis
3323 5777 3501 5831 habita

258 5863 349 5937 est
378 5863 535 5933 anno
571 5863 733 5927 IOt‘O;
760 5867 875 5923 vide
902 5863 1120 5931 Barea,
1163 5863 1264 5921 hoc
1292 5883 1451 5933 anno,
1483 5875 1620 5920 tom;
1639 5863 1729 5917 XI.
