3944 6398
244 464 350 520 805

1119 456 1402 519 APPEND.
1440 460 1529 516 Ill.
1569 490 1639 503 -—
1669 454 2098 513 MONUMENTA
2137 455 2599 512 GREGORIANA.

3372 463 3475 518 866

248 578 377 633 sede
402 575 703 649 apostolica
740 589 849 632 non
883 574 1169 642 abstinete,
1200 581 1255 629 et
1292 586 1402 634 non
1436 568 1814 626 abstinendum
1846 567 1892 623 Α
1918 571 2197 634 urgentem
2210 563 2561 633 praecedentis
2582 564 2793 633 injuriae
2817 554 3472 635 necessitatem,omnem-

245 671 476 735 docete;
510 666 657 738 quod
682 667 733 722 si
758 681 867 721 non
891 664 1147 732 feceritis,
1189 664 1335 719 velut
1362 662 1625 735 inﬁdeles,
1656 658 1818 729 regiae

248 755 537 812 sententia:
560 754 926 826 subjaoebitis.
956 754 1103 823 Dura
1146 752 1465 824 propositio,
1505 758 1560 806 et
1584 749 1819 818 antiqua:

238 842 328 898 illi
346 843 588 915 quodam
603 844 767 899 modo
787 842 1106 906 conformis,
1126 858 1233 913 qua
1255 841 1454 896 dicitur
1472 837 1559 895 :Si
1583 840 1658 893 vis
1680 838 1818 891 ami-

247 949 343 986 cus
375 948 490 986 esse
514 930 763 999 Caesaris,
797 932 1041 1001 sacriﬁca
1074 930 1209 995 diis;
1240 928 1379 1001 quod
1415 928 1585 982 sinon
1610 926 1814 998 feceris,

246 1016 511 1092 puniet-is.
567 1023 624 1077 Si
666 1038 787 1079 eam
831 1037 994 1093 quam
1037 1021 1294 1090 jubemur
1342 1019 1653 1074 ﬁdelitatem
1701 1016 1814 1087 regi

249 1112 638 1182 impendimus,
662 1127 771 1167 non
802 1096 1010 1166 tantum
1030 1125 1213 1166 coram
1240 1110 1346 1165 isto
1371 1125 1495 1180 rege
1516 1110 1610 1169 sed
1633 1123 1817 1164 coram

247 1202 502 1257 omnium
543 1217 730 1273 regum
782 1199 928 1271 Rege
959 1198 1197 1271 perfidia:
1223 1207 1435 1257 reatum
1464 1198 1816 1269 incurrimus,

248 1305 383 1344 nam
431 1302 625 1343 omnes
669 1287 978 1343 divinarum
1028 1288 1205 1358 legum
1258 1296 1450 1358 sponte
1498 1287 1816 1353 violatores,

249 1378 397 1431 sicut
418 1375 696 1446 Scriptura
716 1375 892 1442 decet,
916 1383 1178 1445 apostatae
1199 1374 1522 1430 eﬂiciunturt
1535 1373 1819 1441 Quomodo

249 1479 385 1535 ergo
410 1463 479 1518 ad
513 1463 844 1534 apostasiam
879 1472 935 1517 et
961 1461 1237 1533 perﬁdiam
1274 1462 1432 1532 quasi
1471 1477 1572 1532 pro
1592 1462 1819 1533 jttrisju~

254 1553 413 1609 randi
449 1553 709 1623 religione
746 1552 1191 1625 constringimur,
1223 1554 1317 1623 qui
1351 1553 1487 1606 nihil
1521 1554 1629 1608 nisi
1658 1554 1818 1611 {idem

244 1644 470 1713 jurasse
505 1643 773 1698 dicimur?
800 1642 936 1698 “ira
965 1644 1079 1698 res!
1104 1642 1261 1696 fidem
1287 1641 1617 1710 juravimus,
1640 1649 1694 1696 et
1714 1643 1818 1697 nisi

242 1735 536 1805 perfidiam
577 1733 866 1801 faciamus,
911 1733 1115 1803 perjuri
1166 1732 1400 1787 dicimur
1446 1740 1500 1787 et
1546 1718 1816 1799 infideles;

246 1824 393 1877 nihil
446 1837 690 1891 unquam
727 1822 1050 1892 juravimus,
1087 1820 1193 1877 nisi
1240 1820 1386 1891 quod
1436 1821 1586 1876 salvo
1631 1822 1820 1877 ordine

256 1921 449 1967 nostro
488 1911 605 1966 fieri
640 1917 845 1983 posset.

328 2001 626 2057 Videamus
681 2003 847 2073 igitur
887 2002 935 2057 si
977 1995 1326 2057 sacerdotalis
1363 1997 1446 2055 vel
1489 1996 1697 2057 ordinis
1738 2002 1822 2057 vel

253 2092 420 2148 cilicii
449 2092 522 2148 sit
544 2092 614 2148 ad
654 2092 759 2148 hoc
787 2093 1075 2147 consilium
1123 2092 1208 2145 vel
1229 2106 1385 2160 opem
1437 2092 1746 2146 ministrare
1765 2102 1825 2146 ut

252 2182 608 2238 Christianus
627 2183 878 2252 princeps
893 2198 925 2236 a
941 2181 1249 2259 Christiana
1267 2180 1385 2251 lege
1400 2178 1647 2237 homines
1666 2191 1825 2252 cogat

240 2273 556 2340 discedere,
580 2282 635 2327 et
654 2273 930 2327 discedere
952 2273 1197 2328 nolentes
1227 2274 1442 2343 publica
1486 2276 1825 2330 animadver-

253 2364 414 2420 sione
428 2372 813 2435 persequatur;
836 2371 914 2430 ut,
932 2362 1130 2435 fugatis
1153 2364 1543 2432 sacerdotibus,
1562 2363 1827 2419 Sanctitas

253 2458 343 2510 ria
370 2456 490 2524 Dei,
511 2456 668 2527 quasi
690 2455 996 2510 haereditate
1014 2456 1280 2525 possideat
1301 2454 1473 2526 (Psal.
1499 2458 1740 2523 Lxxxn);
1766 2464 1828 2510 ut

254 2548 566 2603 oblationes
608 2547 849 2601 fidelium
882 2554 937 2600 et
973 2546 1297 2616 patrimonia
1343 2560 1663 2615 pauperum,
1710 2546 1825 2600 suis

244 2651 598 2709 suorumque
626 2636 817 2691 usibus
844 2634 1337 2705 incomparabiliter
1366 2632 1825 2704 [irrecuperabili-

242 2725 368 2798 ter]
392 2735 646 2796 usurpet;
664 2734 742 2789 ut,
754 2723 983 2779 Nemnis
1006 2724 1270 2794 exemplo,
1287 2722 1826 2779 Petrumet‘Paulum

154 2871 161 2875 .
242 2818 461 2874 iterum
491 2819 559 2872 in.
581 2817 846 2893 membris
892 2817 1007 2872 suis
1050 2815 1164 2886 pati
1202 2814 1394 2886 faciat;
1445 2824 1507 2869 ut
1547 2813 1824 2871 Simonem

248 2907 476 2982 lingunt
507 2922 702 2963 rursus
732 2915 921 2972 contra
959 2905 1239 2966 Simonem
1271 2907 1497 2963 Petrum,
1514 2907 1712 2963 excitet
1730 2925 1755 2976 ;,
1770 2916 1829 2963 ut

249 3000 430 3056 intret
474 3000 531 3055 in
562 2999 1047 3057 sanctiﬁcationem
1075 3016 1199 3055 cum
1238 3001 1508 3070 superbia,
1535 3000 1625 3057 ubi
1652 3016 1828 3070 usque

246 3091 427 3146 modo
462 3091 668 3157 ﬁdeles,
700 3090 777 3144 “in
811 3092 974 3146 corde
1022 3091 1257 3146 contrito
1295 3100 1349 3145 et
1379 3091 1683 3156 humiliato,
1726 3106 1826 3161 pro

243 3181 584 3237 remissione
606 3191 978 3251 peccatorum
1029 3196 1255 3236 suorum
1305 3181 1465 3245 nudis
1508 3181 1737 3252 pedibus
1771 3180 1826 3237 in

249 3272 545 3328 ecclesiam
558 3271 829 3345 [introire]
851 3281 1274 3339 consueverunt;
1295 3282 1355 3329 ut
1376 3273 1492 3328 loca
1515 3282 1829 3329 sanctorum

250 3365 530 3435 sanguine
553 3374 867 3420 consecrata
890 3363 1215 3420 famulorum
1241 3367 1414 3421 sancti
1434 3365 1827 3421 Petri-cruenta

249 3466 444 3527 strage
472 3456 696 3525 polluat.
733 3454 984 3525 Nunquid
1013 3456 1300 3524 pastoralis
1322 3455 1482 3509 cilicii
1511 3464 1595 3511 est
1632 3455 1828 3511 talibus

248 3554 389 3601 actu
413 3546 498 3600 vel
515 3544 747 3603 consilio
766 3545 1121 3617 participare?
1140 3546 1389 3618 Nunquid
1412 3546 1653 3603 ﬁdelitati
1673 3563 1825 3604 com-

246 3636 397 3708 petit
413 3636 633 3713 regibus
651 3637 976 3708 persuadere
996 3646 1074 3704 ut,
1091 3636 1293 3692 Christi
1316 3639 1555 3693 tunicam
1572 3646 1626 3693 et
1651 3654 1827 3693 sacer-

247 3727 453 3782 dotum
487 3728 609 3797 ejus
654 3728 976 3783 vestimenta
1006 3727 1331 3794 scindentcs,
1376 3728 1549 3784 scindi
1578 3744 1610 3782 a
1637 3743 1695 3784 se
1737 3743 1825 3782 re-

248 3833 432 3889 gnum
463 3820 806 3876 mereantur?

336 3916 442 3975 Sed
469 3917 586 3971 haec
618 3911 802 3968 omnia
818 3911 943 3966 novi
964 3910 1212 3965 doctores
1234 3909 1474 3979 tidelitati
1503 3907 1821 3974 attribuunt,

244 4009 505 4063 dicentes
536 4021 595 4060 se
626 4003 845 4075 quidem
885 4001 1043 4055 beato
1081 3998 1239 4057 Petro
1278 4007 1440 4069 atque
1465 3998 1578 4054 sedi
1608 4005 1826 4069 aposto-

247 4100 382 4155 licae
427 4098 655 4153 devotos
693 4094 959 4159 existere;
1001 4090 1208 4146 sedenti
1238 4098 1419 4146 autem
1455 4104 1619 4160 super
1641 4088 1822 4145 sedem

209 4177 214 4179 ’
245 4183 411 4244 illam
457 4184 709 4240 insolitas
752 4181 981 4253 injurias
1010 4182 1205 4238 merito
1237 4180 1486 4252 irrogari,
1516 4180 1611 4251 qui
1632 4180 1825 4244 titubo-

247 4279 440 4338 miues
477 4273 796 4339 immeritos,
825 4288 1007 4343 regem
1034 4272 1239 4329 scilicet
1281 4279 1337 4326 et
1381 4270 1682 4338 episcopos,
1713 4276 1823 4322 tam

244 4370 539 4427 insolitam
561 4364 925 4422 damnationis
946 4362 1268 4418 sententiam
1292 4360 1668 4432 promulgavit.
1692 4358 1825 4428 Qui-

246 4463 367 4518 bus
392 4455 830 4539 respondendum
853 4462 937 4509 est
955 4453 1121 4524 quod,
1144 4453 1247 4508 etsi
1270 4453 1326 4507 in
1349 4453 1456 4509 illis
1477 4452 1825 4525 synodalbus

1917 670 2023 725 que
2052 654 2215 725 hujus
2239 655 2450 711 discidii
2476 656 2689 726 culpam
2716 656 2781 711 ad
2806 656 3165 714 inchoationis
3182 662 3476 731 primordia

1915 745 2126 801 referri.
2151 746 2406 814 Audiant,
2434 745 2677 817 inquam,
2714 749 2880 818 quod,
2917 749 3130 806 etiamsi
3155 750 3477 811 Christiana:

1916 835 2000 890 vel
2043 835 2423 893 ecclesiastica:
2476 836 2752 908 religionis
2798 847 2944 894 esset
3005 841 3202 897 talibus
3262 842 3477 913 injuriis

1917 928 2051 983 tales
2081 927 2484 985 vicissitudines
2516 929 2831 1001 rependere,
2866 939 3011 986 certe
3041 948 3140 988 nec
3178 934 3281 988 hoc
3314 935 3475 990 modo

1917 1014 2313 1073 inexcusabiles
2334 1016 2449 1071 fieri
2470 1024 2691 1087 possent
2714 1035 2727 1072 :
2755 1032 2882 1072 nam
2907 1020 3215 1089 apostolicae
3228 1021 3473 1077 animad—

1917 1102 2202 1169 versionis,
2239 1119 2348 1173 qua
2385 1118 2444 1158 se
2482 1103 2768 1174 injuriatos
2809 1115 3127 1175 causantur,
3170 1107 3272 1179 ipsi
3298 1109 3477 1180 potius

1918 1210 2080 1251 causa
2101 1196 2443 1263 exstiterunt,
2461 1206 2515 1252 et
2533 1196 2676 1252 unde
2697 1212 2755 1253 se
2776 1212 3034 1254 accensos
3051 1210 3474 1272 conquerantur,

1918 1285 2023 1340 hoc
2066 1284 2168 1354 ipsi
2215 1285 2369 1355 prius
2404 1285 2793 1354 incenderant;
2839 1286 3068 1357 ideoque
3111 1289 3340 1358 injurias
3366 1306 3476 1347 non

1919 1384 2030 1430 tam
2052 1377 2352 1430 retulerunt
2379 1393 2543 1447 quam
2571 1378 2888 1433 intulerunt.
2919 1378 3056 1433 Cum
3079 1380 3222 1435 enim
3243 1381 3476 1450 primum

1918 1467 1985 1521 ad
2020 1467 2336 1523 initiandam
2356 1467 2499 1524 hanc
2530 1483 2643 1523 rem
2674 1467 2821 1539 (460)
2845 1468 3159 1525 Wormatitn
3188 1470 3479 1527 conﬂuxis-

1919 1566 2057 1624 sent,
2093 1557 2186 1612 ubi
2235 1557 2412 1613 omnis
2442 1573 2605 1628 quam
2635 1558 2871 1628 patimur
2894 1560 3173 1616 calamitas
3200 1561 3479 1619 exordium

1919 1649 2170 1718 sumpsit,
2196 1650 2401 1703 nullam
2420 1648 2598 1703 adhuc
2622 1648 2876 1704 dominus
2896 1664 3033 1719 papa
3054 1653 3471 1710 excommunica-

1919 1737 2084 1793 tionis
2099 1739 2182 1792 vel
2202 1739 2564 1794 anathematis
2584 1738 2907 1794 sententiam
2929 1739 3235 1808 destinavit,
3262 1742 3370 1797 sed‘
3379 1742 3479 1812 ipsi

1921 1827 2194 1898 (primitiae
2214 1828 2653 1899 discordiarum),
2674 1829 2793 1898 ipso
2804 1830 3083 1901 ignorante
3094 1839 3148 1887 et
3160 1831 3294 1887 nihil
3304 1832 3484 1887 minus

1925 1928 2167 1989 putante,
2190 1918 2491 1989 prazlationi
2517 1933 2628 1973 sua:
2644 1919 2875 1987 superba
2896 1929 2949 1974 et
2971 1922 3249 1991 repentina
3269 1922 3469 1978 temeri

1924 2018 2034 2064 tate
2046 2007 2581 2064 abrenuntiaverunt.
2598 2006 2752 2061 initia
2764 2008 3012 2090 dolorum
3026 2008 3141 2064 haec
3155 2010 3347 2079 (Marc.
3361 2012 3484 2084 λιιι)

1922 2097 2177 2166 primum.
2232 2095 2346 2150 lloe
2380 2094 2704 2149 fermentum
2743 2104 2908 2151 totam
2956 2096 3208 2152 Ecclesia:
3246 2114 3484 2156 massam

1888 2228 1895 2245 ,
1921 2183 2166 2254 corrupit
2195 2182 2249 2255 (Ι
2276 2182 2398 2239 Cor.
2423 2184 2498 2253 γ).
2541 2183 2697 2249 Quod
2738 2184 2785 2239 si
2816 2185 2939 2254 quis
2966 2195 3146 2257 negat,
3173 2185 3329 2243 facile
3355 2202 3485 2259 pro-

1925 2272 2043 2327 bari
2062 2279 2261 2341 potest,
2284 2271 2329 2326 si
2358 2279 2524 2342 gestae
2547 2271 2625 2325 rei
2646 2281 2701 2326 et
2732 2275 2988 2342 temporis
3017 2275 3183 2330 series
3205 2292 3486 2333 recensea—

1924 2372 2033 2417 tur.
2056 2362 2370 2418 Conventus
2391 2362 2535 2416 enim
2559 2361 2667 2428 ille,
2692 2361 2758 2417 de
2786 2378 2895 2433 quo
2929 2364 3181 2432 dicimus,
3210 2366 3350 2421 inter
3378 2365 3487 2423 Na-
3548 2412 3551 2419 η

1926 2455 2187 2509 tivitatem
2215 2453 2553 2507 Dominicam
2578 2462 2632 2506 et
2653 2464 2965 2524 sequentem
3009 2437 3486 2527 Quadragesimatn

1924 2546 2251 2600 constitutus
2272 2552 2375 2607 est,
2399 2543 2470 2596 ita
2496 2542 2821 2597 distantibus
2846 2544 3034 2612 spatiis
3065 2553 3125 2617 ut
3153 2561 3488 2618 quaecunque

1925 2644 2238 2707 gererentur
2274 2634 2500 2689 Romam
2540 2635 2730 2706 synodi
2756 2644 2995 2705 tempore
3019 2636 3222 2692 differri
3246 2648 3485 2708 possent.

1927 2725 2033 2783 Sed
2064 2735 2190 2783 ante
2213 2728 2456 2781 eamdem
2482 2725 2791 2781 Nativitatis
2811 2726 3105 2783 Dominicaa
3123 2726 3488 2798 festivitatem,

1925 2834 2051 2874 cum
2080 2833 2173 2873 rex
2202 2816 2510 2873 natalitium
2524 2818 2667 2871 diem
2686 2817 2916 2884 Andreae
2940 2820 3171 2889 apostoli
3191 2819 3490 2893 Bapinberg

1926 2909 2271 2976 celebrasset,
2299 2918 2448 2964 tanta
2479 2909 2655 2965 adhuc
2679 2907 2819 2963 inter
2857 2925 3085 2981 regnum
3123 2920 3178 2966 et
3215 2927 3487 2969 summum

1927 2999 2287 3056 sacerdotium
2322 3001 2610 3055 concordia
2640 3000 2831 3069 viguit,
2854 3008 2916 3053 ut
2947 3015 3107 3056 omne
3147 3002 3293 3070 quod
3341 3002 3490 3073 (461)

1929 3091 2003 3145 ibi
2024 3091 2079 3145 in
2110 3091 2368 3146 destituto
2392 3092 2631 3160 ejusdem
2672 3089 2776 3142 loci
2808 3089 3059 3159 episcopo
3097 3090 3310 3161 alioque
3357 3092 3488 3147 sub-

1930 3183 2121 3238 stituto
2148 3192 2326 3237 actum
2362 3190 2462 3243 est,
2513 3188 2683 3233 totum
2710 3177 2948 3248 jussioni
2968 3187 3021 3235 et
3042 3180 3359 3237 obedientia:
3382 3180 3481 3238 Ro-

1929 3271 2075 3325 mani
2124 3270 2480 3338 imputaretur
2517 3268 2808 3336 pontiﬁcis.
2846 3266 2914 3323 Et
2947 3270 3061 3339 ipse
3093 3270 3309 3342 quidem
3340 3272 3490 3344 prin-

1927 3377 2054 3431 ceps
2076 3363 2181 3416 hoc
2212 3361 2409 3427 verbis,
2434 3361 2538 3416 hoc
2573 3361 2767 3417 litteris
2802 3377 2833 3416 a
2869 3364 2996 3418 sede
3024 3366 3317 3433 apostolica
3361 3368 3488 3422 cha-

1927 3452 2141 3508 ritativc
2174 3453 2392 3507 directis
2418 3453 2719 3523 injuuctutn
2752 3453 2854 3508 sibi
2900 3452 3065 3508 fuisse
3111 3462 3339 3510 testatus
3385 3465 3486 3513 est.

1927 3543 2064 3600 Ecce
2092 3543 2379 3601 manifesta
2405 3544 2599 3598 indicia
2637 3543 2741 3597 huc
2777 3558 2949 3612 usque
2973 3545 3336 3612 permanentis
3360 3554 3490 3601 cen-

1926 3635 2141 3691 cordiaa.
2157 3634 2295 3699 Quid
2319 3648 2446 3703 ergo
2468 3643 2575 3686 tam
2597 3633 2704 3686 cito
2730 3633 3047 3688 intercidere
3068 3634 3262 3704 potuit,
3287 3645 3346 3691 ut
3378 3636 3488 3704 ille,

1925 3724 2017 3793 qui
2053 3723 2110 3778 in
2145 3723 2394 3793 proximo
2423 3732 2546 3777 ante
2574 3721 2918 3803 Nativitatem
2969 3723 3181 3779 Domini
3233 3734 3396 3782 tanta:
3435 3727 3490 3782 in

1924 3813 2162 3869 Ecclesia
2200 3814 2613 3884 magnificentiae
2648 3813 2751 3868 fuit
2774 3823 2833 3868 ut
2856 3814 2922 3869 ad
2945 3822 3136 3869 nutum
3159 3815 3301 3871 illius
3322 3817 3472 3888 digni
3543 3860 3548 3864 .

1925 3914 2096 3960 talum
2119 3906 2450 3961 mutationes
2481 3906 2700 3970 tierent;
2754 3904 2893 3958 idem
2924 3905 3110 3973 paucis
3138 3914 3261 3974 post
3281 3905 3491 3961 Nativi-
3553 3975 3556 3980 _

1925 4005 2092 4052 tatem
2116 3997 2325 4063 diebus,
2359 3996 2734 4059 inconveutus,
2772 3993 3068 4059 inauditus,
3117 3995 3283 4051 totius
3325 3996 3490 4053 etiam

1926 4089 2147 4158 ignarus
2176 4084 2554 4151 dissensionis,
2577 4082 3046 4154 proscriberetur?
3077 4085 3162 4140 Ab
3204 4086 3295 4142 illa
3344 4087 3491 4143 enim

1923 4174 2029 4240 die,
2053 4172 2146 4243 qui
2176 4172 2313 4227 tanti
2348 4171 2566 4226 habitus
2593 4180 2676 4227 est
2707 4171 2776 4226 ab
2807 4171 2917 4237 eis,
2948 4172 3057 4239 imo
3098 4173 3169 4228 ab
3216 4174 3489 4241 omnibus,

1923 4265 2127 4319 nullam
2170 4278 2367 4333 eorum
2411 4264 2732 4334 legationem
2767 4262 2992 4332 accepit,
3016 4278 3188 4332 usque
3219 4262 3350 4317 dum
3397 4263 3489 4318 illa

1922 4356 2132 4412 veniret
2160 4371 2267 4427 qua
2298 4355 2502 4411 dictum
2529 4362 2613 4410 est
2646 4372 2659 4406 :
2693 4352 2975 4419 Descende,
3010 4352 3287 4419 descende,
3320 4352 3490 4406 inter-

1923 4449 2148 4502 dicimus
2184 4448 2279 4502 tibi
2310 4463 2458 4500 omne
2482 4445 2574 4513 jus
2608 4452 2866 4514 papulas;
2900 4443 3113 4515 aliaque
3157 4443 3487 4515 hujusmodi.

243 4550 480 4624 iudiciis
511 4534 779 4605 districtio
801 4546 1270 4602 mansuetudinem
1295 4544 1633 4610 excessisset,
1657 4544 1742 4599 'ita
1767 4552 1826 4597 ut
1859 4563 1901 4616 ι)
1996 4539 2191 4593 Dicant
2230 4552 2360 4607 ergo
2405 4535 2569 4605 hujus
2611 4534 2895 4606 legationis
2942 4536 3353 4607 compositores,
3395 4537 3490 4608 qui

246 4644 498 4702 domnus
530 4638 862 4711 apostolicus
892 4637 1014 4707 plus
1046 4636 1205 4690 solito
1241 4644 1296 4689 et
1328 4650 1437 4689 non
1467 4648 1567 4704 pro
1601 4634 1827 4688 materia

185 4759 189 4762 ν
247 4746 427 4802 super
453 4744 550 4785 eos
570 4743 793 4783 manum
835 4724 1203 4801 congravarit,
1237 4723 1492 4779 decuerat
1521 4730 1700 4777 tamen
1733 4738 1827 4776 or-

248 4823 533 4881 thodoxos
578 4818 898 4889 episcopos,
946 4816 1217 4873 catholico
1273 4812 1504 4887 principi
1552 4810 1827 4886 [suadere]

250 4922 532 4988 quatenus
553 4912 633 4967 sic
660 4908 915 4980 injuriam
937 4923 1093 4987 suam
1115 4907 1466 4963 ulcisceretur
1499 4920 1567 4959 ne
1588 4903 1826 4959 divinam

256 5004 525 5062 ultionem
562 5002 618 5054 in
655 5016 715 5055 se
743 4996 1079 5075 provocaret,
1110 5012 1176 5053 ne
1194 4996 1451 5053 Ecclesia:
1479 4995 1693 5065 regulas
1727 5009 1821 5065 pe-

214 5107 218 5110 ‘
259 5098 412 5152 nitus
443 5090 819 5154 confunderet,
854 5068 924 5144 ne
950 5068 1204 5153 caedibus,
1242 5086 1527 5151 incendiis,
1562 5086 1824 5140 vastatio-

262 5170 425 5243 nibus
476 5186 530 5241 id
566 5191 749 5255 ageret
793 5180 936 5252 qnod
967 5179 1346 5235 ecclesiasticis
1392 5177 1824 5233 discussionibus

261 5277 531 5348 agendum
556 5283 693 5330 erat.

330 5364 515 5429 Aliud,
553 5364 698 5432 quod
746 5358 1127 5417 attendendum
1151 5367 1255 5425 est,
1277 5357 1507 5414 velimus
1542 5356 1823 5411 attendere

258 5466 375 5513 tam
407 5456 548 5520 illos,
586 5468 748 5523 quam
780 5453 875 5522 qui
896 5454 966 5508 ab
991 5450 1097 5505 illis
1125 5449 1300 5505 edocti
1347 5457 1474 5523 sunt
1506 5456 1566 5503 ut
1604 5447 1825 5503 credant

262 5550 378 5604 haec
410 5548 597 5604 omnia
642 5543 785 5599 licite
827 5552 881 5599 et
925 5544 1146 5613 impune
1179 5542 1559 5597 committenda
1607 5548 1827 5612 propter

356 5678 483 5746 460)
514 5677 765 5733 Habitum
802 5685 884 5732 est
909 5676 1013 5730 hoc
1037 5674 1453 5730 conciliabulum
1490 5689 1634 5728 anno
1660 5673 1818 5729 1070.

267 5745 399 5805 Vide
421 5745 621 5801 Baron.
651 5755 780 5801 tom.
812 5745 900 5799 XI.

333 5818 483 5887 (461)
526 5817 789 5885 Loquitur
817 5818 883 5872 de
911 5814 1216 5871 llenuanno
1264 5814 1518 5883 episcopo
1571 5811 1821 5868 liambcr-

1926 4628 2556 4688 conventuiWormatia:
2587 4628 2772 4684 habito
2803 4628 3134 4697 intererant,
3178 4630 3270 4685 ubi
3322 4630 3491 4701 gratis

1928 4736 2046 4777 a‘se
2069 4719 2590 4791 jugum’disciplina:
2627 4720 2991 4791 projecerunt,
3015 4722 3106 4777 ubi
3131 4731 3329 4778 sanctae
3361 4722 3491 4776 obe—

1926 4813 2143 4867 dientiae
2166 4812 2407 4868 libellum
2438 4811 2646 4882 repudii
2672 4813 3134 4883 conscripserunt,
3171 4812 3264 4866 ubi
3292 4804 3488 4866 nciam

1927 4904 2071 4959 hanc
2103 4906 2308 4961 mundo
2342 4904 2512 4974 legent
2542 4905 2899 4960 condiderunt
2923 4912 2983 4958 ut
3014 4918 3204 4959 servus
3227 4904 3492 4976 principis

1927 5004 2142 5053 summo
2163 4997 2403 5068 pontifici
2424 4997 2731 5052 cathedram
2750 4995 3109 5065 episcopalem
3139 4997 3489 5056 interdicendi

1924 5089 2015 5159 jus
2038 5089 2233 5144 habeat
2250 5089 2460 5144 :‘dic’ant
2473 5103 2619 5159 ergo,
2633 5088 2844 5154 dicant;
2860 5088 2973 5143 etsi
2988 5103 3098 5145 non
3113 5091 3292 5159 nobis,
3309 5100 3491 5149 tamen

1928 5180 2183 5235 Ecclesiae
2216 5181 2361 5248 juste
2403 5180 2660 5233 adversus
2710 5195 2805 5234 eos
2861 5182 3215 5249 proclamanti
3268 5200 3494 5255 respon-

1928 5272 2088 5326 deant
2116 5269 2314 5338 quibus
2342 5268 2769 5337 przecedentibus
2801 5272 2981 5325 causis
3017 5271 3143 5325 talia
3187 5288 3255 5328 ex
3310 5276 3490 5330 debito

1927 5356 2411 5427 recompensarint.
2458 5356 2515 5413 Si
2560 5368 2739 5413 autem
2787 5367 3181 5427 competentem
3227 5362 3491 5419 rationem

1928 5447 2150 5502 reddere
2175 5460 2282 5501 non
2306 5457 2555 5517 possunt,
2588 5448 2695 5500 imo
2719 5447 2975 5515 quianon
3009 5452 3254 5520 possunt,
3281 5452 3489 5506 fatean-

1928 5547 2018 5592 tur
2044 5552 2265 5593 necesse
2290 5545 2374 5592 est
2406 5534 2553 5606 (462)
2590 5550 2743 5590 nova:
2767 5550 2825 5591 se
2854 5540 3193 5597 confusionis
3219 5548 3487 5609 auctores,

1930 5670 2082 5741 gensi
2106 5667 2495 5743 ob_Sit_noniam
2517 5668 2781 5739 deposito,
2805 5682 2859 5728 et
2900 5674 2955 5728 in
2997 5674 3176 5728 locum
3216 5662 3332 5743 ejus
3375 5672 3492 5730 itu-

1932 5738 2087 5810 perte
2108 5738 2416 5810 substituto.
2532 5808 2538 5810 Α
2627 5808 2633 5810 Α
2767 5738 2772 5739 “
2947 5772 2955 5778 α

2005 5807 2149 5876 (462)
2177 5803 2292 5871 llic,
2322 5814 2380 5860 ut
2405 5808 2639 5864 orationi
2669 5812 2841 5895 major
2872 5809 3115 5876 insitvis,
3134 5810 3497 5879 perspicuitas.
