3944 6404
187 482 288 536 869

1068 475 1355 530 APPEND.
1397 473 1482 526 Ill.
1525 504 1593 514 —-
1632 469 2062 527 MONlMl-NTA
2099 469 2561 525 (iRECOl’IlA‘s‘l.

3341 476 3366 521 8
3379 477 3442 526 70

189 581 876 660 temporibus~prolundior
908 586 1195 650 inhorruit,
1236 600 1298 638 ca
1330 584 1616 636 luminaria
1648 599 1768 652 qua:
1798 589 1839 641 Λ
1869 585 2066 635 rimum
2098 598 2258 651 posse
2279 599 2440 650 quem
2472 584 2566 634 tibi
2601 593 2688 634 tata
2715 582 2917 634 sanitas
2946 584 3131 650 probat
3162 584 3324 638 etiam
3357 589 3441 640 in-

185 682 371 751 posuit
393 679 452 732 in
473 678 815 731 ﬁrmamento
845 684 904 728 ut
937 675 1152 727 luceant
1184 689 1346 742 super
1384 682 1605 736 terram,
1631 689 1765 724 non-

192 779 473 837 nunquam
513 758 716 822 clarius
764 766 1036 834 e'llulgcre,
1065 773 1117 818 et
1140 765 1260 833 qua:
1284 765 1488 818 dudum
1525 764 1626 816 sibi
1655 772 1768 816 tan-

188 867 300 911 tum
330 857 734 914 interluxerunt
782 869 905 908 cum
931 853 1289 922 jucunditate,
1332 853 1495 907 etiam
1533 851 1766 905 homini-

189 949 291 1000 bus
313 948 616 1000 clementer
641 945 768 1000 facit
791 945 1147 998 innotescere.

257 1036 404 1090 Inter
435 1052 562 1106 qua:
591 1051 690 1106 ego
718 1051 825 1089 non
858 1034 1128 1088 immerito
1175 1033 1508 1087 numerarim
1555 1032 1612 1085 ll.
1672 1034 1783 1086 Al—-

191 1139 478 1182 tmannum
516 1127 852 1181 Pataviensis
872 1125 1125 1180 Ecclesia:
1153 1125 1518 1178 venerandum
1557 1125 1768 1176 antisti-

191 1227 319 1282 tem,
343 1217 440 1287 qui
497 1225 618 1285 post
649 1230 904 1270 occasum
944 1215 1106 1283 hujus
1153 1214 1399 1267 mortalis
1459 1213 1579 1266 vitae
1631 1213 1769 1265 inter

193 1307 369 1361 sidera
423 1307 550 1360 (ιωιὶ
611 1307 928 1369 collocatus,
977 1315 1086 1358 tam
1110 1305 1301 1358 crebro
1336 1303 1491 1357 nobis
1539 1304 1770 1372 desuper

193 1412 332 1450 novo
355 1397 526 1452 micat
559 1396 864 1465 splendore,
905 1395 1154 1449 \‘ithliCCl
1198 1395 1252 1448 in
1303 1395 1594 1448 virtutibus
1615 1404 1665 1447 et
1698 1394 1769 1446 si-

193 1487 332 1554 gnis,
370 1501 498 1555 quae
541 1501 635 1554 per
663 1501 805 1540 eum
853 1494 1110 1554 operatur
1171 1484 1436 1538 mirabilis
1479 1485 1531 1536 in
1569 1484 1770 1536 sanctis

193 1575 306 1628 suis
337 1574 509 1639 Deus,
552 1584 611 1628 ut
634 1591 741 1628 non
789 1575 1087 1643 incongrue
1109 1575 1174 1627 ad
1205 1590 1328 1626 eum
1362 1573 1420 1626 Β.
1449 1573 1549 1626 Job
1571 1574 1771 1626 tli\isse

187 1665 430 1733 judice!»
464 1685 476 1718 :
511 1665 640 1719 Cum
675 1674 722 1718 te
776 1674 1135 1733 consumptum
1166 1664 1450 1732 putaveris,
1475 1665 1660 1714 θήρη-ξς
1717 1673 1770 1714 ul

194 1758 384 1825 lucifer
416 1755 541 1824 (Job
591 1759 689 1825 XI).
722 1756 803 1810 Ad
838 1757 956 1825 ejus
1010 1757 1154 1808 enim
1213 1755 1399 1808 merita
1451 1754 1768 1806 declaranda

194 1847 410 1916 fugiunt
451 1847 746 1909 daemones,
784 1845 1061 1916 paralytici
1089 1853 1370 1909 curantur,
1401 1844 1774 1897 illuminantur

194 1937 340 2001 caeci,
364 1937 634 1991 contracti
666 1937 1046 2000 restituuntur,
1093 1943 1147 1988 et
1184 1936 1458 1988 variarum
1497 1935 1771 2004 pelluntur
1808 1914 1846 1964 u

192 2030 386 2083 damna
415 2028 943 2082 incommoditatum.
980 2027 1170 2080 Erisne
1195 2041 1322 2096 ergo
1362 2042 1608 2095 .prrescns
1641 2034 1770 2079 actas

193 2120 326 2172 adeo
347 2133 514 2182 caeca,
538 2127 599 2171 ut
620 2119 753 2170 tanti
791 2117 1012 2170 luminis
1041 2117 1279 2181 claritas,
1321 2132 1430 2184 quo
1458 2115 1600 2169 Deus
1646 2115 1768 2168 illu-

193 2217 328 2262 strat
349 2217 406 2262 et
451 2207 704 2261 mirilicat
739 2217 989 2260 sanetum
1046 2223 1235 2270 suum,
1292 2207 1533 2275 ingratos
1584 2207 1772 2259 oculos

196 2307 316 2352 tuos
351 2308 462 2352 nan
500 2297 861 2367 perstringat?
893 2311 1003 2350 non
1037 2296 1374 2350 conterreat?
1401 2295 1604 2348 Dixerit
1648 2297 1774 2348 huc-

197 2402 367 2457 usque
409 2406 421 2441 :
485 2387 531 2441 0
593 2388 856 2457 generalia
891 2403 1054 2455 prava
1104 2394 1152 2438 et
1195 2387 1546 2454 exasperatis!
1596 2385 1768 2453 (Psul.

197 2476 400 2546 LXXVII)
424 2478 580 2546 signa
624 2488 802 2528 nostra
834 2494 934 2528 non
961 2477 1207 2541 ridinms,
1238 2475 1354 2544 jam
1383 2492 1484 2528 non
1522 2484 1596 2528 est
1637 2474 1773 2526 Pro-

195 2565 344 2630 pheta
381 2565 561 2634 (Psal.
599 2568 808 2631 LXXIII).
841 2565 940 2629 En,
972 2567 1064 2634 qui
1089 2565 1216 2618 facit
1251 2565 1531 2618 nobiscmn
1557 2564 1770 2632 signum

194 2653 248 2707 in
269 2655 476 2707 bonum
511 2654 685 2723 (Paul.
713 2657 930 2722 LXXXV),
955 2665 1006 2708 et
1041 2655 1356 2708 consolatur
1396 2671 1496 2707 nos
1539 2671 1632 2722 per
1660 2669 1770 2704 mc-

197 2741 294 2793 I'ita
326 2740 516 2794 famuli
558 2743 661 2801 sui,
695 2743 902 2795 iuuaret
941 2745 1112 2812 signa,
1143 2754 1192 2795 et
1237 2745 1478 2794 immutat
1508 2742 1772 2794 mirabilia

196 2847 354 2899 usque
378 2831 449 2882 ad
475 2831 614 2883 diem
645 2831 777 2882 Iumr
805 2831 994 2896 (Errli.
1022 2832 1224 2899 xxx“).
1264 2830 1472 2900 Ergone
1504 2831 1774 2882 dubital-is

198 2919 262 2973 de
291 2922 408 2974 viro
439 2921 566 2985 hoc,
591 2937 624 2972 o
649 2922 941 2982 incredule,
967 2921 1111 2990 quod
1148 2922 1260 2989 ipse
1286 2939 1392 2974 non
1423 2921 1688 2974 introierit
1721 2921 1772 2972 in

197 3011 466 3078 potentias
517 3011 730 3065 Domini
791 3013 962 3077 (I’sal.
1018 3013 1166 3080 Lxx),
1241 3013 1335 3082 qui
1381 3021 1487 3065 tam
1532 3021 1776 3080 potenter

198 3098 381 3153 adesse
409 3113 519 3152 non
547 3101 720 3154 tardat
755 3103 1088 3168 supplicibus
1111 3102 1257 3154 suis?
1280 3099 1396 3152 Non
1424 3103 1641 3168 quidem
1667 3118 1765 3154 au-

198 3189 278 3243 dis
299 3205 510 3256 vocem,
541 3192 786 3244 umbram
812 3207 918 3243 non
955 3191 1133 3255 rides;
1161 3206 1382 3243 manum
1416 3206 1524 3242 non
1581 3193 1771 3255 sentis,

198 3288 254 3332 ut
296 3281 575 3349 quondam
622 3282 678 3334 in
730 3282 986 3350 apostolis
1010 3281 1138 3350 aagri
1174 3280 1483 3342 audiebant,
1523 3280 1773 3334 ridebant
1803 3275 1840 3292 “⁴

191 3378 249 3422 et
299 3372 635 3437 sentiebant;
689 3381 742 3424 et
809 3382 986 3425 tamen
1043 3371 1212 3425 sentis
1267 3371 1546 3433 bent-licia,
1603 3381 1656 3422 et
1707 3371 1772 3422 ad

197 3460 596 3514 invocationem
630 3462 747 3530 ejus
778 3463 1002 3529 pristina
1039 3463 1237 3530 gaudes
1261 3462 1646 3514 incolumitate.

261 3546 433 3604 Crede
456 3549 622 3619 igitur
648 3551 787 3618 apud
824 3549 993 3602 Deum
1031 3551 1231 3613 vivere,
1265 3559 1317 3601 et
1333 3551 1472 3616 apud
1493 3565 1616 3602 eum
1656 3550 1773 3616 plu-

1867 675 2152 726 \‘isiltililt‘t‘
2176 673 2432 725 adfuisse.
2471 673 2702 725 l'roindc
2741 675 2896 725 crede
2925 679 3442 743 sanctum,pr'.cdica

1867 766 2173 833 probatum,
2230 765 2320 832 qui
2373 764 2485 832 jam
2536 780 2641 816 non
2682 782 2759 822 se,
2804 765 2896 816 sed
2930 781 3088 832 quem
3129 765 3270 819 licus
3301 786 3444 821 eom-

1871 858 2086 909 mendat
2139 855 2224 924 (11
2255 857 2374 908 Cor.
2410 856 2498 922 x);
2535 857 2626 924 qui
2666 856 2777 924 jam
2813 873 2918 908 non
2946 859 3011 910 de
3045 874 3100 908 se
3138 859 3255 927 ipso
3288 863 3444 913 testi-

1871 946 2110 998 monium
2139 945 2267 998 dicit
2295 945 2472 1011 (Jomi.
2508 945 2646 1011 VIII),
2683 946 2774 997 St‘ti
2802 946 2887 998 cui
2912 947 3038 998 dant
3068 949 3440 1004 testimoniqu

1871 1047 1998 1098 tres,
2023 1037 2116 1105 qui
2156 1047 2282 1089 sunt
2321 1037 2372 1088 in
2398 1038 2556 1100 cudo,
2591 1037 2768 1097 Pater,
2805 1047 2857 1090 ct
2891 1037 3076 1097 Filius,
3105 1048 3157 1090 ct
3208 1039 3443 1108 Spiritus

1871 1138 2090 1179 sanctus
2118 1127 2168 1188 (l
2199 1128 2358 1179 Imm.
2391 1141 2462 1179 γ).
2491 1127 2674 1196 Itaque
2705 1129 2748 1180 si
2773 1129 2992 1196 lcprosi,
3012 1130 3101 1196 qui
3131 1130 3445 1184 habitabant

1874 1216 1924 1269 in
1963 1228 2115 1284 porta
2144 1218 2424 1279 Samarim,
2455 1218 2773 1284 semetipsos
2800 1228 3056 1287 arguunt,
3086 1220 3127 1270 si
3152 1220 3289 1271 diem
3317 1221 3441 1273 boni

1874 1309 2044 1360 nuntii
2104 1317 2281 1360 tacent
2327 1309 2526 1360 t°i\ll:lll
2567 1307 2672 1372 (Μ’
2726 1307 2846 1375 Ilcg.
2902 1309 3019 1372 \Irt,
3059 1311 3227 1361 multo
3275 1312 3446 1374 magis

1873 1399 2272 1464 nosarguemli,
2313 1409 2366 1451 et
2393 1399 2785 1452 incredulitatis
2818 1408 2981 1464 atque
3046 1400 3446 1465 ingralitudinis

1872 1498 2094 1556 peccato
2120 1490 2323 1540 erimus
2351 1489 2597 1552 notandi,
2629 1491 2671 1540 si
2704 1488 2955 1558 Ecclesia:
2991 1488 3079 1540 llei
3125 1500 3302 1542 tantas
3352 1490 3443 1540 ltei

1874 1580 2078 1640 laudes,
2115 1589 2259 1632 tanta
2296 1579 2456 1647 hujus
2503 1579 2673 1630 sancti
2710 1580 2999 1645 prarconla,
3051 1590 3256 1632 tantum
3306 1582 3445 1649 ειμι-,1

1875 1687 1975 1720 nos
2008 1672 2302 1738 repositum
2351 1672 2662 1722 thesaurum
2714 1669 3052 1721 intidcamus
3084 1673 3164 1723 κεί
3217 1673 3446 1724 abscon-

1874 1763 2085 1814 damus.

1947 1855 2201 1906 (Ionabor
2236 1855 2612 1922 quamobrem,
2654 1865 2846 1905 restrIs
2906 1853 3077 1904 \ictus
3133 1862 3184 1904 et
3232 1851 3448 1918 adjutus

1875 1945 2143 2015 precibus,
2169 1945 2444 1996 reverendi
2469 1943 2674 1996 domini
2692 1953 2742 1996 rt
2762 1943 2977 2003 fratres,
2993 1943 3226 1994 scribere
3247 1939 3447 2008 aliqttid

1872 2035 1936 2086 de
1960 2035 2063 2086 rita
2094 2043 2145 2085 et
2183 2033 2457 2084 miraculis
2480 2033 2614 2084 tanti
2644 2033 2931 2099 pontilicis,
2962 2049 3059 2082 Non
3088 2034 3138 2082 in
3183 2030 3450 2098 persuasi-

1873 2123 2062 2174 lu'lilms
2113 2124 2355 2174 humana:
2405 2121 2676 2188 sapimuiu'
2724 2121 2887 2171 rerhis
2936 2119 2985 2186 (I
3049 2120 3169 2170 (Icr.
3223 2118 3450 2184 II),qu;e

1874 2212 2003 2263 mihi
2030 2211 2171 2262 nulla
2203 2220 2304 2275 cst,
2340 2219 2394 2262 ct
2423 2227 2584 2278 quam
2607 2228 2704 2279 ego
2727 2226 2849 2262 cum
2886 2209 3140 2277 Apostolo
3164 2207 3448 2260 stultitiam

1875 2301 1998 2352 novi
2023 2299 2135 2353 fore
2171 2301 2308 2368 apud
2349 2299 2550 2363 Deum;
2602 2301 2692 2354 St'tl
2724 2315 2975 2352 Sermone
3028 2299 3258 2366 simplici
3284 2307 3333 2350 ct
3361 2299 3452 2366 pio

1875 2407 2171 2460 proponant
2230 2391 2414 2443 lectori
2457 2390 2716 2458 quidquid
2750 2405 2814 2440 ex
2871 2387 3272 2456 antiquioribus
3324 2388 3448 2455 qui-

1874 2483 2099 2534 busdam
2137 2481 2351 2547 scriptis
2406 2479 2712 2545 recentique
2755 2477 3015 2530 memoria
3053 2493 3170 2542 vos,
3197 2474 3290 2530 lilii
3317 2477 3452 2528 νυνὶ-

1874 2571 2018 2638 tatis,
2059 2571 2423 2622 indicari-ritis
2454 2579 2504 2621 et
2562 2569 2922 2620 astraxeritis.
2974 2567 3220 2619 Scribere.
3270 2577 3449 2619 autem

1874 2679 1992 2730 quze
2019 2661 2082 2712 ad
2115 2678 2222 2712 rem
2251 2678 2354 2712 non
2409 2661 2694 2726 pertinent,
2736 2668 2788 2710 It
2825 2657 3188 2726 amplificandi
3219 2674 3382 2710 causa
3419 2673 3450 2708 τι

1874 2746 2184 2803 narratione
2213 2751 2422 2812 longius
2446 2749 2670 2816 digredi,
2713 2766 2809 2799 nec
2844 2765 2937 2797 τως
2977 2747 3176 2814 petitis.
3218 2763 3314 2799 nec
3349 2762 3448 2812 ego

1874 2840 2130 2906 spondeo.
2166 2838 2416 2904 Spondeo
2439 2853 2587 2899 vero,
2618 2838 2659 2887 si
2685 2837 2810 2904 quid
2846 2836 2896 2888 in
2930 2837 3012 2888 his
3054 2835 3269 2902 scriptis
3322 2851 3446 2885 cor-

1874 2929 2175 2996 rigendum,
2210 2927 2548 2986 mutandum,
2575 2938 2658 2978 aut
2707 2926 2999 2978 tollemlum
3029 2926 3446 2988 :estimzn'eritis,

1875 3020 1925 3072 id
1958 3036 2169 3087 aquum
2200 3019 2327 3070 mihi
2358 3034 2462 3070 non
2484 3020 2698 3070 turbare
2722 3019 2986 3080 animum,
3010 3019 3206 3084 quippe
3231 3016 3323 3084 qui
3351 3032 3449 3068 nec.

1876 3105 2083 3171 amicis,
2121 3124 2350 3175 quorum
2398 3107 2536 3157 oeuli
2596 3121 2702 3156 non
2749 3114 2876 3157 sunt
2932 3105 3448 3166 columbarum,sed

1877 3198 2203 3266 aquilarum,
2228 3197 2339 3247 lucc
2368 3195 2634 3262 carpenda
2663 3210 2831 3262 nego;
2888 3210 2988 3262 pro
3018 3194 3217 3262 quibus
3243 3194 3445 3246 nullam

1877 3300 2060 3355 (puero
2091 3285 2334 3350 gloriam,
2364 3285 2454 3335 sed
2491 3293 2696 3335 tantqu
2728 3283 2881 3335 vobis
2912 3283 3146 3335 debitam
3193 3284 3449 3335 exhibere

1879 3376 2257 3435 ()llt'dlt‘ltliﬂlll,
2291 3384 2342 3426 ct
2367 3374 2503 3440 ejus,
2533 3374 2596 3425 de
2624 3389 2731 3441 quo
2764 3373 3071 3438 scribimus,
3101 3374 3243 3443 apud
3276 3372 3447 3427 Deum

1879 3466 2317 3519 intercessionem
2341 3474 2393 3516 et
2426 3465 2874 3515 misericordiam.

2389 3549 2626 3616 In’xplirit
2661 3551 2925 3618 prologus.

202 3678 3432 3704 ~———-————-——_———-—————————_———.—.

992 3773 1450 3917 INCIPIT
1517 3825 1796 3915 VITA
1872 3827 1962 3911 s.
2041 3827 2653 3916 ALTMANNI

1414 3983 1867 4038 PATAVlEbblS
1907 3983 2230 4038 EPISCOPI.

268 4232 467 4287 Beatus
491 4229 656 4299 igitur
673 4226 998 4280 Altmannus
1022 4223 1089 4278 de
1109 4230 1266 4292 gente
1292 4221 1568 4275 Saxonum
1589 4224 1772 4276 oriun-
1808 4211 1848 4262 ι)
1878 4225 2010 4293 (lsa.
2042 4227 2208 4291 um.)
2239 4224 2391 4277 L‘nde
2420 4225 2604 4290 etiam,
2627 4226 2936 4280 secundum
2973 4243 3090 4294 ejus
3121 4231 3443 4286 sententiain

202 4324 328 4388 dus;
355 4321 490 4375 nihil
515 4328 694 4371 tamen
722 4313 894 4367 ferum
923 4323 1016 4366 aut
1041 4326 1263 4365 saxeum
1298 4311 1366 4362 ab
1401 4311 1490 4362 illa
1510 4311 1770 4363 didicerat

202 4414 438 4476 latione,
496 4409 613 4472 sed,
677 4415 935 4474 tanquam
984 4418 1192 4472 gemma
1224 4400 1614 4469 pretiosissima
1651 4415 1771 4468 qua:

203 4517 266 4555 ex
301 4516 436 4555 auro
466 4495 758 4566 fulgentior
781 4494 940 4557 nitet,
968 4493 1046 4545 sic
1069 4492 1154 4543 ille
1186 4489 1347 4542 claris
1385 4489 1767 4557 parentibusin

204 4591 347 4641 omni
369 4588 614 4642 bonitate
639 4594 692 4639 et
717 4584 998 4637 honestate
1035 4579 1231 4633 clarior
1256 4577 1473 4630 ellulsit.
1501 4575 1601 4640 Qui
1641 4577 1770 4629 libe-

203 4679 673 4740 ralibustraditus
719 4673 936 4735 studiis,
982 4687 1046 4724 eo
1085 4671 1230 4723 intus
1265 4669 1538 4736 aspirante
1586 4677 1638 4720 et
1682 4668 1774 4720 do-

203 4777 352 4819 cente
375 4769 463 4834 qui
496 4766 645 4817 docet
666 4765 923 4816 hominem
957 4761 1229 4813 scientiam
1256 4758 1428 4827 (Psal.
1466 4761 1635 4824 xcut),
1662 4768 1769 4810 tam
1823 4757 1826 4760 ’

205 4854 398 4908 divinis
439 4868 606 4922 quam
631 4852 1018 4919 philosophicis
1067 4847 1464 4916 elegantissime
1495 4847 1772 4901 institutus

205 4952 283 4995 est
313 4939 634 5009 disciplinis.
661 4937 725 4990 Et
747 4938 871 4990 licet
893 4936 1184 4988 nonnullos
1216 4934 1441 4986 scientia
1489 4934 1601 4987 haec
1629 4935 1772 4989 inllet

209 5031 258 5102 (I
287 5031 406 5086 Cor.
433 5030 554 5100 νιιι)
576 5069 592 5094 ,
637 5029 779 5081 hunc
835 5036 1013 5080 tamen
1050 5027 1227 5078 virum
1263 5026 1350 5077 illa
1385 5041 1492 5079 non
1525 5027 1766 5092 inﬂabat,

209 5124 295 5176 sed
331 5122 580 5183 ornabat,
618 5117 709 5172 sed
745 5117 1175 5171 commendabat.
1204 5114 1385 5185 Longe
1416 5115 1519 5169 luit
1540 5127 1593 5170 et
1637 5120 1771 5173 alter

211 5211 275 5263 ab
295 5212 377 5266 his
402 5229 490 5280 qu-
524 5210 644 5278 plus
679 5207 896 5277 sapiunt
941 5221 1106 5274 quam
1132 5213 1343 5273 oportet
1379 5222 1567 5274 sapere
1594 5208 1765 5277 (Rom.

210 5299 324 5366 xu),
358 5299 500 5355 fastu
545 5300 618 5353 sci
662 5299 781 5350 ntia:
805 5311 916 5350 suae
951 5304 1212 5362 spernunt
1247 5295 1541 5361 simplices,
1567 5306 1619 5348 et
1640 5313 1768 5349 con-

210 5386 416 5441 culcant
431 5390 683 5443 humiles.
700 5387 972 5456 Alioquin,
992 5386 1091 5437 nisi
1111 5385 1404 5436 humilibus
1427 5388 1764 5451 assensisset,

210 5483 262 5528 et
281 5489 618 5545 nequaquam
685 5478 768 5530 ινα
810 5477 1077 5545 sapuisset
1124 5472 1345 5542 (Ibid.),
1375 5476 1646 5542 quomodo
1679 5475 1764 5528 in—

212 5572 400 5619 trasset
429 5567 481 5619 in
533 5581 660 5618 eum
703 5567 934 5633 Spiritus
959 5567 1213 5620 sanctus?
1237 5564 1342 5627 ille,
1363 5564 1456 5631 qui
1483 5579 1762 5619 sacrarum

211 5653 550 5708 scientiarum
585 5653 844 5711 Dominus
877 5669 990 5722 est;
1033 5673 1154 5709 cum
1183 5670 1288 5707 non
1338 5653 1637 5722 requiescat
1659 5657 1763 5710 nisi

219 5761 358 5800 super
381 5744 628 5798 humilem
655 5754 701 5796 et
739 5747 985 5808 quietum,
1033 5758 1080 5800 et
1129 5755 1423 5799 trementem
1456 5743 1603 5796 verba
1627 5750 1763 5799 sua?

1869 4316 1960 4381 qui
1998 4316 2131 4367 dixit
2172 4317 2312 4381 quod
2341 4316 2586 4367 [amni/em
2615 4318 2858 4383 spiritum
2886 4321 3117 4385 sequitur
3149 4322 3306 4384 (forte
3326 4340 3444 4371 sus-

1867 4404 2043 4470 cipiet)
2077 4403 2265 4470 gloria,
2321 4404 2514 4472 dignus
2560 4405 2775 4458 habitus
2805 4415 2887 4459 est
2922 4409 3168 4471 exaltari,
3208 4411 3298 4477 qui
3331 4422 3440 4464 tam

1869 4493 2158 4560 prudenter
2185 4493 2323 4560 apud
2351 4509 2407 4545 se
2438 4495 2698 4547 didicerat
2721 4496 3017 4548 humiliari.

1938 4582 1995 4635 ln
2023 4583 2260 4636 Ecclesia
2309 4601 2428 4652 quae
2452 4585 2650 4638 dicitur
2693 4585 3097 4652 Paderbrumw,
3124 4605 3229 4641 non
3267 4590 3440 4644 solum

1870 4676 2186 4738 canonicus,
2220 4691 2404 4728 verum
2433 4679 2595 4728 etiam
2625 4677 2690 4729 ad
2747 4679 2985 4747 regimen
3019 4681 3328 4732 scholarum
3355 4683 3443 4734 de-

1872 4768 2042 4819 lectus
2076 4777 2128 4818 et
2171 4767 2354 4818 multis
2389 4769 2547 4818 annis
2584 4769 2840 4823 astrictus
2875 4781 2975 4823 est.
3001 4772 3286 4822 Crescente
3311 4787 3442 4824 vero

1871 4857 2004 4908 tanti
2032 4857 2129 4907 \‘il'i
2157 4855 2320 4918 fatua,
2348 4867 2743 4924 Consequenter
2772 4861 2936 4910 crevit
2963 4869 3014 4908 et
3043 4859 3230 4922 gloria.
3261 4855 3443 4923 Quare.

1870 4944 1922 4995 in
1952 4944 2040 4995 illa
2064 4945 2225 4995 nobili
2252 4943 2486 4996 Ecclesia
2543 4946 2887 5012 Aquisgrani,
2944 4962 3063 5012 qua:
3126 4948 3278 5015 longe
3323 4950 3438 5018 jam

1871 5036 2207 5102 antiquitate,
2244 5037 2366 5086 sede
2417 5035 3006 5086 Teutonicidecoratur
3050 5039 3219 5103 regni,
3267 5056 3436 5092 cario-

1871 5125 2117 5176 nicorum’
2146 5125 2464 5190 przepositus
2512 5123 2707 5174 meruit
2735 5126 3036 5179 sublimari.
3091 5129 3166 5181 lio
3221 5147 3440 5200 quoque.

1870 5213 1922 5263 in
1962 5221 2196 5276 tempore
2226 5211 2275 5260 in
2315 5211 2514 5276 palatio
2541 5211 2777 5265 lleinrici
2814 5219 2954 5268 tertii
3000 5219 3342 5286 imperatoris
3383 5225 3435 5273 in

1869 5303 2028 5354 rebus
2065 5301 2284 5367 agendis
2320 5301 2491 5354 lidelis
2513 5314 2565 5355 et
2588 5307 2825 5371 prudens
2852 5310 3098 5360 inventus
3143 5321 3240 5362 est.
3299 5310 3436 5360 l‘uto

1869 5388 2013 5454 quod
2039 5397 2164 5439 tunc
2190 5389 2565 5455 experiebatur
2591 5391 2730 5444 Deus
2763 5394 2813 5444 in
2850 5396 3050 5446 l'amulo
3079 5413 3177 5447 suo
3225 5412 3291 5445 an
3347 5397 3422 5446 di-

1869 5494 2005 5545 gnus
2051 5478 2266 5533 futurus
2310 5491 2452 5535 esset
2500 5483 2585 5534 cui
2624 5484 2766 5550 quod
2808 5486 2982 5552 majus
3031 5493 3143 5534 erat
3183 5485 3430 5534 credere-

1867 5577 1973 5634 tur,
2010 5570 2077 5634 si,
2114 5571 2165 5622 in
2187 5587 2251 5624 eo
2283 5573 2425 5640 quod
2456 5573 2739 5626 minimum
2789 5585 2890 5636 est,
2920 5573 3124 5625 lidclem
3177 5585 3428 5636 compro—

1865 5659 2063 5712 basset.
2099 5659 2362 5713 Defuncto
2403 5662 2582 5730 itaque
2617 5664 2959 5732 imperatore,
3003 5661 3054 5712 in
3100 5661 3215 5726 ipso
3247 5666 3427 5711 tamen

1865 5751 2087 5817 probata
2127 5751 2352 5803 lidelitas
2376 5752 2625 5804 defuncta
2654 5769 2758 5803 non
2782 5761 2881 5811 est,
2911 5765 3069 5818 quam
3125 5747 3428 5810 infatigabi—
