3944 6410
480 481 574 532 871

1454 480 1541 535 an
1578 469 1804 536 Orsua
1839 480 1894 534 s.
1937 464 2276 559 oneconu
2305 468 2742 544 APPENDICES.

3620 500 3741 559 873

476 595 598 648 liter
622 592 858 646 servavit
898 591 1088 662 Agneti
1122 592 1447 662 imperatrici
1489 593 1630 647 inter
1675 593 1920 647 turbines
1951 605 2044 644 ca-
2076 587 2201 643 Ain
2230 596 2370 642 terra
2408 591 2548 645 visus
2587 601 2685 658 est,
2717 603 2766 647 et
2803 610 2921 647 cum
2955 597 3252 654 hominibus
3278 613 3626 662 conuersatus
3648 623 3739 664 eu

476 700 636 739 suum
661 684 994 738 diversorum
1017 725 1030 749 ,
1070 683 1270 753 quibus
1319 693 1447 749 tunc
1481 684 1864 740 miserabiliter
1909 697 2040 737 con-

475 773 798 829 fundebatur
822 787 1046 844 regnum
1068 783 1123 827 et
1155 775 1539 830 sacerdotium.

542 863 621 919 Ea
654 872 972 934 tempestate
1006 865 1251 918 nonnulli
1285 866 1568 932 nobilium,
1596 879 1779 920 amore
1841 879 1904 919 ac
1955 865 2043 920 de-

475 957 675 1012 siderio
701 955 1039 1010 Hierusalem
1060 955 1296 1009 ccelestis
1328 972 1448 1026 quae
1487 973 1706 1011 sursum
1729 964 1811 1010 est
1843 965 1896 1009 et
1921 971 2042 1024 qua:

475 1047 643 1101 libera
675 1056 756 1100 est
791 1045 932 1116 (Gal.
978 1051 1051 1115 ιγ)
1092 1056 1144 1100 et
1181 1055 1264 1100 est
1291 1056 1462 1101 mater
1491 1055 1677 1102 nostra
1698 1088 1712 1112 ,
1751 1047 1890 1101 hanc
1933 1055 2041 1100 ter-

475 1154 662 1193 renam
688 1138 1022 1192 Hierusalem
1053 1138 1106 1190 in
1139 1155 1244 1207 qua
1283 1138 1608 1208 Redemptor
1634 1137 1857 1192 humani
1881 1152 2042 1208 gene-

471 1231 552 1284 ris
581 1245 718 1298 opus
749 1230 940 1284 salutis
968 1238 1187 1294 nostrae,
1214 1230 1358 1298 quod
1386 1231 1532 1284 dedit
1553 1231 1602 1284 ci
1631 1229 1790 1284 Pater
1814 1237 1873 1282 ut
1898 1228 2041 1282 {acea

474 1333 556 1378 ret
585 1323 764 1390 (Joau.
795 1324 890 1395 iv),
934 1325 1359 1378 misericorditer
1401 1322 1798 1378 consummavit
1821 1319 2034 1388 (Matth.

475 1413 688 1482 xsvnt),
735 1413 976 1482 aggressi
1022 1420 1150 1465 sunt
1194 1411 1428 1466 invisere
1473 1411 1640 1480 (465),
1677 1418 1749 1474 et,
1792 1409 2040 1477 exemplo

473 1511 784 1554 sanctarum
813 1500 1102 1554 mulierum
1152 1516 1273 1569 quae
1314 1500 1586 1570 quondam
1619 1507 1883 1552 venerunt
1913 1512 2037 1551 cum

472 1591 827 1655 aromatibus,
871 1591 1030 1644 etiam
1079 1591 1183 1660 ipsi
1235 1605 1359 1644 cum
1395 1589 1761 1644 odoramentis
1785 1595 2036 1641 votorum

472 1697 539 1735 ac
569 1695 790 1750 precum
839 1695 1083 1746 suarum,
1142 1679 1321 1734 locum
1357 1680 1506 1733 adire
1529 1689 1582 1732 et
1634 1677 1814 1732 videre
1837 1677 1891 1730 in
1928 1691 2037 1747 quo

472 1772 682 1842 positus
716 1780 832 1826 erat
860 1770 1125 1824 Dominus
1149 1769 1300 1839 (Luc.
1331 1770 1500 1837 xxiv).
1535 1768 1668 1834 Quis
1690 1769 1898 1837 Opinati
1935 1785 2036 1822 au-

470 1862 595 1915 deat
623 1861 958 1914 diversarum
985 1859 1264 1913 civitatum
1285 1857 1582 1926 pontiﬁces,
1625 1857 1770 1911 viros
1798 1857 2035 1926 pruden-

2141 677 2402 742 (Baruch:
2423 684 2528 750 ιιι),
2563 692 2618 737 et
2641 685 2912 756 praecipue
2937 688 3055 743 loco
3085 693 3354 759 passionis
3393 697 3512 767 ejus
3539 711 3595 754 et
3636 719 3738 758 re-

2142 774 2516 860 surrectionis,
2548 777 2712 845 atque
2762 777 2818 832 in
2865 781 3032 835 caelos
3061 785 3417 855 ascensionis,
3442 792 3570 860 quia
3611 810 3736 849 non

2140 858 2410 915 habebant
2433 863 2505 917 ibi
2528 874 2839 920 manentem
2869 869 3140 926 civitatem
3161 913 3176 939 ,
3203 875 3297 929 sed
3339 858 3602 948 futuram,
3641 883 3734 937 in-

2140 948 2431 1015 quirebant
2459 954 2689 1019 patriam
2723 954 2911 1021 (Hebr.
2952 959 3072 1029 χιιι)
3099 977 3264 1030 quam
3309 964 3580 1034 liquerant
3631 975 3732 1026 re-

2141 1035 2334 1102 visere,
2376 1045 2431 1092 et
2460 1040 2653 1130 esitlde
2681 1042 2747 1096 ad
2778 1045 3011 1112 patriam
3039 1049 3322 1107 caelestem
3356 1058 3732 1130 transmigra-

2141 1138 2200 1177 re
2229 1129 2614 1184 communibus
2664 1136 2806 1188 votis
2867 1145 3211 1204 optaverunt.
3259 1141 3319 1196 In
3377 1143 3728 1204 Pannoniam

2141 1229 2269 1268 vero
2307 1218 2712 1286 pervenientes,
2743 1237 2867 1276 cum
2911 1225 2966 1279 in
2993 1236 3173 1283 castro
3197 1232 3343 1300 quod
3389 1241 3576 1290 nostra
3606 1238 3723 1292 lin-

2140 1318 2243 1372 gua
2290 1303 2647 1362 Wizzeburch
2695 1313 2994 1380 appellatur
3034 1316 3416 1393 (Albaregalis)
3465 1324 3725 1379 demora-

2139 1403 2347 1461 rentur,
2373 1395 2687 1454 Guntherus
2719 1405 3039 1461 venerabilis
3069 1408 3356 1479 episcopus
3384 1413 3451 1468 de
3485 1415 3594 1470 hoc
3616 1433 3724 1472 sa:-

2138 1486 2264 1540 culo
2285 1489 2534 1558 migravit
2558 1491 2625 1545 ad
2646 1491 2934 1549 Dominum
2955 1514 2969 1563 ;
2999 1499 3309 1568 auditurus,
3327 1507 3388 1556 ut
3409 1519 3723 1574 speramus,

2140 1577 2305 1630 illud:
2335 1578 2498 1650 Euge,
2521 1598 2663 1636 serve
2691 1576 2823 1638 bone
2843 1586 2993 1657 (Luc.
3019 1591 3158 1660 nx),
3191 1593 3281 1661 qui
3307 1609 3406 1662 pro
3428 1605 3725 1666 apportata

2138 1677 2190 1722 et
2217 1669 2571 1739 multiplicato
2593 1674 2795 1729 talento
2816 1687 3044 1733 vocatur
3065 1680 3211 1736 intus
3235 1684 3287 1736 in
3320 1687 3577 1755 gaudium
3603 1688 3721 1744 Do~

2139 1759 2271 1812 mini
2301 1761 2386 1814 sui
2424 1760 2639 1831 (lbid.).
2682 1763 3003 1837 Defungitur
3029 1771 3218 1826 eodem
3267 1783 3508 1844 tempore
3547 1779 3722 1833 etiam

2140 1847 2452 1919 Egclbertus
2494 1851 2832 1911 Pataviensis
2866 1859 3176 1930 episcopus,
3209 1865 3314 1920 illis
3357 1868 3627 1926 admistus
3662 1872 3722 1926 in

473 1952 547 2006 tia
572 1967 636 2006 ac
657 1951 934 2005 nobilitate
956 1950 1216 2020 insignes,
1241 1921 1484 2002 summos
1507 1947 1762 2014 honores,
1784 1921 2034 2017 patriam,
2070 1921 2111 1974 Β
2137 1941 2291 1997 caelis
2311 1957 2546 2012 quorum
2599 1945 2857 2015 dignitate
2881 1921 3177 2008 adornatus
3198 1963 3280 2009 est
3302 1956 3355 2009 in
3388 1921 3571 2013 terris;

471 2051 753 2113 cognatos,
780 2042 1099 2110 divitiasque
1122 2039 1511 2109 contempsisse
1534 2053 1634 2107 pro
1657 2039 1890 2108 quadam
1926 2038 2038 2092 vul-

471 2135 588 2205 gari
615 2134 887 2202 opinione,
917 2130 1073 2202 quasi
1095 2131 1211 2185 dies
1228 2129 1452 2183 extremi
1489 2128 1715 2183 instaret
1729 2128 1950 2198 judicii;
1973 2144 2036 2183 eo

471 2225 620 2294 quod
638 2223 846 2278 Pascha
875 2222 967 2275 illo
1016 2220 1071 2274 in
1109 2233 1254 2273 anno
1282 2217 1662 2273 celebrandum
1709 2217 2038 2274 occurrisset

472 2331 526 2369 vr
567 2313 682 2368 Kal.
717 2314 908 2383 April.,
939 2327 1048 2383 quo
1078 2310 1325 2366 videlicet
1351 2310 1672 2367 inscribitur
1714 2313 2037 2365 resurrectio

472 2403 716 2458 Christi?
743 2402 855 2471 Ego
882 2401 1054 2472 magis
1076 2401 1376 2471 putaverim
1406 2400 1493 2470 pia
1517 2399 1798 2454 devotione
1821 2415 2036 2468 permo-

473 2502 579 2557 tos,
606 2501 698 2546 aut
730 2490 1191 2546 crebrescentibus
1220 2490 1459 2560 undique
1505 2489 1662 2545 malis
1687 2490 2036 2544 conturbatos

473 2581 713 2636 laborem
757 2580 919 2648 hujus
963 2579 1409 2649 peregrinationis
1468 2579 1785 2647 arripuisse,
1821 2588 1872 2632 et
1893 2580 2038 2648 quod

473 2670 698 2724 decebat
717 2669 984 2738 sapientes
1005 2677 1058 2722 et
1082 2668 1384 2737 religiosos,
1411 2667 1526 2721 dies
1552 2668 1724 2722 malos
1751 2670 1929 2736 potius
1955 2669 2038 2721 in-

475 2775 691 2814 sumere
720 2759 957 2813 voluisse
984 2760 1037 2812 in
1056 2758 1340 2813 reddendis
1361 2759 1500 2812 votis
1523 2758 1752 2813 Domino
1780 2759 1889 2814 Dco
1913 2774 2039 2830 suo,

476 2867 639 2921 quam
662 2850 778 2916 sine
811 2849 990 2904 fructu
1015 2851 1161 2905 omni
1187 2851 1240 2904 in
1272 2851 1462 2906 talium
1490 2861 1794 2921 temporum
1820 2852 2036 2920 pericu-

478 2940 532 2994 lo
559 2938 888 2994 conversari.
917 2938 1160 2992 Fuerunt
1193 2939 1248 2993 in
1265 2939 1367 2993 hac
1395 2941 1735 2994 multitudine
1768 2941 1870 2992 viri
1901 2956 2039 3008 pra:-

476 3029 621 3099 cipui
660 3047 672 3082 :
716 3027 948 3083 Sifridus
1023 3028 1409 3099 Mogunticnsis
1459 3031 1934 3100 archiepiscopus,
1986 3039 2040 3085 et

478 3121 788 3176 Guntherus
839 3121 1300 3191 Babcnbergensis
1348 3122 1654 3193 cpiscopus,
1713 3133 1767 3178 et
1813 3138 1935 3177 cum
1959 3122 2038 3178 eis

478 3211 579 3263 viri
602 3211 861 3264 nominati
886 3220 999 3264 tam
1025 3211 1206 3265 clerici
1229 3228 1393 3282 quam
1416 3213 1538 3267 laici
1565 3213 1732 3284 (464).
1775 3212 1870 3267 llis
1896 3229 2034 3283 quo-

482 3317 588 3370 que
611 3300 666 3354 S.
691 3302 1012 3356 Altmannus
1032 3317 1157 3356 cum
1177 3303 1423 3371 pluribus
1450 3304 1729 3360 honoratis
1753 3305 1818 3360 de
1838 3305 2036 3374 palatio

479 3409 662 3458 comes
684 3393 971 3461 adjunctus
998 3401 1100 3447 est.

548 3482 967 3553 lgituringressi
999 3482 1100 3537 iter
1139 3483 1477 3553 propositum
1511 3483 1814 3538 inciderunt
1857 3485 1910 3539 in
1956 3486 2035 3540 la-

478 3584 680 3628 trones.
729 3573 939 3629 lnimici
982 3590 1215 3644 namque
1252 3574 1430 3629 crucis
1463 3573 1682 3641 Christi,
1723 3592 1910 3631 eorum
1944 3593 2037 3632 co-

479 3673 789 3733 operatores
809 3673 862 3718 et
892 3665 1044 3731 socii,
1071 3666 1137 3720 de
1157 3666 1353 3734 quibus
1377 3664 1542 3720 David
1564 3668 1910 3735 conqueritur
1935 3687 1948 3720 :
1971 3666 2036 3719 In

480 3758 566 3809 ria
621 3757 738 3820 hac,
771 3772 874 3824 qua
908 3755 1263 3820 ambulabant,
1299 3757 1677 3810 absconderant
1715 3759 1921 3824 superbi
1957 3758 2036 3809 la-

479 3862 669 3916 queum
697 3845 822 3897 mihi
854 3844 1026 3914 (Psal.
1059 3845 1311 3915 cxxxrx),
1341 3845 1550 3900 insidiis
1593 3861 1688 3901 eos
1736 3848 2035 3901 circumve-

484 3933 692 3987 nientes
723 3933 1028 4002 complures
1054 3948 1241 3987 eorum
1287 3933 1742 4002 despoliaverunt,
1785 3936 2034 3988 vulnera-

481 4033 676 4078 verunt
700 4033 752 4078 ct
771 4032 1113 4092 peremerunt
1140 4024 1328 4095 (464⁸).
1359 4024 1625 4079 Docemur
1644 4036 1786 4081 certe
1812 4028 1899 4082 hic
1928 4044 2032 4080 non

482 4115 642 4169 modo
665 4114 1048 4169 descendentes
1094 4113 1161 4168 ab
1206 4113 1541 4168 Hierusalem
1564 4115 1620 4168 in
1649 4115 1862 4170 Jericho
1891 4118 2035 4184 peri-

474 4209 600 4263 cula
631 4207 738 4278 pati
767 4207 1058 4272 latronum,
1087 4222 1275 4261 verum
1315 4206 1663 4261 nihilominus
1691 4208 2036 4262 ascendentes

479 4301 552 4356 ab
581 4299 796 4355 Iericho
835 4302 984 4370 (Luc.
1017 4300 1093 4368 ιι),
1118 4299 1171 4354 id
1193 4307 1275 4354 est
1299 4299 1367 4352 ab
1397 4300 1500 4353 hoc
1520 4299 1722 4354 mundo
1755 4300 1810 4354 in
1840 4299 2033 4354 llieru-

481 4393 672 4456 salem,
713 4408 822 4446 non
847 4392 1024 4446 solum
1068 4391 1416 4446 invisibilium
1444 4391 1537 4446 sed
1561 4392 1724 4446 etiam
1745 4392 2035 4456 visibilium

485 4481 709 4535 insidias
730 4481 995 4535 sustinere
1027 4481 1391 4536 inimicorum.
1428 4481 1791 4550 Utrorumque
1816 4483 2036 4536 insidias

479 4580 539 4624 et
566 4570 785 4638 laqueos
808 4569 1175 4634 considerans,
1208 4577 1427 4627 sanctus
1476 4569 1759 4623 conﬁtetur
1783 4578 1836 4623 et
1871 4569 1998 4624 dicit
2024 4591 2035 4624 :
2059 4561 2115 4612 'D

489 4660 644 4716 Oculi
676 4661 775 4713 mei
812 4655 1010 4730 semper
1034 4659 1102 4711 ad
1134 4659 1433 4723 Dominum,
1469 4659 1714 4726 quoniam
1761 4660 1868 4728 ipse
1903 4661 2037 4713 evel-

483 4751 554 4804 let
581 4752 644 4805 de
669 4750 852 4820 laqueo
881 4751 1037 4819 pedes
1060 4765 1197 4802 meos
1233 4746 1406 4818 (Psal.
1452 4748 1619 4818 xxrv).
1661 4748 1727 4803 Et
1745 4747 1938 4810 iterum
1974 4753 2040 4806 de

487 4841 717 4897 Domino
737 4841 868 4895 dicit
897 4859 910 4895 :
963 4839 1084 4908 Ipse
1128 4837 1367 4890 liberavit
1404 4853 1482 4891 me
1534 4838 1597 4890 de
1632 4837 1814 4909 laqueo
1849 4856 2039 4894 venan-

491 4932 643 4997 tium,
666 4941 714 4985 et
742 4949 774 4984 a
820 4929 968 4986 verbo
1005 4943 1186 4997 aspero
1211 4925 1383 4996 (Psal.
1425 4926 1531 4995 xc).
1557 4926 1626 4981 At
1659 4928 1763 4983 viri
1808 4930 2038 5000 virtutis,

487 5035 720 5088 quorum
749 5022 936 5081 eratin
982 5021 1176 5072 timore
1211 5017 1426 5072 Domini
1461 5017 1654 5072 ﬁducia
1695 5017 2041 5086 fortitudinis,

492 5109 655 5164 rebus
679 5107 916 5161 adversis
941 5107 1189 5162 fortiores
1206 5149 1219 5173 ,
1257 5123 1354 5178 per
1381 5109 1574 5164 damna
1602 5120 1654 5165 et
1682 5111 1931 5179 ludibria,
1959 5124 2042 5168 at-

483 5213 597 5267 que
619 5197 869 5261 verbera,
895 5195 1092 5263 quibus
1124 5212 1217 5250 eos
1242 5199 1528 5254 crudeliter
1567 5212 1620 5256 et
1677 5203 2042 5273 multipliciter

489 5289 668 5345 aﬁ‘ecit
695 5302 834 5343 saeva
879 5287 1172 5352 barbaries,
1206 5289 1418 5342 tandem
1449 5290 1870 5365 Hierosolymam
1915 5311 2038 5364 per-

491 5386 780 5443 venerunt;
833 5376 945 5441 ubi,
999 5376 1280 5430 reddentes
1316 5375 1426 5430 Deo
1469 5387 1592 5431 vota
1620 5397 1741 5449 quin
1787 5384 2044 5439 distinxe-

491 5480 612 5524 rant
631 5471 771 5524 labia
794 5483 890 5522 sua
916 5466 1087 5537 (Psal.
1115 5468 1262 5537 va),
1318 5476 1372 5522 et
1417 5468 1643 5524 visitatis
1675 5471 1852 5525 debita
1879 5489 2042 5528 vene-

493 5562 700 5616 ratione
737 5561 870 5616 locis
905 5560 960 5613 in
987 5558 1184 5628 quibus
1210 5558 1472 5615 Dominus
1507 5567 1561 5615 et
1587 5558 1832 5616 Salvator
1863 5572 2046 5617 noster

562 5693 706 5774 (ιθξ)
746 5693 992 5774 Instituta
1033 5701 1115 5774 est
1149 5692 1261 5772 hinc.
1291 5692 1654 5774 peregrinatio
1691 5710 1833 5751 anno
1885 5696 2039 5760 lOﬁ-i,

496 5758 627 5814 duce
649 5758 914 5832 Sigcfrido
941 5762 1259 5830 archiepisc.
1274 5758 1621 5832 Moguntina.

567 5831 866 5900 (464)'Vide
887 5833 1081 5888 Daren.
1119 5843 1247 5886 tom.
1268 5831 1356 5898 XI,
1389 5848 1530 5885 anno
1563 5833 1711 5888 1064.

2207 2049 2340 2109 Post
2385 2054 2542 2124 cujus
2577 2070 2885 2125 excessum,
2935 2061 3132 2117 collato
3180 2064 3413 2137 invicem
3459 2059 3720 2137 consilio‘,

2079 2201 2098 2217 ς
2137 2139 2350 2196 favente
2399 2142 2604 2214 Agnete
2651 2145 3015 2216 imperatrice,
3067 2167 3165 2206 nec
3187 2125 3368 2209 m/iuus
3396 2159 3541 2227 regni
3567 2125 3720 2228 θριξ-ἶ

2137 2232 2394 2298 matibus,
2430 2234 2675 2289 omnium
2709 2237 2828 2305 pari
2866 2240 3213 2297 conniventia
3239 2243 3431 2300 beatus
3468 2247 3721 2302 Altman~

2139 2337 2244 2376 nus
2289 2322 2346 2375 in
2387 2323 2567 2378 locum
2605 2324 2846 2381 defuncti
2889 2329 2945 2382 in
2992 2329 3299 2388 Pataviensi
3348 2336 3475 2390 sede
3507 2339 3727 2407 episco-r

2135 2425 2238 2479 pus
2276 2411 2655 2469 denominatus
2703 2426 2806 2470 est.
2861 2417 3151 2488 Applaudit
3225 2423 3424 2491 clerus,
3475 2429 3718 2496 populus

2135 2500 2454 2570 congaudet,
2492 2510 2565 2566 et,
2599 2504 2812 2559 nemine
2837 2507 3218 2577 dissentiente,
3249 2511 3398 2567 hunc
3425 2515 3720 2582 pontiﬁca-

2137 2589 2282 2644 libus
2330 2590 2516 2646 infulis
2555 2593 2934 2662 dignissimum
2977 2599 3301 2669 approbant,
3335 2617 3498 2670 quem
3543 2603 3722 2661 decus

2137 2679 2372 2747 generis,
2413 2681 2535 2734 vita:
2579 2683 2860 2748 sanctitas,
2903 2687 3108 2744 sanitas
3152 2689 3432 2757 doctrinae,
3471 2697 3526 2745 et
3559 2693 3717 2746 testi-

2137 2769 2382 2823 monium
2429 2773 2835 2828 commendaret
2883 2774 3043 2832 famae
3083 2779 3374 2835 inviolatae.-
3425 2781 3719 2838 Mittuntur

2137 2860 2360 2934 proinde
2381 2862 2435 2914 in
2457 2862 2671 2916 obviam
2692 2862 2796 2918 viri
2819 2865 3090 2934 honorati,
3111 2869 3205 2938 qui
3228 2871 3435 2940 virgam
3455 2881 3715 2940 pastora-

2135 2950 2240 3004 lem
2279 2959 2333 3004 et
2356 2953 2614 3005 annulum
2659 2956 3023 3021 pontiﬁcalem
3064 2961 3237 3016 electo
3269 2961 3322 3014 in
3368 2960 3714 3019 Pannoniam

2137 3039 2401 3106 deferant,
2443 3056 2508 3095 ac
2547 3042 2745 3097 talibus
2775 3045 3078 3115 insignibus
3117 3051 3248 3118 quid
3276 3052 3343 3106 de
3383 3067 3449 3108 eo
3473 3069 3718 3123 superna

2139 3129 2467 3185 ordinaverit
2489 3131 2775 3202 dispositio
2803 3134 3032 3190 ﬁdeliter
3058 3144 3400 3196 attestentura

2065 3250 2104 3306 (ζ
2206 3241 2440 3297 Vocatus
2461 3257 2590 3313 ergo
2611 3258 2639 3297 a
2668 3242 2778 3298 Deo
2806 3253 3063 3319 tanquam
3098 3246 3300 3315 Aaron,
3324 3263 3434 3303 non
3458 3250 3576 3320 ipse
3606 3251 3716 3306 sibi

2138 3347 2358 3387 sumens
2380 3333 2639 3388 honorem
2667 3334 2852 3404 (Hebr.
2917 3336 2993 3405 ν),
3051 3352 3150 3392 nec
3203 3339 3377 3393 instar
3411 3342 3713 3398 multorum

2139 3422 2429 3493 fugientem
2453 3425 2765 3495 insequens,
2797 3437 2890 3482 aut
2911 3429 3293 3485 reclamantem
3313 3432 3594 3503 obsequiis
3621 3434 3716 3490 der

2137 3514 2352 3580 linicns,
2384 3515 2452 3569 ab
2491 3516 2690 3571 ovibus
2737 3517 2840 3585 sibi
2870 3521 3260 3577 commendatis
3313 3537 3438 3580 cum
3464 3524 3719 3581 maximo‘

2136 3605 2370 3674 tripudio
2390 3616 2678 3675 exceptus;
2707 3616 2761 3661 et
2793 3617 2916 3676 post
2947 3611 3221 3665 modicum
3250 3617 3596 3670 areverendo
3616 3631 3712 3670 ar-

2137 3694 2480 3762 chiepiscopo
2514 3694 2830 3750 Gebehardo
2856 3695 3309 3771 [Salisburgensi]
3331 3700 3513 3756 debita
3543 3703 3720 3759 bene;

2137 3780 2371 3834 dictione
2427 3791 2796 3850 consecratus,
2841 3801 2872 3838 a
2913 3784 3139 3854 Spiritu,
3177 3789 3550 3846 testimonium
3589 3793 3713 3848 red-

2137 3869 2294 3923 dente
2315 3869 2529 3938 spiritui
2553 3881 2740 3926 nostro
2763 3873 2890 3943 quia
2918 3875 3013 3928 ﬁlii
3037 3875 3131 3930 Dei
3156 3893 3347 3938 sumus
3370 3881 3547 3952 (Rom
3565 3884 3713 3952 vni),

2139 3961 2506 4016 testimonium
2549 3963 2756 4030 accepit
2804 3965 2950 4032 quod
2988 3981 3113 4022 vere
3141 3968 3214 4023 sit
3256 3969 3374 4039 ipse
3413 3961 3716 4032 Filius‘cui'

2140 4050 2196 4104 S.
2255 4050 2412 4105 Pater
2467 4051 2750 4106 eﬁicaciter
2796 4053 3123 4124 imprecatus
3180 4068 3283 4125 est,
3324 4060 3512 4119 dicens
3553 4082 3566 4118 :
3605 4065 3712 4130 Qui

2137 4139 2468 4193 maledixerit
2518 4141 2631 4207 tibi,
2681 4143 2750 4195 sit
2803 4144 2892 4197 ille
2946 4147 3288 4216 maledictus;
3322 4160 3372 4206 et
3420 4155 3512 4224 qui
3559 4154 3706 4210 bene-

2137 4230 2332 4284 dixerit
2371 4232 2495 4298 tibi,
2533 4231 2971 4291 benedictionibus
3012 4239 3277 4308 repleatur
3307 4241 3460 4315 (Gen.
3510 4247 3708 4316 xxvu).

2137 4320 2384 4376 Directus
2423 4332 2508 4378 est
2534 4324 2589 4377 in
2621 4339 2687 4380 eo
2713 4326 2782 4381 ab
2817 4327 2910 4382 illo
2951 4329 3038 4385 die
3076 4339 3130 4385 et
3169 4332 3426 4404 deinceps
3469 4334 3719 4406 Spiritus

2137 4410 2395 4466 Domini.-
2421 4411 2541 4466 1am
2571 4416 2769 4470 exhinc
2802 4425 2951 4473 totus
2979 4423 3330 4477 Succenditnr
3371 4425 3429 4478 in
3463 4437 3712 4481 amarent

2138 4496 2269 4563 Dei;
2298 4509 2372 4563 et,
2402 4499 2548 4553 illius
2576 4499 2812 4556 refectus
2827 4503 3056 4572 visione,
3086 4508 3268 4564 minus
3290 4510 3356 4564 de
3382 4512 3594 4583 reliquo
3618 4529 3708 4569 re-

2145 4587 2322 4656 spexit
2346 4588 2401 4642 in
2437 4589 2699 4643 vanitates
2723 4599 2777 4644 et
2805 4591 3048 4648 insanias
3073 4593 3240 4650 falsas
3263 4596 3438 4669 (Psal.
3475 4602 3705 4672 nux);

2145 4686 2403 4732 constans
2431 4678 2484 4731 in
2509 4679 2752 4748 jejuniis,
2795 4681 2851 4736 in
2878 4684 3076 4755 vigiliis
3103 4701 3490 4759 perseverans;
3520 4693 3708 4748 creber

2146 4769 2201 4823 in
2232 4771 2570 4828 orationibus
2601 4773 2900 4844 laborabat,
2933 4793 3028 4846 per
3051 4779 3290 4852 singulas
3327 4793 3514 4841 noctes
3535 4785 3592 4840 in
3617 4802 3709 4859 ge—

2147 4861 2281 4916 mitu
2314 4879 2412 4918 suo
2435 4873 2489 4918 et
2517 4865 2774 4936 lacrymis
2817 4875 3046 4925 stratum
3087 4887 3246 4928 suum
3287 4875 3500 4948 rigabat
3528 4877 3703 4950 (Psal.

2146 4951 2244 5021 vr).
2275 4952 2645 5011 Abscondebat
2674 4958 3045 5031 eleemosynas
3067 4961 3122 5017 in
3146 4965 3270 5019 sinu
3300 4981 3622 5036 pauperum,
3646 4979 3708 5022 ut

2147 5041 2252 5109 ipsi
2283 5055 2502 5097 orarent
2529 5060 2626 5114 pro
2648 5061 2732 5110 eo,
2760 5063 2884 5102 cum
2915 5049 3004 5105 ille
3033 5066 3190 5107 orare
3211 5054 3392 5109 minus
3419 5055 3701 5124 potuisset.

2148 5129 2214 5184 Et
2237 5133 2351 5186 haec
2372 5134 2587 5201 quidem
2615 5137 2804 5206 agebat
2832 5139 2886 5193 in
2914 5140 3255 5207 abscondito,
3286 5151 3346 5195 ut
3367 5140 3529 5214 Pater
3550 5159 3703 5212 suus,

2146 5222 2238 5292 qui
2270 5222 2413 5278 videt
2440 5223 2495 5276 in
2524 5225 2862 5294 abscondito,
2885 5230 3133 5285 redderet
3152 5231 3203 5283 ei
3233 5229 3453 5300 (Matth.
3485 5235 3561 5302 ν).

2218 5314 2322 5371 Sed
2350 5317 2607 5387 quoniam
2640 5329 2922 5389 acceperat
2950 5321 3019 5374 ab
3046 5320 3300 5388 Apostolo
3332 5323 3614 5390 providere
3646 5343 3704 5382 se

2145 5407 2340 5462 debere
2381 5407 2524 5461 bona
2557 5423 2666 5462 non
2701 5409 2877 5463 solum
2935 5422 3136 5462 coram.
3159 5406 3289 5477 Deo,
3320 5401 3506 5473 verum
3540 5415 3703 5470 etiam

2143 5513 2326 5550 coram
2361 5497 2614 5552 omnibus
2649 5496 2964 5552 hominibus
2995 5495 3166 5564 (Rom.
3190 5497 3326 5568 xu);
3358 5501 3500 5571 quod
3531 5519 3561 5558 ε
3586 5505 3702 5573 ιιι-ἱ-

2145 5600 2310 5638 mazva
2333 5595 2488 5641 aetate
2529 5587 2806 5642 decretum
2838 5585 2942 5640 sibi
2976 5585 3170 5655 fuerat,
3197 5592 3420 5660 optimis
3455 5592 3590 5650 foris
3608 5609 3702 5648 oro

2146 5715 2386 5837 cugﬁf)
2426 5715 2504 5770 Ex
2553 5716 2583 5767 ’ἶ
2623 5715 2860 5771 millibus
2890 5718 2976 5774 vix
3019 5720 3126 5775 duo
3163 5722 3330 5778 millia
3376 5722 3582 5780 redisse
3617 5721 3701 5778 di-
