3944 6368
162 517 228 572 ’ῖῦ
1029 517 1311 572 ΜΨΕΝῘ).
1355 513 1436 569 Ill.
1485 548 1542 553 ---
1583 511 2012 594 IlONl‘MIﬁN'I'A
2050 510 2510 566 Glll-LtiUlllAXA.

3293 509 3390 560 SH

127 628 364 683 nubatur
388 629 661 694 moribus,
702 627 893 697 quales
923 629 1062 681 idem
1101 631 1295 682 doc-ere
1334 628 1544 680 videtur
1572 627 1710 694 .\po-
1742 626 1780 680 Δ
1815 623 2187 676 I‘ataviensem
2228 623 2406 675 sedem
2459 623 2744 691 episcopus
2799 621 3132 690 gnln-rnabo.
3191 620 3358 674 Vatiri
3390 652 3394 657 -

129 722 324 786 stolus,
351 737 479 776 cum
508 722 624 777 sive
648 720 994 775 Timothequ
1023 721 1136 773 sive
1161 720 1339 774 Titum
1381 718 1600 772 instruit
1632 717 1717 769 di-

129 827 260 867 cens
305 830 318 865 :
375 809 597 880 Oportet
643 818 819 862 autem
871 810 1169 877 episcopum
1215 805 1720 874 irrcprchcnsibilem

128 919 260 970 em,
290 903 549 966 sobrium,
582 901 908 965 prudentem,
950 900 1220 968 pudicum,
1261 897 1597 967 hospitalem,
1629 896 1718 948 be-

133 997 373 1065 nignum,
400 994 710 1057 modestum,
737 1000 787 1045 et
814 992 1208 1060 amplectentem
1243 1007 1383 1055 eum,
1415 990 1504 1059 qui
1534 978 1718 1041 secun-

132 1089 261 1140 dum
293 1101 479 1138 sanam
508 1085 804 1136 doctrinam
825 1091 924 1148 est,
949 1083 1157 1151 ﬁdelem
1181 1098 1466 1135 sermonem
1493 1079 1546 1151 (1
1581 1079 1716 1134 Tim.

135 1192 235 1241 ιιι;
266 1173 374 1229 Tit.
412 1176 473 1244 l).
515 1173 580 1228 Et
627 1183 808 1228 tamen
837 1175 890 1227 in
912 1174 1168 1228 eninibus
1205 1174 1289 1227 his
1323 1173 1387 1226 ad
1412 1172 1717 1241 exemplum

135 1263 195 1318 Β.
234 1262 355 1328 Iob,
395 1279 503 1317 non
544 1263 681 1316 vidit
715 1263 880 1317 solem
917 1278 1040 1315 cum
1075 1261 1303 1332 fulgeret
1330 1262 1583 1329 desuper,
1621 1275 1718 1313 nec

135 1356 322 1409 lunam
347 1354 681 1408 incedentem
708 1354 851 1406 clare
873 1351 994 1421 (Job
1024 1353 1208 1421 xm);
1235 1353 1383 1421 quia,
1415 1362 1474 1405 ut
1509 1351 1566 1404 Β.
1594 1351 1720 1404 Gre-

136 1446 272 1515 gorii
306 1445 488 1499 verbis
512 1453 654 1507 utar,
683 1460 800 1516 cum
828 1459 958 1511 opus
992 1455 1145 1495 suum
1175 1444 1338 1494 etiam
1371 1442 1493 1494 aliis
1539 1459 1715 1494 areni-

133 1532 345 1603 plorum
390 1533 559 1585 lucem
609 1532 877 1596 tribueret,
911 1533 980 1584 ad
1017 1533 1446 1600 prtesnmptionis
1495 1532 1716 1600 gloriam

134 1624 217 1675 vir
240 1630 456 1676 sanctus
500 1621 635 1673 illud
683 1638 786 1673 non
816 1621 1073 1682 attendit;
1099 1621 1209 1683 sed,
1265 1620 1388 1672 dum
1419 1637 1512 1689 pro
1543 1637 1600 1672 eo
1635 1637 1719 1672 er—

135 1712 256 1765 tolli
312 1712 508 1776 timuit,
541 1713 606 1764 ab
639 1712 887 1764 intuendo
935 1729 994 1765 eo
1041 1711 1218 1763 oculos
1270 1714 1455 1764 mentis
1506 1713 1713 1764 avertit.

138 1799 305 1864 Nam,
340 1803 476 1854 sicut
508 1800 635 1854 luna
666 1801 1079 1854 illustrationcm
1113 1819 1143 1853 η
1174 1802 1323 1853 radio
1348 1802 1474 1854 solis
1497 1804 1714 1871 arripit,

135 1892 214 1944 ita
244 1891 393 1959 fama
414 1909 444 1944 a
469 1891 600 1943 bono
627 1908 781 1959 opere
809 1893 942 1945 rires
982 1903 1028 1944 et
1060 1893 1256 1961 furoris
1281 1895 1530 1962 gratiam,
1563 1896 1714 1964 quasi

137 1983 440 2035 claritatem
470 1982 686 2035 luminis
714 1985 965 2053 aspergit.
997 1983 1230 2037 Sanctus
1261 2001 1388 2053 ergo
1418 1986 1521 2050 vir,
1553 2002 1713 2054 quem

137 2088 239 2127 nec
290 2089 429 2142 Opus
459 2073 812 2128 manifestum
838 2090 938 2128 nec
985 2074 1129 2128 fama
1167 2076 1456 2130 laudabilis
1503 2079 1713 2143 extulit,

136 2177 237 2216 nec
261 2163 433 2215 solem
467 2161 762 2230 fulgentem
787 2162 1021 2232 desuper
1044 2165 1130 2218 vel
1155 2164 1337 2218 lunam
1380 2148 1715 2221 incedentem

131 2254 285 2308 clare
319 2252 474 2305 vidit.

205 2339 378 2393 Porro
402 2356 526 2394 cum
546 2355 705 2396 nemo
727 2342 986 2396 accendat
1023 2343 1301 2396 lucernam
1328 2355 1376 2397 et
1409 2354 1572 2412 ponat
1594 2361 1715 2400 eam

132 2431 239 2484 sub
276 2431 478 2494 modio,
508 2432 600 2485 sed
633 2448 796 2502 super
823 2433 1228 2497 camlrlalwum,
1258 2446 1314 2487 ut
1339 2435 1514 2488 luceat
1539 2433 1716 2488 omni-

135 2519 240 2574 bus
267 2521 363 2589 qui
400 2521 453 2572 in
501 2520 662 2576 domo
697 2532 825 2574 sunt
866 2522 1084 2591 (ΜαιιΙι.
1121 2533 1194 2589 v),
1222 2525 1423 2591 placuit
1459 2526 1716 2580 invisibili

131 2625 188 2667 et
219 2614 325 2669 soli
350 2613 479 2680 Deo,
515 2615 607 2684 qui
631 2615 806 2669 lucem
834 2615 1043 2667 habitat
1070 2615 1523 2681 inaccessibilem,
1549 2618 1720 2672 lucer-

137 2721 266 2759 nam
320 2706 464 2759 hanc
495 2722 660 2774 quam
716 2705 829 2773 ipse
865 2704 1024 2758 Pater
1068 2705 1336 2759 luminum
1372 2709 1715 2773 accenderat,

137 2802 197 2849 ut
220 2794 429 2847 luceret
465 2809 649 2847 coram
686 2794 1021 2858 hominibus,
1055 2803 1107 2846 et
1134 2795 1382 2862 viderent
1401 2811 1563 2864 opera
1598 2796 1718 2865 ejus

139 2886 305 2949 bona,
329 2894 382 2938 et
418 2885 784 2953 gloriﬁcarent
827 2885 996 2939 Deum
1031 2885 1224 2956 (Ibid)
1270 2904 1369 2941 suo
1404 2889 1718 2945 testimonio

139 2977 225 3032 his
250 2977 348 3045 qui
381 2986 593 3030 tantum
617 2977 802 3032 vident
861 2978 916 3031 in
948 2976 1085 3031 facie
1140 2988 1193 3032 et
1247 2995 1340 3032 cor
1373 2980 1569 3033 intueri
1625 2995 1718 3034 ne-

137 3078 370 3138 queunt,
397 3069 631 3138 amplius
654 3083 819 3138 quam
847 3070 1154 3124 innotuerat
1180 3072 1517 3126 innotescere
1545 3081 1596 3126 et
1612 3087 1721 3126 ma-

139 3157 438 3225 nifestare;
475 3158 827 3214 manifeStare
857 3169 1035 3214 autem
1065 3161 1146 3215 sic
1175 3179 1186 3213 :

213 3249 345 3304 Erat
379 3250 431 3302 in
456 3251 670 3304 civitate
691 3249 997 3303 Pataviensi
1024 3248 1225 3304 femina
1253 3251 1522 3320 quaedam,
1561 3251 1720 3322 cujus
1746 3285 1787 3339 ε

140 3338 253 3391 lilia
307 3338 467 3391 unica
521 3338 676 3408 plaga
726 3337 887 3407 lepra:
956 3353 1214 3406 percussa
1257 3341 1480 3393 cst.Cui
1518 3341 1717 3409 sacpius

139 3414 403 3478 oranti‘et
429 3426 658 3479 salutem
691 3426 814 3480 tiliae
859 3440 888 3477 a
915 3423 1142 3480 Domino
1169 3427 1484 3496 suppliciter
1525 3439 1715 3496 postu-

141 3512 278 3566 lanti
309 3513 606 3566 revelatum
649 3522 730 3566 est
763 3513 818 3565 in
850 3500 1082 3584 somnis,
1125 3514 1171 3567 si
1213 3514 1278 3567 de
1307 3514 1580 3568 ablutione
1604 3533 1719 3570 ma-

142 3616 320 3654 nuum
370 3599 429 3654 B.
472 3600 748 3655 Altmanni
787 3611 905 3670 post
941 3612 1282 3657 sacramenta
1324 3605 1614 3658 missarum
1652 3608 1716 3659 li-

123 3695 278 3749 ‘Iiam
310 3703 650 3765 perung‘eret,
682 3695 925 3768 pristina:
953 3695 1178 3768 sanitari
1209 3695 1539 3750 redderetur.
1569 3696 1718 3762 Quod

139 3786 279 3839 dum
314 3785 405 3838 illa
432 3774 661 3849 ﬁdeliter
682 3769 920 3848 fecisset,
944 3769 1130 3837 sanata
1157 3794 1239 3837 est
1263 3785 1371 3837 lilia
1399 3785 1518 3853 ejus
1541 3802 1605 3839 ex
1632 3787 1720 3841 illa

145 3876 308 3931 hora.
346 3874 488 3941 Quid
535 3876 717 3936 minus
769 3874 969 3928 habere
1002 3874 1216 3928 videtur
1245 3885 1466 3929 sanctus
1522 3879 1620 3930 istc
1655 3879 1723 3932 ab

145 3965 244 4018 illo
292 3978 491 4034 magno
539 3964 799 4033 propheta
857 3962 1054 4029 Eliseo,
1088 3964 1182 4032 qui
1219 3964 1423 4032 lepram
1480 3963 1722 4020 Naaman

145 4053 277 4122 Syri
331 4055 627 4108 curandam
681 4054 863 4109 docuit
898 4055 952 4106 in
1000 4051 1267 4113 Iordane?
1302 4054 1417 4124 (IV
1474 4055 1598 4125 Reg.
1646 4058 1721 4126 v.)

145 4128 243 4196 Ille
300 4136 499 4211 septies
555 4145 858 4198 sanandum
909 4145 1076 4212 jussit
1127 4147 1325 4211 lavari;
1379 4148 1493 4203 hac
1557 4150 1724 4203 semel

145 4235 286 4297 lota,
316 4232 554 4286 secundo
588 4233 754 4316 lavari
785 4248 891 4285 non
927 4235 1095 4302 eguit,
1127 4236 1256 4303 quia
1295 4237 1582 4290 sanitatem
1615 4239 1721 4292 11ιί-

143 4342 214 4379 co
239 4323 417 4379 sensit
442 4338 606 4393 quam
636 4323 858 4392 optavit.

219 4416 337 4471 Nec
371 4416 473 4471 hoc
499 4415 614 4471 solo
649 4414 913 4469 miraculo
954 4413 1216 4469 Dominus
1250 4415 1544 4472 declaravit
1567 4415 1725 4485 cujus

144 4510 301 4582 apud
327 4525 451 4564 eum
483 4509 661 4563 meriti
685 4507 918 4562 dilectus
947 4507 1182 4562 famulus
1206 4525 1340 4562 suus
1368 4507 1561 4576 fuerit;
1591 4511 1725 4578 quin

1826 711 1977 763 niqu
2013 710 2115 762 hoe
2149 725 2328 762 rerum
2359 709 2610 778 probavit
2643 720 2900 772 eventus;
2939 709 3134 777 singuli
3162 724 3396 777 namque

1824 800 1875 852 in
1913 799 2188 864 Ecclesiis,
2219 816 2355 869 quas
2387 801 2489 853 sibi
2519 801 2846 869 delegerant,
2883 800 3185 862 snhlhuati,
3219 815 3283 853 nc
3314 802 3396 853 in-

1823 891 2115 945 fructuosre
2155 892 2375 945 arbores
2413 892 2480 944 ab
2513 891 2630 959 ipso
2682 893 2775 959 qui
2812 883 3167 961 'plantaverat
3197 907 3288 943 cos
3342 891 3394 944 in

1820 971 1981 1036 domo
2027 998 2124 1036 sua
2157 983 2547 1045 invenirentur,
2589 983 2939 1036 reddiderunt
2983 981 3218 1035 fructum
3256 991 3393 1034 tem-

1819 1073 2045 1140 poribus
2102 1074 2252 1138 suis;
2309 1073 2518 1140 singula
2557 1073 2757 1140 quippe
2811 1072 3136 1126 monasteria
3185 1071 3236 1122 in
3279 1072 3394 1122 suis

1779 1179 1787 1187 ‘
1821 1165 2224 1217 constituerunt
2267 1164 2577 1232 episcopiis,
2603 1173 2655 1216 ct
2689 1164 2964 1233 sepultura
3015 1179 3112 1215 sua
3152 1164 3393 1215 illustra-

1822 1260 2032 1304 verunt.
2067 1250 2388 1304 Gebhardus
2425 1266 2658 1318 namque
2714 1251 2766 1302 in
2797 1251 3170 1313 Adniontensi,
3203 1251 3397 1302 .-\llwro

1821 1357 1947 1394 vero
2001 1341 2054 1394 in
2115 1339 2507 1405 Lambacensi,
2569 1342 2893 1394 Altmannus
2949 1340 3000 1391 in
3068 1339 3394 1393 Kotvviccnsi

1821 1431 2150 1484 monasterio
2203 1431 2498 1499 requiescit
2547 1433 2598 1484 in
2629 1430 2873 1483 Domino.
2905 1430 3140 1498 Corpora
3175 1432 3392 1498 quidem

1820 1522 2035 1574 illorum
2062 1521 2170 1573 illic
2206 1520 2256 1572 in
2286 1536 2416 1588 pace
2437 1521 2646 1588 sepulta
2672 1529 2818 1584 sunt,
2850 1521 2941 1572 sed
2964 1520 3143 1574 vivent
3173 1521 3390 1574 nomina

1819 1628 2008 1666 eorum
2040 1612 2092 1665 in
2119 1623 2400 1665 :etcrnum.
2431 1611 2621 1680 (Ereti.
2656 1616 2823 1680 χιιι.)
2865 1613 3144 1675 Quomodo
3174 1629 3276 1663 non
3311 1628 3359 1662 vi
3382 1639 3396 1652 -

1820 1712 2024 1766 vorent,
2055 1719 2176 1772 qua:
2216 1704 2269 1756 in
2323 1704 2459 1756 libro
2505 1703 2630 1756 vin
2661 1703 2894 1771 ascripta
2944 1712 3226 1762 tenentur;
3269 1716 3392 1753 cum

1819 1807 1943 1845 vere
1972 1808 2037 1845 ex
2076 1794 2182 1847 illis
2225 1791 2428 1846 fuerint
2473 1793 2676 1861 quibus
2713 1791 2973 1844 Dominus
3013 1791 3335 1858 repromittit
3377 1805 3389 1838 :

1821 1879 1888 1931 Et
1925 1896 2027 1932 non
2072 1881 2272 1945 delebo,
2326 1881 2602 1950 inquiens,
2660 1882 2878 1933 nomina
2929 1897 3117 1932 corum
3153 1881 3214 1930 de
3259 1880 3394 1929 tiloo

1820 1972 1979 2024 υἱιωῖ
2010 1972 2193 2041 (Apoc.
2241 1973 2345 2039 ιιι.)
2380 1970 2538 2037 Sunt,
2582 1972 2675 2040 qui
2724 1981 2917 2024 vocant
2947 1970 3164 2024 nomina
3213 1985 3307 2022 sua
3340 1968 3392 2022 in

1820 2064 1980 2117 terris
2012 2064 2127 2117 suis
2178 2063 2351 2128 (Psul.
2386 2064 2598 2128 vivnt),
2637 2077 2735 2115 nec
2774 2071 2952 2115 tamen
2993 2070 3395 2130 cognoscuntur

1818 2168 1884 2206 ex
1911 2154 2130 2207 nomine
2158 2153 2354 2222 (Exod.
2393 2155 2586 2218 xxxiii)
2613 2171 2624 2215 ;
2655 2153 2782 2220 quia
2811 2153 2971 2205 deleti
3000 2162 3127 2206 sunt
3156 2151 3221 2203 de
3255 2152 3394 2204 libro

1819 2245 2138 2309 viventium,
2185 2254 2237 2298 ct
2279 2260 2401 2297 cum
2436 2243 2600 2312 justis
2651 2258 2994 2313 nequaquam
3028 2242 3390 2296 conscribun-

1819 2342 1926 2387 tur.
1972 2332 2126 2390 Unde
2159 2343 2212 2388 et
2246 2335 2531 2388 districtus
2572 2333 2740 2387 Iudex
2799 2335 3047 2388 dicturus
3096 2343 3178 2386 cst
3226 2333 3303 2383 eis
3341 2333 3393 2386 in

1819 2422 1908 2476 illa
1959 2424 2238 2477 tremenda
2287 2425 2628 2491 separatione
2665 2425 2931 2494 bonorum
2978 2433 3030 2477 et
3075 2423 3341 2476 malorum
3378 2439 3390 2472 :

1821 2511 2086 2564 Discedite
2146 2529 2175 2564 ιι
2240 2529 2352 2576 me,
2422 2513 2731 2576 maledicti,
2797 2516 2850 2564 in
2913 2515 3082 2582 ignem
3140 2522 3396 2564 a'tcrnum

1821 2602 2039 2670 (Matth.
2082 2607 2231 2668 xxv),
2259 2604 2387 2672 quia
2415 2619 2519 2657 non
2550 2605 2670 2656 novi
2702 2620 2814 2658 vos.
2858 2603 3060 2658 [lorum
3093 2605 3396 2658 secundum

1820 2705 2069 2751 sanetum
2092 2696 2258 2748 David
2290 2697 2427 2765 perit
2459 2699 2720 2751 memoria
2744 2714 2869 2751 cum
2887 2699 3066 2751 sonitu
3087 2698 3262 2767 (l’sul.
3294 2698 3393 2763 Ix);

1819 2796 1932 2849 aut,
1965 2787 2010 2839 si
2060 2802 2164 2854 qua
2201 2797 2303 2851 est,
2350 2788 2465 2840 haec
2512 2803 2616 2840 non
2666 2787 2717 2840 in
2768 2788 3160 2850 benedictione,
3197 2787 3288 2839 sed
3340 2788 3394 2840 in

1820 2877 2198 2931 maledictione
2231 2886 2334 2930 est.
2379 2875 2635 2945 Nunquid
2688 2878 2833 2930 enim
2874 2892 3067 2945 parum
3113 2886 3229 2929 erat
3265 2876 3392 2941 illis,

1821 2967 2078 3021 molestos
2099 2982 2217 3020 esse
2245 2966 2587 3031 hominibus;
2615 2966 2741 3036 quia
2774 2967 2983 3020 molesti
3003 2978 3157 3021 erant
3185 2978 3232 3019 ct
3265 2967 3392 3031 Deo,

1822 3061 1964 3113 sicut
2013 3059 2078 3112 de
2117 3058 2389 3112 similibus
2419 3074 2608 3111 eorum
2643 3068 2870 3112 testatus
2901 3067 2981 3111 cst
3014 3059 3220 3112 Isaias?
3253 3058 3389 3124 (Ῐεα.

1822 3150 1942 3218 vn.)
1977 3147 2042 3204 Et
2076 3149 2197 3202 ideo
2236 3150 2390 3218 longe
2424 3160 2507 3202 est
2543 3151 2611 3202 ab
2651 3150 2730 3203 eis
2758 3149 2901 3218 quod
2934 3149 2999 3201 de
3041 3148 3237 3202 dilecto
3285 3148 3392 3201 Deo

1822 3248 1873 3291 et
1910 3239 2222 3293 hominibus
2275 3239 2496 3303 dicitur,
2547 3239 2705 3307 cujus
2762 3239 3022 3292 memoria
3069 3238 3123 3291 in
3176 3238 3390 3292 benedi-

1821 3329 1999 3382 ctione
2021 3337 2104 3380 est
2124 3326 2314 3395 (Eccli.
2344 3326 2488 3394 δυ’).

1891 3441 2181 3506 Attendite,
2230 3456 2435 3509 quzeso,
2465 3438 2744 3509 pontiﬁces
2787 3424 2971 3495 saeculi
3033 3443 3229 3507 nostri,
3273 3459 3395 3512 quae.

1821 3531 1972 3584 vobis
2002 3531 2262 3584 memoria
2313 3530 2602 3595 succedat;
2644 3547 2748 3583 non
2778 3532 2844 3585 de
2880 3534 3283 3585 constructione
3305 3550 3392 3586 ec-

1821 3619 2132 3683 clesiarum,
2191 3618 2286 3671 sed
2324 3619 2691 3680 castellorum,
2721 3634 2844 3686 qua:
2880 3634 2975 3671 vos
3005 3620 3059 3672 in
3082 3621 3312 3673 excelsis
3339 3633 3395 3674 ct.

1824 3710 2112 3779 prmruptis
2148 3708 2423 3761 montibus
2454 3724 2753 3776 pauperum
2798 3710 2996 3762 sudore
3029 3718 3081 3762 et
3105 3710 3389 3764 viduarum

1826 3800 2049 3852 minutis
2083 3798 2417 3851 instauratis.
2464 3797 2544 3850 Ad
2570 3798 2700 3866 quid
2746 3787 3079 3862 autemfnisi
3112 3809 3171 3852 ut
3201 3800 3395 3853 abinde

1825 3890 2092 3954 pellantur
2144 3889 2424 3951 homines;
2472 3903 2578 3940 non
2615 3888 2888 3942 dtemones
2941 3888 3068 3940 inibi
3115 3890 3280 3941 vincti
3310 3907 3393 3957 ge.

1826 3985 1973 4028 mant
2028 3976 2081 4026 in
2130 3975 2439 4044 ergastulis,
2487 3974 2743 4027 deficiant.
2790 3975 2844 4027 in
2893 3976 3289 4043 suppliciis,ut
3322 3979 3392 4030 ibi

1827 4077 2132 4140 peccatores
2179 4081 2283 4118 non
2331 4073 2737 4129 convertantur,
2783 4065 2875 4118 sed
2931 4067 3257 4133 puniantur;
3293 4084 3394 4136 pu-

1828 4159 2046 4211 niantur
2075 4170 2179 4208 non
2213 4154 2278 4206 ad
2305 4163 2649 4220 peccatorum
2682 4153 2892 4206 veniam
2915 4197 2928 4217 ,
2965 4155 3057 4208 sed
3102 4156 3168 4209 ad
3205 4167 3398 4210 vestrm

1826 4248 2041 4315 injuria:
2065 4245 2380 4298 vindictam.
2423 4243 2530 4298 Vos
2560 4245 2732 4297 sancti
2767 4244 3002 4309 Domini,
3040 4247 3275 4298 ministri
3304 4246 3395 4299 Dei
3436 4231 3440 4235 ’

1827 4335 2018 4397 nostri,
2052 4333 2118 4385 de
2158 4332 2360 4400 quibus
2394 4332 2549 4385 nobis
2583 4347 2763 4386 sermo
2788 4341 2889 4394 est,
2932 4333 3145 4384 saniore
3169 4335 3397 4386 consilio

1828 4420 2165 4474 instruxistis
2210 4420 2537 4472 monasteria
2579 4419 2645 4472 de
2682 4420 3047 4498 oblationibus
3079 4421 3315 4474 fidelium
3346 4436 3398 4476 ct

1829 4511 1992 4564 rebus
2013 4508 2389 4572 ecclesiarum,
2407 4507 2550 4561 unde
2575 4508 2869 4576 abiguntur
2897 4500 3191 4574 dwmoﬁes,
3228 4522 3280 4566 et
3307 4514 3398 4566 ubi

145 4605 323 4658 etiam
349 4616 447 4670 per
475 4599 856 4656 antecedentes
880 4600 1192 4669 prophetias
1221 4600 1334 4669 jam
1366 4601 1569 4655 dudum
1599 4618 1730 4670 pne-
1761 4614 1804 4666 Ι)
1833 4599 2168 4669 recipiuntur
2212 4613 2506 4666 pauperes,
2545 4607 2939 4652 convertuntur
2985 4612 3314 4669 peccatores,
3348 4615 3402 4656 et

147 4692 489 4762 signaverat,
515 4689 647 4758 quid
679 4698 800 4758 post
841 4688 1024 4756 plures
1062 4703 1237 4744 annos
1264 4689 1482 4748 futurus
1504 4702 1639 4746 erat.
1667 4691 1725 4746 In

147 4779 320 4833 annis
342 4778 491 4831 enim
513 4778 894 4834 adolescentia:
940 4777 1256 4842 constituto,
1287 4795 1414 4832 cum
1445 4781 1608 4834 simul
1635 4799 1725 4836 es-

150 4876 280 4925 sent
310 4867 426 4936 ipse
469 4875 523 4920 et
550 4865 892 4931 Gebhardus,
939 4865 1099 4936 cujus
1156 4882 1320 4934 supra
1353 4871 1724 4937 meminimus,

149 4970 206 5014 et
231 4957 383 5030 (465)
408 4957 604 5012 Albero
620 4954 931 5028 [Adelbero]
956 4956 1300 5026 postmodum
1313 4957 1728 5029 Wirzeburgen-

150 5051 234 5107 sis
259 5049 568 5120 episcopus,
593 5049 790 5103 accidit
821 5056 882 5103 ut
907 5064 1072 5117 super
1111 5048 1413 5118 marginem
1440 5048 1604 5104 fontis
1628 5053 1728 5106 ali-

150 5140 318 5210 cujus
342 5143 538 5210 panem
571 5137 864 5192 comesturi
914 5135 1308 5191 consedissent.
1351 5134 1495 5191 Inter
1537 5150 1724 5194 mutua

152 5230 452 5298 colloquia,
508 5229 709 5300 quibus
752 5241 1040 5297 pauperem
1087 5240 1332 5304 mensam
1377 5229 1722 5295 condiebant,

157 5319 387 5373 meliora
424 5319 491 5373 de
531 5334 593 5376 se
637 5333 879 5388 sperare,
905 5325 958 5371 et
982 5315 1216 5386 quodam
1261 5317 1472 5370 occulto
1493 5333 1559 5371 ac
1583 5334 1722 5387 pra:-

159 5423 293 5480 sago
328 5409 526 5480 spiritu
553 5411 845 5480 pradicere
873 5408 1044 5463 adorti
1081 5414 1225 5462 sunt.
1258 5407 1454 5476 Aitque
1477 5407 1721 5462 Gebhar-

160 5500 266 5555 dus
294 5516 306 5552 :
333 5495 447 5568 Ego
467 5498 523 5551 in
561 5497 941 5570 Salzpurgensi
976 5497 1218 5553 Ecclesia
1256 5497 1543 5566 episcopus
1576 5497 1726 5552 futu-

163 5603 261 5644 rus
289 5602 434 5642 sum.
477 5585 674 5642 Albero
695 5605 823 5644 vero
851 5608 862 5643 :
888 5588 956 5645 Et
986 5605 1104 5660 ego,
1129 5589 1326 5657 inquit,
1364 5588 1417 5642 in
1446 5587 1729 5659 Wirzpur—

162 5682 318 5752 sensi
359 5677 615 5734 cathedra
657 5682 973 5748 pmsidebo.
1009 5683 1078 5738 At
1116 5681 1442 5735 Altmannus
1476 5695 1488 5734 :
1519 5680 1586 5735 Et
1629 5696 1727 5751 ego

1778 4745 1781 4748 .
1831 4700 2035 4744 sanctae
2085 4687 2447 4756 simplicitatis
2495 4702 2558 4740 ac
2598 4687 2768 4740 beata:
2819 4690 3155 4756 paupertatis
3217 4690 3403 4759 religio

1832 4788 2203 4834 conservatur.
2241 4776 2341 4832 Ubi
2386 4777 2473 4831 die
2499 4793 2564 4847 ac
2586 4787 2741 4832 nocte
2771 4793 2877 4831 non
2905 4780 3158 4832 tacebunt
3181 4781 3408 4834 laudare

1834 4888 2029 4926 nomen
2089 4871 2322 4935 Domini,
2371 4885 2508 4938 quos
2566 4886 2596 4923 a
2662 4870 2792 4923 solis
2819 4879 2940 4922 ortu
2992 4876 3046 4922 et
3081 4884 3302 4936 occasu,
3341 4874 3408 4926 ab

1830 4963 2084 5031 aquilone
2117 4972 2172 5016 et
2203 4962 2361 5026 mari,
2391 4976 2458 5014 ex
2478 4962 2732 5015 omnibus
2763 4958 2976 5028 populis
3005 4968 3058 5012 et
3085 4960 3305 5030 linguis,
3342 4979 3409 5018 ex

1833 5054 1981 5106 omni
2017 5061 2174 5106 aetate
2218 5061 2270 5105 et
2291 5051 2622 5112 conditione,
2676 5063 2809 5101 sexu
2836 5058 2888 5100 et
2919 5049 3137 5103 natione
3187 5069 3407 5122 congre-
3448 5101 3464 5117 ,

1832 5142 1980 5210 gavit
2025 5141 2092 5194 ad
2120 5138 2530 5208 gloriﬁcandum
2567 5150 2654 5200 se;
2688 5136 2780 5204 qui
2815 5136 2882 5190 de
2907 5140 3270 5194 servientibus
3301 5145 3400 5195 sibi

1831 5230 2089 5283 omnibus
2124 5228 2253 5281 facit
2277 5242 2371 5280 cor
2399 5242 2568 5280 unum
2595 5236 2650 5280 et
2670 5228 2912 5284 animam
2936 5245 3100 5284 unam
3136 5234 3272 5299 (Art.
3305 5237 3397 5300 iv).

1830 5319 1897 5372 Et
1924 5334 2019 5372 vos
2049 5317 2174 5370 licet
2227 5331 2418 5370 somno
2451 5325 2634 5371 vestro
2675 5318 3050 5386 requiescatis,
3095 5331 3154 5373 ut
3192 5337 3402 5386 semper

1830 5408 2081 5478 optastis,
2123 5417 2190 5461 et-
2223 5409 2578 5476 requiescatis
2603 5425 2633 5460 a
2669 5409 2945 5463 laboribus
2990 5411 3183 5463 vestris
3214 5410 3395 5473 (Apoc.

1833 5497 1967 5569 xw),
1995 5499 2137 5553 haud
2171 5505 2351 5552 tamen
2373 5500 2695 5552 crediderim
2722 5499 2948 5566 spiritus
2975 5507 3182 5550 vestros
3212 5497 3400 5550 deesse

1831 5591 1964 5646 locis
2009 5606 2131 5660 qua:
2156 5591 2398 5644 viventes
2433 5599 2583 5644 tanta
2618 5591 2901 5644 devotione
2930 5587 3312 5641 construxistis
3348 5599 3401 5640 et

1832 5682 2118 5736 dilexistis.
2143 5681 2318 5735 Credo
2332 5696 2427 5735 vos
2449 5681 2639 5735 adesse
2674 5677 2885 5730 cunctis
2924 5677 3034 5732 illic
3058 5679 3397 5747 degentibus,

243 5855 389 5931 (ωδ)
419 5853 550 5908 Vide
579 5850 756 5906 Vitam
795 5867 850 5908 δ.
883 5852 1174 5923 Gebhardi,
1204 5867 1334 5912 tom.
1369 5855 1408 5910 ιι
1433 5866 1484 5911 et
1509 5855 1575 5909 v1
1600 5834 1786 5929 'Antiq.
1823 5859 1967 5911 Lact.

489 5945 573 6004 ΡΑ
586 5960 757 6004 ιἰιοι.
798 5941 1121 6008 CXLVIII.

3012 5942 3088 5998 ρας
