3944 6404
510 523 613 573 873

1478 516 1565 570 AD
1602 513 1825 573 ΟΡΕΠᾹ
1867 513 1921 569 S.
1966 509 2290 570 CRECURII
2328 506 2765 566 APPENDlCES.

3644 499 3769 555 876

441 685 446 690 .
509 647 685 691 astate
713 636 953 691 videlicet
986 634 1287 698 orantibus,
1326 648 1644 687 succurrere
1680 629 2071 695 laborantibus,
2104 629 2147 685 Α
2174 627 2352 682 locum
2385 624 2685 681 seminandi
2714 624 2919 694 inagro
2945 620 3157 677 Domini
3183 636 3367 677 semen
3391 633 3573 699 suum.
3604 620 3771 695 Age:-

507 728 688 795 lapsos
735 726 990 789 allevare,
1039 735 1092 779 et
1134 732 1257 778 vota
1299 722 1634 792 singulorum
1687 720 1740 774 in
1778 726 2070 788 conspectu

509 817 703 872 divinae
736 815 1037 886 maiestatis
1074 798 1411 883 promovere.
1466 809 1774 865 Putaverim
1809 824 1904 862 vos
1946 820 2070 861 cum

509 909 738 963 Domino
770 909 835 963 de
864 908 1000 963 cmlo
1024 906 1357 976 prospicere,
1393 913 1453 957 ut
1475 902 1701 957 videatis
1730 902 1776 956 si
1811 908 1895 955 est
1918 898 2074 954 intel-

508 995 684 1065 ligens
714 1002 807 1050 aut
830 995 1116 1063 requirens
1152 992 1320 1046 Deum
1366 989 1538 1060 (Psal.
1580 990 1709 1058 LII);
1741 997 1795 1043 et
1829 988 1873 1041 si
1912 1002 2071 1057 quem

512 1078 828 1137 inveneritis
850 1081 1070 1151 segnius
1091 1088 1355 1150 agentem,
1388 1085 1442 1132 et
1474 1077 1693 1132 mentiri
1716 1076 1825 1129 Deo
1850 1076 1904 1128 in
1935 1075 2075 1129 votis

514 1172 652 1236 suis,
687 1179 740 1226 et
772 1170 1077 1224 claudicare
1118 1184 1149 1222 a
1172 1167 1380 1223 semitis
1424 1165 1673 1231 Domini;
1716 1179 1839 1219 reor
1879 1179 1976 1229 vos
2010 1162 2075 1217 il-

514 1260 620 1313 lico
644 1274 765 1313 cum
802 1258 1005 1328 angelis
1027 1257 1177 1326 pacis
1206 1270 1390 1310 amare
1425 1255 1571 1319 flere,
1603 1263 1656 1308 et
1678 1254 1953 1323 querelam
1979 1268 2074 1324 ge-

521 1348 681 1402 mitus
712 1361 891 1401 coram
926 1345 1062 1400 facie
1096 1343 1325 1403 Domini,
1350 1360 1448 1413 pro
1482 1359 1566 1409 eo,
1599 1342 1686 1396 vel
1710 1353 1897 1397 contra
1926 1357 2074 1408 eum,

519 1435 609 1502 qui
634 1433 898 1501 ejusmodi
925 1442 1026 1497 est,
1060 1432 1371 1486 medullitus
1402 1432 1688 1500 deponere.

589 1506 982 1574 Attendendum
1033 1528 1362 1589 quapropter
1412 1530 1513 1584 est,
1554 1517 1749 1571 fratres
1775 1526 1828 1571 et
1850 1517 2074 1584 domini,

519 1626 622 1681 qua
660 1610 939 1680 disciplina
971 1611 1333 1665 reverentiave
1358 1610 1509 1663 vobis
1530 1608 1957 1663 conversaudum
1986 1610 2076 1673 sit,

520 1705 660 1757 inter
700 1718 860 1772 quos,
899 1718 1025 1757 cum
1062 1702 1264 1757 sanctis
1294 1701 1500 1771 angelis
1544 1700 1631 1755 isti
1668 1698 1853 1753 Patres
1902 1708 1955 1754 et
1983 1715 2080 1769 pa-

520 1794 663 1847 troni
688 1793 853 1849 vestri
889 1792 1109 1858 adsunt,
1141 1791 1457 1847 discurrunt
1490 1800 1543 1845 et
1576 1800 1769 1845 vestra:
1804 1790 1965 1845 saluti
1998 1790 2081 1843 in—

520 1883 828 1937 desinenter
868 1881 1166 1951 invigilant,
1202 1898 1269 1936 ne
1296 1882 1425 1951 quid
1461 1881 1840 1951 irreligiosum,
1891 1880 1974 1934 vel
1997 1878 2080 1932 in-

2171 726 2353 771 autem
2398 715 2722 770 universalis
2774 722 2859 768 est
2909 712 3167 767 mundus.
3216 711 3321 767 Sed
3372 712 3439 768 ad
3474 727 3603 769 eum
3636 729 3767 770 non

2173 805 2331 859 nobis
2361 812 2441 859 est
2474 818 2674 858 sermo.
2711 803 2937 873 Agrum,
2971 803 3055 857 vel
3084 802 3297 857 vineam
3333 803 3617 874 quodlibet
3662 806 3724 860 in
3763 837 3769 842 -

2171 892 2354 964 telligo
2381 890 2807 957 monasterium;
2834 906 2992 962 agros
3026 892 3208 961 plures
3241 892 3324 946 vel
3354 892 3564 960 vineas,
3590 895 3769 965 plura

2174 983 2524 1039 monasteria.
2573 981 2630 1037 ln
2662 983 2749 1037 his
2781 982 2910 1036 vitia
2955 982 3338 1037 invalesecntia
3382 983 3564 1039 lanam
3619 994 3770 1041 tunc

2173 1074 2436 1143 temporis
2466 1072 2880 1141 strangulabant
2910 1070 3140 1141 frugem,
3190 1078 3434 1126 sanctam
3469 1072 3592 1126 dico
3624 1074 3771 1128 reli-

2176 1164 2408 1235 gionem.
2437 1162 2495 1217 lu
2520 1163 2606 1217 his
2626 1163 2756 1217 vitis
2792 1177 2920 1216 vera
2955 1166 3215 1217 conversa
3262 1161 3442 1216 fuerat
3464 1162 3518 1216 in
3542 1164 3769 1217 amari-

2177 1254 2438 1319 tudinem,
2489 1252 2600 1322 Ego
2654 1269 2793 1317 sum,
2826 1253 2902 1306 ait
2933 1251 3209 1319 Christus,
3252 1254 3373 1307 ritis
3410 1271 3531 1307 rem
3563 1253 3765 1323 (10m.

2177 1344 2288 1410 xv).
2319 1341 2423 1395 Iste
2447 1341 2623 1395 dulcis
2656 1349 2710 1394 et
2757 1350 2937 1416 rectus
2968 1341 3232 1396 Dominus
3262 1358 3441 1398 nonne
3471 1344 3773 1397 converti-

2178 1438 2266 1483 tur
2300 1429 2353 1483 in
2400 1429 2812 1483 amaritudinem
2838 1430 2887 1485 ei
2920 1430 3012 1500 qui
3045 1430 3227 1485 horret
3271 1447 3392 1501 qtae
3419 1440 3545 1486 sunt
3581 1440 3766 1498 recta,

2178 1536 2300 1591 quae
2326 1530 2535 1585 sancta,
2568 1538 2689 1591 quze
2719 1522 2935 1591 pudica,
2966 1537 3088 1591 qua:
3118 1521 3275 1576 bona:
3297 1522 3474 1589 famae,
3499 1538 3626 1593 quae
3646 1522 3768 1575 vir—

2180 1608 2335 1675 tutis,
2362 1623 2485 1677 qum
2501 1608 2895 1662 districtionis?
2924 1606 3149 1678 (Philip.
3181 1611 3279 1676 ιν.)
3298 1607 3485 1663 Nonne
3501 1623 3767 1663 amarum

2175 1696 2381 1765 judicat
2402 1695 2681 1751 Christum
2724 1698 2818 1766 qui
2845 1697 3024 1751 renuit
3053 1706 3274 1768 gustare
3303 1706 3356 1751 et
3378 1698 3561 1753 videre
3586 1712 3767 1770 quam

2181 1787 2363 1842 suavis
2385 1786 2458 1842 sit
2482 1788 2605 1842 ille?
2628 1787 2803 1857 (Psal.
2833 1786 3050 1855 χχχιιι.)

2252 1876 2342 1932 Sic
2375 1893 2434 1932 se
2460 1877 2690 1932 habente
2712 1893 2844 1948 agro
2866 1877 2949 1931 vel
2975 1877 3133 1932 vinea
3157 1876 3392 1944 Domini,
3429 1894 3538 1934 non
3563 1880 3769 1935 credes

520 1974 736 2037 decens,
784 1972 865 2025 vel
900 1972 1258 2027 incorrectum
1309 1971 1609 2042 reperiatur
1647 1970 1794 2040 quod
1814 1985 1908 2025 eos
1943 1985 2075 2025 con-
2109 1959 2151 2013 Β
2176 1968 2351 2022 virum
2376 1967 2589 2022 Domini
2614 1968 2684 2022 ab
2715 1968 2826 2023 imo
2854 1978 3070 2038 pectore
3103 1969 3431 2038 ingemuisse
3466 1969 3535 2024 ad
3568 1968 3771 2025 Domi-

521 2063 699 2117 tristet
721 2071 811 2116 aut
833 2063 1061 2133 elonget.

592 2149 699 2206 Sed
742 2148 1070 2207 redeundum
1110 2153 1222 2222 jam
1276 2152 1341 2206 ad
1392 2151 1755 2206 narrationem
1811 2160 1913 2206 est.
1962 2148 2077 2204 Non

459 2252 463 2257 '
521 2241 665 2294 enim
690 2239 926 2297 doctoris
948 2242 1089 2311 apud
1130 2258 1227 2296 vos
1254 2242 1424 2296 vicem
1461 2257 1608 2311 gero,
1647 2241 2076 2307 sednarratoris,

488 2338 709 2383 'earum
757 2339 964 2384 tantum
1004 2346 1185 2385 rerum
1226 2346 1363 2402 quas
1394 2346 1489 2386 vos
1520 2331 1735 2402 scriptis
1775 2331 2080 2387 docueratis

523 2428 616 2473 aut
643 2435 772 2473 voce
801 2420 942 2474 viva.

597 2508 780 2580 Itaque
822 2511 1014 2565 beatus
1056 2510 1150 2567 Dei
1189 2511 1444 2580 famulus,
1492 2512 1733 2583 quotidie
1766 2528 1891 2568 cum
1941 2511 2080 2566 Pro-

524 2599 683 2667 pheta
725 2599 984 2668 adjiciens
1036 2602 1103 2655 ad
1134 2603 1348 2657 laudem
1379 2596 1592 2656 Domini
1632 2616 1793 2672 opera
1823 2600 1941 2668 Dei,
1975 2617 2082 2657 non

524 2688 639 2744 suis
664 2690 892 2756 meritis,
931 2691 1025 2745 sed
1065 2691 1260 2746 divinae
1294 2692 1540 2747 attribuit
1564 2688 1971 2759 misericordias,
2007 2690 2085 2746 di-

524 2795 652 2835 cens
704 2796 827 2835 cum
868 2779 1151 2853 Psalmista
1175 2790 1192 2835 ':
1229 2781 1351 2837 Non
1382 2784 1528 2837 nobis
1562 2783 1801 2848 Domine,
1846 2800 1948 2836 non
1988 2800 2083 2837 no-

528 2871 628 2936 bis,
656 2872 746 2925 sed
782 2873 979 2926 nomini
1009 2881 1097 2927 tuo
1123 2873 1194 2927 da
1219 2870 1443 2945 gloriam
1468 2873 1640 2944 (Psal.
1671 2872 1845 2943 cxm).
1871 2873 1937 2928 Et
1957 2890 2083 2929 cum

530 2960 782 3029 Apostolo
808 2979 820 3015 :
859 2962 1047 3016 Gratia
1076 2962 1172 3017 Dei
1198 2981 1314 3017 sum
1341 2965 1397 3017 id
1421 2966 1561 3034 quod
1592 2980 1707 3017 sum
1736 2962 1788 3031 (1
1812 2963 1935 3017 Cor.
1971 2965 2080 3033 xv).

530 3049 596 3104 L't
640 3060 820 3107 autem
869 3068 974 3107 non
1022 3048 1289 3107 fallaciter
1341 3054 1783 3123 subsequeretur,
1816 3063 1863 3106 et
1908 3056 2086 3123 gratia

524 3140 636 3209 ejus
694 3143 750 3195 in
822 3159 902 3197 me
956 3160 1122 3197 racua
1186 3159 1287 3197 non
1342 3145 1477 3215 fuit,
1526 3141 1808 3199 aediﬁcavit
1843 3138 1927 3198 vir
1960 3161 2086 3199 san-

526 3239 668 3297 ctus,
698 3232 752 3286 in
784 3233 1045 3290 suburbio
1072 3233 1400 3301 Pataviensi,
1446 3233 1499 3288 in
1526 3226 1731 3289 honore
1777 3232 1833 3303 Sg.
1882 3225 2085 3290 Nieolai

528 3321 813 3376 ecclesiam
847 3339 1009 3393 super
1039 3325 1190 3380 littus
1225 3324 1362 3381 (Eni
1399 3322 1657 3392 fluminis,
1690 3326 1937 3395 pluribus
1966 3343 2085 3381 eam

527 3411 709 3466 ditans
743 3412 906 3467 rebus
927 3421 981 3467 et
1008 3413 1465 3483 possessionibus.
1493 3411 1740 3467 Praefeeit
1775 3423 1955 3468 autem
1979 3416 2089 3470 illic

530 3498 924 3556 llartmannum
959 3502 1326 3572 praepositum,
1377 3502 1556 3556 virum
1603 3503 1868 3572 sapientia
1912 3512 1966 3559 et
2010 3505 2089 3560 fa-

530 3592 729 3648 cundia
760 3593 1264 3660 commendabilem,
1307 3593 1402 3664 qui
1434 3592 1715 3665 Rudolpho
1741 3596 1850 3667 regi
1877 3597 2087 3652 charis-

528 3683 722 3747 simus,
767 3684 931 3738 etiam
975 3682 1198 3756 Urbano
1220 3699 1371 3755 papae
1421 3685 1643 3755 suisque
1683 3687 2091 3742 successoribus

531 3773 849 3827 notissimus
873 3772 993 3826 mit.
1027 3772 1146 3837 Hie,
1178 3782 1239 3826 ut
1257 3773 1543 3843 religiosus
1576 3776 1856 3844 erat,.ipse
1886 3776 1965 3829 sic
2003 3792 2089 3831 re-

531 3863 750 3931 ligiosos
811 3862 1036 3917 clericos
1081 3870 1137 3917 et
1173 3862 1340 3917 laicos
1386 3863 1745 3934 undecunque
1792 3867 2050 3936 colligens
2074 3909 2090 3935 ,

531 3968 873 4008 communem
912 3968 1006 4007 eos
1034 3952 1201 4007 vitam
1247 3953 1444 4008 ducere
1479 3954 1580 4009 Sub
1608 3957 1790 4026 regula
1818 3956 1873 4011 S.
1903 3959 2092 4029 Augu-

531 4044 659 4098 stini
680 4044 859 4117 verbis
881 4048 935 4098 et
963 4042 1221 4125 egemplis
1250 4044 1535 4115 diligenter
1574 4045 1824 4102 instituit.

604 4134 699 4190 His
729 4135 801 4189 ita
829 4134 1060 4205 peractis
1103 4133 1406 4191 indefessus
1443 4135 1648 4193 Christi
1679 4139 1927 4193 minister
1974 4156 2092 4195 ma-

533 4240 663 4281 num
705 4241 861 4280 suam
909 4226 1058 4281 misit
1101 4226 1168 4281 ad
1213 4224 1455 4294 fortiora,
1500 4244 1625 4283 vere
1673 4228 1929 4297 fortiora;
1968 4232 2093 4301 quia

535 4318 692 4386 longe
716 4318 837 4387 plus
870 4317 1024 4372 allert
1055 4317 1385 4373 dillicultatis
1419 4335 1483 4375 ac
1514 4320 1713 4375 laboris
1745 4322 2014 4376 radieatas
2042 4332 2097 4377 et

537 4407 857 4459 inveteratas
881 4409 1105 4462 evellere
1125 4410 1417 4478 pravitates
1438 4426 1600 4478 quam
1621 4412 1789 4465 bonas
1812 4427 1841 4465 a
1866 4413 2098 4480 primor-

2114 3277 2154 3332 C

2179 2073 2308 2112 num
2351 2066 2406 2111 et
2452 2057 2699 2112 dixisse:
2742 2058 2810 2112 Ut
2868 2060 2994 2129 quid
3045 2068 3302 2129 operatur
3343 2060 3617 2130 agricola?
3668 2061 3772 2113 de-

2180 2147 2426 2199 struxisti
2473 2152 2758 2200 maceriam
2809 2147 2950 2216 ejus,
2981 2157 3032 2202 et
3077 2148 3403 2201 rindemiant
3431 2165 3548 2201 eam
3578 2165 3769 2202 omnes

2179 2239 2267 2310 qui
2289 2238 2791 2308 pratergrediuntur
2838 2241 3018 2292 riam?
3050 2239 3437 2293 Extertttinavit
3480 2256 3598 2294 eam
3630 2256 3771 2311 aper

2179 2329 2243 2382 de
2278 2325 2434 2394 silva,
2479 2338 2528 2382 et
2553 2323 2843 2398 singularis
2876 2329 3018 2399 ferus
3051 2330 3299 2398 depastus
3332 2338 3409 2383 est
3441 2346 3577 2384 eam.
3614 2329 3768 2383 Deus

2180 2420 2435 2472 virtutum
2468 2427 2795 2481 convertere;
2829 2420 3025 2489 respice
3061 2419 3125 2472 de
3159 2418 3308 2485 caelo,
3339 2427 3390 2473 et
3427 2419 3571 2485 veni,
3592 2428 3643 2473 et
3686 2421 3771 2473 ri-

2182 2511 2289 2562 sita
2317 2508 2702 2569 eineamistam
2722 2508 2897 2580 (Psal.
2932 2509 3141 2579 usus).
3182 2508 3323 2565 Dicit
3352 2525 3481 2565 vero
3500 2509 3772 2566 inimicus

2185 2607 2344 2653 tuus:
2375 2597 2558 2653 Omnis
2608 2598 2894 2669 plantatio,
2937 2617 3096 2670 quam
3142 2616 3246 2655 non
3290 2600 3554 2671 plantavit
3587 2601 3773 2658 Pater

2185 2705 2326 2742 meus
2361 2689 2612 2755 cwlestis,
2649 2690 3009 2744 eradicabitur
3047 2690 3266 2760 (Matth.
3303 2692 3426 2762 xv);
3456 2707 3524 2748 en
3553 2702 3768 2765 quanta

2184 2778 2572 2833 sttbcreverunt
2604 2794 2726 2847 qua:
2752 2787 2807 2833 tu
2830 2778 2947 2833 (non
2985 2780 3264 2849 plautasti,
3297 2796 3332 2836 ο
3367 2780 3569 2838 Pater?
3593 2782 3767 2850 Num,

2182 2869 2308 2937 quia
2337 2868 2665 2939 constituisti
2688 2885 2793 2933 me,
2819 2878 2879 2923 ut
2899 2864 3150 2935 evellam,
3177 2880 3231 2926 et
3252 2872 3557 2941 destruant,
3580 2884 3637 2930 et
3656 2876 3774 2929 dis-

2184 2956 2375 3026 sipent,
2397 2965 2452 3011 et
2471 2958 2777 3026 disperdam
2800 2959 2823 3011 ?
2850 2958 2983 3029 (Jer.
3012 2961 3075 3030 ι.)
3101 2962 3397 3033 Aggrediar
3418 2964 3605 3034 spinas
3625 2963 3772 3021 istas

2187 3061 2246 3099 se
2296 3046 2527 3115 invicem
2553 3049 2996 3118 eomplectentes.
3031 3049 3149 3104 Una
3176 3054 3324 3109 enim
3374 3055 3617 3111 adhaeret
3641 3060 3768 3121 uni,

2182 3145 2245 3190 ut
2275 3153 2342 3191 ne
2364 3139 2694 3206 spiraculum
2719 3148 2959 3195 transeat
2979 3156 3074 3211 per
3110 3156 3206 3196 eas
3228 3142 3348 3212 (Job
3371 3144 3503 3214 xu).
3528 3145 3614 3199 An
3633 3146 3770 3215 quia

2189 3235 2244 3280 tu
2270 3228 2421 3282 dicis.
2444 3229 2605 3284 nobis
2637 3231 2810 3286 servis
2838 3231 2971 3297 tuis,
3002 3241 3063 3286 ut
3088 3231 3336 3289 sinamus
3357 3242 3590 3304 utraque
3638 3252 3767 3291 ere-

2188 3333 2339 3373 seere
2367 3327 2540 3389 usque
2574 3321 2640 3375 ad
2667 3326 2905 3377 'me'Ssem
2929 3316 3146 3392 (Matth.
3193 3325 3315 3394 ml)
3350 3345 3363 3379 :
3394 3340 3507 3379 rem
3532 3332 3646 3383 tam
3669 3328 3766 3381 ar-

2186 3410 2349 3465 duam
2380 3420 2600 3481 tamque
2628 3413 2899 3470 dillicilem
2924 3414 3321 3470 dissimulabo?
3345 3415 3625 3486 Siquidem
3652 3426 3769 3473 nun

2187 3499 2396 3569 ignoro,
2418 3499 2746 3558 Ecclesiaste
2768 3503 3015 3570 docente,
3040 3505 3181 3573 quod
3209 3507 3300 3575 qui
3336 3507 3591 3575 transfert
3620 3505 3769 3577 lapi-

2131 3656 2134 3661 ἢ
2189 3589 2300 3656 des,
2327 3606 2518 3661 graves
2549 3592 2757 3646 scilicet
2784 3608 2850 3646 ac
2875 3593 3043 3647 duros
3080 3609 3374 3662 pravorum
3399 3609 3600 3655 mores.
3625 3597 3766 3665 allii-

2191 3688 2342 3748 getur
2379 3680 2436 3732 in
2459 3680 2567 3744 eis;
2596 3689 2651 3734 et
2680 3699 2693 3733 :
2733 3679 2845 3745 Qui
2864 3682 3057 3734 scindit
3100 3682 3268 3752 ligna,
3306 3684 3357 3737 id
3386 3694 3491 3749 est,
3523 3686 3769 3754 pertina-

2189 3768 2337 3822 ‘cium
2364 3768 2547 3834 corda,
2575 3769 2935 3823 vulnerabitur
2959 3769 3023 3823 ab
3056 3771 3132 3824 eis
3172 3770 3371 3841 (Eccte.
3402 3768 3493 3840 ς).
3522 3771 3686 3843 Ergo,
3720 3773 3767 3827 si

2193 3860 2467 3924 concedis,
2499 3869 2746 3915 crescant
2793 3858 3183 3931 utraque.'Sed
3220 3863 3351 3933 q’uld
3383 3876 3629 3933 agemus,
3669 3865 3766 3933 qui

2194 3948 2380 4017 spinas
2435 3957 2681 4004 Crescere
2730 3950 3007 4006 cernimus
3063 3959 3119 4006 et
3156 3951 3406 4006 tricicum
3471 3952 3765 4008 suﬂ‘oeari?

2197 4036 2472 4093 Sollicitus
2501 4038 2719 4109 quidem
2767 4055 2849 4105 es,
2886 4053 2955 4096 ne
2987 4039 3124 4096 forte
3171 4043 3485 4114 colligentes
3530 4044 3763 4111 zizania,

2194 4128 2530 4183 eradiccmus
2556 4130 2716 4184 simul
2736 4139 2793 4185 et
2819 4131 3060 4186 triticum
3098 4130 3317 4201 (Matth.
3355 4136 3497 4204 xm).
3528 4134 3630 4189 Sed
3653 4150 3762 4189 non

2195 4228 2280 4274 est
2313 4219 2467 4274 labor
2520 4219 2575 4273 in
2609 4220 2970 4277 discernenda
2998 4222 3240 4278 triticum
3288 4224 3377 4289 sit,
3408 4240 3478 4277 an
3524 4224 3762 4289 zizania;

2196 4309 2495 4388 manifesta
2509 4320 2638 4364 sunt
2662 4311 2918 4369 scandala
2941 4313 3078 4367 haec.
3102 4311 3221 4367 Non
3242 4323 3403 4384 egent
3418 4324 3760 4378 accusatore;

2198 4400 2361 4475 etiam
2395 4400 2514 4453 sine
2537 4409 2676 4453 teste
2699 4409 2974 4455 constant.
3007 4400 3228 4458 Publica
3268 4403 3443 4470 fama;
3470 4406 3598 4469 imo,
3621 4406 3763 4460 infa-

535 4496 624 4547 dio
675 4494 908 4547 inserere
953 4491 1473 4565 disciplinas.‘Ergo,
1509 4497 1637 4565 quia
1669 4514 1862 4551 nomen
1920 4499 2098 4566 ipsum
2202 4485 2309 4537 mia
2340 4485 2557 4538 dam”-
2586 4483 2779 4538 Νοηηθ
2814 4485 2905 4539 hic
2927 4487 3136 4541 Clamor
3164 4489 3281 4557 iam
3311 4491 3557 4545 ascendit
3583 4493 3648 4546 ad
3680 4496 3766 4546 ίοῗ

536 4580 775 4649 episcopi
801 4578 1052 4635 Ecclesia:
1087 4580 1183 4635 Dei
1208 4598 1334 4636 eum
1367 4583 1808 4651 superintendere
1837 4584 2085 4640 admone-

2201 4570 2311 4642 Ego
2329 4579 2458 4626 tuus
2480 4572 2877 4642 qualiscunque
2912 4575 3152 4629 vicarius
3178 4576 3431 4631 descendi
3470 4578 3537 4633 ad
3570 4595 3682 4646 eos,
3710 4591 3764 4637 et

539 4670 648 4733 bat,
675 4670 1035 4725 consideravit
1055 4686 1244 4741 agrum
1278 4679 1331 4724 et
1360 4672 1591 4737 vineam,
1615 4687 1777 4741 quam
1810 4671 1912 4727 sibi
1947 4674 2096 4729 loca-

540 4766 690 4811 verat
720 4755 980 4812 Dominus
1007 4777 1021 4823 ;
1057 4768 1106 4811 et
1130 4776 1242 4811 ecce
1271 4767 1437 4812 totum
1466 4760 1785 4829 repleverunt
1814 4762 2015 4829 urtica',
2046 4774 2097 4818 et

540 4859 844 4916 aperuerant
876 4852 1202 4920 superﬁciem
1231 4851 1344 4918 ejus
1390 4852 1574 4919 spineo,
1608 4862 1657 4904 et
1700 4854 1927 4906 maceria
1961 4850 2098 4924 lapi-

542 4941 665 4992 dum
712 4943 976 4996 destructa
1005 4951 1120 4997 erat
1163 4940 1344 5012 (Prov.
1386 4942 1554 5011 xxrv).
1608 4941 1711 4997 Sed
1759 4960 1896 5013 quas
1939 4949 2097 5015 putas

541 5027 760 5095 quidem
802 5042 899 5096 ego
940 5031 1116 5084 dicam
1170 5029 1371 5084 urticas
1409 5037 1463 5084 et
1516 5030 1737 5100 spinas?
1771 5029 1987 5101 Utique,
2043 5033 2094 5087 in

471 5144 493 5160 -
542 5116 704 5169 corde
751 5118 1132 5187 negligentium
1161 5121 1458 5190 prurientia
1492 5130 1705 5175 terrena
1754 5122 2022 5177 desideria
2046 5133 2100 5178 et

543 5206 861 5275 punctiones
884 5206 1155 5260 vitiorum.
1183 5209 1249 5262 Et
1281 5226 1443 5278 quam
1492 5213 1816 5267 maceriam?
1837 5223 1983 5269 certe
2010 5215 2097 5269 di-

545 5297 826 5366 sciplinam
885 5296 1126 5364 Patrum,
1164 5315 1284 5367 qua:
1322 5301 1374 5351 in
1415 5303 1573 5355 corde
1621 5321 1906 5371 pravorum
1946 5308 2096 5376 lapsa

539 5386 771 5453 jacebat.
799 5384 949 5440 Unde
986 5396 1155 5441 totum
1195 5390 1330 5443 hoc?
1374 5389 1511 5456 Quia
1559 5391 1896 5449 dormiebant
1926 5398 2069 5452 hami

545 5492 653 5542 nes,
698 5478 903 5531 etvenit
934 5478 1176 5531 inimicus
1211 5479 1382 5547 homo,
1428 5488 1477 5533 et
1501 5472 1931 5549 supersentinavit
1956 5488 2099 5539 ziza-

547 5564 635 5617 nia
674 5567 731 5618 in
758 5583 882 5636 agro
914 5565 1128 5637 (Matth.
1165 5568 1305 5638 χιιι),
1330 5584 1491 5638 quem
1527 5568 1921 5626 Paterfamilias
1952 5575 2096 5643 opti-

547 5668 669 5709 mus
699 5657 902 5725 optimo
929 5667 1136 5713 several
1169 5659 1391 5713 semine.
1431 5658 1687 5714 llomines
1714 5660 1963 5729 praelatos
2004 5679 2096 5718 ec-

549 5740 830 5800 clesiarum
857 5749 1057 5819 accipe,
1080 5765 1309 5819 quorum
1334 5757 1516 5818 torpor
1536 5758 1591 5803 et
1613 5751 1969 5805 somnolentia
2001 5753 2101 5807 ini-

548 5830 690 5884 mico
734 5836 957 5905 homini,
1000 5838 1051 5892 id
1097 5849 1179 5893 est
1221 5840 1453 5907 diabolo,
1501 5841 1748 5898 fiduciam
1780 5852 2018 5912 priestat,
2045 5854 2098 5901 et

2201 4659 2357 4719 video
2389 4660 2532 4729 quod
2568 4660 2648 4715 sic
2686 4671 2881 4716 cuneta
2906 4678 3068 4733 opere
3087 4665 3512 4733 compleverunt.
3543 4665 3655 4721 Non
3680 4667 3765 4721 ιιι-

2203 4751 2359 4806 venio
2395 4752 2503 4806 illic
2524 4753 2714 4806 Saltem
2744 4752 3070 4825 Decalogum
3112 4766 3500 4827 praeceptorum
3525 4768 3759 4829 tuorum,

2204 4843 2361 4910 cujus
2380 4852 2628 4911 respectu
2647 4859 2867 4912 parcere
2895 4846 3142 4913 debeam,
3167 4847 3258 4917 qui
3283 4864 3504 4917 parcere
3528 4851 3758 4906 mallem.

2201 4933 2317 4987 Tuo
2346 4924 2510 5003 igitur
2540 4934 2711 4990 fretus
2759 4937 2982 5002 auxilio,
3022 4947 3077 4992 et
3108 4940 3350 5009 Apostoli
3388 4943 3465 4995 tui
3516 4944 3760 5009 consilio,

2201 5021 2442 5076 auferam
2483 5025 2685 5079 malum
2727 5025 2793 5079 de
2837 5026 3088 5081 domibus
3127 5028 3255 5094 tuis,
3299 5046 3437 5098 quas
3466 5030 3621 5085 decet
3639 5044 3764 5087 san-

2198 5111 2477 5182 ctitudo(1
2504 5113 2625 5168 Cor.
2654 5131 2705 5181 v,
2743 5114 2891 5168 Psal.
2921 5118 3093 5186 xcm).
3117 5116 3184 5170 Et
3212 5119 3257 5172 si
3279 5120 3408 5187 quid
3437 5134 3506 5176 ex
3535 5120 3635 5176 hoc
3663 5131 3696 5177 t'
3715 5124 3761 5177 is

2198 5202 2339 5256 stius
2373 5205 2685 5271 occurrerit,
2717 5207 2896 5261 verbis
2922 5206 3171 5262 doctoris
3191 5207 3269 5261 tui
3300 5208 3643 5281 consolabor,
3666 5217 3760 5285 qui

2198 5292 2274 5347 ait
2306 5308 2319 5343 :
2347 5291 2588 5361 Inﬁdelis
2612 5297 2659 5350 si
2699 5296 2943 5362 discedit,
2966 5296 3202 5351 discedat
3226 5296 3280 5369 (I
3306 5297 3430 5355 Cor.
3461 5301 3581 5374 vn).

2269 5406 2436 5476 Igitur
2466 5409 2778 5477 pestilentes
2801 5421 3048 5477 quosque
3072 5417 3127 5464 et
3164 5421 3450 5482 corruptos
3477 5424 3536 5471 et
3555 5416 3758 5471 abomi-

2199 5496 2404 5551 nabiles
2440 5496 2614 5553 factos
2645 5495 2701 5551 in
2735 5496 2930 5551 studiis
2958 5496 3072 5553 suis
3101 5498 3273 5570 (Psal.
3299 5504 3443 5574 xm),
3471 5505 3542 5561 de
3560 5508 3758 5562 cannis

2198 5583 2334 5639 locis
2380 5586 2619 5655 undique
2660 5586 2975 5655 proturbat;
3024 5591 3310 5657 providens
3377 5595 3497 5650 vice
3546 5596 3754 5651 illorum

2199 5672 2479 5743 religiosos
2508 5681 2618 5727 tam
2640 5675 2909 5743 praelatos,
2943 5691 3105 5745 quam
3128 5679 3447 5751 discipulos.
3480 5681 3629 5750 Inde,
3645 5684 3753 5751 jam

2200 5760 2451 5815 reflorere
2475 5761 2692 5829 religio;
2730 5762 2853 5815 inde
2881 5778 3045 5819 suave
3073 5767 3321 5824 redoleas
3349 5770 3530 5825 redire
3555 5771 3751 5824 sancti-

2202 5850 2326 5906 tatis
2350 5850 2565 5920 opinio;
2592 5850 2713 5907 inde
2743 5853 3040 5910 reverentia
3063 5856 3306 5915 exhiberi
3335 5859 3510 5925 servis
3533 5857 3747 5913 Christi.
