3944 6396
157 539 253 593 877

1033 554 1317 611 APPEND.
1352 552 1441 609 ill.
1480 583 1549 595 ο-
1584 545 2015 607 MONUMENTA
2058 542 2516 605 GREGORIANA.

3282 534 3383 588 878

158 653 264 709 lloe
299 664 406 710 tam
441 655 589 717 felici
620 677 753 719 ausu
778 665 993 722 solliciti
1030 669 1278 735 cultoris,
1321 670 1574 723 innovata
1596 672 1725 722 sunt
1752 666 1798 722 Λ
1823 661 1932 714 otia
1972 659 2264 713 multorum
2320 657 2583 727 proﬁcere
2629 653 2789 709 saluti
2839 662 2892 706 et
2962 651 3383 707 conversationi.

158 743 365 798 novali-ﬁ
392 754 798 819 ominobiorum,
839 765 893 809 et
940 768 1093 827 seges
1135 759 1418 813 fecundior
1459 755 1722 820 surrexit,

155 833 415 918 quoniam
442 840 843 900 infructuosum
874 844 1069 903 fuisset
1103 863 1284 903 serere
1319 865 1481 918 super
1518 847 1722 916 spinas.

160 915 424 997 Hincjam
468 931 668 987 domus
707 936 881 989 sancti
920 936 1163 991 Floriani
1203 915 1458 1010 martyris
1497 915 1726 991 fructiﬁ-

158 1014 299 1068 cavit
333 1017 660 1075 suavitatem
688 1022 894 1090 odoris,
938 1033 991 1079 et
1038 1025 1200 1080 liores
1232 1027 1351 1096 ejus
1380 1025 1589 1082 fructus
1624 1025 1729 1079 ho-

161 1107 308 1161 noris
351 1116 409 1163 et
456 1109 762 1167 honestatis
801 1113 999 1180 (Ereti.
1050 1117 1234 1187 xxiv).
1284 1116 1373 1171 Sic
1419 1115 1729 1172 coenobium

163 1197 344 1254 Sancti
409 1199 684 1274 Hippolyti
740 1205 1050 1261 scholarum
1107 1209 1302 1264 studiis
1358 1222 1532 1278 usque
1583 1222 1730 1261 nunc

163 1289 408 1361 insigne;
454 1292 536 1349 sic
579 1300 970 1353 monasterium
1001 1298 1186 1355 Sancti
1228 1301 1440 1372 Agapiti
1476 1299 1730 1370 martyris

164 1377 214 1431 in
252 1379 785 1453 Chremismnnster;
832 1389 961 1458 quia
1000 1389 1265 1447 Dominus
1304 1391 1452 1447 dedit
1482 1382 1728 1461 benigni-

165 1477 343 1534 tatem,
365 1473 698 1530 dederuntet
717 1477 832 1547 ipsa
854 1477 1091 1535 fructum
1109 1497 1267 1536 suum
1294 1480 1467 1551 (Psal.
1486 1483 1725 1549 LXXXI").

226 1556 697 1623 Quemadmodum
740 1582 867 1620 vero
892 1568 975 1623 ,de
1018 1569 1289 1624 Abraham
1339 1572 1602 1641 scriptum
1650 1580 1735 1627 est

162 1647 303 1716 quod
333 1661 450 1703 erat
477 1653 687 1720 vadens,
724 1665 774 1709 et
805 1657 946 1710 ultra
986 1659 1319 1728 progrediens
1357 1660 1427 1713 ad
1462 1660 1733 1713 meridiem

164 1739 310 1808 (Gen.
346 1745 449 1812 xu)
485 1765 499 1799 :
526 1747 606 1800 sic.
640 1757 693 1801 et
725 1748 780 1804 in
807 1758 996 1806 sancto
1028 1752 1129 1806 hoc
1160 1753 1278 1807 viro
1302 1752 1484 1807 videre
1516 1751 1638 1817 fuit,
1666 1767 1732 1807 eo

163 1832 306 1899 quod
329 1843 385 1887 et
407 1834 523 1903 ipse
549 1834 693 1891 ﬁlius
712 1848 855 1919 esset
877 1839 1125 1919 Abi-abre.
1150 1841 1267 1896 Non
1300 1843 1510 1898 suffecit
1532 1858 1732 1898 novum

1824 749 1997 805 Struit
2018 765 2149 820 ergo
2171 749 2398 804 insidias
2421 758 2474 801 et
2504 746 2727 817 opponit
2755 742 3162 813 impedimenta,
3187 741 3389 812 quibus

1822 843 2092 899 irretitum
2130 843 2200 898 ab
2241 842 2362 897 istis
2389 847 2635 910 oporteat
2674 837 2935 894 desistere
2953 850 3075 905 quaa
3111 843 3386 891 tantorum

1823 933 2088 1004 profectui
2132 933 2275 989 dolet
2321 932 2596 1003 prodesse.
2641 927 2928 983 Consuetis
2982 926 3165 997 itaque
3217 925 3391 981 utitur

1826 1023 2235 1090 instrumentis,
2261 1032 2315 1078 et
2357 1039 2449 1093 per
2478 1021 2718 1076 membra
2768 1035 2866 1075 sua
2896 1017 3233 1074 eﬁiciendum
3277 1033 3392 1073 non

1824 1115 2034 1171 dubitat
2072 1116 2218 1187 quod
2242 1130 2337 1185 per
2366 1130 2423 1170 se
2448 1113 2656 1169 edicere
2684 1112 2866 1167 minus
2886 1118 3086 1181 sperat.
3113 1108 3232 1176 Quo
3261 1124 3393 1164 vero

1823 1206 2033 1275 ordine,
2056 1206 2432 1278 explicandum
2454 1212 2716 1275 superest.

1896 1297 2021 1352 Fuit
2041 1313 2105 1352 eo
2134 1311 2374 1368 tempore
2400 1313 2495 1367 per
2523 1296 2838 1350 universum
2872 1292 2985 1347 fere
3003 1308 3231 1363 regnum
3250 1292 3367 1349 Teu
3385 1319 3398 1336 ι

1829 1388 2067 1444 tonicum
2111 1405 2272 1459 grave
2302 1388 2614 1443 scandalum
2655 1395 2710 1441 et
2736 1384 3043 1441 communis
3082 1384 3302 1453 querela
3325 1384 3395 1443 de

1828 1480 2219 1536 incontinentia
2247 1480 2607 1535 sacerdotum.
2639 1478 2822 1548 Neque
2844 1477 2988 1532 enim
3018 1476 3229 1532 occulta
3255 1476 3393 1530 late-

1831 1572 1951 1638 bat;
1980 1570 2072 1626 sed
2099 1573 2245 1641 frons
2279 1571 2571 1625 meretricis
2601 1570 2746 1638 facta
2767 1578 2883 1623 erat
2905 1571 3002 1634 eis,
3026 1577 3075 1622 et
3098 1568 3396 1623 erubescere

1831 1663 2085 1717 nolebant
2134 1662 2280 1733 (ler.
2327 1663 2449 1733 iu).
2486 1660 2669 1716 Delata
2698 1669 2781 1716 est
2823 1675 2911 1715 res
2950 1660 3018 1714 ad
3061 1675 3225 1715 aures
3281 1659 3395 1715 Ro-

1832 1754 1979 1808 mani
2000 1755 2300 1823 pontiﬁcis;
2330 1755 2636 1824 visumque,
2665 1762 2724 1807 ut
2763 1752 3123 1807 decretalibus
3149 1752 3397 1822 epistolis

1782 1892 1785 1895 η
1833 1851 2037 1899 tantam
2059 1846 2434 1900 enormitatem
2458 1853 2708 1916 argueret
2726 1853 2780 1899 ct
2797 1844 3121 1914 prohiberet.
3138 1844 3400 1899 Annuunt

164 1924 476 1981 emnobium
514 1927 839 1999 instituisse,
890 1932 1137 1988 instituta
1183 1936 1508 2001 correxisse,
1556 1934 1735 1991 adhuc
1768 2003 1797 2006 _
1833 1944 1887 1989 et
1910 1935 2353 2006 congratulantur
2374 1935 2612 2005 episcopi
2637 1942 2711 2000 et,
2735 1950 2833 2004 pro
2855 1948 3035 2004 posse,
3070 1934 3401 1990 salutaribus

163 2016 510 2085 progreditur
547 2020 615 2074 ad
665 2037 804 2092 opus
846 2026 1149 2088 excelsum,
1197 2026 1250 2079 in
1296 2035 1480 2081 monte
1519 2027 1735 2081 excelso
1767 2003 1810 2057 Β
1837 2026 2107 2081 mandatis
2149 2036 2524 2097 cooperantur.
2571 2024 2933 2091 Quamobrem
2962 2024 3021 2078 Β.
3053 2026 3399 2092 Altmannus,

164 2117 513 2174 construere,
557 2113 807 2168 videlicet
837 2114 1118 2169 basilicam
1151 2119 1493 2187 magniﬁcam
1537 2133 1738 2178 sanctze

164 2190 255 2247 Dei
284 2194 549 2253 Genitrici
596 2215 660 2255 ac
701 2216 914 2271 semper
940 2202 1146 2274 Virgini
1188 2205 1390 2262 Mariae.
1433 2208 1567 2264 Nam
1612 2227 1737 2267 cum

162 2284 394 2352 quadam
426 2289 514 2344 die
542 2291 597 2345 in
623 2292 751 2348 villa
773 2309 895 2363 qua:
925 2295 1172 2351 Moutarn
1204 2298 1426 2367 dicitur,
1457 2303 1736 2371 resideret,

161 2378 392 2434 attendit
422 2380 636 2439 eminus
675 2394 912 2441 montem
942 2388 1138 2443 vicinis
1166 2393 1442 2447 montibus
1468 2409 1576 2448 non
1603 2410 1737 2449 con-

161 2467 397 2538 tiguum,
424 2489 584 2543 quem
612 2476 809 2547 vulgus
836 2476 1079 2534 Kotwieli
1120 2484 1442 2551 appellabat.
1474 2483 1637 2540 Visus
1657 2497 1739 2542 est

161 2574 319 2617 mons
346 2564 441 2617 illc
471 2582 722 2623 amamus
747 2578 800 2623 et
833 2570 900 2623 ad
945 2571 1295 2628 habitandum
1320 2577 1455 2631 satis
1484 2578 1733 2633 idoneus.

161 2645 329 2717 Cujus
369 2654 687 2723 qualitatem
727 2671 852 2710 eum
885 2658 955 2711 ab
988 2659 1185 2715 incolis
1211 2662 1510 2731 didicisset,
1533 2667 1738 2721 mulam

162 2753 317 2795 suam
340 2754 567 2813 repente
590 2747 758 2801 sterni
776 2747 948 2817 jubet,
972 2759 1027 2804 et
1048 2752 1218 2806 multa
1240 2755 1396 2810 turba
1427 2756 1736 2825 comitatus,

162 2829 357 2883 stricto
388 2833 629 2901 quodam
660 2843 713 2888 et
736 2845 1008 2907 praerupto
1030 2840 1166 2894 calle
1206 2853 1446 2900 montem
1472 2847 1739 2915 ascendit,

162 2932 265 2972 suo
306 2919 589 2978 instruens
624 2937 875 2993 ascensu,
916 2928 1061 2997 quod
1093 2938 1302 2986 tantum
1338 2949 1434 3003 per
1462 2936 1660 2993 arduas
1688 2948 1771 2995 ct.

162 3020 430 3080 angustas
463 3014 686 3069 semitas
716 3018 1095 3074 mandatorum
1127 3020 1222 3076 Dei
1250 3023 1317 3077 de
1348 3025 1507 3079 terris
1543 3025 1652 3079 itur
1674 3028 1741 3081 ad

163 3110 332 3156 astra.
383 3101 644 3159 Lustrale
689 3106 871 3176 itaque
910 3118 1095 3164 monte
1133 3114 1287 3177 "toto,
1334 3112 1463 3166 dum
1499 3126 1743 3172 cerneret

164 3192 474 3259 spatiosum
505 3204 558 3249 et
591 3196 656 3248 ad
693 3199 1117 3254 construendum
1152 3204 1538 3259 monasterium
1572 3208 1742 3277 aptis-

165 3282 395 3349 simum,
428 3282 538 3339 ﬁxo
576 3287 759 3342 statim
801 3291 1055 3357 tentorio,
1100 3292 1292 3347 silvam
1321 3312 1444 3365 qua:
1473 3298 1742 3354 condensa

167 3374 281 3430 illic
315 3386 665 3433 succreverat
690 3380 924 3446 succidi,
955 3390 1009 3435 et
1041 3383 1339 3438 oratorium
1376 3388 1631 3457 praecepit
1662 3389 1746 3443 in-

167 3466 381 3522 choari.
423 3468 671 3539 Cumque
704 3471 882 3527 adhuc
910 3472 1199 3544 ambiguus
1228 3476 1484 3545 penderet
1504 3479 1592 3533 cui
1628 3496 1748 3535 san-

166 3566 388 3613 ctorum
430 3561 776 3630 potissimum
819 3564 1203 3632 attitularetur,
1228 3580 1328 3637 pro
1349 3568 1579 3626 diversis
1605 3572 1747 3628 votis

167 3658 222 3704 et
255 3649 457 3706 affectu
507 3652 738 3709 diversis
788 3654 1003 3711 diversa
1048 3658 1478 3728 consulentibus,
1523 3664 1749 3735 contigit

167 3743 528 3812 supervenire
568 3745 818 3805 nuntium
857 3762 887 3800 a
922 3748 1153 3804 ducibus
1183 3749 1526 3807 Boemiorum
1566 3764 1747 3811 trans-

168 3833 429 3888 missum.
469 3833 696 3889 Ferebat
732 3836 831 3890 iste
862 3838 1102 3892 tabulam
1146 3842 1438 3909 quamdam
1470 3846 1746 3917 episcopo,

170 3938 297 3993 qua:
320 3938 424 3994 pro
455 3940 680 4009 munere
700 3926 862 3998 digne
884 3928 1171 3985 olIerretur
1194 3940 1345 3987 tanto
1376 3935 1525 4003 viro;
1558 3938 1612 3992 in
1641 3956 1748 4010 qua

171 4015 508 4071 cernebatur
528 4016 706 4088 imago
721 4018 890 4099 beatae
904 4018 1144 4093 Virginis
1158 4022 1362 4092 Mariae,
1376 4025 1564 4083 Graeco
1588 4046 1752 4101 opere

169 4105 503 4161 mirabiliter
515 4124 788 4178 expressa,
808 4112 1003 4166 merito
1030 4114 1085 4168 iu
1105 4115 1291 4171 eadem
1316 4119 1543 4174 ecclesia
1573 4122 1753 4179 adhuc

170 4204 582 4251 conservata'ct
608 4208 865 4267 perpetuo
882 4204 1271 4258 conservanda.
1292 4203 1442 4260 lianc
1463 4206 1574 4260 Deo
1602 4224 1751 4262 ama-

172 4287 303 4343 bilis
344 4287 590 4358 pontifex
617 4289 704 4358 pia
731 4292 1081 4347 veneratione
1105 4292 1428 4350 deosculans
1449 4337 1464 4361 ,
1494 4298 1648 4366 quasi
1672 4299 1752 4352 di-

169 4380 306 4434 vino
336 4380 706 4436 commonitus
728 4383 968 4448 oraculo,
988 4383 1165 4439 locum
1185 4386 1435 4455 protinus
1455 4388 1753 4459 assignavit

171 4470 357 4526 eidem
389 4472 801 4542 gloriosissima:
838 4472 935 4529 Dei
965 4476 1212 4546 genitrici
1261 4476 1462 4534 Maria}.
1506 4478 1753 4551 Cumque

173 4578 320 4633 opus
352 4563 595 4619 basilica:
638 4581 898 4636 prospere
926 4579 1362 4624 consummasset
1407 4580 1568 4641 atque
1614 4573 1754 4628 cele-

1838 2117 2064 2172 collecto
2083 2117 2311 2174 fratrum
2341 2118 2575 2173 concilio
2609 2117 2663 2170 in
2686 2115 2990 2171 Pataviensi
3016 2116 3161 2179 sede,
3192 2117 3401 2171 litteras

1838 2221 2002 2276 super
2025 2216 2126 2262 hac
2145 2224 2203 2263 re
2232 2209 2299 2263 ad
2325 2224 2385 2263 se
2412 2209 2647 2263 directas
2676 2207 2887 2261 recitari
2913 2206 3082 2276 jubet,
3106 2207 3401 2263 obsecrans

1837 2297 2205 2354 ctexbortans
2230 2314 2296 2353 ne
2335 2298 2514 2370 gravis
2537 2298 2811 2368 judicetur
2834 2297 3089 2367 pudicitia
3127 2314 3249 2368 quae
3274 2315 3399 2368 spe-

1839 2386 1960 2442 ciali
1997 2389 2139 2459 apud
2182 2389 2351 2445 Deum
2380 2392 2760 2445 remuneratur
2809 2374 3041 2443 corona:
3077 2388 3227 2455 Quze,
3275 2405 3403 2446 cum

1839 2478 2017 2533 omnis
2046 2479 2216 2534 ﬁdelis
2240 2480 2436 2534 aninue
2462 2480 2689 2549 insignis
2715 2480 2788 2533 sit
2806 2488 3051 2543 ornatus,
3094 2495 3188 2536 eos
3219 2490 3401 2535 tamen

1840 2570 2170 2637 permaxime
2191 2570 2348 2625 debet
2368 2570 2632 2625 adornare
2659 2569 2754 2639 qui
2776 2579 3021 2625 sanctam
3051 2580 3104 2623 et
3134 2571 3402 2626 immacu-

1839 2660 2002 2714 latam
2027 2661 2261 2715 hostiam
2288 2661 2530 2731 corporis
2549 2669 2603 2715 et
2627 2660 2909 2732 sanguinis
2928 2660 3129 2716 Christi
3157 2678 3254 2731 pro
3276 2663 3404 2717 uni-

1838 2751 2011 2806 versis
2046 2751 2204 2807 nobis
2236 2752 2432 2807 divina:
2460 2751 2654 2806 oll‘erre
2690 2751 2887 2807 debent
2930 2753 3218 2822 niajestati.
3263 2753 3405 2820 Quid

1840 2840 2030 2910 plura?
2045 2841 2298 2898 Pluribus
2311 2842 2490 2897 verbis
2512 2842 2690 2898 bonus
2710 2840 2869 2897 Pater
2891 2852 2945 2897 ct
2963 2844 3196 2913 prudens
3217 2845 3407 2900 doctor

1843 2940 2006 2988 tanta:
2039 2934 2255 2989 virtutis
2279 2942 2335 2989 et
2374 2922 2487 2989 tam
2514 2933 2900 3005 amplectenda:
2946 2935 3198 3005 puritatis
3218 2936 3409 2992 suadet

1842 3037 2114 3088 amorem;
2147 3024 2241 3078 sed
2269 3039 2377 3078 non
2426 3024 2730 3095 persuadet.
2775 3023 3020 3080 Tuentur
3055 3041 3114 3081 se
3148 3026 3223 3080 illi
3266 3028 3407 3081 anti-

1842 3113 2049 3181 quitate
2076 3122 2380 3185 temporum
2403 3124 2458 3171 et
2495 3116 2818 3171 auctoritate
2847 3124 3248 3170 antecessorum
3271 3132 3404 3172 suo-

1843 3220 1967 3259 rum
1985 3246 2000 3271 ,
2031 3220 2267 3275 quorum
2289 3206 2558 3260 neminem
2585 3207 2639 3259 in
2665 3205 2975 3273 hujusmodi
2998 3220 3246 3260 severum
3277 3209 3408 3263 tule—

1771 3326 1812 3381 Ο
1844 3304 1972 3348 runt
2014 3306 2066 3349 et
2112 3296 2425 3353 violentum.
2493 3294 2801 3365 Respondet
2853 3311 3043 3353 servus
3094 3295 3298 3354 Christi
3349 3317 3409 3356 sc

1845 3400 2061 3455 quoque
2085 3385 2155 3439 ab
2188 3385 2274 3441 his
2298 3386 2432 3441 velle
2456 3386 2757 3457 quiescere,
2784 3384 2829 3441 si
2855 3387 3167 3443 mandatum
3198 3389 3407 3455 domini

1846 3491 1997 3546 papa;
2022 3477 2329 3547 indulgeat;
2367 3492 2511 3532 nunc
2533 3486 2713 3532 autem
2740 3477 2931 3533 timere
2968 3494 3027 3534 se
3055 3465 3177 3546 sibi,
3219 3481 3410 3536 timere

1848 3568 1957 3622 illis
1974 3583 2074 3637 pro
2097 3583 2162 3621 eo
2183 3568 2328 3637 quod
2357 3568 2618 3635 scriptum
2647 3568 2717 3621 sit
2740 3583 2841 3619 non
2872 3567 3041 3619 solun:
3065 3585 3172 3633 eos,
3202 3570 3293 3639 qui
3324 3572 3409 3639 fa-

1847 3658 2011 3722 ciunt,
2042 3657 2132 3711 sed
2161 3666 2209 3710 et
2250 3657 2338 3726 qui
2359 3640 2683 3709 consentiunt
2710 3656 3049 3724 facientibus,
3094 3658 3277 3729 dignos
3301 3675 3412 3715 esse

1850 3757 2016 3802 morte
2058 3748 2230 3818 (Rom.
2277 3747 2336 3817 ι).
2374 3744 2520 3801 Nihil
2548 3760 2678 3816 ergo
2719 3745 3026 3816 proﬁciens,
3078 3750 3238 3805 solvit
3281 3767 3413 3807 con-

1849 3855 2083 3895 sessum.
2780 3828 2786 3836 ’
3042 3908 3047 3911 _
3067 3914 3070 3919 ἢ

1921 3930 2352 4006 Sapientior-ibus
2381 3940 2562 3986 autem
2603 3929 3015 3985 communicaris
3043 3930 3329 3985 consilium
3375 3940 3445 4000 et

1850 4032 2120 4078 secretum
2143 4023 2551 4086 commendans,
2577 4020 2895 4075 adveniente
2934 4018 3072 4073 festo
3094 4019 3267 4075 sancti
3304 4017 3431 4074 Ste-

1852 4116 2016 4185 phani
2043 4112 2475 4185 protomartyris,
2504 4126 2665 4180 quem
2712 4109 2802 4165 illa
2838 4108 3078 4165 Ecclesia
3125 4121 3425 4180 patronum

1850 4212 2157 4267 veneratur,
2184 4218 2308 4257 cum
2331 4200 2551 4271 plurimi
2579 4200 2647 4256 de
2679 4201 3027 4273 magnatibus
3054 4201 3123 4256 ad
3149 4200 3291 4255 diem
3334 4214 3428 4253 so-

1851 4294 2082 4349 lemnem
2116 4292 2521 4359 convenissent,
2567 4291 2692 4363 quia
2732 4279 2911 4360 justus
2963 4300 3019 4343 ut
3073 4290 3153 4344 tea
3197 4290 3417 4359 conﬁdit

1852 4385 2034 4455 (Prov.
2057 4385 2274 4455 xxvui),
2301 4398 2487 4438 coram
2506 4382 2652 4437 omni
2680 4380 2980 4451 frequentia
3004 4380 3131 4435 cieri
3154 4390 3203 4436 cl
3236 4381 3415 4452 populi

1852 4477 2140 4531 ambonem
2170 4473 2504 4536 conscendit,
2551 4480 2607 4525 et.
2648 4470 2794 4540 quod
2835 4470 3146 4541 apostolicae
3179 4472 3418 4529 indicant

1854 4567 2042 4620 litterae
2078 4562 2472 4633 imperterritus
2500 4570 2738 4616 enarrat.
2768 4561 2970 4617 Deinde
2996 4546 3142 4618 addit
3172 4550 3415 4618 internu-

173 4656 355 4711 briter
373 4656 697 4722 dedicasset,
729 4657 962 4725 providit
987 4658 1131 4727 larga
1154 4659 1525 4715 benevolentia
1540 4677 1756 4730 posses-
1788 4646 1832 4700 Ῑ)
1857 4656 2128 4710 nationem
2150 4653 2512 4721 auctoritatis,
2535 4662 2615 4719 ut,
2638 4652 2733 4723 qui
2753 4653 3218 4708 obsecrationibus
3239 4654 3412 4706 nolue-

175 4749 374 4801 siones
403 4746 534 4799 inibi
564 4746 905 4801 habitaturis.
934 4746 1176 4802 Providit
1199 4764 1417 4818 quoque
1437 4761 1755 4807 ornamenta

175 4836 392 4891 divinis
434 4850 675 4908 congrua
723 4837 1063 4895 ministeriis.
1096 4837 1304 4906 Quibus
1356 4840 1458 4896 rite
1494 4843 1753 4912 peractis,

177 4927 433 4983 collectis
479 4927 534 4981 in
581 4945 751 4984 unum
778 4930 910 4997 viris
951 4930 1243 5002 religiosis,
1271 4939 1323 4986 et
1363 4933 1652 5002 praeposito
1677 4932 1757 4988 eis

178 5020 307 5074 viro
326 5017 590 5088 prudente
603 5018 833 5087 Outone,
858 5022 961 5089 sub
982 5021 1165 5093 regula
1193 5021 1253 5075 Β.
1280 5021 1565 5093 Augustini
1590 5024 1756 5077 vitam

179 5126 281 5165 eos
312 5110 513 5163 ducere
536 5108 700 5177 jussit
725 5108 1042 5178 spiritalem.

258 5201 426 5256 Subit
478 5216 621 5255 nune
650 5200 891 5254 animum
933 5202 1078 5270 quod
1129 5212 1382 5258 cantatur
1422 5204 1478 5257 in
1500 5205 1753 5274 psalmo;

187 5291 453 5346 Peccator
485 5291 674 5345 ridebit
706 5299 755 5344 et
793 5292 1068 5357 irascetur,
1105 5292 1345 5344 dentibus
1369 5295 1478 5345 suis
1504 5296 1685 5361 fremet
1710 5304 1758 5348 et

186 5386 421 5437 tabescet
464 5380 635 5467 (Psat.
682 5384 813 5452 CXI).
854 5380 994 5449 Quid
1028 5381 1235 5436 viderat
1263 5391 1511 5451 peccator
1548 5382 1657 5448 hic,
1702 5393 1759 5437 ut

184 5477 552 5536 irasceretur,
603 5472 852 5529 fremeret
893 5484 949 5529 et
990 5473 1317 5528 tabcsceret?
1356 5471 1507 5527 Haud
1530 5473 1753 5527 dubium

184 5567 341 5637 quod
370 5561 731 5633 dispergentis
757 5578 844 5618 res
863 5580 991 5619 suas
1018 5565 1071 5618 in
1093 5578 1383 5634 pauperes,
1403 5562 1614 5632 justitia
1639 5563 1757 5632 ejus

186 5664 382 5712 manet
405 5656 462 5709 in
492 5654 989 5719 saeculumsteculi;
1019 5665 1072 5708 et
1108 5654 1252 5724 quod
1280 5668 1449 5708 cornu
1471 5652 1591 5722 ejus
1612 5652 1760 5706 exal-

186 5747 401 5802 labitur
430 5746 488 5798 in
535 5744 707 5815 gloria
728 5726 938 5814 (tum).
992 5744 1083 5799 Sic
1123 5745 1381 5798 nimirum
1414 5744 1468 5797 in
1514 5743 1619 5796 hoc
1664 5741 1759 5796 Dei

189 5836 405 5894 famulo
429 5834 702 5903 malignus
725 5835 896 5891 hostis
923 5835 1054 5889 vidit
1073 5834 1216 5903 quod
1247 5833 1454 5887 invidit.
1479 5831 1623 5886 Vidit
1645 5829 1763 5898 ejus

186 5930 338 6005 apud
392 5927 566 5981 Deum
596 5925 856 5979 cumulari
904 5927 1120 5990 merita,
1175 5924 1301 5979 vidit
1344 5923 1461 5993 ejus
1505 5932 1766 5989 occupata

1858 4734 1985 4801 runt
2019 4746 2181 4813 flecti,
2224 4745 2545 4818 frangantur
2573 4743 2928 4801 districtione.
2962 4734 3106 4797 Illico
3142 4743 3344 4796 clamor
3364 4750 3419 4796 et

1857 4839 2011 4893 furor
2042 4840 2111 4895 ab
2135 4838 2283 4894 omni
2307 4846 2460 4908 parte
2485 4836 2790 4917 perstrepit.
2830 4834 2895 4887 Et
2920 4833 3056 4918 forte
3082 4832 3134 4885 in
3177 4847 3418 4901 prasen-

1858 4932 2055 4986 liarum
2086 4928 2349 4983 famulum
2376 4926 2470 4981 Dei
2508 4920 2815 4979 furibundis
2837 4920 3088 4976 manibus
3108 4920 3420 4993 discerpsis-

1858 5028 1999 5083 sent,
2030 5018 2076 5072 si
2100 5032 2204 5071 non
2226 5016 2409 5070 divina
2434 5013 2627 5075 virtus,
2654 5019 2707 5063 et
2731 5010 3050 5077 optimatum
3076 5012 3422 5079 prmsentium

1861 5107 2101 5177 probitas
2131 5105 2433 5160 furentibus
2457 5099 2770 5154 obstitisset.

1933 5197 2210 5265 Regnabat
2248 5194 2331 5247 his
2370 5191 2562 5246 diebus
2588 5189 2874 5246 ileiuricus
2899 5190 2965 5243 IV
3009 5189 3152 5244 filius
3187 5188 3419 5259 impera»

1864 5287 1995 5342 toris
2017 5283 2276 5346 Heinrici,
2304 5282 2397 5351 qui
2418 5282 2831 5351 cognominatus
2854 5288 2933 5332 est
2953 5277 3104 5345 Pius,
3131 5280 3421 5334 admodum
3499 5299 3514 5318 ο

1862 5389 2012 5445 puer,
2060 5383 2111 5429 et
2158 5373 2363 5442 absque
2408 5371 2575 5425 frenis
2612 5367 2911 5435 disciplina:
2957 5367 3014 5420 in
3058 5368 3421 5436 voluptatibus

1862 5465 2157 5521 enutritus.
2201 5460 2540 5529 Completum
2576 5467 2658 5511 est
2704 5456 2757 5509 in
2807 5471 2874 5511 eo
2900 5456 3103 5511 dictum
3138 5456 3419 5523 sapientis,

1862 5569 1972 5626 quo
1998 5553 2323 5609 vaticinatur
2345 5548 2530 5604 dicens
2558 5564 2569 5599 :
2612 5544 2697 5598 Vw
2723 5555 2876 5599 terra:
2901 5544 3019 5616 [tibi
3045 5542 3236 5613 terra],
3271 5543 3420 5610 cujus

1860 5661 1952 5699 rex
1973 5660 2100 5714 puer
2118 5650 2195 5695 est
2222 5637 2412 5708 (Eccli.
2460 5635 2554 5704 iv).
2585 5633 2728 5701 Quid
2749 5635 2867 5705 ejus
2893 5643 3133 5701 tempore
3160 5646 3327 5700 passa
3352 5632 3424 5684 sit

1862 5734 2121 5798 Ecclesia,
2165 5730 2293 5799 quid
2337 5742 2583 5797 regnum,
2627 5725 2812 5796 quanti
2843 5731 3087 5793 pastores
3131 5723 3199 5775 ab
3231 5722 3425 5777 ovibus

1865 5830 1978 5882 suis
1999 5827 2107 5881 sint
2141 5824 2337 5886 abacti,
2366 5823 2638 5875 humanus
2665 5816 2886 5885 sanguis
2929 5822 3167 5883 quantus
3193 5814 3262 5869 sit
3288 5814 3424 5868 etl‘ii-

1867 5934 1981 5982 sus,
2011 5931 2131 5985 (tua!
2160 5923 2384 5984 patrata:
2409 5909 2653 5980 luxuriae,
2679 5905 2943 5963 incendia,
2973 5904 3205 5968 iauiuzc,
3243 5908 3423 5960 orbein
