3944 6426
443 566 550 615 εν)

1443 558 1529 613 AD
1565 559 1792 615 OPERA
1828 561 1885 615 5.
1926 554 2254 616 unucouu
2289 558 2737 617 ΛΡΡΕΝΒΙΕΕΒ.

3595 567 3719 624 880

444 693 553 732 non
591 676 749 741 latet,
800 684 855 730 et
889 675 1186 744 scriptores
1219 682 1526 743 temporum
1566 688 1676 728 non
1713 682 2021 729 tacuerunt.
2054 677 2094 732 Α
2195 670 2407 728 Interea
2430 673 2673 730 fautores
2698 673 2935 731 ileinrici
2966 675 3030 730 ιν
3056 676 3347 751 Moguntia:
3376 683 3715 741 contrahunt

392 843 398 847 .
515 767 596 821 Ad
625 768 772 823 hunc
795 765 1076 836 religionis
1112 765 1328 820 hostem
1373 763 1822 835 castimonizeque
1851 777 2027 835 oppu-

442 870 749 931 gnatorem,
774 858 846 913 ob
866 872 1022 913 suam
1050 855 1392 929 tyrannidem
1414 870 1446 910 a
1482 869 1621 925 papa
1662 853 1939 910 Gnscomo
1958 852 2028 908 IV

442 950 980 1007 cxcommunicatum
1010 946 1336 1023 confugiunt
1363 945 1565 1017 quibus
1608 945 1894 1001 exhorruit
1935 961 2030 1002 ca~

443 1041 622 1097 stitas.
647 1041 804 1112 Apud
827 1039 989 1094 talem
1014 1036 1253 1107 judicem
1287 1035 1421 1091 tales
1443 1044 1790 1090 accusatores
1809 1043 1866 1089 et
1894 1035 2029 1090 tales

441 1141 614 1189 testes
637 1142 920 1189 merentur
948 1128 1301 1193 audientiam,
1329 1135 1383 1183 et
1407 1128 1525 1183 viro
1553 1127 1650 1183 Dei
1678 1127 1907 1182 erimina
1928 1126 2033 1201 de-j

444 1221 701 1287 testanti,
743 1220 966 1292 alligunt
1005 1217 1167 1290 [forte
1193 1215 1476 1289 aﬂiugunt]
1526 1216 1781 1283 crimina,
1826 1215 2029 1287 quibus

443 1327 568 1369 eum
596 1312 895 1385 pontificali
917 1312 1126 1366 honore
1152 1309 1382 1365 credunt
1402 1307 1687 1385 devestlre.

514 1403 734 1459 Poterat
778 1403 862 1457 vir
902 1402 1024 1467 iste,
1060 1400 1106 1455 si
1155 1414 1340 1455 coram
1374 1384 1671 1465 astitissct,
1715 1397 2029 1455 abbreviato

442 1496 611 1550 verbo
640 1492 988 1564 respondisse
1028 1506 1129 1561 pro
1151 1506 1229 1556 se,
1258 1505 1370 1561 quo
1389 1489 1556 1544 etiam
1597 1487 1858 1560 magister
1892 1504 2028 1544 suus

446 1586 703 1643 Christus
742 1582 1023 1653 respondit
1049 1596 1149 1651 pro
1183 1596 1283 1637 se:
1323 1579 1516 1650 Opera,
1563 1594 1681 1650 qua:
1726 1595 1818 1650 ego
1862 1579 2064 1648 facio,‘

444 1678 799 1735 testimonium
821 1674 1089 1745 perhibent
1115 1673 1179 1727 de
1201 1689 1281 1727 me
1301 1671 1482 1744 (loan.
1508 1672 1585 1740 ς).
1619 1668 1746 1735 Sed,
1771 1670 1829 1722 in
1847 1669 2026 1723 humi-

441 1773 597 1826 litate
616 1767 886 1839 judicium
927 1766 1043 1837 ejus
1079 1764 1350 1819 sublatum
1389 1771 1468 1816 est
1511 1762 1649 1832 (Act.
1691 1761 1840 1831 vni);
1879 1758 2025 1814 θωτ-

448 1862 725 1919 mantibus
772 1858 1131 1922 adversariis,
1192 1863 1255 1909 ut
1293 1853 1569 1924 quondam
1625 1853 1693 1907 de
1746 1850 2027 1906 Salvatore

433 1948 649 2007 Judmis
678 1966 690 2001 :
721 1944 781 2002 Si
806 1961 909 2009 non
945 1954 1078 1998 esset
1102 1944 1187 1997 hic
1221 1943 1556 2012 malefactor,
1580 1957 1683 1996 non
1725 1940 1821 1994 tibi
1852 1940 2023 1994 tradi-

2129 762 2422 818 coneilinm
2450 762 2619 835 (466).
2649 762 2771 831 Quo
2799 765 3144 835 pnesidente,
3191 768 3293 839 ipsi
3324 769 3582 829 viderint.
3632 773 3711 829 lbi

2130 851 2462 908 schismatici
2480 862 2534 909 et
2554 854 2624 909 ab
2643 853 2889 911 Ecclesia
2910 857 3147 927 praecisi,
3168 873 3363 931 papam
3383 861 3714 934 Gregorium

2127 941 2308 997 virum
2346 943 2676 1000 catholicum
2720 953 2775 1000 et
2804 944 3020 1002 Patrem
3052 947 3441 1019 universalem,
3489 951 3714 1009 Patrem

2129 1039 2330 1105 negant
2348 1033 2576 1105 ejusque
2602 1050 2865 1106 sequaces
2887 1037 2989 1107 ipsi
3018 1037 3261 1094 damnati
3288 1040 3571 1099 damnant.
3599 1041 3709 1100 Dec

2127 1121 2326 1178 liberat
2355 1122 2411 1179 in
2441 1124 2529 1180 his
2556 1140 2745 1195 paswr
2786 1126 3043 1185 Ecclesiae
3066 1130 3190 1186 urbi
3217 1139 3272 1186 et
3295 1132 3466 1189 armis
3490 1134 3706 1202 cedere,

2126 1222 2259 1284 puto
2304 1230 2683 1272 rememorans
2734 1216 3039 1277 Salvatoris
3087 1220 3364 1287 licentiam
3415 1239 3525 1295 qua
3572 1225 3713 1281 dixit

2125 1304 2411 1377 discipulis
2436 1307 2554 1363 suis
2587 1326 2600 1362 :
2633 1307 2692 1363 Si
2716 1311 2978 1379 persecuti
3003 1322 3089 1365 eos
3117 1312 3316 1381 fuerint
3347 1315 3405 1370 in
3432 1330 3543 1371 una
3579 1318 3715 1372 ciri-

2130 1404 2256 1463 tate,
2288 1398 2455 1468 fugite
2476 1399 2532 1452 in
2556 1398 2722 1473 aliam
2749 1400 2968 1472 (Matth.
2998 1401 3074 1473 v).

2197 1486 2318 1554 Quo
2347 1487 2513 1556 facto,
2541 1486 2890 1560 Wiehpertus
2917 1492 3139 1563 quidam
3170 1492 3519 1566 (Guib’ertus,
3543 1513 3712 1570 pseuv

2127 1576 2383 1648 dopapa),
2414 1579 2573 1650 cujus
2595 1580 2714 1636 laus
2738 1595 2850 1636 non
2875 1591 2960 1638 est
2996 1583 3050 1637 in
3074 1585 3394 1653 pontificum
3424 1586 3724 1666 Catalogo,

2128 1673 2443 1743 apostolicae
2485 1673 2600 1729 sedi
2642 1673 2959 1729 intruditur.
2992 1672 3133 1740 Quid
3179 1675 3325 1743 dico,
3372 1678 3715 1737 inti-aditur?

2126 1764 2351 1838 Propria
2380 1765 2681 1821 ambitione
2726 1766 2952 1830 invadit,
2985 1766 3206 1822 anhelat
3230 1778 3282 1839 et
3305 1771 3570 1843 prteripit.
3596 1771 3714 1829 Ahh

2128 1857 2259 1912 hinc
2294 1857 2410 1911 veri
2454 1864 2704 1927 pastores
2748 1856 2953 1926 ubique
3003 1864 3271 1913 terrarum
3323 1862 3548 1919 sedibus
3591 1865 3713 1919 suis

2127 1944 2556 2013 proturbantur;
2612 1943 2985 2015 subrogantur
3034 1938 3169 2000 vero
3233 1948 3573 2007 schismatici
3623 1955 3712 2010 vel

442 2041 701 2097 dissemus
730 2054 849 2093 eum
874 2035 1054 2109 (Joau.
1084 2035 1259 2103 XVIII).
1293 2011 1379 2100 Et,
1410 2034 1456 2088 si
1481 2031 1853 2104 respondisset
1876 2029 2023 2099 quod
2057 2011 2100 2065 Β
2128 2011 2448 2093 Simoniaci.
2473 2033 2680 2092 Horum
2702 2011 2866 2091 etiam
2887 2034 3126 2093 factione
3145 2038 3474 2098 Altmannus
3494 2058 3524 2097 a
3547 2059 3715 2117 grege

439 2132 697 2187 Christus
721 2128 1005 2199 respondit
1048 2126 1164 2180 suis
1193 2124 1626 2194 lapidatoribus:
1666 2120 1841 2203 μιαιια
1889 2119 2023 2173 bona

441 2240 601 2295 opera
630 2228 887 2291 operatus
909 2218 1112 2271 ostendi
1152 2215 1295 2269 vobis
1336 2232 1402 2269 ex.
1436 2213 1604 2268 Patre
1648 2229 1781 2279 meo,
1813 2217 2026 2282 propter

441 2313 581 2385 quod
624 2326 806 2366 eorum
850 2324 978 2377 opus
1014 2322 1093 2359 me
1121 2305 1429 2377 Iapidatis?
1467 2304 1650 2375 (Joan.
1691 2304 1772 2375 ι.)
1820 2301 2022 2359 Verum

439 2403 684 2475 quidem,
710 2410 764 2455 et
803 2407 1049 2470 apertum
1076 2397 1316 2453 dedisset
1358 2408 1715 2466 resyonsum;
1757 2394 1851 2450 sed
1880 2396 2026 2466 apud

445 2496 609 2562 tales,
630 2509 739 2549 non
771 2492 906 2548 satis
925 2491 1140 2546 fuisset.

512 2586 712 2639 Flcxtis
737 2599 866 2653 ergo
898 2580 1209 2646 lleinricus,
1233 2578 1517 2633 Pataviam
1550 2575 1824 2633 hostiliter
1844 2578 2025 2648 ingre-

442 2677 610 2741 ditur,
636 2685 710 2741 et,
737 2673 969 2729 Herodis
992 2672 1133 2739 vice,
1164 2669 1505 2726 confundens
1529 2668 1721 2740 fasque
1742 2668 2021 2740 nefasque,

443 2782 540 2835 pro
563 2766 719 2820 libito
748 2772 946 2819 cuncta
973 2776 1263 2833 peragens,
1292 2759 1622 2815 criminosus
1661 2774 1913 2830 quosque
1955 2759 2026 2813 ab

439 2856 717 2926 episcopio
738 2855 951 2925 pulsos,
978 2852 1145 2906 rebus
1174 2860 1229 2906 et
1247 2851 1603 2921 dignitatibus
1625 2850 1744 2904 suis
1763 2850 2021 2904 restituit.

441 2950 564 3015 Quo
596 2947 903 3010 recedente,
927 2960 1052 3000 eum
1094 2943 1233 2999 facta
1261 2941 1502 2997 crudelia
1528 2939 1726 2995 fratres
1745 2940 1813 2995 de
1838 2938 1896 2995 ὃ.
1926 2937 2023 2993 Ni-

439 3041 617 3107 eolao,
641 3038 813 3114 quiin
835 3037 1100 3093 suburbio
1127 3038 1363 3092 civitatis
1398 3036 1687 3092 constituti
1714 3036 2026 3107 religiosam

442 3133 610 3187 vitam
654 3131 908 3203 agebant,
936 3130 1139 3199 pariter
1164 3130 1599 3194 detestarentur,
1645 3144 1677 3182 a
1717 3116 2026 3184 fautoribus

447 3218 684 3275 l'leinrici
725 3220 793 3274 de
827 3218 1161 3272 monasterio
1194 3216 1463 3271 violenter
1506 3215 1739 3271 estracti
1762 3257 1777 3282 ,
1809 3215 2026 3286 publice

2123 2141 2226 2181 suo
2277 2124 2497 2198 fugatur
2550 2133 2607 2182 et
2649 2125 2998 2183 Hermannus
3048 2129 3272 2200 quidam
3319 2128 3489 2187 frater
3550 2117 3743 2191 ducis.-

2125 2215 2376 2287 Luipoldi
2427 2217 2800 2274 substituitur.
2834 2216 2891 2273 ln
2927 2220 3033 2275 hoc
3077 2221 3391 2278 maledictio
3419 2224 3475 2279 in
3508 2222 3711 2281 ludam

2122 2308 2367 2378 prolata,
2421 2308 2474 2362 id
2528 2315 2652 2373 est,
2707 2310 3067 2380 episcopatum
3117 2311 3234 2381 ejus
3290 2314 3522 2384 accipiat
3572 2316 3716 2372 alter

2124 2395 2301 2468 (Psal.
2329 2398 2507 2469 cvm),
2537 2398 2703 2454 citius
2748 2400 3018 2470 completa
3042 2410 3148 2457 est.
3180 2400 3280 2458 Vix
3307 2404 3454 2459 enim
3485 2405 3715 2462 biennio

2123 2504 2254 2545 oves
2290 2491 2499 2546 alienas
2524 2491 2758 2547 totondit
2779 2484 2833 2547 et
2877 2493 3087 2561 mulsit,
3117 2502 3173 2550 et
3214 2497 3450 2566 pastoris
3484 2514 3712 2568 nomen,

2122 2580 2271 2650 quod
2305 2579 2446 2637 falso
2472 2583 2720 2653 gerebat,
2753 2598 2880 2637 eum
2903 2584 3013 2639 vita
3058 2586 3254 2640 tlnivit.
3292 2586 3505 2644 Dicitur
3523 2597 3714 2646 tamen

2124 2669 2181 2723 in
2211 2671 2473 2726 extremis
2502 2671 2827 2740 paenituisse
2868 2680 2924 2727 et
2962 2674 3297 2747 episcopalia
3328 2692 3565 2751 qumque
3593 2680 3717 2738 Alt-

2125 2776 2328 2816 manno
2346 2763 2605 2833 episcopo
2626 2761 2958 2831 reddidisse,
2984 2773 3038 2819 et
3060 2766 3462 2825 absolutionem
3487 2773 3719 2828 anatbev

2124 2854 2290 2907 matis
2334 2854 2403 2908 ab
2428 2869 2496 2909 eo
2536 2855 2853 2925 suppliciter
2890 2856 3207 2926 requisisse.
3252 2856 3526 2917 Succedit.
3555 2864 3715 2931 huic,

2124 2945 2353 3013 pecunia
2377 2954 2557 2999 tamen
2580 2946 2921 3016 impetrante,
2936 2946 3095 3002 Timo
3116 2950 3718 3026 canonicusWirzpur-

2127 3036 2330 3106 gensis,
2355 3043 2411 3091 et
2450 3036 2826 3108 episcopatum
2858 3054 3031 3110 usque
3061 3040 3128 3096 ad
3159 3043 3380 3099 Auesim
3412 3043 3718 3121 [Anasumj

2129 3127 2277 3198 (467)
2312 3127 2538 3184 ﬂuvium
2593 3129 2776 3193 praulo
2807 3130 3080 3189 violentus
3125 3136 3415 3205 oppressit.
3470 3135 3719 3194 Sanetus

2127 3235 2258 3275 vero
2314 3225 2539 3290 prtesui,
2598 3223 2877 3280 adnitente
2926 3225 3048 3295 prio
3090 3204 3364 3298 principe.
3385 3204 3717 3286 marchione

439 3301 577 3368 caesi
606 3319 662 3367 et
682 3310 749 3365 de
780 3309 980 3365 finibus
1005 3304 1120 3364 illis'
1135 3317 1263 3365 sunt
1281 3307 1471 3380 ejecti;
1495 3308 1801 3364 substantia
1832 3321 2023 3363 eorum
2051 3345 2094 3401 ο
2128 3309 2394 3381 Luipoido
2414 3353 2429 3377 ,
2471 3312 2638 3381 hujus
2684 3312 2933 3382 Luipoldi
2955 3355 2970 3382 ,
3019 3314 3113 3384 qui
3142 3315 3307 3370 hodie
3342 3317 3716 3393 priueipatur,

444 3404 757 3475 raptoribus
786 3402 946 3458 cedit.
1860 3462 1861 3465 η

512 3492 843 3547 Prtet‘aleute
863 3491 1045 3559 itaque
1061 3490 1366 3559 iniquitate,
1385 3488 1447 3543 Β.
1468 3488 1797 3544 Altmaunus
1817 3486 1884 3542 de
1898 3487 2026 3543 sede

443 3602 544 3640 sua
572 3592 795 3655 propter
817 3580 1088 3651 justitiam
1129 3581 1357 3650 eiectus,
1386 3580 1442 3635 in
1467 3578 1762 3635 Saxoniam
1790 3577 2023 3649 patriam

441 3691 598 3731 suam
618 3674 926 3728 revertitur.
951 3670 1081 3726 Post
1104 3672 1241 3738 hmo,
1261 3672 1396 3726 adiit
1422 3672 1610 3726 limina
1631 3671 2023 3740 apostolorum,

413 3756 496 3822 ἰιι
517 3780 742 3821 causam
779 3763 901 3827 vice,
947 3770 1001 3817 ct
1035 3762 1285 3817 ordinem
1320 3761 1536 3832 injuria:
1569 3760 1834 3831 Gregorio
1872 3775 2025 3831 papa:

443 3858 690 3914 seriatim
739 3854 993 3931 exponit.
1026 3853 1094 3907 Et
1134 3853 1264 3923 quia
1294 3852 1472 3908 sancti
1521 3852 1729 3921 quique
1767 3858 2027 3905 verentur

442 3951 627 4008 omnia
671 3964 835 4019 opem
874 3963 1003 4011 sua,
1048 3947 1423 4016 episcopatum
1454 3944 1657 4000 domno
1690 3958 1841 4014 papae
1883 3941 2023 3998 resi-

442 4042 663 4112 gnavit;
701 4041 807 4092 hoc
850 4038 1095 4092 oll‘ensus
1136 4037 1419 4106 scrupulo,
1460 4037 1611 4105 quod
1637 4020 1758 4105 ejtis
1795 4028 2023 4090 investi-

442 4144 620 4187 turam
666 4146 697 4184 a
740 4145 904 4184 manu
951 4128 1092 4184 laica
1140 4128 1452 4197 recepisset.
1498 4126 1746 4195 Cumque
1772 4127 2023 4195 aliquan—

441 4227 612 4295 tisper
661 4228 799 4294 papa
847 4222 1030 4277 lassus
1072 4222 1469 4290 requiesceret,
1522 4220 1610 4275 die
1651 4218 1918 4297 quadam,
1958 4232 2025 4272 oe

443 4321 500 4371 in
548 4314 792 4370 Ecclesia
828 4313 1027 4382 posito,
1075 4319 1130 4365 et
1172 4311 1239 4365 de
1278 4311 1335 4365 S.
1368 4309 1647 4365 Altmanni
1684 4308 2025 4364 restitutione

442 4423 566 4461 cum
615 4407 984 4462 cardinalibus
1033 4403 1385 4469 conferente,
1439 4402 1533 4457 illo
1577 4416 1710 4455 vero
1757 4401 2023 4454 honorem

441 4498 576 4553 tanti
604 4497 789 4552 oneris
832 4497 1109 4550 humiliter
1145 4502 1462 4560 recusante,
1493 4490 1745 4548 columba
1775 4494 2025 4561 quaedam

439 4598 635 4643 cuneta
663 4586 900 4642 basilica:
945 4586 1066 4639 loca
1111 4584 1396 4649 oberrans,
1416 4628 1425 4645 κ
1445 4582 1663 4637 tandem
1689 4579 1759 4636 ad
1787 4594 2023 4650 pauper-

2125 3414 2249 3465 avo,
2296 3399 2456 3469 cujus
2507 3400 2788 3467 nobilitas,
2827 3401 3003 3472 pietas
3059 3409 3116 3456 et
3148 3390 3382 3460 ﬁdelitas
3435 3404 3717 3463 ditissima

2128 3505 2301 3561 usque
2337 3506 2484 3547 nunc
2513 3501 2729 3548 constat
2751 3492 3086 3560 haereditate,
3124 3493 3179 3548 in
3206 3495 3459 3551 orientali
3486 3499 3719 3567 provina-

2125 3580 2210 3636 cia
2259 3581 2465 3636 clerum
2512 3589 2567 3636 et
2599 3581 2861 3650 populum
2897 3591 3119 3637 strenue
3155 3584 3494 3654 gubernavit,
3524 3593 3580 3641 et
3618 3587 3717 3640 in-

2125 3674 2325 3729 choato
2350 3673 2501 3742 operi
2530 3672 2586 3726 in
2611 3680 2799 3729 monte
2841 3671 3206 3730 Kotvvikccnsi
3234 3669 3637 3750 [Gotwicensi],
3682 3695 3722 3736 α

2127 3781 2237 3837 quo
2262 3778 2385 3821 eum
2418 3765 2571 3821 fraus
2603 3764 2810 3821 inimici
2834 3781 2932 3838 per
2956 3767 3270 3837 supradicta
3319 3767 3717 3839 impedimenta

2125 3859 2424 3931 praepedire
2453 3866 2775 3925 tentaverat,
2813 3858 3044 3916 devotus
3078 3859 3399 3931 invigilavit.

2197 3948 2255 4004 lu
2289 3964 2401 4019 quo
2432 3949 2573 4015 loco,
2608 3948 2739 4004 dum
2770 3948 3066 4018 aliquando
3109 3950 3408 4004 missarum
3439 3947 3715 4007 solemnia

2126 4038 2447 4104 celebraret,
2464 4047 2517 4092 et
2534 4037 2757 4106 quidam
2780 4037 3043 4091 diaconus
3056 4035 3386 4093 adventitius
3399 4044 3456 4115 et
3473 4038 3719 4095 sinistra:

2128 4129 2286 4185 fama:
2328 4127 2679 4200 Evangelium
2727 4129 2972 4185 lecturus
3015 4128 3447 4187 benedictionem
3478 4139 3717 4203 peteret.

2126 4221 2414 4290 episcOpus
2434 4220 2641 4280 diutius
2671 4220 2889 4277 intuens
2912 4215 3366 4290 benedicendum,
3408 4222 3605 4278 stolam
3640 4223 3718 4277 de

2126 4313 2269 4367 collo
2290 4312 2409 4381 ejus
2431 4311 2657 4368 abstulit
2681 4318 2735 4366 et
2760 4311 2853 4367 alii
2873 4309 3053 4384 legere
3084 4312 3360 4383 praecepit.
3378 4309 3536 4368 Unde
3557 4318 3717 4385 patet

2127 4400 2272 4470 quod
2301 4400 2507 4470 aliquid
2532 4401 2601 4454 de
2621 4400 2716 4455 illo
2756 4401 3085 4457 revelatione
3113 4400 3381 4461 didicerat
3408 4401 3557 4473 quod
3597 4416 3715 4456 ca:—

2128 4489 2228 4544 teri
2285 4490 2621 4546 nesciebant.
2668 4489 2946 4551 Confusus
2990 4492 3159 4545 miser
3212 4490 3537 4547 confusione
3584 4506 3719 4561 qua:

2127 4581 2347 4637 adducit
2366 4588 2671 4653 peccatum,
2693 4596 2804 4637 non
2830 4578 3172 4646 confusione,
3204 4594 3327 4650 qua:
3347 4579 3578 4651 gloriam
3609 4581 3718 4636 ad—

441 4681 623 4733 culum
670 4690 722 4733 et
768 4678 1028 4732 humilem
1072 4676 1270 4746 spiritu
1317 4673 1468 4729 venit
1515 4672 1870 4727 Altmannum
1888 4712 1903 4737 ,
1967 4680 2022 4726 et
2051 4680 2097 4734 Ι)
2119 4674 2294 4740 ducit,
2316 4674 2385 4729 ad
2411 4672 2727 4730 Heinricum
2747 4688 3046 4745 pravorum
3076 4669 3347 4744 refugium
3372 4671 3548 4729 fidens
3567 4685 3715 4728 oon-

439 4772 599 4844 quasi
627 4771 832 4826 diceret
866 4789 877 4823 :
907 4769 1035 4823 Haec
1070 4768 1270 4839 requies
1299 4782 1416 4819 mea
1443 4764 1498 4817 in
1524 4763 1779 4819 siccatum
1807 4763 2023 4829 circuli,

441 4861 527 4917 hic
565 4859 845 4923 habitabo,
882 4858 1130 4928 quoniam
1167 4856 1299 4919 elegi
1322 4870 1461 4931 eam
1506 4851 1683 4924 (Psal.
1720 4852 1939 4923 CXXXI);
1970 4862 2026 4907 et

424 4952 591 5021 quod
640 4951 893 5019 sequitur
926 4967 937 5001 :
991 4945 1215 4999 Viduam
1253 4932 1398 5012 e'jirs,
1443 4945 1495 4999 id
1524 4953 1609 5001 est
1644 4943 2020 5000 Pataviensem

440 5038 744 5097 Ecclesiam
771 5039 1013 5109 legitimo
1053 5049 1256 5106 sponso
1282 5033 1582 5100 viduatam,
1614 5034 1917 5089 benedicens
1944 5035 2025 5088 be-

442 5130 703 5193 nedicam,
744 5137 794 5180 et
841 5142 1092 5194 pauperes
1116 5111 1230 5194 ejus
1260 5122 1513 5179 saturabo
1555 5122 1780 5193 panibus
1803 5123 2018 5195 (.Ibid.),

441 5220 603 5289 capiti
631 5216 893 5273 antistitis
916 5215 1131 5269 insedit.
1164 5214 1389 5272 Cunctis
1434 5216 1744 5272 videntibus
1782 5224 1837 5271 et
1870 5215 2025 5271 intel-

408 5307 734 5379 .ligeutibus
765 5306 1004 5376 signum,
1041 5320 1182 5375 papa
1227 5305 1303 5357 nil
1333 5314 1652 5372 cunctatus,
1684 5306 1905 5361 mitram
1952 5305 2021 5361 de

439 5399 617 5469 capite
659 5410 763 5451 suo
803 5396 1027 5462 tollens,
1081 5395 1205 5466 ejus
1245 5395 1411 5464 capiti
1465 5396 1758 5465 impdsuit,
1804 5397 2019 5467 episco-

440 5503 681 5559 pumque
708 5503 773 5543 ac
800 5485 1061 5542 Romanae
1085 5488 1232 5543 sedis
1258 5486 1496 5558 legatum
1524 5488 1895 5557 constituens,
1922 5506 2021 5544 au-

439 5588 698 5648 ctumque
760 5577 1138 5634 benedictione
1190 5580 1403 5636 remisit
1457 5580 1516 5635 in
1543 5580 1776 5651 propria
1795 5619 1810 5644 ,
1859 5582 2018 5650 quasi

440 5670 646 5726 diceret
674 5670 894 5725 abeunti
921 5688 933 5724 :
962 5668 1098 5724 Ecce
1131 5685 1224 5740 ego
1246 5671 1397 5725 mitto
1434 5689 1523 5727 vos
1558 5674 1698 5728 sicut
1731 5688 1847 5727 oves
1882 5673 2020 5728 inter

441 5762 591 5832 lupos
610 5760 829 5833 (Matth.
850 5764 935 5832 x);
954 5770 1160 5817 manete
1176 5762 1231 5816 in
1254 5761 1535 5819 dilectione
1556 5781 1670 5819 mea
1693 5763 1875 5839 (Joan.
1901 5766 2013 5836 xv).

514 5872 662 5940 (406)
698 5873 856 5927 Auno
880 5873 1015 5927 1080
1039 5876 1160 5929 vide
1191 5875 1390 5929 Barou.
1416 5873 1522 5930 hoc
1548 5891 1694 5931 anno
1718 5893 1772 5930 n.
1804 5876 1887 5931 17.

2125 4761 2292 4833 fugit;
2321 4771 2377 4816 et
2394 4778 2584 4818 volens
2607 4762 2891 4818 criminari
2919 4762 3235 4833 episcopum
3256 4769 3313 4817 et
3334 4760 3555 4830 fratres,
3578 4766 3717 4819 cui:

2125 4852 2400 4909 audientis
2415 4853 2756 4924 judicaretur
2775 4851 3053 4923 indiguus,
3075 4851 3190 4906 Deo
3200 4851 3712 4923 ulciscente,pessi~

2125 4961 2216 5000 ma
2250 4954 2594 5016 peccatorum
2616 4951 2793 5000 morte
2824 4943 3090 4999 multatus
3119 4949 3224 4997 est.

2196 5034 2264 5090 Et
2283 5036 2411 5105 quia
2430 5044 2691 5111 tempora
2711 5035 2990 5090 instabant
3008 5031 3339 5104 periculosa,
3377 5038 3435 5088 et
3463 5029 3714 5088 solum

2127 5142 2290 5196 grave
2322 5115 2646 5199 increverat,
2674 5125 2823 5196 quod
2846 5125 3023 5196 prima
3050 5124 3227 5196 capita
3258 5122 3476 5194 imperii
3492 5134 3713 5192 "genuer-

2125 5224 2252 5270 rant
2284 5210 2345 5271 et-
2360 5215 2428 5271 ad
2464 5215 2861 5271 incrementum
2903 5215 3148 5286 quotidie
3180 5213 3471 5279 fovebant,
3500 5210 3717 5282 placuit

2126 5303 2261 5371 Deo,
2286 5304 2381 5375 qui
2400 5305 2701 5361 consulere
2734 5321 2850 5360 non
2877 5311 3060 5360 cessat
3087 5300 3384 5368 universis,
3406 5299 3480 5357 ad
3504 5298 3714 5357 coniv-

2126 5389 2391 5451 mandam'
2429 5395 2801 5452 vacillantium
2842 5394 3028 5459 fidem,
3065 5390 3282 5447 decenti
3313 5390 3475 5463 signo
3518 5388 3713 5447 fall-

2123 5491 2238 5545 lum
2270 5490 2562 5556 honorare,
2601 5498 2655 5545 et
2675 5486 3005 5544 catholicum
3033 5484 3346 5541 ministrum
3378 5478 3717 5539 suo-{Me-

2122 5585 2266 5640 libus
2312 5584 2622 5656 quibusque
2677 5581 3079 5637 commendare.
3126 5578 3469 5647 Praeceperat
3500 5572 3717 5646 quippe

2120 5672 2397 5748 pinnat-ne
2434 5688 2538 5727 suo
2576 5679 2797 5748 ptopter
2824 5670 3114 5728 arctiorem
3145 5674 3201 5724 et
3224 5663 3579 5722 secretiore-
3602 5662 3716 5725 ιδ·

2121 5766 2436 5823 stiuentiam
2482 5779 2682 5834 aquam
2744 5759 2871 5821 sibi
2897 5765 2951 5818 in
2992 5776 3183 5819 mensa
3221 5763 3505 5831 apponere
3530 5762 3713 5825 μιν

517 5941 663 6011 ματ)
699 5942 826 5998 Vide
857 5944 1057 5999 liundii
1096 5954 1324 6022 meti-op.
1357 5947 1408 6000 in
1437 5943 1698 6016 Catalogo
1739 5948 1980 6017 episeop.
2016 5942 2481 5999 Passaviensium.
