3944 6392
182 585 283 643 881

1073 581 1356 636 APPEND.
1397 581 1480 636 Ill.
1522 613 1588 622 -—
1629 581 2058 639 MONUMENTA
2091 587 2552 644 GREGORIANA.

3329 594 3434 647 833

185 697 314 753 sciri
333 706 540 766 posset,
567 712 761 767 spuma
779 697 1054 752 cerevisiae
1079 698 1310 765 operire.
1332 695 1481 752 Fecit
1509 697 1595 750 ille
1616 697 1759 765 quod
1791 700 1837 754 A
1864 701 2011 768 scopi
2038 704 2538 770 comminationcm,
2565 705 2852 759 revertitur
2878 705 3046 761 miser
3071 705 3140 760 ad
3171 708 3434 761 vomitum

187 789 290 846 sibi
327 789 655 859 imperatum
695 789 888 842 fuerat.
918 789 1093 855 Quam
1138 789 1371 844 cumvir
1412 799 1632 843 sanctus
1679 789 1759 841 ori

186 881 550 946 admovisset,
577 880 748 934 sensit
780 881 964 934 vinum
988 889 1043 934 et
1076 881 1336 950 optimum
1385 880 1512 934 illud
1553 882 1755 935 viuum.

187 970 397 1027 Putans
427 981 609 1028 autem
630 973 957 1042 ‘pinccrnam
988 971 1092 1026 sibi
1119 972 1375 1038 illusisse,
1402 981 1763 1042 transgresso-

186 1078 304 1119 rem
333 1063 488 1118 valde
506 1063 794 1133 indignans
832 1063 1093 1134 increpat.
1121 1062 1322 1118 Verum
1362 1065 1449 1118 ille
1476 1066 1761 1121 horren-lis

182 1155 515 1224 juramentis
550 1155 699 1224 quod
727 1154 834 1210 sibi
849 1154 1063 1224 jussum
1089 1154 1263 1210 fuerat
1296 1157 1611 1226 apposuisse
1631 1173 1762 1211 con-

189 1243 731 1314 tirmat.~Episcopus
752 1245 971 1316 quidem
993 1261 1109 1301 rem
1133 1245 1308 1304 celare
1332 1248 1499 1316 cupit,
1526 1247 1618 1301 sed
1644 1246 1761 1316 pin-

185 1352 354 1391 cerna
388 1336 660 1392 sublatum
702 1337 770 1392 de
799 1353 987 1393 mensa
1028 1339 1283 1409 poculum
1321 1338 1452 1410 quid
1475 1339 1761 1408 episcopus

185 1427 399 1484 biberet
434 1437 594 1499 gustu
623 1429 826 1485 certius
853 1431 1116 1499 explorat.
1132 1429 1200 1485 Et
1228 1430 1314 1486 hic
1339 1431 1681 1501 postmodum
1707 1431 1759 1484 in

187 1515 556 1576 Kotwikcensi
627 1518 1004 1592 [Gotwicensi]
1067 1521 1401 1576 monasterio
1459 1522 1760 1577 monachus

184 1605 368 1663 factus
400 1625 513 1663 rem
545 1609 732 1664 ordine
760 1609 946 1676 refert,
973 1619 1034 1665 ut
1060 1611 1148 1666 ille
1182 1611 1532 1666 benedicatur
1561 1612 1612 1666 in
1639 1627 1759 1665 om-

185 1695 353 1751 nibus
379 1696 474 1766 qui
498 1696 564 1752 ad
598 1697 826 1768 gloriam
855 1696 1170 1753 sanctorum
1197 1713 1424 1752 suorum
1453 1707 1508 1752 et
1529 1698 1595 1753 ad
1626 1714 1762 1753 con-

185 1788 557 1842 Iirmationem
582 1796 638 1843 et
661 1788 1095 1844 consolationem
1129 1787 1602 1859 pusillanimorum
1635 1787 1762 1844 facit

183 1880 465 1934 mirabilia
507 1895 708 1951 magna
733 1881 883 1938 solus
907 1879 1091 1954 (Psal.
1117 1879 1287 1953 uxr).

241 1973 437 2029 Adhuc
467 1974 533 2029 ad
555 1973 769 2028 laudem
814 1972 910 2029 Dei
938 1974 1004 2030 de
1035 1973 1240 2030 famulo
1281 1973 1372 2028 Dei
1401 1974 1602 2045 aliquid
1652 1992 1762 2030 non

184 2061 530 2118 fastidientes
577 2063 825 2133 accipite.
859 2053 1010 2130 Quis.
1034 2066 1179 2118 enim
1207 2064 1449 2120 fastidiat
1471 2059 1622 2136 signa
1654 2077 1761 2122 tam

184 2153 427 2225 insignia
448 2171 569 2224 quze
593 2154 947 2210 invisibilium
971 2156 1258 2211 adstruunt
1285 2158 1510 2213 fidem‘et
1533 2161 1765 2228 probant

183 2245 285 2300 Dei
338 2263 446 2300 non
494 2245 755 2302 defecisse
804 2248 1109 2302 virtutem?
1150 2248 1377 2314 Recede,
1406 2266 1439 2302 o
1477 2252 1760 2320 insipiens,

183 2339 286 2408 qui
327 2338 464 2393 dicis
499 2340 554 2392 in
579 2340 742 2394 corde
787 2349 901 2405 tuo,
933 2339 1050 2394 Non
1086 2350 1171 2396 est
1194 2341 1336 2397 Deus
1383 2343 1561 2412 (Psal.
1607 2347 1760 2412 xm),

180 2439 240 2483 et
274 2431 371 2500 qui
402 2439 548 2485 tanta
599 2431 818 2500 perfidia
862 2433 1092 2488 insultas
1123 2433 1308 2489 dicens
1339 2454 1350 2488 :
1387 2434 1484 2489 Ubi
1511 2445 1592 2490 est
1622 2436 1764 2492 Deus

186 2521 358 2575 tuus?
383 2519 558 2588 (Paul.
587 2522 766 2593 exui.)
796 2521 932 2577 Ecce
962 2524 1018 2576 in
1053 2533 1236 2578 sancto
1275 2525 1479 2580 habitat
1534 2526 1661 2580 latis
1682 2525 1764 2580 Is-

185 2625 215 2661 r
244 2608 306 2662 ἐι
337 2609 510 2677 (Psal.
551 2612 687 2682 XXI).
734 2610 791 2666 In
831 2621 1022 2668 sancto
1047 2629 1149 2668 suo
1189 2630 1311 2683 qua:
1342 2615 1491 2673 vides
1513 2626 1768 2687 operatur

189 2699 443 2778 Deus..Si
477 2702 564 2756 ille
595 2718 704 2757 non
732 2704 892 2768 adsit,
923 2705 1052 2774 quid
1075 2704 1236 2764 faciet
1262 2708 1463 2764 homo?
1484 2709 1624 2776 Quid
1647 2722 1768 2783 aget

187 2788 408 2856 p-zlvis,
457 2792 550 2860 qui
598 2791 802 2848 dictum
840 2794 942 2848 sibi
993 2797 1141 2873 novit
1163 2813 1193 2851 a
1234 2797 1464 2854 Domino
1492 2819 1504 2854 :
1534 2799 1658 2856 Siue
1689 2819 1768 2858 me

187 2878 333 2930 nihil
378 2881 592 2948 potestis
637 2883 808 2950 facere
833 2883 1012 2959 (form.
1048 2889 1158 2958 xv).
1187 2885 1336 2943 Scito
1371 2905 1500 2960 ergo
1543 2907 1684 2958 esse,
1715 2901 1769 2948 et

185 2969 387 3028 adesse
435 2969 606 3030 Deum
637 2973 731 3042 qui
766 2983 1022 3045 operatur
1053 2993 1176 3048 qua:
1213 2980 1424 3048 operari
1455 2997 1562 3036 non
1593 2991 1770 3052 potest

187 3064 380 3117 homo.
408 3060 564 3128 Quod
589 3064 635 3118 si
659 3075 818 3134 putas
834 3068 978 3138 quod
1006 3068 1111 3125 hoc
1131 3080 1387 3140 operetur
1406 3073 1590 3140 homo,
1615 3075 1765 3140 vade,

181 3161 245 3207 et
285 3160 348 3207 tu
396 3151 482 3209 fac
509 3153 791 3223 similiter;
843 3158 1049 3228 impera
1073 3160 1432 3230 daemonibus,
1461 3172 1516 3218 et
1551 3164 1768 3220 illorum

184 3245 443 3316 experire
471 3245 854 3327 obedientiam.
885 3249 1025 3316 Quid
1055 3252 1101 3307 si
1128 3254 1466 3311 restiterim?
1501 3257 1651 3312 illum
1678 3274 1770 3312 ve-

1863 802 2021 841 suum
2051 798 2104 843 et
2154 792 2343 846 eodem
2389 803 2665 848 momento
2707 794 2868 848 etiam
2908 795 3205 855 dazmonetn
3232 798 3436 865 patitu:

1862 881 2208 936 acerrimum.
2249 883 2460 938 Rursus
2485 885 2565 938 vir
2592 895 2810 940 sanctus
2838 887 3105 941 miserans
3145 888 3428 952 miserum,

1863 969 2072 1023 hostem
2102 973 2378 1026 consuetis
2421 974 2587 1028 armis
2612 976 2919 1044 aggreditur
2946 985 3108 1046 atque
3135 976 3436 1045 triumphat

1861 1070 1910 1114 et
1941 1061 2009 1114 ah
2055 1059 2236 1117 officio
2266 1064 2455 1118 altaris
2508 1065 2796 1120 liberatum
2844 1076 3105 1132 removet,
3145 1067 3339 1122 iterum
3383 1076 3437 1122 et

1864 1151 2056 1206 iterum
2094 1153 2160 1207 de
2207 1153 2442 1209 nefando
2473 1171 2633 1226 opere
2662 1142 2936 1210 sanatum
2982 1171 3335 1211 connnoncns
3381 1166 3436 1212 et

1861 1259 2206 1313 promovens.
2234 1245 2338 1312 Qui
2362 1248 2682 1316 perterritus
2713 1264 2812 1316 pro
2848 1249 3050 1302 recenti
3081 1247 3305 1318 ﬂagello,
3330 1248 3431 1302 ali-

1862 1342 2066 1402 quanto
2105 1343 2349 1405 tempore
2386 1336 2622 1390 abstinet
2660 1354 2689 1392 ει
2735 1347 2977 1406 peccato.
3009 1336 3134 1401 Sed,
3171 1339 3308 1407 proh
3337 1339 3435 1392 do-

1862 1425 1970 1477 lor!
2021 1424 2180 1496 longa
2211 1441 2402 1482 rursus
2437 1429 2614 1483 victus
2642 1428 3054 1495 consuetudine,
3094 1438 3216 1498 post
3241 1444 3432 1485 exces-

1863 1531 1983 1569 sum
2002 1516 2259 1586 episcopi,
2286 1519 2544 1574 relabitur
2559 1520 2610 1574 in
2627 1529 2926 1589 peccatum.
2951 1519 3113 1590 Ergo,
3132 1521 3430 1576 secundum

1863 1619 2047 1659 vocem
2099 1606 2334 1673 Domini,
2387 1609 2657 1679 malignus
2711 1609 2934 1680 spiritus
2977 1625 3262 1665 assumens
3298 1612 3434 1665 alios

1863 1707 2069 1768 septem
2101 1701 2322 1770 spiritus
2349 1703 2636 1772 nequiores
2660 1717 2718 1758 se
2745 1702 2960 1770 (Matth.
2987 1705 3109 1776 xu),
3139 1704 3342 1763 intrant
3368 1705 3434 1763 ad

1862 1801 2172 1859 peccantem
2196 1803 2251 1850 ct
2284 1794 2573 1851 crudeliter
2594 1805 2750 1852 nocte
2771 1812 2835 1853 ac
2868 1797 2956 1853 die
2981 1808 3258 1864 vexantes,
3289 1815 3435 1869 qum-

1861 1901 1967 1956 que
2002 1887 2179 1958 turpia
2207 1899 2261 1942 et
2305 1888 2510 1956 nefaria
2546 1888 2614 1943 ab
2641 1905 2706 1943 eo
2732 1899 2878 1960 gesta
2923 1904 3016 1944 ore
3039 1905 3139 1945 suo
3162 1891 3434 1960 captivum

1865 1974 2016 2031 fateri
2070 1979 2416 2048 compellunt.
2462 1978 2758 2051 Stringitur
2809 1981 3021 2050 ejulans
3076 1981 3163 2035 ille
3205 1982 3436 2035 vinculis

1837 2065 2198 2133 purioribus,
2230 2067 2509 2138 conjectus
2553 2068 2607 2122 in
2653 2069 2956 2124 custodiam
3005 2069 3308 2136 hominum,
3341 2074 3434 2140 qui

1867 2157 2168 2211 custodiam
2214 2157 2553 2212 demerucrat
2595 2158 2928 2228 angelorum.
2965 2157 3204 2214 Tandem
3250 2159 3304 2212 in
3339 2175 3435 2212 ar.-

1867 2249 2206 2304 nuntiatione
2253 2249 2554 2315 Dominica,
2597 2249 2848 2320 pret-ibus
2871 2247 3099 2304 fratrum
3144 2266 3173 2304 a
3202 2251 3435 2319 maligno

1866 2340 2060 2408 spiritu
2084 2341 2172 2394 vix
2197 2351 2433 2410 ereptus,
2462 2349 2656 2411 etpost
2683 2339 2923 2395 triduum
2948 2342 3070 2396 oleo
3095 2355 3252 2396 sacro
3279 2342 3437 2394 inuu—

1867 2441 1985 2483 rtus
2007 2439 2061 2484 et
2082 2446 2306 2500 corpore
2328 2430 2531 2486 Christi
2567 2433 2828 2495 munitus,
2868 2432 3178 2486 terribiliter
3206 2431 3436 2501 flagella-

1867 2531 1953 2576 tus
2007 2522 2336 2593 defungitur.
2393 2516 2679 2578 credimus
2730 2524 2872 2591 quod
2921 2523 3101 2577 traditi
3129 2522 3341 2577 Satamc
3383 2524 3436 2577 in

1868 2611 2145 2668 interitum
2173 2613 2372 2678 carnis,
2408 2612 2631 2683 spiritus
2667 2612 2850 2668 salvus
2883 2611 2977 2666 fiat
3015 2612 3071 2666 in
3107 2612 3195 2667 die
3223 2610 3437 2666 Domini

1870 2703 1920 2775 (ι
1959 2703 2082 2759 Cor.
2110 2703 2187 2771 v).

1940 2796 2084 2851 Alter
2113 2793 2276 2849 etiam
2304 2793 2524 2864 quidam
2554 2794 2783 2851 clericus
2809 2795 3047 2866 pessimo
3074 2794 3303 2849 dtemoni
3331 2803 3440 2848 tra-

1867 2887 2032 2951 ditus,
2071 2885 2144 2940 ita
2181 2894 2242 2939 ut
2290 2885 2379 2938 vix
2409 2884 2606 2954 aliquis
2646 2901 2812 2940 sanus
2850 2885 3028 2940 insani
3066 2900 3261 2939 manus
3307 2898 3436 2937 eva-

1868 2977 2038 3039 deret,
2064 2976 2132 3029 ab
2151 2975 2408 3045 episcopo
2432 2975 2769 3039 benedictus,
2793 2983 2894 3029 cta
2915 2974 3158 3030 daemone
3180 2973 3439 3028 liberatus

1867 3076 1920 3121 et
1947 3066 2188 3136 pristinae
2209 3066 2428 3120 sanitati
2454 3075 2537 3120 est
2561 3065 2868 3121 restitutus.

1944 3157 2094 3212 Unus
2133 3173 2199 3212 ex
2237 3155 2530 3224 fratribus,
2584 3157 2973 3227 prolixioribus
3017 3157 3350 3211 orationibus
3382 3163 3439 3210 et

1871 3251 2120 3320 plurimis
2139 3239 2888 3322 igeuuflexionibusinstanter
2908 3249 3142 3311 deditus,
3167 3262 3341 3316 usque
3367 3247 3434 3300 ad

185 3350 389 3392 nerare
411 3332 696 3407 .illumque
735 3339 964 3399 devotus
1006 3335 1331 3412 amplectere
1362 3346 1415 3400 in
1462 3362 1572 3416 quo
1601 3347 1762 3415 Deus,
1793 3378 1833 3434 ο
1873 3341 2307 3411 desperationem
2356 3341 2561 3396 ﬂuxum
2592 3341 2874 3412 sanguinis
2901 3338 3148 3393 incurrit.
3182 3335 3434 3391 Ilicinis-

182 3436 243 3481 ενι
286 3442 385 3496 per
405 3435 567 3498 quem
596 3441 851 3500 operatur
898 3433 1048 3488 talia.
1081 3435 1262 3502 Quare
1284 3435 1485 3494 Iudaeis
1512 3455 1572 3493 es
1612 3440 1764 3495 dete-

184 3517 350 3572 τίοι-ἲ
375 3516 451 3570 [lli
476 3519 693 3574 aiebant
733 3521 800 3576 de
829 3521 1048 3578 Christo
1073 3541 1084 3578 ;
1119 3524 1177 3579 Si
1213 3543 1315 3579 non
1343 3539 1473 3582 esset
1503 3529 1588 3582 hic
1611 3532 1765 3585 homo

181 3624 221 3665 α
253 3605 385 3673 Deo,
425 3624 530 3661 non
560 3619 763 3678 poterat
798 3610 970 3679 facere
995 3612 1280 3684 quidquam
1311 3614 1486 3686 (Joan.
1524 3617 1630 3688 lx).
1660 3617 1764 3674 Sed

183 3708 379 3754 tamen
405 3699 552 3767 audi,
587 3709 640 3755 et
660 3717 689 3755 a
715 3709 805 3768 tua
832 3701 1204 3764 incredulitate
1227 3715 1557 3762 convertere.
1582 3707 1765 3774 Quan-

127 3824 136 3832 .
182 3789 378 3860 doque
419 3790 633 3845 astabat
681 3801 870 3847 sancto
897 3793 1056 3848 altari
1097 3794 1384 3867 episcopus
1427 3791 1766 3858 venerandus

181 3881 396 3938 missas
417 3880 806 3936 celebraturus.
831 3881 994 3938 Audit
1006 3883 1130 3954 post
1143 3902 1201 3941 se
1219 3887 1611 3943 da’moniosum
1638 3891 1766 3945 hor-

176 3971 424 4025 iibiliter
470 3970 525 4024 in
571 3971 798 4026 ecclesia
834 3972 1242 4032 vociferantem.
1276 3976 1576 4049 lnterrogat
1607 3980 1766 4050 quid-

180 4079 323 4119 nam
348 4064 452 4119 hoc
497 4063 586 4118 sit.
628 4062 877 4119 Indicant
902 4075 1144 4124 astantes
1177 4068 1452 4124 hominem
1494 4070 1564 4123 ibi
1595 4072 1764 4126 atroci

165 4152 439 4207 daemone
485 4157 702 4223 vexari,
751 4168 806 4213 et
847 4161 937 4214 vix
992 4161 1218 4230 ligatum
1262 4178 1294 4217 a
1337 4163 1547 4234 multis:
1572 4167 1762 4220 teneri.

175 4239 355 4296 Iubet
409 4244 606 4312 praesul
635 4247 704 4299 ad
755 4247 1049 4318 hospitium
1087 4266 1387 4320 pauperum
1416 4268 1542 4308 vere
1571 4254 1768 4313 adduci,

175 4331 509 4401 pauperem,
546 4343 602 4389 et
632 4335 813 4390 cibum
846 4339 896 4392 ei
931 4339 986 4393 in
1015 4339 1235 4394 nomine
1283 4339 1496 4395 Domini
1541 4344 1759 4413 apponi.

181 4424 229 4475 A
258 4437 377 4493 quo
409 4424 632 4493 spiritus
665 4443 901 4497 nequam
930 4429 1214 4488 confestim
1238 4432 1480 4499 recessit,
1513 4441 1568 4488 et
1601 4434 1762 4506 homo

177 4530 363 4570 sanus
391 4516 458 4570 ad
489 4518 709 4588 propria
744 4521 1024 4576 remeavit.

255 4605 398 4662 Volo
425 4608 631 4678 adhuc,
657 4626 691 4665 o
716 4611 1011 4679 inet-edule,
1042 4613 1277 4685 aliquid,
1305 4617 1450 4686 quod
1479 4617 1764 4673 convincat

1869 3447 1966 3488 sus
2007 3431 2076 3486 ad
2123 3431 2462 3500 episc0pum,
2504 3431 2623 3502 ejus
2655 3431 2851 3484 meruit
2887 3429 3340 3496 benedictionem,
3383 3440 3440 3484 et

1869 3538 1992 3576 cum
2017 3522 2394 3578 benedictione
2424 3523 2684 3577 continuo
2706 3522 3048 3595 sospitawni.

1936 3611 2089 3668 Alius
2125 3613 2251 3668 item
2287 3612 2455 3668 frater
2476 3613 2638 3667 etiam
2670 3611 2922 3683 precibus
2954 3608 3009 3664 et
3048 3607 3435 3678 genuflexiont—

1866 3703 1969 3756 bus
1999 3718 2164 3772 supra
2183 3703 2327 3758 vires
2352 3703 2613 3767 intentus,
2634 3701 2881 3756 vitalium
2917 3699 3104 3755 incidit
3124 3708 3429 3768 rupturum.

1868 3791 2008 3862 Quid
2027 3791 2276 3850 similiter
2297 3792 2666 3855 benedictione
2684 3785 2923 3865 episéthi
2944 3797 3184 3860 curatus,
3216 3789 3282 3849 ad
3307 3804 3436 3870 suos

1869 3904 1991 3942 cum
2017 3888 2214 3959 gaudio
2239 3903 2489 3943 reversus
2508 3897 2612 3942 est.
3371 3891 3389 3914 ‘

1937 3980 2212 4045 Quantum
2241 3981 2542 4049 periculum
2585 3979 2658 4034 sit
2699 3977 2911 4032 mentiri
2959 3975 3180 4052 Spiritui
3200 3982 3433 4041 sancto,

1868 4072 2076 4141 primus
2101 4081 2286 4140 pastor
2307 4071 2560 4126 Ecclesia:
2581 4069 2714 4123 satis
2733 4067 3044 4131 declaravit,
3057 4081 3182 4120 cum
3207 4065 3261 4126 in
3291 4066 3434 4120 Aua-

1868 4159 1955 4213 nia
1983 4169 2038 4212 et
2067 4158 2296 4227 Saphira
2319 4165 2600 4227 peccatum
2629 4157 2734 4210 hoc
2759 4154 3041 4226 repentina
3073 4165 3247 4210 morte
3270 4157 3429 4210 casti-

1865 4250 2012 4318 gavit
2041 4249 2180 4319 (Act.
2220 4248 2295 4318 ν).
2337 4247 2474 4314 Quia
2515 4264 2644 4320 ergo
2685 4257 2907 4305 sanctus
2954 4248 3088 4316 iste,
3137 4263 3326 4320 verum
3373 4263 3432 4304 se

1868 4335 2104 4407 Spiritus
2155 4338 2326 4392 sancti
2355 4319 2660 4407 praebuerat
2701 4339 3090 4406 habitaculum,
3143 4319 3338 4390 merito
3377 4338 3434 4392 in

1866 4428 2192 4481 mentientes
2224 4426 2626 4481 sibi‘Dominus
2659 4425 2959 4490 ulciscitur,
2993 4423 3267 4478 cui'etiam
3293 4421 3431 4481 Pro-

1865 4521 2024 4594 pheta
2078 4521 2207 4575 dicit
2255 4539 2268 4573 :
2328 4518 2522 4572 Pcrdes
2574 4531 2748 4568 annuas
2807 4516 2898 4583 qui
2949 4514 3234 4584 loquuntur
3290 4531 3434 4569 men-

1865 4613 2080 4665 dacium
2133 4607 2320 4679 (Psal.
2346 4606 2428 4675 v).
2477 4604 2675 4659 Comes
2715 4604 2935 4673 quidam
2973 4607 3144 4676 partis
3194 4604 3435 4661 Heinrici

177 4699 398 4758 famulo
426 4700 522 4757 Dei
554 4718 655 4758 nec
673 4705 967 4772 prophetia:
987 4706 1236 4775 spiritum
1256 4707 1513 4774 defuisse,
1536 4710 1660 4764 licet
1680 4711 1763 4762 in—
1795 4707 1841 4760 Ι)
1865 4701 2008 4770 regis
2029 4698 2177 4753 venit
2206 4697 2271 4752 ad
2293 4696 2606 4765 episcopum
2631 4711 2756 4750 cum
2780 4696 3094 4766 juramento
3115 4696 3434 4766 promittens

175 4798 407 4858 gratum
457 4792 574 4858 tibi,
623 4808 895 4849 enarrare.
929 4793 1173 4850 Clericus
1219 4796 1471 4864 quidam,
1517 4799 1760 4864 daemone

177 4879 405 4948 plenus,
441 4881 510 4935 ad
540 4896 663 4936 eum
699 4891 784 4938 est
821 4883 1104 4938 adductus.
1136 4871 1248 4951 Ille,
1292 4887 1603 4941 continuata
1629 4876 1781 4944 ora--

173 4967 340 5023 tione
356 4967 540 5022 acrius
564 4969 791 5036 instans,
807 4971 1106 5027 daemonem
1133 4970 1356 5044 fugavit,
1377 4989 1440 5029 ac
1454 4983 1756 5044 peccatum,

178 5056 349 5128 cujus
365 5073 533 5113 causa
557 5059 684 5115 huic
707 5061 986 5119 immundo
1008 5063 1222 5134 spiritui
1237 5065 1536 5135 permissus
1563 5065 1757 5134 fuerat,

180 5148 489 5204 interdixit.
522 5148 792 5218 Pratdixit,
819 5154 865 5208 si
893 5155 1174 5224 peccatum
1211 5155 1397 5222 iteret,
1423 5157 1570 5226 quod
1602 5157 1759 5212 itere-

179 5248 277 5293 tur
307 5240 360 5294 in
387 5256 513 5294 eum
547 5243 806 5298 continuo
832 5247 1038 5314 peccati
1070 5246 1761 5318 supplicium,rprzecipiens

177 5341 246 5385 ut
280 5331 342 5384 in
364 5332 607 5388 claustro
631 5350 752 5388 cum
801 5334 1062 5391 fratribus
1087 5338 1213 5392 vita:
1238 5354 1298 5392 se
1318 5339 1497 5392 tradat
1526 5339 1755 5393 meliori.

177 5418 392 5476 Petunt
418 5433 544 5490 post
581 5424 694 5479 hinc
717 5425 911 5480 fratres
944 5426 1255 5495 episcopum
1295 5435 1356 5479 ut
1389 5441 1513 5480 eum
1542 5443 1758 5496 promo-

178 5521 317 5570 vent
333 5514 388 5566 in
413 5514 809 5585 presbyterum.
833 5518 919 5572 Ait
936 5516 1131 5587 praesul
1147 5517 1247 5571 hoc
1267 5515 1343 5571 illi
1360 5531 1468 5569 non
1483 5515 1752 5584 expedire.

180 5602 382 5659 Victus
409 5610 596 5656 tamen
634 5604 828 5671 pietate
862 5607 1118 5671 fratrum,
1151 5615 1336 5676 rogata
1359 5605 1618 5675 indulget,
1662 5605 1754 5660 sed

178 5695 290 5752 sub
329 5691 723 5748 contestatione
749 5698 894 5765 quod
943 5695 1182 5755 terribile
1215 5695 1309 5750 Dei
1351 5711 1458 5750 non
1509 5696 1759 5771 evaderet

172 5780 480 5854 judicium,
513 5778 564 5832 si
586 5794 690 5834 non
716 5794 927 5839 caveret
953 5786 1296 5842 interdictum
1328 5783 1429 5838 sibi
1452 5791 1752 5852 peccatum.

181 5874 412 5943 Aliquot
445 5869 616 5939 igitur
648 5873 800 5926 annis
826 5875 1026 5934 devitat
1054 5885 1355 5951 peccatum,
1381 5883 1435 5930 et
1477 5885 1754 5944 acceptum

179 5965 419 6022 honeste
488 5959 718 6028 Complct
742 5961 997 6020 officium.
1044 5965 1328 6036 Negligens
1383 5964 1598 6018 tandem
1646 5966 1758 6033 tpi-

1863 4789 2171 4846 fidelitatem
2203 4796 2256 4841 et
2277 4785 2928 4856 famulatum.Conspcxit
2958 4787 3045 4846 ille
3069 4785 3205 4842 forte
3234 4801 3429 4854 agmen

1863 4879 2142 4934 cornicum
2172 4887 2534 4948 precatusque
2563 4886 2646 4932 est
2669 4877 2770 4932 sibi
2797 4878 3006 4944 dicens,
3031 4886 3109 4944 ut,
3143 4885 3275 4944 quot
3299 4890 3428 4930 cor-

1863 4971 2012 5026 nices
2039 4980 2303 5038 cerneret,
2343 4979 2420 5026 tot
2449 4970 2720 5036 thmones
2767 4970 2885 5039 ejus
2919 4967 3155 5022 animam
3186 4968 3432 5036 possideo

1863 5071 2003 5128 rent,
2033 5063 2078 5117 si
2116 5062 2273 5117 ﬁdem
2320 5060 2644 5132 promissam
2691 5075 2799 5114 non
2853 5068 3109 5132 servaret.
3161 5057 3267 5114 Sed
3318 5076 3429 5116 non

1864 5154 2035 5208 multo
2084 5164 2206 5222 post
2251 5130 2848 5222 ptenitens-promissi,
2901 5149 2968 5203 ad
2994 5130 3305 5205 liciuricum
3334 5152 3433 5207 ho-

1863 5253 2001 5298 stem
2062 5242 2316 5296 Ecclesize
2368 5240 2508 5294 redit
2542 5239 2656 5309 ipse
2691 5239 2882 5292 hostis.
2931 5239 3102 5306 Quem
3145 5225 3432 5312 cpiscopus

1864 5331 2206 5388 anathemate
2220 5332 2578 5396 cauterizans,
2601 5331 2799 5400 probro
2812 5332 3048 5400 perfidiae
3071 5347 3181 5385 sum
3204 5332 3429 5401 insigni-

1865 5428 1998 5484 tum,
2021 5418 2215 5474 divinae
2242 5418 2506 5488 permittit
2534 5419 2748 5474 ultioni.
2777 5418 2886 5474 Nec
2909 5435 3081 5473 mora.
3102 5419 3166 5471 Et
3191 5419 3277 5470 illa
3305 5418 3430 5472 ferit

1863 5526 2036 5566 reum.
2067 5509 2346 5588 Siquidem
2372 5512 2647 5582 inOpinate
2671 5511 2739 5565 ab
2768 5510 3017 5566 hostibus
3040 5505 3425 5572 circumfusus,

1861 5602 2153 5672 multisque
2187 5603 2466 5656 sauciatus
2499 5602 2846 5666 vulneribus,
2886 5608 2940 5652 et
2975 5605 3257 5650 truncatus
3290 5611 3428 5663 pene

1861 5689 2086 5756 femore,
2105 5689 2232 5759 quia
2249 5690 2647 5744 claudieaverat
2668 5704 2698 5740 a
2715 5683 3098 5758 promissione,
3126 5683 3179 5735 in
3208 5682 3424 5750 signum

1862 5780 2308 5850 transgressionis
2353 5794 2466 5833 suae
2490 5778 2558 5831 ab
2583 5793 2648 5830 eo
2670 5776 2756 5830 die
2778 5791 2844 5828 ac
2867 5773 3119 5839 deinceps
3153 5770 3425 5825 claudica-

1859 5875 1936 5927 vit.
1968 5871 2116 5940 pede.
2159 5869 2384 5922 Miratur
2415 5869 2538 5937 quis
2573 5883 2640 5921 an
2693 5867 2782 5920 illa
2810 5881 2812 5883 '
2839 5867 2894 5919 in
2941 5879 3007 5917 eo
3053 5860 3318 5930 completa
3353 5864 3426 5916 sit

1866 5957 2195 6030 imprecatio,
2235 5973 2396 6026 quam
2445 5956 2610 6009 miser
2658 5955 2744 6011 ille
2789 5956 3111 6024 imprecatus
3165 5957 3247 6002 cst
3277 5951 3427 6004 sibi?
