3944 6386
532 478 634 535 885

1502 483 1591 538 ΑΙ)
1625 482 1851 540 ΟΡΙοίιιΑ
1893 486 1948 541 S.
1993 482 2792 564 GllEQORll-APPENDICES.

3677 485 3805 542 884

537 590 647 661 ligo
676 591 833 662 plane
866 609 971 647 non
999 594 1302 666 negaverim
1338 596 1428 665 qui
1457 611 1565 652 nou
1607 598 1797 669 ignoro
1819 598 1871 653 in
1907 599 2100 670 pleris-
2129 602 2169 657 Α
2200 599 2487 653 animabus
2506 598 2641 663 suis,
2663 598 2754 652 sed
2787 598 2839 650 in
2866 596 3062 652 castris
3084 596 3193 652 tuis
3213 592 3512 654 victoribus
3536 595 3644 653 (ide
3668 596 3803 653 for-

533 695 640 750 que
668 683 839 737 multo
867 693 1105 754 tempore
1130 684 1393 740 darmonia
1420 686 1643 743 latuisse
1670 697 1840 755 muta,
1871 688 2097 743 multos-

532 785 638 840 que
689 770 928 828 deterius
978 788 1007 828 a
1055 775 1393 832 dzetuonibus
1443 777 1627 834 vexari
1655 777 1802 833 intus
1833 793 1998 849 quam
2050 776 2097 833 si

530 860 966 931 discerpereutur
993 862 1146 920 foris.

601 948 821 1016 Quanta‘
868 968 996 1007 vero
1040 957 1343 1009 constantia
1397 963 1655 1011 strenuus
1703 961 1889 1026 pastor
1941 957 2098 1026 lupos

532 1036 698 1106 hujus
734 1041 917 1094 s:eculi
958 1057 988 1094 a
1043 1041 1344 1112 direptione
1378 1060 1561 1101 rerum
1607 1045 2098 1101 ecclesiasticarum

531 1132 883 1200 reprcsserit,
911 1148 1033 1188 cum
1065 1136 1213 1190 nullo
1243 1146 1528 1207 parentum
1557 1139 1842 1209 juvaretur
1866 1140 2094 1206 auxilio,

528 1219 614 1271 vel
672 1219 922 1283 consilio,
987 1223 1232 1294 subjecto
1280 1218 1527 1297 exemplo
1576 1229 1938 1299 cognoscitur.
1991 1227 2099 1285 Nec

526 1316 707 1363 tamen
742 1320 857 1364 erat
891 1312 1060 1379 solus,
1084 1313 1177 1368 cui
1213 1330 1427 1387 semper
1460 1318 1648 1373 ade:at
1683 1317 1843 1375 Deus.
1873 1319 2025 1377 Unde
2046 1330 2101 1376 et

531 1410 657 1452 vere
685 1398 897 1455 dicebat
931 1420 954 1473 εν
979 1401 1083 1467 Qui
1106 1421 1186 1458 me
1230 1408 1395 1474 misit,
1421 1424 1617 1462 mecum
1644 1418 1741 1477 est,
1766 1419 1815 1464 et
1849 1427 1951 1464 non
1978 1411 2100 1465 reli-

529 1488 643 1556 quit
681 1504 760 1543 me
786 1484 988 1555 solum;
1014 1495 1138 1563 quia
1161 1512 1277 1565 qua:
1296 1496 1495 1567 placita
1515 1510 1636 1553 sunt
1664 1501 1713 1555 ei
1742 1502 1882 1571 facio
1902 1519 2102 1572 semper

527 1577 692 1647 (Jorm
733 1584 870 1648 vm).
905 1582 968 1638 Et
991 1586 1118 1640 illud
1152 1588 1203 1641 in
1235 1589 1442 1658 psalmo
1471 1608 1484 1645 :
1526 1591 1731 1645 Bonum
1779 1603 1854 1647 est
1885 1609 2100 1663 sperare

527 1667 584 1733 in
616 1670 838 1735 ﬂamine
864 1691 1019 1753 quam
1050 1692 1258 1755 sperare
1286 1680 1341 1732 in
1360 1682 1684 1757 principibus
1709 1683 1885 1753 (Psal.
1910 1682 2099 1755 exvn).

528 1770 661 1828 Erat
703 1775 923 1844 quidam
958 1778 1219 1846 praedives
1246 1788 1301 1833 ct
1338 1781 1534 1836 nobilis
1577 1783 1680 1850 vir,
1733 1777 1825 1854 qui
1864 1776 2101 1839 defuncti

527 1861 715 1919 fratris
736 1864 823 1919 sui
856 1865 1199 1934 beneficium,
1232 1871 1377 1938 quod
1408 1871 1476 1925 ab
1509 1873 1766 1943 episcopo
1797 1881 2102 1943 receperat,

531 1953 691 2017 quasi
741 1954 1082 2012 hmreditario
1105 1958 1248 2027 jure,
1300 1963 1614 2032 usurpavit;
1659 1963 1948 2033 episcopus
1970 1964 2094 2035 jure

529 2042 831 2101 Provinciae
857 2050 1197 2105 contradicit.
1229 2050 1298 2105 At
1322 2052 1409 2106 ille
1435 2068 1557 2107 cum
1584 2053 1777 2123 injuria
1803 2062 1973 2108 tentat
1996 2055 2096 2108 tol-

529 2132 640 2187 lere
669 2136 814 2203 quod
843 2150 966 2191 cum
1008 2139 1214 2207 justitia
1239 2160 1345 2198 non
1369 2152 1597 2212 poterat.
1632 2143 1875 2199 Sustinet
1906 2160 2095 2199 servus

533 2222 627 2278 Dei
662 2226 730 2280 ad
760 2235 970 2298 tempus
998 2233 1271 2288 hominem
1303 2251 1560 2290 vesanum
1586 2238 1723 2291 dans
1746 2244 1799 2289 et
1827 2246 2020 2305 optans
2046 2237 2095 2289 ei

530 2315 712 2370 locum
731 2318 1087 2386 'pmnitentite.
1116 2322 1212 2377 lllo
1248 2324 1301 2377 in
1328 2325 1534 2378 malitia
1581 2334 1985 2395 perseverante,
2007 2326 2095 2395 ja-

531 2406 657 2460 culo
707 2409 1066 2466 anathematis
1092 2412 1405 2469 vindicavit.
1435 2414 1605 2484 Cujus
1635 2415 2093 2482 communionem,

532 2507 656 2549 cum
687 2496 887 2568 quique
910 2500 1146 2571 religiosi
1180 2503 1515 2560 declinarent
1537 2514 1592 2561 et
1621 2506 1714 2576 qui
1750 2504 1908 2575 primi
1942 2515 2098 2560 erant

535 2583 813 2641 orientalis
860 2589 1168 2657 provinciae,
1206 2596 1523 2649 verecundia
1563 2603 1617 2649 et
1656 2605 1975 2650 cunctorum
2004 2612 2097 2650 ex-

534 2674 879 2742 probratione
900 2688 1143 2749 cogente,
1173 2681 1227 2735 in
1254 2682 1378 2737 villa
1412 2683 1466 2737 S.
1494 2682 1765 2757 Hippolyti
1785 2685 2098 2756 episcopum

532 2761 687 2829 adiit,
719 2772 773 2818 et
799 2764 851 2819 in
874 2766 1138 2835 profunda
1164 2770 1285 2824 nive
1306 2780 1430 2825 ante
1465 2772 1627 2842 pedes
1651 2773 1769 2841 ejus
1797 2782 2099 2843 prostratus

532 2861 587 2906 et
612 2855 835 2923 supplex
877 2856 1202 2925 diutissime,
1236 2860 1515 2917 satisfecit.
1546 2860 1656 2918 Nec
1696 2872 1877 2917 tamen
1901 2864 2098 2919 meruit

534 2944 1056 3014 reconciliationem,
1088 2948 1259 3006 donec
1299 2952 1514 3017 villam,
1561 2968 1685 3023 qure
1718 2952 2104 3009 Ratoldesdorf

534 3031 752 3098 dicitur,
783 3035 1004 3091 tradidit
1025 3038 1080 3092 in
1102 3039 1193 3107 jus
1219 3042 1499 3112 cpiscopii,
1528 3052 1583 3098 et
1603 3044 1682 3099 sic
1714 3044 1931 3099 deruunt
1956 3045 2098 3098 mul-

537 3129 717 3176 torum
770 3123 1029 3179 nobilium
1080 3128 1333 3196 precibus
1382 3131 1471 3184 vix
1521 3132 2037 3198 intervenientibus,
2070 3147 2102 3186 a

535 3210 756 3269 vinculo
780 3218 1359 3279 excommunicationis
1384 3221 1663 3277 absolutus
1689 3229 1788 3277 est.
1814 3222 2098 3292 Acceptam

536 3315 716 3359 autem
766 3293 1050 3378 episcopus
1094 3309 1274 3363 villam
1311 3311 1571 3382 delegavit
1618 3328 1779 3383 super
1822 3313 1989 3369 altare
2033 3314 2092 3367 Β.

539 3392 721 3449 lllarize
752 3396 806 3449 in
841 3394 1198 3467 Kutwigeensi
1241 3399 1632 3473 [Gotwiceusi]
1673 3403 1941 3457 coenobio.

610 3482 753 3538 Inter
787 3485 901 3540 haec
945 3488 1187 3542 marchio
1237 3488 1565 3559 Luipoldus,
1618 3494 1954 3548 eoadunatus
1988 3491 2099 3563 pri;

543 3573 787 3628 moribus
828 3575 945 3630 suis
974 3576 1027 3629 in
1075 3578 1230 3645 villa,
1269 3596 1389 3649 qua:
1424 3579 1598 3639 Tulna
1632 3581 1849 3649 dicitur,
1900 3554 2099 3639 abbo;—

537 3676 670 3717 rens
712 3665 1048 3734 tyrannidem
1084 3667 1320 3724 Ileinriei
1354 3671 1496 3739 regis
1536 3681 1590 3725 ct
1622 3672 1888 3738 schisma,
1945 3674 2102 3742 cujus

542 3760 734 3817 auctor
789 3751 963 3817 factus
996 3753 1199 3829 fuerat,
1239 3756 1537 3818 dominium
1573 3758 1691 3833 ejus
1748 3758 2102 3834 jurejurando

543 3852 1029 3924 abnegat,omues
1078 3852 1314 3910 fautores
1352 3854 1471 3923 ejus
1504 3855 1571 3909 de
1617 3853 1901 3910 Provineia
1936 3854 2101 3923 pellit,

543 3942 853 4013 apostolica:
915 3958 1043 3997 vero
1089 3943 1203 3998 sedi
1267 3951 1321 3998 et
1368 3944 1486 4013 ejus
1539 3944 1714 4014 legato
1776 3943 2105 3998 Altmannno

541 4035 851 4091 obedientes
902 4035 1029 4091 totis
1078 4035 1285 4091 viribus
1353 4034 1497 4090 fovet
1543 4044 1597 4090 et
1654 4034 1904 4106 protegit.
1963 4040 2107 4100 Qua-

541 4136 761 4197 propter
819 4143 911 4182 rex
975 4128 1055 4182 ira
1109 4143 1442 4193 succensus,
1502 4127 1801 4181 marcliiam
1864 4127 2106 4196 ejusdem

543 4214 789 4286 Luipoldi
811 4216 1137 4272 contradidit
1162 4216 1292 4271 Duci
1317 4216 1679 4271 Boemiorum.
1714 4215 1799 4269 Nil
1830 4216 1918 4269 ille
1939 4215 2109 4271 distu-

542 4303 628 4370 lit,
664 4306 758 4360 sed
785 4306 1009 4363 collecto
1042 4316 1153 4361 tam
1173 4307 1240 4361 de
1262 4322 1359 4362 sua
1392 4322 1554 4376 quam
1583 4306 1648 4359 de
1668 4306 1864 4360 vicinis
1888 4307 2108 4375 provin-

544 4393 650 4449 ciis
662 4383 994 4462 permaximo
1012 4397 1269 4461 exercitu,
1292 4397 1358 4451 ad
1371 4396 1503 4451 ﬁnes
1524 4397 1857 4469 marcltionis
1874 4398 2106 4451 advenit.

541 4484 658 4541 Nec
687 4482 773 4539 ille
803 4485 1019 4553 segnior
1047 4501 1170 4539 cum
1201 4486 1349 4539 omni
1390 4486 1585 4553 populo
1613 4501 1711 4540 suo
1742 4488 1797 4539 in
1831 4487 1978 4551 loco,
2015 4489 2106 4556 qui

2126 3268 2169 3326 C

2197 689 2364 744 tiores
2386 688 2565 743 devoti
2594 687 2984 743 occubuerunt.

2268 777 2466 834 Secuta
2499 789 2583 834 est
2617 788 2798 833 autem
2841 788 3076 850 stragem
3106 779 3269 835 istam
3302 777 3473 836 fames
3508 780 3800 845 maxima,

2196 879 2255 930 ut
2278 871 2462 926 ﬁdeles
2481 886 2610 926 suos
2644 870 2906 925 Dominus
2926 870 3264 941 experiretur
3297 870 3353 924 in
3385 870 3646 940 operibus
3677 871 3801 925 mi—

2195 963 2525 1029 sericordia,
2562 977 2700 1032 quos
2730 962 2864 1018 satis
2893 961 3338 1032 comprobaverat
3366 961 3421 1015 in
3456 960 3801 1016 fortitudine

2196 1054 2532 1109 constantiae.
2570 1051 2716 1108 Nihil
2745 1053 2849 1109 sibi
2889 1052 2947 1107 in
2985 1051 3089 1108 hae
3116 1052 3440 1108 necessitate
3464 1050 3627 1108 Pater
3667 1052 3802 1107 Alt-

2197 1161 2431 1200 manuus
2452 1144 2693 1209 retinuit,
2717 1159 2889 1215 usque
2909 1143 2974 1197 ad
3001 1144 3178 1214 ipsum
3202 1144 3495 1199 linteamen
3520 1150 3797 1197 ctmctam

2195 1235 2456 1305 episcopii
2482 1234 2902 1304 suppellectilem
2916 1234 3176 1299 vendidit,
3196 1246 3250 1289 et
3277 1234 3650 1306 indigentibus
3676 1234 3803 1287 dis-

2198 1326 2404 1381 tribuit.
2467 1323 2616 1379 Unde
2658 1339 2872 1396 quoque
2926 1323 3085 1379 Pater
3130 1339 3426 1393 pauperum
3459 1323 3642 1378 dictus
3676 1332 3795 1376 est.

2196 1415 2475 1486 Praecipue
2522 1423 2704 1470 tamen
2761 1415 2815 1469 in
2880 1426 3061 1470 monte
3120 1413 3481 1485 Kotwigcensi
3539 1413 3795 1483 plurima

2199 1505 2369 1560 millia
2393 1520 2688 1575 pauperum
2720 1519 2749 1558 a
2779 1503 2940 1561 famis
2964 1503 3208 1573 periculo
3238 1502 3596 1558 conservavit.

2272 1593 2444 1661 Quam
2475 1610 2604 1650 vero
2636 1595 2950 1666 negotiosus
2990 1592 3154 1648 fuerit
3197 1594 3253 1646 in
3291 1609 3455 1647 causa
3494 1592 3791 1657 Ecclesia‘,

2203 1700 2323 1755 qua:
2346 1694 2588 1755 tempore
2621 1701 2723 1740 suo
2736 1693 2887 1741 tanto
2912 1684 3128 1740 turbine
3150 1681 3603 1750 confundebatur,
3641 1683 3792 1737 indi.

2204 1784 2329 1835 cant
2356 1775 2599 1850 epistola:
2622 1784 2730 1832 tam
2760 1776 2952 1834 crebro
2974 1774 3042 1830 ad
3075 1788 3201 1828 eum
3223 1789 3253 1828 a
3276 1773 3496 1829 domino
3526 1789 3669 1843 papa
3703 1773 3788 1828 di-

2211 1880 2391 1925 rectae.
2425 1868 2483 1924 In
2512 1870 2710 1940 quibus
2735 1868 2877 1923 inter
2905 1868 3011 1924 alia
3050 1867 3214 1922 etiam
3246 1865 3351 1922 hoc
3394 1866 3686 1921 consulere
3732 1874 3792 1919 et

2124 1945 2169 1999 Β
2207 1959 2514 2031 significare
2537 1974 2674 2028 papa
2695 1958 2929 2023 videtur,
2974 1965 3034 2011 ut
3064 1971 3187 2026 qua:
3227 1956 3283 2008 iu
3311 1966 3420 2011 tam
3453 1955 3791 2025 gravissima

2179 2057 2403 2117 ,sancta:
2424 2046 2679 2103 Ecclesia:
2698 2047 3101 2117 perturbatione
3112 2045 3443 2101 dissimulari
3469 2062 3532 2100 ac
3557 2046 3795 2103 tolerari

2194 2141 2536 2209 aliquatenus
2567 2149 2813 2210 possent,
2842 2155 2952 2194 non
2984 2136 3195 2193 sublata
3234 2137 3478 2207 penitus,
3515 2137 3612 2192 sed
3643 2147 3793 2192 tem—

2195 2241 2378 2300 perata
2397 2232 2734 2287 districtione
2760 2232 3041 2301 quiescant
3072 2249 3084 2283 :
3113 2246 3236 2284 ettm
3264 2239 3463 2296 autem,
3486 2229 3794 2285 miserante

2198 2319 2326 2387 Deo,
2363 2321 2587 2377 victoria
2620 2331 2674 2376 et
2706 2337 2806 2391 pax
2843 2314 3101 2376 Ecclesia:
3133 2318 3341 2373 reddita
3382 2318 3568 2383 fuerit,
3606 2318 3679 2373 de
3697 2333 3792 2373 re-

2195 2412 2589 2483 dintegratioue
2604 2411 2849 2482 justitize,
2888 2416 3154 2479 quantum
3177 2406 3295 2478 ipso
3317 2408 3613 2462 auxiliante
3643 2423 3787 2477 pos-

2197 2503 2351 2558 sibile
2373 2501 2564 2568 fuerit,
2591 2502 2821 2557 sollicite
2855 2500 3094 2571 cogitare
3124 2508 3178 2555 et
3208 2499 3334 2554 totis
3358 2498 3571 2551 viribus
3603 2497 3791 2551 elabo-

2197 2607 2340 2646 rare.
2374 2590 2514 2646 llinc
2532 2589 2990 2661 capitulum‘illud
3010 2589 3076 2644 de
3100 2587 3495 2645 incontinentia
3518 2585 3788 2641 sacerdo-

2197 2690 2313 2735 tum
2352 2697 2383 2735 a
2412 2690 2523 2736 tam
2559 2681 2760 2737 invicto
2784 2689 3184 2753 propugnatore
3221 2677 3489 2736 castitatis
3518 2676 3790 2733 dissimu-

2197 2772 2387 2839 latum,
2421 2788 2527 2827 non
2548 2773 2905 2843 approbatum
2933 2772 3215 2827 remansit.

2266 2861 2434 2917 Porro
2455 2872 2719 2932 quantum
2752 2860 2995 2931 Ecclesia
3016 2858 3349 2915 Pataviensis
3378 2859 3498 2929 ejus
3517 2855 3789 2929 praesula-

2197 2960 2284 3005 tus
2330 2960 2575 3021 tempore
2608 2952 2663 3004 in
2707 2950 3207 3006 construetionibus
3250 2958 3305 3003 et
3348 2947 3789 3004 correctionibus

2200 3042 2657 3095 monasteriorum
2677 3049 2730 3093 et
2752 3039 3045 3094 structuris
3072 3047 3127 3093 et
3153 3036 3490 3111 ornamentis
3519 3036 3787 3091 ecclesia-

2201 3144 2346 3195 rum,
2388 3137 2442 3184 et
2487 3131 2772 3184 honestate
2797 3128 3174 3183 ministrorum
3203 3124 3492 3197 profecerit
3518 3124 3782 3188 dicerem,

2202 3223 2249 3279 si
2278 3241 2386 3280 non
2412 3223 2805 3280 contradiceret
2825 3237 2892 3277 ex
2922 3236 3118 3292 magna
3149 3228 3299 3290 parte
3323 3227 3516 3284 status,
3540 3217 3655 3273 imo
3683 3231 3783 3277 ca—

2200 3333 2295 3374 sus
2325 3330 2509 3371 rerum
2547 3313 2912 3384 praesentium.
2966 3311 3032 3365 Et
3073 3319 3255 3365 tamen
3299 3324 3398 3380 ego
3447 3307 3784 3363 vermiculus

2199 3408 2468 3465 neminem
2511 3406 2566 3459 in
2604 3405 2707 3459 hac
2738 3403 3112 3473 partejudico.
3162 3400 3295 3468 Quis
3331 3400 3477 3455 enim
3515 3414 3639 3454 sum
3679 3390 3775 3468 qui

2193 3501 2432 3571 judicem
2469 3498 2706 3552 alienum
2731 3495 2982 3550 servum?
3014 3509 3114 3548 suo
3145 3492 3377 3548 Domino
3398 3500 3526 3557 stat,
3558 3501 3652 3545 aut
3684 3506 3779 3545 ca-

2200 3593 2278 3647 dit
2302 3591 2474 3660 (Rom.
2504 3588 2636 3655 ιη’).
2665 3587 2783 3655 Ipse
2806 3587 2953 3640 enim
2974 3595 3195 3640 sanctus
3216 3586 3506 3654 episcopus
3528 3591 3778 3653 tempore

2203 3666 2493 3750 Reginari,
2525 3679 2616 3747 qui
2638 3678 2842 3731 tertius
2879 3685 3004 3745 post
3042 3677 3221 3745 ipsum
3245 3675 3528 3739 successit,
3554 3690 3779 3744 permu-

2202 3772 2460 3827 tationem
2482 3768 2723 3822 melioris
2745 3774 2918 3820 status
2941 3765 2995 3819 in
3017 3764 3268 3819 eumdem
3294 3752 3593 3817 antistitem
3616 3761 3779 3816 citius

2202 3860 2604 3924 vindicandam,
2626 3857 2840 3911 cuidam
2867 3856 3122 3927 religioso
3143 3853 3305 3907 fratri
3323 3851 3564 3906 revelare
3588 3849 3780 3920 digna-

2205 3963 2294 4009 tus
2318 3958 2420 4006 est.
2448 3948 2742 4003 Videbatur
2774 3946 2848 3999 illi
2878 3945 3022 4016 quod
3054 3944 3242 3999 Romae
3261 3950 3408 3997 esset
3439 3941 3493 3995 in
3523 3938 3775 4004 concilia,

2205 4052 2259 4097 et
2296 4040 2355 4095 Β.
2396 4040 2745 4093 Altmannum
2774 4035 2973 4091 eximio
3008 4033 3155 4089 cultu
3194 4048 3318 4087 cum
3357 4030 3626 4102 episcopis
3656 4029 3777 4100 plu-

2207 4134 2358 4188 ribus
2379 4129 2664 4185 infulatum
2694 4126 2799 4181 illic
2823 4126 3081 4182 assidere.
3106 4124 3209 4191 Qui
3231 4138 3585 4194 consurgens,
3598 4131 3777 4178 stans-

2206 4241 2310 4295 que
2334 4224 2386 4277 in
2409 4222 2587 4278 medio
2623 4237 2653 4275 a
2673 4219 2895 4274 domino
2927 4233 3067 4288 papa
3088 4216 3222 4287 petit
3244 4215 3569 4271 advocatum
3596 4228 3777 4268 causa:

2208 4332 2339 4372 suae.
2361 4314 2482 4380 Quo
2520 4323 2761 4380 accepto,
2806 4311 3080 4379 querelam
3123 4308 3378 4379 proponit
3401 4307 3468 4361 de
3505 4304 3777 4375 Reginam

2208 4409 2481 4477 episcopo,
2509 4385 2757 4457 asserens
2780 4416 2904 4454 eum
2923 4399 3297 4453 Pataviensem
3329 4389 3697 4465 episcopatum
3718 4394 3775 4448 in

2211 4497 2474 4553 emnobiis
2503 4510 2567 4549 ac
2596 4490 2868 4563 parochiis
2896 4489 3098 4559 optime
3124 4488 3447 4558 dispositum
3483 4486 3774 4551 invenisse,

545 4576 863 4633 Meurbercb
889 4576 1118 4640 dicitur,
1150 4574 1398 4629 hostibus
1425 4574 1678 4655 occurrit.
1714 4574 1819 4628 Sed
1851 4577 1991 4643 proh
2008 4576 2102 4631 do-

2210 4590 2328 4658 ejus
2357 4602 2485 4642 vero
2508 4583 2830 4654 negligentia
2854 4589 3104 4637 cunctam
3126 4595 3265 4649 pene
3290 4576 3605 4649 religionem
3629 4578 3679 4631 in
3710 4592 3776 4631 α)

545 4669 654 4723 lor!
707 4667 777 4722 ab
814 4665 1138 4722 adversariis
1185 4650 1910 4733 inspirateclrcinmventus,
1952 4680 2108 4740 cum,

544 4759 761 4815 turbato
796 4756 1057 4821 exercitu,
1094 4756 1150 4809 in
1191 4755 1362 4809 aciem
1394 4770 1451 4808 se
1490 4754 1737 4823 colligere
1773 4760 2112 4824 nequaquam

548 4859 797 4917 possent,
823 4848 948 4904 fuso
970 4849 1120 4917 prius
1152 4846 1407 4915 utrinque
1443 4844 1612 4899 multo
1648 4845 1908 4916 sanguine
1940 4847 2113 4903 hostis

548 4939 846 5006 praevaluit.
877 4938 1028 5002 Haec
1048 4945 1174 5007 sunt
1208 4936 1412 5015 judicia
1451 4943 1563 5000 tua,
1616 4933 1859 4989 Domine.
1908 4934 2001 4990 Sic
2032 4944 2110 5003 tu,

550 5028 807 5093 Domine,
861 5037 1028 5093 taces,
1073 5028 1238 5096 impio
1299 5027 1649 5082 conculcante
1696 5025 1983 5095 iustiorem
2032 5041 2107 5081 se.

548 5119 804 5191 Nunquid
842 5117 1036 5171 victrix
1074 5131 1236 5170 causa
1262 5118 1360 5172 tibi
1397 5118 1628 5188 placuit?
1655 5116 1711 5173 Si
1746 5117 1968 5188 placuit,
2005 5132 2109 5170 non

550 5215 614 5271 ad
640 5209 972 5267 vincentium
995 5208 1195 5283 placuit
1214 5211 1460 5277 salutem,
1484 5213 1576 5268 sed
1597 5214 1662 5267 ad
1687 5198 2107 5268 damnationem.

553 5302 644 5359 Sic
667 5303 812 5357 enim
845 5300 1178 5372 perditorum
1208 5299 1390 5369 perfici
1433 5295 1569 5355 sinis
1607 5304 1985 5370 perditionem,
2031 5304 2113 5358 sic

551 5410 643 5448 eos
664 5409 823 5448 ruere
857 5392 994 5447 facis
1021 5389 1075 5444 in
1100 5399 1248 5445 tuam
1277 5390 1674 5445 severissimam
1699 5391 2108 5446 districtionem.

554 5483 693 5539 Victi
721 5492 900 5540 autem
941 5499 1106 5539 causa
1146 5482 1290 5537 haud
1335 5483 1561 5536 dubium
1599 5482 1695 5535 tibi
1726 5482 1947 5554 placuit,
1988 5482 2115 5551 quia

558 5574 1063 5631 melioredcvotione
1085 5574 1229 5629 circa
1251 5572 1547 5631 Ecclesiam
1568 5580 1717 5627 tuam
1740 5581 1793 5627 et
1814 5572 2116 5626 Romanum

555 5666 858 5735 pontificem
894 5676 1002 5720 tam
1037 5682 1258 5736 gravem
1292 5666 1502 5719 hostem
1531 5663 1856 5718 exacerbare
1891 5676 2001 5715 non
2047 5662 2118 5714 ti—

556 5766 825 5812 muerunt.
858 5756 923 5811 Et
944 5757 1071 5827 quia
1105 5758 1386 5827 putabant,
1419 5754 1740 5824 obsequium
1771 5768 1831 5806 se
1860 5761 2117 5821 przestare

555 5843 682 5911 tibi,
715 5845 762 5900 si
796 5845 973 5909 hostes
1009 5858 1130 5905 tuos
1177 5847 1591 5919 repressissent.
1629 5859 1734 5899 non
1764 5853 2119 5913 pepercerunt

2208 4680 2521 4751 deperiisse.
2573 4676 2760 4732 Stabat
2801 4684 2980 4729 autem
3032 4672 3334 4743 Reginarus
3376 4678 3522 4725 retro
3556 4686 3586 4724 a
3620 4669 3775 4739 longe

2210 4768 2547 4839 perterritus.
2575 4765 2778 4833 Quaerit
2807 4761 3136 4839 apostolicus
3167 4775 3331 4830 super
3361 4760 3464 4814 bac
3491 4774 3549 4813 re
3573 4758 3772 4827 abepi-

2210 4860 2389 4929 scopis
2421 4858 2767 4920 sententiam,
2791 4851 2899 4909 nec
2924 4854 3082 4907 aliam
3104 4867 3269 4921 quam
3303 4848 3668 4905 damnationis
3691 4864 3778 4903 ac-

2210 4951 2351 5019 cepit
2371 4950 2439 5003 ab
2462 4948 2734 5002 omnibus.
2762 4943 2965 4999 Eodem
2994 4956 3122 5010 ergo
3143 4956 3289 4994 anno
3318 4940 3461 4993 idem
3480 4938 3778 5008 Beginarus

2216 5039 2583 5092 inﬁrmitatem
2620 5035 2826 5099 incidit,
2859 5032 2915 5086 in
2946 5045 3055 5101 qua
3076 5029 3241 5083 etiam
3263 5042 3436 5097 usque
3463 5027 3533 5081 ad
3552 5032 3777 5079 mortem

2216 5125 2542 5198 perduravit.

2288 5215 2442 5271 Nunc
2471 5230 2601 5286 ergo
2634 5230 2793 5284 quem
2825 5214 2987 5267 linem
3020 5210 3177 5274 vine,
3215 5207 3397 5261 verius
3424 5214 3603 5260 autem
3639 5210 3776 5277 quod

2218 5307 2543 5378 principium
2581 5306 2701 5361 vita:
2731 5305 2956 5360 sortitus
2978 5301 3049 5355 sit
3074 5301 3263 5353 beatus
3292 5298 3393 5363 vir,
3430 5298 3775 5369 explicemus.

2220 5397 2374 5453 Sicut
2398 5397 2543 5452 enim
2570 5395 2833 5466 scriptum
2862 5402 2977 5448 est:
2998 5388 3129 5444 Cum
3149 5390 3584 5442 consummaverit
3612 5389 3780 5451 homo,

2223 5498 2345 5540 tunc
2374 5489 2561 5556 incipit
2596 5485 2795 5557 (Eccle.
2818 5479 2993 5549 xvttt).
3024 5478 3340 5534 Transactis
3378 5479 3542 5550 igitur
3577 5480 3635 5534 in
3673 5480 3783 5548 epi-

2221 5586 2443 5645 scopatu
2470 5593 2597 5631 xxvi
2630 5574 2809 5638 annis,
2834 5580 2959 5641 post
2992 5570 3191 5625 multos
3219 5570 3428 5625 labores
3449 5578 3504 5624 et
3527 5570 3782 5625 adversus

2220 5664 2422 5720 bestias
2454 5663 2650 5734 Ephesi
2684 5674 2912 5731 pugnas,
2958 5674 3084 5712 cum
3125 5660 3238 5728 jam
3291 5661 3525 5729 placeret
3562 5657 3783 5715 Domino

2221 5755 2429 5808 enteriti
2478 5754 2664 5808 militis
2709 5751 2935 5805 sudores
2969 5766 3336 5816 remunerare,
3375 5750 3431 5804 in
3478 5749 3631 5813 villa,
3671 5762 3784 5816 qum

2225 5842 2543 5898 Zarzimuor
2567 5842 2781 5907 dicitur,
2817 5839 2964 5896 febre
3000 5850 3276 5912 correptus
3299 5847 3398 5898 est.
3434 5838 3553 5904 Qua
3591 5834 3786 5890 invale-
