3944 6372
185 498 301 556 883³)

1078 496 1362 552 ΑΡΡΕΝΙ).
1404 496 1489 551 Ill.
1529 526 1596 537 --
1635 492 2063 551 MONL‘MENTA
2098 494 2556 552 GllEGORl’ANA.

3323 497 3422 551 886

186 618 403 673 secuto,
430 608 697 663 intellexit
721 609 970 663 nantium
1004 610 1218 664 mortis.
1246 609 1324 663 Ad
1346 624 1536 678 quem,
1552 608 1762 663 etiamsi
1792 608 1837 663 Α
1867 603 2014 660 Unde
2056 604 2415 675 ingemiscens
2462 603 2763 659 clamabat:
2798 602 2908 658 lleu
2957 602 3234 670 miserum,
3281 608 3425 675 quod

184 716 301 770 pro
342 698 640 769 fragilitate
684 699 919 752 humana
968 698 1254 765 inhorruit,
1301 714 1400 768 pro
1438 699 1767 754 conscientia

188 798 386 844 tamen
414 787 562 842 bona
598 788 814 859 gavisus
835 796 935 852 est,
973 772 1149 843 sciens
1179 789 1323 857 quod
1358 788 1459 842 hac
1494 797 1647 856 porta
1686 788 1769 841 in-

190 884 375 931 traret
400 877 456 930 in
485 877 742 946 gaudium
776 874 988 929 Domini
1022 876 1125 930 sui.
1166 876 1367 946 itaque,
1403 877 1528 946 quia
1552 892 1658 930 non
1683 874 1768 930 di-

189 974 360 1020 xerat
383 965 510 1031 sibi,
535 980 640 1033 pax
662 972 711 1018 et
726 965 977 1017 securitas
997 963 1046 1035 (1
1055 963 1083 1017 Ι
1120 964 1296 1018 Thess.
1319 966 1400 1035 v),
1438 980 1545 1018 non
1577 979 1769 1032 repen-

190 1059 356 1113 tinus
399 1048 450 1112 ei
503 1056 812 1125 supervenit
854 1056 1120 1112 interitus.
1166 1056 1637 1115 Remommaverat
1685 1058 1773 1111 ille

192 1163 422 1217 semper
455 1146 749 1200 novissima
785 1162 879 1200 sua
907 1187 922 1211 ,
966 1155 1021 1200 et
1055 1161 1119 1199 ea
1145 1147 1345 1216 jugiter
1381 1146 1775 1201 desideraverat

192 1238 399 1292 dicens
420 1235 660 1305 quotidie
692 1236 744 1288 in
777 1234 938 1289 corde
960 1250 1087 1288 suo:
1109 1233 1339 1299 Quando
1364 1236 1581 1299 veniam,
1609 1245 1657 1288 et
1681 1252 1773 1303 np-

189 1327 400 1395 parebo
421 1336 540 1378 ante
562 1325 749 1394 faciem
786 1324 880 1378 Dei
896 1326 920 1377 ?
946 1322 1116 1394 (Psal.
1145 1326 1277 1391 xtl.)

277 1420 622 1490 Quapropter
656 1418 895 1475 sentiens
932 1418 1210 1470 imminere
1233 1415 1333 1469 sibi
1364 1415 1772 1471 dissolutionem

194 1512 458 1580 corporis
503 1510 611 1576 sui,
641 1510 698 1565 in
732 1526 843 1579 quo
871 1510 981 1578 jam
1024 1509 1115 1563 diu
1155 1507 1595 1577 peregrinabatur
1620 1523 1649 1559 a
1672 1505 1776 1559 Do-

198 1614 392 1664 nuno,
428 1600 582 1654 Ianus
618 1600 807 1655 orabat
842 1600 1027 1658 dicens
1058 1618 1070 1651 :
1104 1595 1252 1651 Edac
1288 1597 1350 1649 de
1386 1598 1623 1649 custodia
1657 1597 1775 1653 ani-

200 1703 356 1739 mam
385 1702 550 1739 meam
584 1686 653 1739 ad
677 1688 1027 1756 conﬁtendum
1062 1685 1260 1738 nomini
1287 1694 1377 1737 tuo
1405 1683 1577 1752 (Psal.
1608 1690 1771 1749 CXLI).

198 1776 279 1831 Et
300 1778 428 1848 quia
452 1785 676 1833 noverat
699 1786 751 1832 et
782 1792 1021 1848 perssepe
1050 1777 1310 1832 docuerat
1336 1776 1480 1845 quod
1505 1776 1570 1829 ad
1604 1790 1777 1843 quan-

198 1868 462 1922 tumlibet
476 1868 749 1938 justorum
770 1869 1180 1938 emigrationem
1199 1867 1492 1922 adversarii
1517 1865 1777 1934 colligunt-

1867 697 1988 765 plus
2030 711 2269 764 unquam
2312 695 2525 764 possedi
2565 694 2871 749 divitiarum
2918 710 3080 765 quam
3127 695 3425 764 simplicem

1866 786 2066 838 victum
2097 793 2151 837 et
2180 783 2432 837 vestitum
2451 785 2464 836 !

1937 872 2139 940 Agentc
2162 872 2338 940 itaque
2367 873 2420 924 in
2457 871 2712 925 extremis
2740 871 2902 939 bujus
2926 870 3170 925 mortalis
3189 871 3310 924 vita;
3337 886 3430 924 ve-

1870 960 2108 1013 nerando
2153 959 2410 1022 antistite,
2454 974 2562 1012 non
2602 974 2737 1026 Opus
2772 967 2887 1013 erat
2915 966 2974 1013 ut
3008 957 3075 1012 de
3100 957 3431 1027 providendo

1869 1052 2014 1104 exitu
2047 1065 2147 1103 suo
2172 1051 2296 1119 quis
2325 1064 2449 1103 eum
2470 1059 2855 1104 commoneret.
2882 1047 2997 1118 Ipse
3017 1049 3160 1103 enim
3181 1048 3281 1103 sibi
3304 1062 3433 1117 pro-

1870 1137 2075 1191 viderat
2110 1146 2224 1191 toto
2254 1147 2491 1206 tempore
2516 1137 2635 1191 vita:
2664 1152 2793 1199 sum,
2836 1146 2909 1202 et,
2949 1137 3077 1207 quia
3114 1137 3247 1191 lxne
3277 1137 3433 1190 vixe-

1874 1237 1975 1291 rat,
2013 1226 2238 1281 feliciter
2276 1228 2626 1282 moriebatur.
2671 1226 2922 1296 Alioquin
2980 1228 3026 1281 si
3083 1238 3211 1282 tunc
3258 1227 3436 1296 primo

1873 1314 2203 1367 commoneri
2235 1330 2360 1368 eum
2389 1328 2606 1369 necesse
2634 1314 2845 1380 fuisset,
2889 1323 3030 1369 recte
3070 1316 3437 1382 respondisset

1873 1406 2019 1474 quod
2042 1405 2360 1459 venerabilis
2381 1404 2611 1459 Chuono
2628 1404 3298 1474 RatispouensisEcelesite
3319 1405 3432 1473 cpi-

1875 1512 2098 1564 seopus,
2127 1506 2249 1550 ante
2274 1510 2400 1550 vero
2433 1495 2801 1565 Sigbergensis
2826 1497 3019 1562 abbas,
3055 1495 3353 1550 astantibus
3381 1502 3435 1548 et

1874 1595 2002 1641 tunc
2030 1588 2245 1641 domum
2273 1586 2532 1640 morituro
2558 1587 2983 1651 consulentibus,
3015 1588 3183 1640 fertur
3211 1602 3435 1655 respon-

1875 1675 2037 1729 disse.
2071 1676 2158 1728 Ait
2184 1675 2328 1729 enim
2362 1694 2373 1728 :
2406 1673 2542 1727 Bene
2563 1674 2767 1744 quidem
2800 1691 2877 1727 me
2905 1677 3144 1738 monetis,
3181 1692 3210 1726 ο
3230 1675 3353 1743 ﬁlii,
3378 1683 3433 1726 ut

1876 1765 1931 1816 in
1958 1762 2085 1815 liora
2114 1763 2211 1814 Imc
2244 1763 2517 1815 metuenda
2560 1779 2684 1815 mea:
2712 1763 3027 1831 prospiciam
3059 1762 3239 1815 saluti.
3279 1762 3434 1814 Nun-

1878 1854 2001 1924 quid
2034 1853 2127 1905 hoc
2152 1852 2339 1905 salutis
2367 1852 2729 1920 proponebatis
2759 1854 3055 1919 consilium,
3085 1853 3288 1922 (litando
3315 1853 3436 1925 pla:-

202 1968 304 2014 ιω-
354 1959 607 2029 spiritus,
642 1959 803 2014 etiam
849 1966 1039 2014 contra
1087 1959 1188 2013 hos
1240 1957 1513 2028 pugnabat
1544 1955 1728 2010 dicens
1762 1974 1774 2009 ε
1812 1951 1853 2003 Β
1879 1943 1983 1994 cuit
2014 1941 2152 1994 vobis
2172 1950 2228 1994 ut
2252 1957 2464 1994 munera
2495 1940 2712 1993 libenter
2742 1943 3045 2010 acciperem,
3089 1951 3144 1995 ut
3187 1943 3437 2013 spiritua-

201 2048 379 2103 Salva
401 2065 481 2102 me
506 2064 569 2102 cx
594 2065 680 2101 ore
701 2048 881 2114 leonis,
904 2056 953 2102 et
982 2066 1014 2102 a
1049 2046 1292 2101 cornibus
1328 2047 1655 2100 unicornium
1683 2044 1781 2098 Itu-

201 2139 492 2191 militatem
523 2153 689 2191 meam
718 2137 892 2208 (Psal.
931 2140 1063 2201 xxx).
1093 2137 1307 2191 Etcum
1338 2136 1405 2190 ad
1436 2135 1567 2189 illud
1591 2134 1779 2189 distri-

200 2237 361 2283 ctum
392 2242 617 2283 examen
653 2229 873 2297 superni
916 2226 1120 2283 Judicis
1155 2227 1418 2282 sollicitus
1457 2226 1778 2291 intenderet,

202 2315 435 2387 gemitu,
462 2329 572 2387 quo
596 2324 829 2387 poterat,
861 2324 914 2373 et
950 2316 1157 2373 intimis
1186 2316 1438 2389 suspiriis
1467 2317 1701 2372 adorans
1728 2322 1783 2370 et

203 2411 526 2481 supplicans
546 2412 621 2465 ait
644 2430 657 2466 :
685 2409 805 2465 Non
830 2413 989 2465 intres
1013 2414 1068 2465 in
1080 2412 1345 2481 judicium
1365 2428 1483 2466 cum
1509 2428 1651 2466 servo
1668 2420 1777 2482 lno,

204 2502 454 2571 Domine,
490 2506 612 2575 quia
650 2521 752 2558 non
770 2505 1155 2574 justiﬁcabitur
1181 2507 1235 2559 in
1265 2514 1536 2575 conspectu
1562 2515 1649 2558 tuo
1670 2522 1782 2559 om-

204 2597 294 2649 nis
317 2597 485 2651 vivens
508 2596 679 2667 (Psal.
728 2597 915 2666 chu).
956 2597 1240 2652 Advocans
1272 2598 1432 2651 etiam
1467 2605 1778 2651 sanctorum

208 2702 489 2757 quemque
525 2703 687 2758 quem
725 2698 1019 2754 amaverat,
1054 2703 1213 2757 quem
1252 2697 1539 2743 veneratus
1582 2687 1777 2754 fuerat,

204 2784 265 2827 et
296 2775 442 2829 illam
480 2784 603 2830 ante
635 2793 821 2833 omnes
849 2778 1058 2831 beatam
1096 2786 1148 2831 et
1183 2770 1472 2847 gloriosam
1508 2776 1599 2830 Dei
1632 2778 1782 2848 geni-

208 2865 403 2919 tricem
431 2864 687 2933 Mariam,
720 2869 808 2922 cui
834 2877 941 2922 tam
963 2868 1219 2923 decorum
1250 2868 1605 2923 constituerat
1625 2869 1780 2923 babi-

208 2950 475 3022 taCulum,
503 2965 565 3010 ut
589 2956 703 3026 ipsa
738 2975 862 3012 eum
896 2960 949 3012 in
985 2969 1339 3029 praeparatum
1366 2960 1468 3014 sibi
1498 2976 1528 3014 a
1558 2959 1666 3013 Deo
1695 2960 1782 3028 pia

207 3045 507 3101 deduceret
532 3046 977 3112 tabernaculum;
1014 3064 1113 3104 nec
1133 3064 1247 3105 non
1272 3058 1325 3103 et
1348 3050 1499 3104 illum
1528 3050 1621 3104 Dei
1657 3067 1783 3105 san-

208 3134 519 3193 ctissimum
549 3134 914 3190 confessorem
937 3144 992 3190 et
1017 3138 1324 3205 pontiﬁcem
1346 3136 1622 3193 Nicolaum
1638 3180 1653 3206 ,
1688 3154 1783 3194 cu-

203 3223 305 3293 jus
332 3236 549 3293 quoque
570 3220 865 3277 Ecclesiam
898 3239 1109 3278 summa
1139 3225 1778 3293 devotioneinstituerat;

1878 2032 1951 2083 lio
1978 2032 2277 2086 Simouiace
2316 2031 2603 2097 venderent,
2650 2040 2704 2083 ut
2736 2031 2944 2099 judicia
2983 2042 3341 2099 perverterem,
3381 2040 3439 2085 ut

1876 2131 2088 2191 peccata
2133 2122 2457 2176 subditorum
2500 2121 2922 2175 dissimularent?
2958 2120 3081 2175 Sero
3121 2122 3438 2190 providerem

1879 2212 2052 2277 modo,
2102 2214 2147 2265 si
2190 2212 2450 2282 hucusque
2490 2214 2698 2265 minime
2737 2213 3093 2281 providissent.
3138 2211 3225 2267 Sic
3253 2211 3439 2266 beatus

1882 2301 1975 2356 Dei
2002 2300 2237 2358 famulus
2266 2310 2475 2359 mature
2508 2301 2610 2358 sibi
2641 2310 3009 2373 prospexerat,
3041 2309 3099 2357 et
3129 2302 3249 2358 idco
3278 2315 3439 2372 exps-

1878 2395 2045 2450 ditius
2068 2396 2504 2465 transmigrabat.

1950 2483 2116 2552 Igitur
2136 2499 2163 2536 a
2191 2483 2454 2552 religiosis
2483 2483 2612 2536 viris
2634 2482 2751 2535 oleo
2774 2498 2928 2535 sacro
2958 2482 3230 2545 inunctus,
3253 2487 3306 2533 et
3333 2478 3441 2532 Do-

1878 2572 2094 2626 minicis
2129 2570 2483 2627 sacramentis
2529 2570 2779 2633 refectus,
2803 2569 3125 2623 benedicens
3158 2567 3281 2621 ﬁliis
3306 2568 3440 2631 suis,

1877 2672 1932 2717 et
1967 2677 2061 2716 eos
2098 2661 2305 2715 cmlesti
2338 2660 2482 2714 Patri
2536 2659 2788 2714 obnixius
2841 2658 3245 2721 commendans,
3300 2655 3442 2707 viam

1879 2752 2145 2805 universa:
2176 2750 2357 2804 carnis
2398 2749 2550 2804 laetus
2592 2748 2887 2817 ingreditur
2912 2760 3054 2800 anno
3089 2746 3156 2799 ab
3193 2744 3445 2798 Incurua-

1879 2843 2027 2896 tione
2056 2840 2269 2896 Domini
2297 2840 2455 2906 1091,
2496 2856 2549 2893 v1
2595 2838 2719 2893 ldus
2749 2836 3007 2907 Augusti,
3039 2836 3287 2889 flentibus
3312 2851 3445 2889 cun—

1880 2934 2001 2997 ctis,
2032 2941 2084 2986 et
2108 2932 2326 3002 planctu
2362 2929 2655 2984 miserabili
2689 2928 2995 2999 lugentibus
3020 2942 3078 2982 se
3114 2937 3262 2981 tanto
3288 2926 3447 2981 Patre

1881 3020 2118 3083 orbatos,
2165 3034 2222 3072 se
2258 3028 2407 3071 tanto
2449 3019 2698 3087 poutitice
2731 3018 3033 3070 destitutos.
3072 3013 3189 3069 Non
3230 3015 3446 3084 quidem

1882 3109 2191 3163 invidebant
2233 3110 2352 3179 ejus
2386 3109 2586 3180 glorim,
2628 3107 2719 3162 sed
2769 3122 2881 3161 sua:
2924 3121 3130 3177 magna:
3191 3104 3443 3158 dolebant

1884 3200 2133 3254 miseriae.
2167 3199 2320 3253 illum
2359 3200 2661 3269 gaudebant
2690 3197 2759 3250 ab
2797 3195 2999 3267 angelis
3038 3192 3258 3259 suscipi,
3298 3200 3351 3245 et
3392 3192 3442 3242 in

207 3282 326 3363 illis
348 3282 411 3363 se
433 3282 604 3362 totum
640 3309 1008 3377 commendat;
1046 3310 1167 3367 mos
1194 3312 1295 3367 vim
1327 3328 1439 3368 sua3
1471 3282 1703 3370 commisi
1724 3282 1778 3370 εί
1808 3286 1848 3342 C
1882 3293 2065 3346 beatas
2110 3290 2419 3343 mansiones
2464 3289 2757 3341 electorum
2797 3285 3010 3339 adduci.
3050 3282 3153 3336 Pro
3187 3298 3244 3336 se
3270 3297 3447 3351 geme-

203 3400 385 3453 duces
438 3407 722 3468 pneparat.
778 3398 887 3455 Illis
923 3402 1275 3457 nihilominus
1309 3403 1780 3459 administratoriis

204 3486 518 3556 spiritibus,
541 3501 769 3555 quorum
800 3488 972 3545 virtus
1009 3498 1064 3544 et
1095 3500 1333 3560 potestas
1362 3493 1662 3549 contrarias
1693 3509 1782 3547 ar-

204 3583 305 3632 cet
327 3584 642 3644 potestates,
680 3592 739 3631 se
762 3586 935 3633 totum
957 3579 1347 3648 circumvallat,
1368 3589 1426 3635 ut
1447 3582 1640 3637 merito
1675 3582 1781 3636 ini-

207 3664 349 3721 inici
383 3665 655 3721 daemones
682 3667 859 3723 dicere
879 3678 1141 3739 COgantur
1173 3689 1185 3724 :
1221 3669 1300 3724 En
1342 3664 1596 3735 lectulum
1623 3671 1785 3742 hujus

207 3754 478 3809 antistitis
510 3756 756 3809 ambiunt
782 3751 946 3811 fortes
971 3772 1038 3810 ex
1059 3756 1370 3813 fortissimis
1399 3758 1562 3813 Israel
1603 3779 1616 3814 :
1658 3760 1777 3814 0m-

206 3859 311 3897 ues
334 3851 559 3897 tenentes
589 3843 814 3912 gladios,
842 3853 889 3898 et
920 3844 988 3897 ad
1018 3838 1153 3899 bella
1170 3847 1458 3901 doctissimi
1481 3846 1656 3917 (Cant.
1681 3848 1782 3917 tu).

208 3934 366 4002 Quid
400 3936 488 3990 hic
505 3926 787 4013 astamus?
810 3936 1079 4006 Superant
1099 3953 1199 3993 nos
1224 3938 1315 3993 isti
1338 3940 1537 3993 virtute
1568 3949 1620 3993 et
1645 3941 1787 3994 mul-

207 4026 472 4081 titudine.
514 4024 703 4079 Nonne
732 4027 847 4096 ipse
882 4036 984 4094 est,
1021 4028 1114 4097 qui
1144 4044 1173 4082 a
1209 4030 1528 4099 corporibus
1559 4031 1789 4085 aliorum

206 4123 370 4171 tanta
410 4130 512 4168 nos
550 4114 753 4185 fugavit
791 4118 1088 4185 potestate?
1118 4118 1422 4173 Prmsertim
1456 4135 1578 4174 cum
1610 4120 1790 4190 plures

206 4206 331 4261 sint
350 4220 474 4259 cum
511 4204 603 4258 illo
626 4220 790 4274 quam
821 4206 1122 4261 nobiscum.

290 4292 460 4365 Igitur
484 4311 592 4349 non
640 4295 693 4348 in
728 4297 941 4362 castris,
975 4313 1084 4351 non
1113 4299 1166 4351 in
1207 4299 1373 4353 armis
1402 4315 1509 4353 non
1539 4300 1591 4353 in
1616 4299 1790 4357 famu-

206 4383 447 4439 lantium
490 4383 684 4437 decore
713 4392 841 4438 tunc
869 4386 1127 4455 temporis
1158 4397 1380 4444 sanctus
1406 4391 1604 4460 prtesul
1644 4407 1791 4461 spem

207 4476 515 4547 repositam
549 4475 766 4544 habuit,
798 4478 893 4532 sed
924 4478 978 4531 in
1011 4478 1242 4535 Domino
1275 4480 1385 4535 Deo
1425 4497 1544 4547 suo,
1578 4492 1631 4535 et
1666 4499 1794 4537 con-

208 4566 443 4621 scientia
496 4565 650 4631 bona,
677 4574 726 4620 et
754 4567 859 4636 ﬁde
909 4582 1009 4619 non
1046 4568 1171 4634 ﬁcta
1209 4566 1262 4637 (I
1297 4567 1429 4621 Tim.
1466 4572 1532 4635 t);
1573 4570 1714 4624 unde
1741 4580 1794 4625 et

210 4658 299 4713 ait
330 4675 344 4711 :
382 4654 516 4708 Mihi
544 4663 717 4709 autem
739 4656 1003 4709 adhwrere
1032 4654 1139 4707 Deo
1160 4654 1347 4708 bonum
1381 4665 1489 4721 est;
1520 4676 1703 4727 ponere
1736 4663 1791 4714 in

210 4746 447 4799 Domino
479 4743 588 4798 Deo
634 4759 775 4814 spem
810 4760 977 4798 meam
1019 4743 1192 4815 (Psal.
1222 4750 1411 4817 Lxxn).
1453 4746 1564 4804 liae
1605 4759 1787 4804 nostra

208 4838 380 4887 actate
402 4831 509 4886 hoc
538 4831 678 4886 idem
710 4829 795 4885 vir
832 4831 1029 4888 nobilis
1050 4842 1104 4887 et
1124 4834 1382 4902 pmdives
1403 4834 1528 4890 Otto
1552 4838 1618 4890 de
1646 4835 1786 4889 Len-

209 4921 464 4995 genbach
488 4921 658 4978 sensit
684 4930 740 4977 et
766 4920 1053 4985 confessus
1077 4932 1177 4978 est.
1210 4923 1312 4988 Qui
1354 4940 1477 4979 cum
1509 4926 1562 4978 in
1608 4935 1785 4980 extre-

213 5013 328 5070 mis
371 5022 574 5085 ageret,
626 5021 840 5084 raptus;
897 5014 991 5080 sed
1036 5014 1338 5083 quomodo,
1392 5014 1605 5080 nescio,
1643 5014 1785 5073 Deus

214 5108 355 5174 scit,
393 5107 708 5176 multaque,
761 5110 973 5162 rediens
1026 5108 1093 5161 ad
1148 5124 1244 5175 se,
1297 5125 1527 5167 narrans
1574 5121 1790 5169 ostensa

211 5205 276 5252 et.
304 5195 602 5263 intellecta;
643 5210 876 5265 quorum
915 5197 1083 5251 relatu
1116 5207 1243 5254 tunc
1275 5200 1494 5270 plurimi
1526 5203 1704 5258 mirati
1738 5214 1791 5259 et

213 5284 536 5355 compuncti
578 5294 724 5339 sunt.
770 5283 1009 5342 Tandem
1048 5286 1280 5358 singula,
1325 5305 1446 5359 quae
1479 5291 1647 5344 multa
1686 5292 1790 5345 sibi

215 5374 458 5438 fuerant,
481 5375 839 5430 denominans
862 5384 1039 5431 castra
1060 5375 1226 5443 :Quid
1255 5393 1419 5444 nunc,
1447 5378 1640 5445 inquit,
1671 5380 1790 5449 opis

215 5464 406 5520 ferunt
436 5470 617 5517 castra
645 5478 785 5529 mea,
812 5474 1168 5535 praepotentes
1193 5466 1398 5522 domini
1431 5467 1555 5531 mei,
1583 5467 1791 5522 charis-

218 5557 349 5612 simi
383 5554 546 5609 amici
578 5553 716 5609 mei?
738 5552 817 5607 Ex
855 5555 939 5609 bis
960 5556 1027 5611 de
1049 5558 1293 5611 omnium
1317 5560 1610 5626 desperans
1638 5560 1792 5611 auxi-

218 5647 325 5711 lio,
388 5644 661 5715 religiosis
707 5644 1014 5716 quibusque
1062 5646 1229 5701 multa
1273 5664 1332 5703 se
1379 5648 1791 5702 commendabat

217 5732 583 5787 contritione.
606 5733 865 5791 intellexit
898 5751 1131 5805 namque
1162 5745 1290 5790 tune
1317 5752 1438 5789 vere
1460 5752 1622 5804 quam
1656 5738 1791 5791 ditii-

218 5825 322 5883 cile
358 5822 513 5879 dives
553 5823 714 5878 intra!
750 5827 804 5879 in
848 5840 1072 5895 regnum
1101 5827 1358 5882 cmlorum
1394 5825 1608 5896 (Matth.
1655 5826 1785 5895 xix).

1881 3384 2010 3437 Laut
2046 3381 2098 3434 in
2133 3381 2234 3435 hac
2258 3380 2622 3450 lacrymarum
2649 3377 2785 3431 valle
2825 3376 2941 3430 sine
2975 3374 3313 3430 consolatore
3347 3373 3449 3431 mi-

1881 3487 1999 3527 sere
2026 3470 2355 3535 conservari,
2379 3479 2431 3523 et
2452 3470 2506 3522 in
2529 3469 2630 3521 hoe
2658 3468 2794 3521 mari
2824 3480 3017 3537 magno
3039 3464 3155 3520 sine
3179 3464 3447 3534 guberna-

1882 3571 1998 3615 tore
2032 3558 2403 3628 conquassari.
2444 3556 2673 3608 Ubinam
2704 3556 2846 3608 enim
2896 3555 2978 3608 his
3017 3553 3230 3616 diebus,
3265 3550 3355 3620 qui
3392 3549 3443 3600 in

1883 3651 2022 3703 ﬁlios
2048 3662 2176 3701 suos
2202 3646 2584 3714 patris-gerant
2605 3642 2874 3707 allectum,
2897 3651 2949 3696 et
2967 3641 3135 3711 patris
3148 3654 3419 3709 exsequan

1883 3745 1972 3790 tur
1999 3735 2265 3790 cilicium?
2293 3734 2440 3788 More
2472 3732 3186 3791 struthionum,indurantur
3212 3730 3266 3784 in
3287 3728 3448 3798 filios,

1884 3825 2040 3895 quasi
2072 3841 2176 3879 non
2206 3825 2313 3879 sint
2341 3825 2445 3891 sui,
2477 3834 2529 3878 et
2560 3822 2946 3879 consuetudine
2970 3820 3447 3883 mercenariorum,

1886 3938 1983 3992 pro
2015 3923 2179 3976 lucris
2208 3903 2593 3992 temporalibus
2615 3927 2792 3971 astant
2820 3918 2872 3969 in
2896 3918 3250 3986 prosperitate
3272 3930 3301 3967 a
3329 3916 3451 3981 qui-

1887 4014 1988 4066 bus
2012 4013 2110 4081 ipsi
2152 4011 2310 4080 primi
2336 4010 2515 4078 fugam
2548 4015 2734 4075 petunt
2781 4006 2832 4059 in
2879 4004 3215 4058 adversitate.
3266 4001 3448 4069 Longe

1888 4100 1987 4154 fuit
2018 4101 2118 4152 hoc
2139 4100 2208 4151 ab
2230 4100 2329 4151 hoc
2351 4106 2538 4150 saneto
2560 4096 2714 4149 Patre
2732 4137 2745 4160 ,
2774 4094 2824 4147 in
2848 4111 2955 4164 quo
2981 4091 3451 4162 superabundabat

1886 4201 1939 4245 et
1974 4191 2141 4261 patris
2174 4190 2390 4243 dilectio
2411 4198 2464 4243 et
2496 4189 2726 4259 pastoris
2757 4186 3079 4249 sollicitudo,
3103 4192 3155 4239 et
3176 4183 3449 4253 vigilantia

1890 4282 1942 4335 in
1970 4280 2240 4351 prosperis
2270 4287 2324 4334 et
2349 4278 2650 4333 constantia
2682 4277 2735 4329 in
2767 4274 3025 4329 adversis.

1958 4393 2195 4449 Conﬂuit
2250 4394 2451 4447 interea
2497 4391 2565 4443 ab
2596 4389 2741 4444 omni
2772 4397 2921 4459 parte
2944 4387 3174 4458 populus
3203 4387 3450 4443 innume-

1893 4485 2079 4539 rabilis
2107 4485 2171 4538 ad
2196 4482 2482 4549 exsequias
2507 4478 2793 4549 pontiﬁcis.
2822 4478 2988 4549 Luget
3010 4487 3121 4534 tota
3152 4479 3448 4548 provincia,

1893 4574 2203 4628 sublimium
2234 4570 2487 4640 dignitas,
2509 4579 2638 4624 tetas
2660 4569 2856 4633 omnis,
2890 4584 3052 4623 sexus
3075 4576 3316 4636 uterque.
3350 4565 3439 4615 γε,

1893 4661 2106 4715 tandem
2136 4676 2164 4715 a
2194 4660 2393 4715 Christi
2424 4659 2792 4715 sacerdotibus
2825 4658 3125 4713 sustollitur
3141 4670 3336 4723 corpus
3360 4670 3449 4707 ve-

1893 4753 2211 4819 nerandum,
2245 4770 2305 4807 ac
2331 4752 2497 4807 multa
2531 4751 2789 4806 nobilium
2815 4750 2967 4804 turba
2992 4749 3297 4811 comitante,
3326 4756 3449 4801 eum

1886 4843 2098 4898 inﬁnita
2128 4845 2307 4914 pepuli
2338 4843 2706 4908 multitudine,
2743 4857 2934 4910 magna
2957 4839 3173 4909 quidem
3214 4838 3305 4893 Dei
3340 4841 3454 4910 glo-

1890 4934 1992 5000 ria,
2049 4935 2141 4988 sod
2182 4935 2331 5005 gravi
2379 4934 2730 5003 bajulantium
2779 4930 3034 4983 ntu‘stitia
3092 4930 3146 4983 in
3215 4939 3453 4985 montem

1892 5024 2335 5095 liotwitgceasem
2392 5020 2827 5095 [Gemit-ensem]
2877 5020 3115 5074 alfertur.
3169 5021 3299 5084 Quis
3338 5021 3451 5088 jam

1889 5123 2104 5167 enarret
2136 5115 2397 5182 mugitum
2424 5121 2477 5164 et
2499 5110 2758 5162 ululatum
2797 5112 3024 5163 fratrum
3071 5109 3175 5161 illic
3205 5109 3453 5162 habitan—

1893 5204 2024 5255 tium
2049 5203 2191 5269 quod
2221 5217 2376 5253 mons
2405 5209 2545 5252 totus
2580 5200 2877 5269 increpuit?
2910 5198 3212 5266 lugentibus
3243 5198 3452 5252 (unciis

1889 5289 2103 5342 Patrem
2152 5289 2553 5352 ebarissimum,
2606 5288 2813 5340 Patrem
2857 5286 3181 5353 piissimum,
3237 5285 3447 5339 Patrim

1890 5379 2312 5435 sanctissimum.
2344 5380 2568 5433 Advolat
2591 5376 2818 5445 populus
2847 5378 3085 5444 quotidie
3113 5376 3331 5437 multus,
3367 5375 3448 5426 di-

1890 5471 2060 5523 vitum
2086 5478 2140 5524 et
2169 5483 2482 5539 pauperum,
2520 5466 2669 5516 llilllil
2705 5463 2834 5529 Deo,
2865 5475 2917 5517 et
2940 5481 2996 5518 se
3026 5465 3097 5515 illi
3138 5462 3447 5528 Stlpplit‘iltt'

1892 5560 2289 5613 commendare.
2316 5555 2457 5608 inter
2478 5568 2617 5623 quos
2648 5555 2946 5608 ιυγρηιιιιῑίυ
2970 5551 3241 5603 memoria-
3270 5550 3446 5601 arcin-

1893 5650 2178 5717 episeopus
2225 5645 2633 5715 Salzpurgensis
2672 5643 2856 5695 Ticino
2908 5641 2974 5692 ab
3032 5653 3282 5706 episcopo
3336 5639 3445 5691 Alt-

1896 5754 2120 5803 manno,
2153 5746 2333 5805 utpote
2370 5754 2397 5790 a
2435 5736 2771 5803 sull‘ragatwo
2815 5748 2911 5784 suo
2952 5737 3316 5789 consecratus,
3354 5746 3442 5796 qui

1894 5820 2053 5881 etiam
2096 5836 2281 5895 postea
2321 5826 2738 5892 Hierosolymam
2791 5831 2991 5888 pet-ps.
3040 5838 3064 5869 ςι
3112 5824 3332 5887 paganis
3360 5832 3438 5872 vst
