3944 6402
191 496 352 556 880.

1094 503 1385 562 APPEND.
1415 504 1506 564 lli.
1543 537 1614 548 —
1650 506 2087 566 NONUMENTA
2119 511 2582 573 GREGORJANA.

3363 529 3467 585 sco
3490 599 3494 602 ,

187 623 329 681 qua:
346 607 548 680 virtus,
575 625 702 685 qua
722 611 985 690 libertas?
1009 618 1313 695 secundum
1343 635 1598 691 magnam
1625 620 1790 679 mise-
1817 625 1865 683 Α
1889 632 2059 693 geret.
2087 621 2354 679 Intellein
2378 626 2461 680 vir
2488 624 2580 680 Dei
2601 626 2893 694 _visioncm,
2916 644 3148 701 eamque
3180 639 3470 708 praeposito

190 701 506 762 ricordian
530 718 692 763 suam
709 707 828 779 agit
854 705 1139 777 Dominus,
1167 719 1227 765 ut
1251 725 1348 781 per
1384 712 1658 768 exteriora
1686 713 1789 768 mi-

194 800 403 857 racula
422 810 777 873 agnoscatur,
805 819 971 874 quam
1006 806 1314 864 admirandi
1354 808 1503 866 intus
1532 811 1661 878 sint,
1694 826 1792 882 per

192 913 353 969 quos
375 899 493 969 ipse
515 897 654 955 foris
674 908 787 956 tam
818 901 959 956 mira
980 912 1258 973 operatur.

277 984 587 1048 Pensemus
618 1005 770 1062 ergo,
820 990 1019 1049 fratres
1047 994 1379 1062 charissimi,
1426 1012 1534 1071 qua
1563 1012 1790 1054 venera-

191 1080 361 1136 tione
382 1081 794 1151 amplectendus
829 1084 902 1139 sit
937 1083 1028 1139 hic
1061 1083 1301 1144 famulus
1335 1086 1451 1155 Dei,
1482 1088 1640 1157 cuius
1674 1105 1790 1147 mc-

188 1173 310 1229 rita
337 1174 595 1244 prebare,
620 1183 678 1230 et
711 1179 1098 1234 commendare
1118 1180 1214 1249 per
1235 1189 1385 1243 tanta
1410 1181 1675 1236 miracula
1699 1182 1787 1238 di-

186 1272 408 1341 gnatus
426 1278 513 1326 est
537 1269 826 1329 Dominus.
858 1271 940 1330 Sit
978 1283 1180 1330 nostrae
1221 1275 1557 1343 diffidentiae,
1594 1277 1642 1333 si
1677 1293 1787 1348 qua

187 1369 390 1418 tamen
416 1372 502 1419 est
526 1364 694 1437 (absit
714 1375 897 1422 autem
929 1374 991 1421 ut
1019 1366 1131 1423 ulla
1164 1367 1256 1439 sit)
1293 1368 1605 1426 invincibile
1626 1386 1789 1442 argn-

186 1465 476 1525 llentum,
499 1462 649 1532 quod
675 1461 767 1537 ille
795 1456 1104 1540 animarum
1137 1475 1455 1523 nostrarum
1489 1469 1710 1524 morbos
1734 1477 1788 1524 ct

184 1550 499 1624 languores
520 1565 810 1628 promptus
839 1567 895 1614 et
936 1566 1132 1629 potens
1162 1569 1246 1615 est
1280 1577 1504 1629 curare,
1539 1561 1633 1632 qui
1675 1570 1787 1617 tam

182 1647 422 1716 crebro,
444 1657 665 1722 tamque
686 1652 775 1721 pie
794 1653 1140 1719 infirmitates
1162 1670 1457 1725 corporum
1478 1672 1588 1711 non
1610 1659 1789 1714 tardat

184 1743 459 1801 allevare.
492 1743 604 1801 Nec
640 1747 789 1803 enim
816 1748 1058 1805 dubitari
1097 1750 1274 1817 debet,
1316 1751 1441 1821 plus
1474 1752 1625 1807 illum
1654 1769 1786 1825 pro-

183 1832 365 1891 desse
409 1835 546 1892 velle
590 1837 883 1915 animabus
923 1856 1089 1911 quam
1133 1842 1486 1913 corporibus;
1525 1846 1785 1914 quoniam

185 1925 426 1997 quidem
450 1928 667 1984 illarum
694 1930 845 1987 salus
870 1941 1071 1989 teterna
1101 1943 1213 2001 est;
1251 1936 1470 1997 illorum
1494 1948 1626 1992 vero
1658 1954 1861 2023 cumq,

186 2014 341 2087 ipsis
358 2018 561 2088 pariter
583 2030 709 2091 post
730 2019 1006 2078 modicum
1029 2024 1325 2085 defectura.

270 2103 573 2178 ﬂuensque
601 2124 669 2163 ex
712 2113 935 2182 scriptis
968 2113 1183 2183 piorum
1228 2115 1284 2171 S.
1327 2116 1606 2174 Altmanni
1636 2128 1785 2190 gesta

187 2198 569 2257 narravimus.
608 2197 744 2268 Quis
778 2202 1062 2259 hominum
1100 2216 1253 2276 putet
1294 2198 1430 2265 illos
1457 2209 1661 2281 aliquid
1700 2212 1786 2265 iu-

187 2288 437 2357 certnm,
471 2290 579 2359 vel,
604 2293 750 2363 quod
785 2297 1112 2369 sacrilegum
1148 2309 1314 2367 esset,
1344 2301 1549 2372 aliquid
1584 2302 1783 2359 falsum

189 2377 267 2433 ad
326 2388 575 2450 posteros
627 2386 1034 2469 transmisisse,
1096 2404 1220 2447 cum
1281 2392 1486 2470 optime
1534 2393 1786 2452 noverint

190 2463 379 2523 Deum
428 2469 637 2526 nullius
690 2465 852 2543 egere
895 2476 1219 2533 mendacio?
1277 2463 1381 2535 scd
1442 2489 1496 2536 et
1533 2496 1621 2548 ea,
1662 2497 1785 2553 quae

188 2558 447 2629 quntiéie
498 2561 603 2617 sub
659 2562 835 2622 oculis
884 2568 1239 2636 prensantium
1286 2570 1430 2624 fiunt
1479 2569 1779 2638 mirabilia,

188 2648 482 2718 prieribus
504 2659 852 2721 atteslantur,
896 2655 1078 2725 priora
1115 2660 1443 2714 conlirmant
1468 2668 1522 2715 et
1562 2667 1777 2730 augent.

187 2736 283 2792 Ad
319 2754 443 2810 quae
468 2740 845 2811 describenda,
872 2746 1192 2818 priusquam
1228 2751 1571 2818 accedamus,
1607 2752 1781 2822 expli-

189 2827 456 2887 cabimus
480 2830 805 2890 forsan’non
827 2836 1091 2895 inutiliter
1112 2856 1234 2910 qua:
1258 2856 1444 2909 causa,
1466 2845 1574 2913 quo
1591 2844 1782 2898 ordine

192 2930 598 2986 monasterium
624 2931 1000 3006 Kotwigcense
1027 2936 1602 3013 (Gotwicense),'quod
1629 2941 1779 2995 illum

192 3014 486 3090 fundasse,
529 3031 583 3079 et
627 3027 801 3085 sacris
842 3030 1062 3087 ossibus
1107 3033 1224 3088 suis
1268 3033 1569 3091 illustrasse
1615 3050 1780 3105 supra

193 3109 512 3181 retulimus,
554 3131 594 3199 ‘a
632 3119 808 3188 prima
852 3136 951 3177 sua
998 3123 1340 3180 institutione
1388 3126 1777 3181 canonicorum

192 3200 456 3260 videlicet
488 3200 818 3279 regularium
847 3212 904 3269 in
939 3215 1314 3271 monachicam
1358 3218 1775 3287 professionem,

192 3300 263 3353 Ilt
290 3291 783 3366 imprazsentiarum
808 3318 1031 3360 cernere
1051 3306 1193 3373 licet,
1220 3308 1555 3363 demutatum
1580 3310 1669 3364 sit.

272 3382 542 3456 Tempore
588 3393 881 3450 venerandi
932 3396 1196 3451 antistitis
1243 3399 1389 3457 venit
1437 3400 1491 3452 in
1534 3407 1774 3456 montem

180 3469 450 3532 Kotwicb
479 3479 760 3552 presbyter
789 3485 1010 3554 quidam
1055 3486 1274 3543 natione
1318 3487 1533 3556 Scotus,
1566 3489 1775 3560 profes-

191 3565 358 3622 sione
382 3571 701 3641 monachus,
731 3572 1145 3634 conversatione
1172 3572 1474 3651 religiosus.
1497 3580 1777 3653 Congrue—

191 3655 300 3713 bat
316 3660 367 3714 ei
381 3675 579 3718 nomen
603 3666 748 3735 quod
772 3666 1031 3734 habebat;
1050 3670 1331 3726 dicebatur
1351 3672 1495 3727 enim
1517 3672 1772 3738 Joannes,

188 3749 349 3820 quod
375 3763 553 3819 sonat,
582 3754 759 3824 gratia
780 3756 899 3811 Dei.
945 3757 1140 3815 Dilexit
1171 3761 1312 3817 hanc
1341 3765 1572 3832 gratiam
1601 3767 1653 3818 in
1683 3766 1774 3819 illo

189 3837 429 3899 antistes
456 3840 802 3925 A'ltmannus;
829 3854 902 3913 et,
932 3836 991 3903 ut
1023 3848 1248 3905 liberius
1274 3850 1362 3904 ille
1394 3866 1580 3906 secum
1613 3853 1770 3907 habi-

188 3936 371 3999 taret,
417 3933 652 4004 quodam
700 3945 855 3993 arcto
897 3939 1227 4008 habitacula,
1276 3942 1432 4013 juxta
1486 3943 1771 3999 ecclesiam

186 4020 374 4081 beata
396 4024 580 4083 Maria:
602 4044 701 4098 pro
721 4030 991 4089 desiderio
1009 4044 1063 4089 et
1085 4038 1344 4105 petitione
1369 4053 1465 4093 sua
1488 4054 1611 4093 eum
1639 4054 1772 4093 con-

185 4110 382 4166 clusit.
413 4111 680 4172 Videbam
712 4118 964 4177 homines
996 4139 1159 4193 opera
1201 4126 1345 4181 illius
1375 4128 1538 4193 bona,
1572 4138 1626 4183 et
1659 4130 1771 4197 glo-

185 4199 486 4258 rificabant
512 4202 727 4262 Patrem
754 4224 937 4276 suum,
965 4211 1059 4281 qui
1080 4210 1133 4266 in
1158 4214 1313 4268 cmlis
1333 4224 1416 4269 est
1443 4214 1660 4284 (Matth.
1688 4216 1764 4285 v).

186 4288 376 4347 Verba
401 4309 620 4366 quoque
652 4298 799 4354 illius
825 4300 1055 4357 libenter
1083 4305 1402 4372 audiebant;
1433 4309 1687 4377 quoniam
1715 4316 1769 4363 et

183 4380 314 4471 ipsa
345 4386 577 4456 gratiam
612 4390 898 4461 sapiebant
930 4404 986 4449 et
1027 4396 1458 4455 aediﬁcationem.
1491 4399 1620 4456 Post
1649 4403 1769 4457 obi-

184 4467 313 4531 tum
338 4471 476 4563 vero
498 4479 643 4536 beati
663 4480 962 4555 Altmanni,
990 4488 1045 4544 in
1066 4492 1226 4561 cujus
1250 4493 1439 4548 diebus
1470 4495 1592 4563 agni
1623 4496 1765 4551 illius

1889 715 2123 771 fratrum
2153 715 2416 783 referens,
2445 719 2758 775 consuluit:
2789 729 2973 792 turpes
3004 739 3249 796 quosque
3274 728 3470 789 exinde

1887 804 2101 874 projici,
2144 814 2200 860 et
2244 806 2501 865 seductos
2550 808 2620 863 ab
2664 808 2745 864 eis
2794 810 3111 880 pmnitentia
3157 819 3465 878 emundari.

1888 895 2043 965 Quod
2065 907 2266 965 tamen,
2294 914 2419 954 eum
2442 898 2725 956 infamiam
2752 902 2911 973 cujus
2934 902 3071 959 fetor
3100 906 3315 978 longius
3335 927 3465 981 pro-

1888 996 2127 1044 cesserat
2169 989 2354 1046 minus
2399 990 2742 1061 reprimeret,
2786 994 3067 1063 prolixiori
3109 998 3269 1054 taedio
3311 1002 3464 1070 victi,

1887 1079 2006 1136 loco
2035 1081 2228 1137 cedere
2250 1097 2443 1137 omnes
2463 1082 2841 1140 decreverunt.

1959 1191 2173 1248 Rursus
2199 1209 2332 1264 ergo
2362 1203 2488 1250 ante
2521 1194 2667 1250 fatus
2690 1194 2928 1252 Joannes
2957 1198 3145 1255 divino
3171 1199 3468 1271 inspiratus

1888 1284 2122 1339 consilio
2152 1286 2409 1352 consulit,
2445 1294 2507 1341 ut
2528 1285 2918 1357 professionem
2956 1288 3161 1359 pariter
3192 1300 3470 1350 mutarent

1887 1384 1941 1429 et
1966 1375 2229 1446 habitum,
2273 1392 2528 1434 asserens
2567 1386 2622 1433 et
2658 1379 3004 1449 promittens,
3031 1380 3079 1436 si
3105 1390 3386 1439 mutarent
3412 1394 3470 1441 et

1887 1473 2151 1536 augerent
2190 1475 2398 1532 votum,
2433 1468 2580 1537 quod
2623 1477 2754 1523 tunc
2786 1470 2984 1539 prioris
3017 1468 3253 1527 infamizc
3293 1479 3467 1530 totum

1886 1566 2147 1614 exuerent
2167 1560 2541 1631 opprobrium.
2567 1558 2749 1614 Placet
2761 1562 3083 1629 consilium;
3108 1562 3282 1633 placet
3301 1564 3466 1620 etiam

1886 1658 1948 1703 ut
1967 1648 2203 1721 eligatur
2230 1651 2422 1722 religio
2447 1652 2863 1707 monachorum.
2895 1651 3130 1709 Proinde
3154 1656 3465 1713 consultum

1885 1739 2101 1796 videtur
2133 1749 2195 1797 ut
2237 1758 2331 1799 res
2362 1743 2479 1814 ipsa
2524 1745 2592 1799 ad
2632 1744 2894 1800 domnum
2933 1762 3127 1815 papam
3176 1748 3465 1808 referatur.

1886 1828 2068 1885 Placet
2093 1839 2149 1886 et
2179 1832 2258 1886 illi
2294 1835 2526 1889 mutatio
2555 1835 2790 1891 dextera:
2821 1835 3020 1890 excelsi
3051 1836 3224 1906 (Psal.
3256 1841 3464 1910 Lxxvt).

1888 1918 2055 1991 igitur
2079 1921 2444 1978 Chuonradus
2474 1926 2821 1995 praepositus,
2855 1926 2950 1995 qui
2973 1923 3172 1981 Outoni
3196 1928 3470 1987 secundus

1888 2020 2245 2075 successerat,
2283 2021 2336 2066 et
2371 2029 2430 2067 se
2464 2014 2629 2082 hujus
2657 2016 2977 2071 mutationis
3012 2016 3163 2085 pium
3200 2015 3467 2074 fautorem

1886 2109 1942 2156 et
1974 2109 2252 2157 auctorem
2282 2103 2607 2172 praebuerat,
2637 2090 2970 2160 consensum
3015 2104 3246 2179 Romani
3281 2105 3468 2176 ponti-

1887 2192 2006 2249 ficis
2028 2192 2320 2249 Oudalrico
2356 2192 2666 2249 Pataviensi
2704 2194 2982 2265 episcopo,
3024 2196 3118 2266 qui
3152 2197 3311 2253 beato
3347 2196 3466 2254 Alt-

1885 2295 2091 2335 manno
2132 2292 2494 2349 successerat,
2529 2283 2694 2338 citius
2732 2283 2956 2350 indicat,
2983 2292 3037 2339 et
3072 2286 3128 2340 in
3173 2286 3281 2342 hoc
3318 2296 3469 2343 tanto

1885 2371 2123 2441 negotio,
2153 2388 2269 2428 suae
2297 2390 2518 2445 quoque
2549 2375 2891 2431 auctoritatis
2914 2385 2967 2431 et
2995 2377 3343 2435 discretionis
3369 2393 3470 2450 po-

1886 2464 2053 2519 stulat
2084 2463 2395 2520 consilium.
2432 2463 2623 2537 Itaque
2656 2465 2947 2523 Oudalrico
2978 2468 3235 2539 episcopo
3261 2483 3467 2524 consu-

1884 2556 2031 2613 lente
2058 2566 2113 2613 et
2151 2559 2449 2627 adnitente,
2488 2558 2880 2628 liartmannus,
2918 2562 3011 2631 qui
3045 2559 3247 2631 prioris
3288 2558 3467 2616 ollicio

1886 2646 2216 2719 fungebatur
2245 2652 2300 2705 in
2336 2652 2674 2707 monasterio
2703 2651 2761 2707 S.
2798 2651 2984 2720 Blasii,
3022 2654 3189 2709 abbas
3227 2653 3465 2725 eligitur.

1882 2737 1949 2792 Et
1974 2740 2186 2794 merito.
2215 2740 2345 2795 Erat
2366 2743 2512 2797 enim
2539 2743 2623 2796 vir
2646 2744 2958 2812 religiosus,
2992 2745 3046 2797 in
3074 2745 3246 2800 sacris
3271 2743 3467 2800 litteris

1882 2829 2085 2898 optime
2106 2830 2428 2899 instructus,
2453 2833 2639 2887 suavis
2668 2847 2939 2900 sermone,
2968 2841 3022 2887 et
3045 2833 3112 2887 ad
3142 2841 3464 2890 cunctorum

1881 2918 2166 2975 hominum
2197 2922 2517 2992 qualitatem
2559 2920 2986 2988 informandam,
3021 2938 3115 2978 seu
3155 2921 3464 2990 fovendam,

1881 3013 2267 3067 convenienter
2289 3014 2613 3084 dispositus.
2647 3013 2804 3083 Huic,
2837 3023 2898 3070 ut
2920 3016 3035 3086 ipse
3060 3023 3181 3085 post
3204 3013 3468 3092 fratribus

1882 3106 2145 3169 narravit,
2192 3105 2249 3162 S.
2292 3108 2619 3162 Altmannus
2660 3108 2717 3161 in
2762 3108 2972 3162 somnis
3000 3092 3305 3179 'apparuit,
3338 3121 3464 3162 cum

1881 3196 2058 3269 adhuc
2103 3197 2156 3251 in
2204 3198 2463 3268 pnedicto
2502 3190 2841 3261 monasterio
2888 3196 3074 3253 Sancti
3115 3197 3279 3253 Blasii
3323 3196 3466 3254 foret

1807 3301 1848 3358 (ς
1881 3289 2230 3355 constitutus,
2270 3289 2589 3358 virgamque
2627 3289 2957 3359 pastoralem
3013 3290 3063 3343 ei
3114 3289 3360 3354 tradidit,
3409 3296 3464 3345 et

1876 3378 2187 3431 cwnobium
2226 3378 2601 3449 Kotwigcense
2625 3379 2921 3447 regendum
2953 3378 3372 3433 commendavit.

1945 3467 2258 3536 Assumptis
2306 3482 2438 3538 ergo
2493 3468 2628 3522 viris
2684 3466 2956 3537 religiosis
3005 3467 3212 3524 electus
3256 3467 3457 3536 abbas,

1875 3558 2087 3613 cunctis
2142 3558 2425 3624 ﬂentibus,
2460 3559 2573 3630 qui
2621 3559 2743 3629 ejus
2792 3558 3002 3629 pridem
3048 3559 3463 3616 laetificabantur

1876 3650 2255 3715 contubernio,
2288 3651 2677 3721 proﬁciscitur,
2710 3660 2874 3722 atque
2908 3650 2975 3706 ad
3002 3666 3133 3707 oves
3163 3668 3193 3708 a
3220 3651 3331 3708 Deo
3357 3653 3459 3708 sibi

1874 3743 2285 3797 commendatus
2310 3744 2656 3812 perveniens,
2685 3742 3058 3815 favorabiliter
3086 3745 3374 3814 excipitur,
3404 3750 3461 3800 rt

1868 3826 2255 3889 communibus
2291 3834 2535 3889 omnium
2574 3836 2717 3891 votis
2753 3835 2822 3891 ab
2853 3835 3109 3904 episcopo
3148 3832 3459 3891 Pataviensi

1873 3918 2050 3974 debita
2087 3937 2211 3976 cum
2244 3924 2623 3980 benedictione
2654 3924 3027 3985 confirmatur.
3055 3919 3266 3977 Exhinc
3296 3921 3459 3978 inha-

1871 4011 2105 4068 bitantes
2136 4013 2231 4081 ibi,
2256 4015 2375 4069 sine
2409 4030 2561 4068 mora
2588 4024 2642 4067 et
2678 4013 3041 4083 refragationc
3071 4012 3309 4083 priorem
3334 4029 3458 4069 mu-

1872 4110 1989 4155 tant
2028 4102 2295 4167 habitum;
2335 4112 2549 4158 mutant
2580 4112 2636 4158 et
2682 4105 2950 4175 animum,
2983 4115 3200 4164 mutant
3237 4116 3292 4165 et
3338 4100 3459 4163 stu?

1868 4189 2040 4244 dium.
2090 4190 2415 4247 Exsultabat
2466 4209 2631 4265 super
2679 4195 2787 4252 hoc
2832 4204 2996 4263 terra,
3045 4197 3218 4268 magis
3267 4206 3451 4253 autem

1868 4283 2101 4351 cce-lum;
2126 4284 2216 4340 ubi
2243 4286 2501 4357 gaudium
2524 4288 2831 4343 celebratur
2850 4304 3015 4358 super
3039 4304 3148 4343 uno
3168 4297 3456 4359 peccatore

1867 4375 2241 4444 pmnitentiam
2264 4386 2456 4447 agente
2483 4377 2635 4450 (Luc.
2666 4378 2777 4446 xv),
2801 4386 3008 4447 quanto
3027 4377 3264 4450 amplius
3288 4397 3455 4453 super

1865 4474 2141 4520 tantorum
2180 4465 2357 4522 salute
2386 4478 2443 4523 et
2470 4467 2847 4524 correctione?
2880 4466 2960 4523 Ex
2997 4476 3127 4526 tunc
3162 4471 3320 4526 multi
3352 4488 3451 4527 no-

151 4597 156 4601 -
182 4556 513 4625 monasterii
542 4575 905 4643 pascebantur
934 4553 988 4632 in
1018 4553 1210 4635 ordine
1237 4597 1357 4647 suo,
1387 4553 1634 4639 nonnulli
1660 4586 1763 4639 sub
1862 4553 1999 4609 biles
2023 4555 2091 4612 de
2123 4559 2324 4613 smul"
2359 4558 2425 4611 ad
2466 4556 2637 4611 Deum
2684 4560 2950 4628 comem,
2981 4568 3037 4617 εί
3077 4562 3211 4617 “ma
3253 4561 3355 4618 νίτί
3389 4578 3449 4617 ³ο

183 4661 374 4689 οηιηιὲη
408 4647 669 4689 ..,...-....“..;
714 4647 862 4689 -41.)-
910 4647 1143 4689 _.‘___._c
1181 4672 1196 4689 ι
1279 4674 1290 4685 ο
1402 4675 1476 4689 ,η
1523 4676 1579 4689 _..
1720 4678 1731 4689 ι
1795 4633 2164 4689 Βῆῖαιιίηιίηω
2208 4650 2417 4689 Ινέιδριιο
2481 4667 2689 4689 ciinnnn
2732 4654 2912 4689 nmnia
2960 4654 3014 4689 in
3052 4671 3211 4689 “clum
3256 4669 3447 4689 massa-

181 4661 374 4748 specie
406 4678 673 4732 agnorum
707 4650 867 4723 corda
904 4679 1152 4739 gerentes
1181 4672 1365 4743 lupina
1396 4675 1611 4747 (Matth.
1641 4678 1760 4749 vn),
1795 4650 1840 4689 υ
1864 4650 2438 4749 disc??“"”,"°dmt
2481 4667 2689 4723 suaque
2721 4654 2915 4749 Immin
2960 4654 3015 4709 in
3052 4671 3213 4711 "sum
3256 4669 3448 4749 "Pu?-

179 4740 255 4832 εξ
288 4736 518 4831 diversis
557 4754 692 4812 locis
720 4759 863 4827 pulsi
896 4736 951 4815 et
991 4762 1203 4836 profugi
1242 4736 1339 4822 illo
1363 4736 1759 4825 confluxerunt:

178 4835 294 4904 Qui
337 4849 460 4909 post
484 4843 759 4905 modicum
801 4862 928 4927 vere
968 4850 1081 4923 lupi
1123 4835 1465 4923 apparentes,
1509 4863 1670 4927 atque
1704 4859 1760 4913 in

178 4927 396 4987 rabiem
428 4933 596 5016 versi,
639 4945 697 4992 et
735 4936 938 5008 lupinis
982 4934 1235 5003 dentibus
1273 4945 1505 5003 aliorum
1554 4950 1762 5019 simpli-

178 5022 339 5080 citati
367 5012 574 5081 venena
603 5043 715 5085 suae
739 5032 960 5085 malitiae
983 5030 1364 5104 infundentes,
1392 5040 1757 5095 innocentiam

178 5120 236 5171 et
272 5110 469 5198 bonam
508 5114 732 5193 famam,
766 5134 886 5188 quae
924 5120 1055 5175 inibi
1097 5118 1439 5185 sanctiSsime
1481 5129 1756 5198 floruerat,

176 5209 237 5255 et
285 5188 488 5267 bonum
538 5188 759 5260 odorem
798 5206 958 5262 suum
993 5210 1150 5283 longe
1196 5215 1408 5289 lateque
1448 5188 1755 5288 diti‘uderat,

179 5302 312 5351 corr
352 5306 539 5364 rupere
567 5304 622 5349 et
643 5296 863 5352 iniicere
887 5314 993 5353 non
1022 5302 1335 5359 timuerunt.
1370 5306 1525 5364 Unde
1550 5310 1753 5366 factum

177 5374 271 5433 est
302 5393 365 5466 ut
384 5379 537 5436 locus
566 5385 680 5457 ipse
707 5376 861 5443 fieret
887 5397 1242 5464 contemptui,
1274 5390 1485 5452 horrori
1525 5409 1578 5454 et
1608 5400 1756 5456 dcte—

178 5469 405 5527 station;

499 5576 655 5653 igitur
691 5586 1038 5659 Altmannus,
1066 5596 1224 5662 cujus
1253 5598 1440 5653 oculos
1481 5601 1755 5660 credimus

343 5668 453 5741 sup
486 5690 511 5727 ς
549 5675 721 5731 le:qu
767 5680 943 5749 ipsum
981 5683 1071 5739 die
1113 5700 1177 5738 ac
1220 5696 1398 5749 nocte,
1444 5705 1543 5759 per
1574 5690 1751 5749 visum

178 5761 439 5832 pmditto
472 5768 718 5835 apparuit
751 5770 946 5828 Joanni
986 5792 1359 5839 communem,
1404 5790 1459 5833 ut
1499 5781 1566 5836 de
1595 5798 1753 5840 corno

174 5869 417 5918 nouem
444 5857 619 5931 ipsum
645 5876 920 5935 purgaret,
943 5878 997 5923 rt
1020 5870 1243 5925 fetos-tm
1271 5870 1521 5926 stmmris
1544 5874 1753 5929 abster-

1863 4740 2014 4795 stcrii
2058 4737 2306 4795 conferre
2353 4752 2658 4812 cceperunt.
2711 4742 2898 4812 Crevit
2939 4759 3037 4813 per
3072 4757 3199 4797 eum
3246 4741 3447 4799 abinde

1860 4828 2003 4883 fama
2030 4836 2084 4883 et
2107 4834 2407 4889 reverentia
2438 4834 2573 4901 loci;
2606 4843 2968 4891 surrexerunt
2991 4832 3237 4901 mdiflcia,
3272 4833 3444 4891 libro-

1858 4934 1983 4972 rum
2030 4921 2185 4992 copia
2229 4926 2420 4994 erevit,
2465 4934 2520 4981 et
2558 4926 2737 4981 omnis
2783 4934 3011 4981 ornatus
3053 4925 3442 4998 mysteriorum

1859 5008 2188 5068 divinorum.
3092 5036 3100 5043 ‘

1921 5148 1993 5201 At
2018 5148 2152 5203 nihil
2183 5149 2286 5203 hoc
2315 5147 2509 5216 fuerat,
2540 5149 2588 5205 si
2626 5150 2835 5207 scilicet
2854 5150 3219 5223 profecissent
3258 5152 3438 5223 parie-

1851 5246 1954 5303 tes,
1980 5248 2036 5291 et
2077 5239 2180 5293 sub
2214 5241 2370 5294 ruina
2412 5256 2593 5297 mores
2618 5243 2972 5297 mansissent.
3000 5238 3098 5296 liis
3125 5242 3306 5312 potius
3345 5241 3433 5295 in-

1851 5330 2126 5387 struendis
2166 5333 2250 5387 vir
2286 5349 2452 5405 sagax
2485 5333 2810 5405 invigilavit;
2848 5331 3027 5389 sciens
3055 5333 3200 5405 quod
3242 5346 3348 5386 non
3374 5331 3429 5387 in
3482 5343 3489 5348 '

1850 5423 2178 5481 manufactis
2218 5426 2429 5480 habitat
2460 5414 2606 5480 Deus
2645 5425 2786 5495 (Act.
2825 5426 2985 5497 xvn),
3034 5426 3129 5480 sed
3158 5424 3214 5478 in
3254 5424 3429 5477 ratio-

1854 5516 2129 5573 nabilibus
2170 5516 2491 5572 sanctarum
2528 5514 2840 5571 animarum
2882 5515 3117 5585 templis,
3155 5528 3277 5584 quae
3324 5514 3433 5583 piis

1854 5606 1996 5661 votis
2020 5608 2323 5676 eriguntur,
2352 5606 2641 5675 proficiunt
2665 5608 2945 5678 religione,
2973 5614 3027 5659 ct
3046 5620 3431 5659 consumman-

1854 5705 1945 5751 tur
1964 5696 2382 5765 perseverantia.
2410 5694 2478 5749 Et
2498 5696 2625 5767 quia
2656 5698 2843 5769 gloria,
2871 5703 2930 5748 ut
2960 5694 3183 5765 quidam
3210 5694 3429 5765 sapiens

1853 5788 1945 5849 ait,
1984 5786 2145 5840 etiam
2182 5788 2410 5841 invitum
2446 5788 2712 5858 sequitur,
2740 5786 2903 5855 coepit
2933 5786 3013 5839 vir
3053 5784 3157 5839 iste
3194 5800 3428 5858 ntaguus

1855 5876 2036 5929 haberi
2081 5877 2147 5930 ab
2190 5878 2273 5929 his
2315 5879 2512 5947 quibus
2554 5886 2665 5931 erat
2708 5891 2903 5931 nomen
2947 5890 3229 5944 magnum,
3270 5875 3425 5946 juxta
