3944 6406
519 521 611 572 31H

1498 523 1587 576 AI)
1624 522 1848 577 OI‘I‘LIM
1891 522 1946 573 ὃ.
1988 519 2310 574 (ἱΙίῌζΟΙίΙΙ
2347 520 2768 579 APPENDICES

3661 531 3762 588 Βθέ

517 648 709 683 nomett
741 648 1079 701 magnorum,
1109 634 1201 703 qui
1226 644 1352 689 sunt
1376 635 1428 688 in
1454 645 1595 688 terra
1624 655 1634 688 :
1663 644 1715 688 et
1745 634 1862 687 ideo
1887 633 2086 702 passim
2121 634 2163 687 Α
2193 642 2270 688 tes
2297 633 2415 702 ejus
2465 650 2562 704 pro
2584 652 2649 690 eo
2673 636 2898 691 tideliter
2939 638 3258 708 oravissent,
3281 640 3431 697 domi
3464 642 3687 711 relatus,
3715 659 3766 699 et

515 723 878 776 oiTerebantur
920 726 967 778 ei
1004 725 1327 794 dignitatum
1361 725 1552 779 insula!
1585 736 1634 780 et
1679 726 1970 777 multorum
2007 736 2090 776 re—

517 814 694 878 gimen
729 817 1212 870 monasteriorum.
1245 816 1576 884 Factumque
1612 824 1776 869 estut
1811 831 1903 866 rex
1931 813 2091 866 IIein-

518 904 664 954 rit-us
691 902 728 953 Υ
760 921 883 956 eum
909 905 1337 973 (Iampodonensi
1377 908 1667 976 praefici-ret
1707 906 1952 970 abbatiar,
1992 921 2089 958 nec

507 994 698 1046 minus
725 997 1015 1063 episcopus
1040 997 1273 1050 civitatis
1305 997 1559 1067 Augustae
1593 1015 1715 1050 eum
1762 997 2090 1050 monasterio

508 1084 562 1136 ὃ.
605 1084 879 1138 Dtnlalriei
925 1099 1288 1156 przeponeret;
1327 1091 1543 1160 duxque,
1576 1092 1869 1145 (Zariuthize
1907 1107 2092 1146 (δαιηο-

511 1179 663 1230 bium
701 1178 756 1231 S.
805 1180 1074 1234 Lamberti
1123 1183 1171 1236 ei
1210 1185 1619 1251 gubernandum
1663 1189 2085 1242 eonnnendz‘irct.

590 1269 758 1337 IIujus
797 1271 1007 1335 diebus,
1045 1273 1302 1340 quoniam
1337 1285 1524 1342 gratus
1572 1287 1625 1330 ct
1655 1289 1925 1346 acceptus
1975 1291 2090 1332 erat

517 1362 679 1412 eurize
724 1360 1000 1427 Romamn,
1049 1364 1329 1434 privilegia
1378 1366 1660 1433 impetrata
1719 1379 1841 1421 sunt
1889 1371 2089 1436 quibus

515 1449 668 1501 lorus
707 1452 818 1518 ipse
843 1453 1087 1504 munitus
1125 1463 1177 1506 et
1203 1452 1613 1509 'eorroboratus
1651 1469 1752 1510 est.
1792 1458 1866 1511 Eo
1910 1470 2086 1514 :mtem

515 1540 580 1590 de
616 1540 713 1592 hac
743 1542 860 1593 Iuee
897 1543 1171 1608 submoto,
1208 1557 1584 1600 successerunt
1625 1550 1672 1600 ei
1719 1550 1816 1601 viri
1852 1551 2088 1617 pruden-

515 1638 614 1691 tes,
640 1639 692 1682 et
721 1630 998 1698 religionis
1025 1643 1295 1687 amatores
1323 1653 1335 1698 ;
1369 1652 1606 1703 quorum
1644 1637 1906 1691 industria
1931 1649 1982 1692 et.
2005 1639 2086 1691 vi-

510 1719 730 1785 gilantia
779 1724 1169 1776 monasterium
1216 1739 1281 1777 eo
1317 1741 1491 1794 usque
1542 1728 1765 1794 pmfeeit
1799 1739 1854 1782 ut
1880 1731 2088 1784 cunctis

509 1808 835 1870 viventibus,
878 1810 1244 1866 indubitanter
1281 1814 1480 1882 liqueat
1510 1820 1646 1886 quod
1692 1837 1800 1871 rere
1833 1818 2086 1872 Dominus

507 1910 583 1950 est
616 1900 669 1949 in
695 1900 807 1950 loro
851 1901 987 1962 ilio;
1018 1918 1108 1954 nec
1137 1912 1214 1955 est
1270 1903 1344 1956 ibi
1369 1905 1518 1957 aliud
1565 1908 1670 1959 nisi
1709 1908 1894 1959 domus
1923 1908 2016 1960 Dei
2037 1919 2082 1960 et

2194 722 2337 775 illico
2370 723 2532 776 noxio
2574 724 2798 779 humore
2840 737 3179 794 erumpente,
3209 730 3430 785 sanitati
3482 733 3763 788 restitutus

2191 823 2269 867 est
2280 853 2293 866 .
3635 829 3640 832 “

2262 904 2389 959 Erat
2419 908 2638 976 quidam
2679 909 2743 962 dc
2778 922 3043 982 conventu
3091 912 3615 988 fratrum‘ejusdem
3649 935 3768 973 mo—

2192 999 2436 1062 nasterii,
2477 999 2683 1067 quidiu
2731 1003 3052 1064 gravissima
3099 1006 3414 1062 infirmitate
3451 1010 3764 1079 depressus,

2192 1085 2566 1154 desperatione
2602 1094 2985 1159 recuperandae
3009 1095 3398 1153 incolumitatis
3427 1115 3534 1153 non
3575 1115 3765 1170 parum

2191 1176 2656 1246 ina-stit‘ieabatur.
2704 1179 2993 1236 Revelatur
3035 1184 3251 1239 cuidam
3305 1189 3484 1242 sorori
3525 1189 3767 1258 ejusdem

2192 1266 2313 1329 ἰοί-ί,
2348 1283 2469 1320 eum
2501 1269 2744 1335 pristina:
2767 1272 2987 1326 sanitati
3023 1277 3443 1342 restituendum,
3473 1280 3519 1334 si
3548 1281 3616 1336 ad
3650 1297 3765 1336 me-

2192 1357 2417 1410 moriam
2453 1358 2593 1411 beati
2636 1360 2911 1414 Altmanni
2948 1364 3252 1422 oblationes
3297 1385 3396 1437 pro
3421 1371 3511 1423 illo
3536 1371 3767 1426 oﬂ‘eran—

2193 1456 2297 1512 tur,
2335 1457 2388 1500 et
2415 1450 2579 1503 missa
2610 1468 2717 1505 una
2748 1435 2845 1522 pro
2877 1454 3124 1512 fidelibus
3149 1457 3421 1514 defunctis
3446 1461 3573 1524 illic,
3599 1478 3767 1532 {egro-

2195 1547 2246 1589 to
2275 1551 2556 1606 priesente,
2593 1544 2910 1600 celebretur.
2941 1548 3240 1603 Advehitur
3276 1552 3366 1605 ille
3394 1552 3448 1605 in
3472 1555 3766 1623 gestatoria

2189 1641 2424 1696 quatuor
2459 1637 2819 1702 portantibus,
2861 1639 3076 1695 duobus
3116 1642 3238 1698 aliis
3271 1644 3401 1698 hinc
3441 1646 3566 1701 inde
3611 1657 3766 1700 nuta-

2193 1720 2429 1774 [auidum
2468 1728 2918 1782 sustentantibus.
2973 1729 3116 1785 Inter
3143 1749 3297 1788 sacra
3346 1737 3605 1806 mysteria
3640 1738 3767 1792 viri-

2191 1811 2290 1865 bus
2323 1816 2525 1868 sensim
2575 1822 3034 1886 aeerescentibus,
3087 1823 3266 1878 alieno
3309 1830 3686 1883 sustentaculo
3713 1847 3768 1884 se

2192 1919 2294 1956 non
2313 1920 2468 1972 egere
2493 1909 2790 1963 astruebat.
2812 1910 2972 1965 Missa
2999 1927 3128 1967 vero
3159 1916 3423 1984 completa
3451 1919 3518 1972 ad
3544 1919 3765 1974 domum

509 2000 663 2055 porta
714 1990 828 2042 (α’Ιὶ
875 1990 1025 2057 (Ceu.
1076 1993 1290 2058 xxviii).
1340 1994 1663 2049 Benedictus
1719 1998 1771 2050 in
1811 1999 2082 2062 omnibus,
2123 1979 2160 2030 Β
2190 1993 2528 2049 inlit'umrum
2597 2001 2917 2068 regreditur,
2969 2003 3085 2058 suis
3139 2003 3254 2073 jam
3308 2016 3468 2061 utens
3517 2009 3765 2077 pedibus,

507 2081 598 2145 qui
640 2081 814 2132 omnia
861 2099 1176 2152 qim’etmqiw
1233 2085 1451 2137 coluerit
1509 2088 1636 2155 facit
1671 2091 1722 2140 in
1769 2090 1892 2142 (tr/0
1942 2102 1989 2143 el
2034 2093 2086 2143 in

511 2183 672 2234 terra,
699 2173 750 2223 in
779 2173 912 2224 mari
939 2183 987 2225 et
1034 2175 1086 2226 in
1118 2177 1355 2228 omnibus
1395 2177 1597 2244 abyssis
1625 2179 1797 2241 (Psal.
1826 2186 2043 2236 cxxxtv)
2071 2201 2081 2235 :

510 2259 607 2325 ipsi
638 2260 829 2324 honor,
858 2262 975 2315 laus
1006 2273 1058 2316 et
1095 2265 1287 2331 gloria,
1321 2276 1371 2319 et
1409 2269 1704 2335 gratiarum
1738 2271 1878 2323 actio
1907 2272 1958 2324 in
1986 2289 2085 2326 sae-

507 2353 626 2404 utla
656 2355 1000 2406 saeculorum.
1037 2356 1231 2410 Amen.

580 2440 671 2495 llis
699 2443 770 2496 ita
794 2444 1078 2512 explicitis,
1111 2447 1443 2502 redeundum
1477 2451 1712 2504 arbitror
1736 2453 1800 2505 ad
1828 2468 1887 2506 ea
1921 2455 2084 2508 mira-

509 2535 626 2587 cula
685 2537 958 2589 memoria:
1023 2538 1306 2593 hominum
1375 2543 1822 2608 commendamla,
1883 2547 2083 2612 quibus

508 2639 678 2691 usque
704 2623 756 2676 in
784 2625 1105 2679 hodiernum
1140 2628 1280 2680 diem
1317 2631 1419 2681 sub
1454 2632 1628 2683 Oculis
1665 2635 1865 2686 nostris
1893 2636 2080 2688 merita

505 2712 691 2765 famuli
718 2714 800 2766 sui
830 2713 1090 2770 Dominus
1146 2727 1456 2784 attestatur,
1504 2731 1665 2789 atque
1695 2724 1760 2775 ad
1796 2725 1914 2792 ejus
1951 2742 2081 2778 eon-

503 2806 862 2859 \ersalioneln
890 2808 1204 2863 imitandam
1238 2815 1497 2880 przesules
1523 2825 1832 2869 uestrorum
1865 2817 2075 2871 diertnn

503 2895 732 2948 suscitat
757 2906 810 2948 et
844 2897 1051 2950 invitat.
1077 2898 1209 2952 Nam
1239 2901 1283 2953 si
1310 2901 1470 2955 fallax
1499 2903 1662 2970 lmjus
1694 2906 1878 2958 mundi
1908 2907 2078 2974 gloria

506 2982 1092 3055 ipsosdelectat,longe
1127 2988 1249 3055 plus
1285 2988 1372 3042 illa
1397 2991 1476 3043 eis
1502 2991 1728 3059 petenda
1754 2991 1891 3045 foret
1914 3010 2076 3062 quam

507 3069 766 3126 Dominus
790 3074 970 3142 gloria:
996 3089 1186 3129 eorum
1219 3078 1460 3132 aviditati
1489 3083 1936 3146 communiearet,
1971 3101 2076 3137 non

502 3177 627 3214 cum
657 3164 845 3217 umbra
879 3165 1040 3233 lmjus
1071 3169 1318 3222 mortalis
1341 3171 1462 3224 vitae
1487 3172 1795 3237 finiendam,
1829 3176 1940 3239 sed,
1967 3188 2074 3230 tam

505 3248 593 3303 hic
635 3267 800 3318 quam
847 3251 1042 3308 futune
1090 3256 1440 3313 beatitudinis
1500 3263 1554 3314 in
1588 3279 1752 3331 regno
1804 3265 1921 3317 sine
1973 3266 2076 3319 line

505 3340 658 3395 beata
689 3353 738 3396 et
766 3343 1088 3401 inconcussa
1123 3349 1391 3405 soliditate
1424 3369 1852 3422 pernuuisnram.

577 3430 822 3496 Quodam
870 3446 1129 3505 tempore,
1186 3440 1406 3496 infesto
1438 3445 1793 3499 dedicationis
1831 3450 2078 3503 ecclesiae

504 3523 679 3590 puella
733 3527 1000 3592 quaedam,
1061 3530 1361 3586 smvissirno
1412 3548 1654 3605 correpta
1706 3539 1968 3604 d:emone,
2023 3542 2076 3594 in

503 3626 801 3682 conspectu
851 3615 1081 3671 fratrum
1133 3621 1347 3676 divinas
1397 3625 1581 3679 laudes
1623 3629 1964 3695 psallentium
2010 3631 2078 3683 ad

503 3706 744 3759 tumbam
774 3706 830 3760 S.
879 3707 1152 3763 Altmanni
1191 3722 1398 3780 astans,
1425 3715 1806 3769 miserabiliter
1852 3727 2076 3787 torque-

503 3793 681 3846 batur.
709 3793 775 3847 Et
803 3810 930 3850 ecce
962 3809 1182 3865 repente
1211 3802 1498 3857 horrendis
1523 3805 1745 3859 vocibus
1767 3808 2077 3862 exclamans

502 3895 560 3937 ut
588 3884 938 3954 adjuvaretur
973 3890 1299 3958 postulabat.
1331 3891 1432 3946 Sed
1464 3895 1586 3961 quis
1609 3895 1892 3949 hominum
1927 3907 2076 3952 tanto

502 3977 720 4030 horrori
750 3980 1005 4033 accedere
1042 3984 1436 4049 praesumeret?
1463 3984 1628 4039 Aﬂuit
1675 3996 1852 4040 tamen
1889 3989 2076 4041 invisi-

503 4067 680 4121 biliter
701 4069 888 4123 beatus
923 4073 1168 4138 antistes,
1192 4085 1242 4128 et
1274 4077 1529 4131 miseram
1563 4079 1708 4132 illam
1740 4081 1790 4132 in
1839 4096 2076 4148 praesen-

501 4162 572 4212 tia
597 4171 916 4215 cunctorum
945 4177 973 4216 a
1001 4171 1271 4218 tormento
1300 4169 1504 4220 salvam
1539 4169 1662 4223 fecit
1688 4181 1850 4238 atque
1873 4173 2074 4225 daemo-

501 4251 613 4303 nio.
655 4251 766 4318 Illa,
815 4255 868 4306 in
900 4271 958 4310 se
990 4272 1226 4322 reversa,
1255 4276 1469 4315 sacram
1516 4260 1780 4314 Dominici
1831 4264 2074 4330 corporis

501 4340 940 4395 communionem
973 4343 1076 4397 sibi
1107 4346 1221 4398 dari
1258 4350 1427 4416 petiit,
1455 4365 1549 4418 per
1575 4366 1738 4418 quam
1775 4365 1804 4403 a
1837 4351 2075 4420 maligno

501 4429 696 4497 spiritu
733 4432 869 4485 ultra
898 4451 954 4487 se
979 4437 1255 4489 tutandam
1297 4455 1405 4492 non
1429 4441 1711 4497 dubitavit.

575 4519 725 4575 Unus
753 4539 816 4575 ex
862 4523 1080 4578 famulis
1126 4531 1440 4583 monasterii
1493 4532 1665 4585 multo
1708 4543 1948 4602 tempore
1991 4537 2074 4589 lu-

503 4610 648 4664 mine
696 4614 916 4668 orbalus
975 4617 1281 4684 oculorum,
1335 4638 1457 4674 eum
1514 4624 1630 4676 loca
1680 4635 1864 4679 sancta
1913 4641 2072 4694 pera-
2108 4653 2150 4706 Ι)

502 4711 730 4769 grasset,
787 4705 876 4757 ubi
926 4708 1132 4761 meritis
1181 4718 1497 4764 sanctorum
1543 4715 1790 4768 sanitatis
1843 4719 2073 4785 gratiam

503 4796 773 4862 sperabat,
801 4813 902 4850 nec
927 4798 1242 4863 invenisset,
1288 4801 1354 4853 ad
1387 4804 1776 4858 monasterium
1807 4807 1982 4872 rediit,
2024 4819 2077 4861 et

504 4885 557 4936 in
604 4887 716 4940 suis
765 4888 1018 4953 tenebris,
1059 4898 1116 4942 ut
1150 4889 1323 4957 prius,
1381 4893 1552 4946 tristis
1608 4895 1824 4949 mansit.
1887 4895 2078 4952 Incidit

504 4973 796 5042 aliquando
821 4978 987 5029 menti
1010 4977 1128 5045 ejus
1155 4987 1213 5030 ut
1240 4995 1397 5032 suum
1422 4981 1761 5048 potissimum
1786 4995 2074 5053 patronum

502 5079 662 5130 prece
688 5063 956 5119 indefessa
983 5081 1080 5133 pro
1126 5068 1458 5123 restituendo
1498 5071 1597 5124 sibi
1654 5071 1856 5126 lumine
1882 5074 2066 5142 implo-

505 5162 669 5206 raret.
708 5154 954 5223 Cumque
1008 5156 1253 5209 crebrius
1297 5168 1459 5228 atque
1493 5161 1741 5216 devotius
1778 5172 1955 5216 oraret
1989 5164 2074 5216 die

502 5245 758 5314 quadam,
808 5263 931 5300 cum
985 5248 1051 5301 ad
1103 5247 1288 5301 valvas
1342 5250 1595 5317 basilicae,
1644 5270 1810 5322 puero
1859 5264 2076 5326 regente.

503 5350 720 5399 gressus
775 5334 915 5404 ejus,
974 5353 1296 5407 egressurus
1350 5343 1701 5409 pervenisset,
1768 5345 1947 5399 subito
2002 5347 2077 5400 ai‘.

505 5441 710 5492 puero:
741 5425 869 5480 Sine
916 5442 1020 5491 me,
1055 5440 1322 5496 quatenus
1361 5448 1455 5501 per
1499 5449 1584 5486 me
1627 5434 1870 5502 gradiar;
1919 5436 2074 5489 video

502 5513 719 5581 quippe.
753 5514 819 5569 Et
843 5516 910 5569 ab
931 5531 994 5569 ea
1035 5515 1165 5570 hora
1203 5521 1367 5573 exivit
1401 5523 1468 5574 ad
1505 5538 1641 5591 Opus
1669 5539 1850 5587 suum,
1885 5524 2072 5578 videns

502 5613 553 5655 et
582 5604 838 5671 gaudens,
863 5616 916 5660 et
944 5608 1170 5662 laudans
1205 5608 1392 5663 Deum.

574 5692 714 5748 Puer
757 5696 998 5764 quidam,
1045 5699 1204 5769 cujus
1255 5716 1349 5770 pes
1393 5705 1688 5758 enormiter
1744 5705 2077 5760 intumuerat

508 5785 640 5837 adeo
666 5795 723 5839 ut
770 5788 856 5842 vix
897 5789 1295 5846 discerneretur
1339 5811 1406 5848 an
1453 5796 1755 5848 membrum
1810 5797 1936 5849 illud
1982 5813 2072 5866 pes

511 5875 688 5946 luerit,
713 5879 777 5934 ad
813 5883 1118 5953 sepulcrum
1147 5884 1286 5940 beati
1316 5886 1412 5941 viri
1437 5887 1700 5943 adductus
1734 5904 1853 5943 cuni
1880 5904 2072 5958 paren-

2191 2099 2300 2135 uno
2328 2094 2535 2140 tantum
2561 2087 2726 2144 fratre
2749 2109 2872 2145 eum
2897 2095 3201 2163 adjuvante.
3235 2095 3446 2168 Integra
3469 2115 3598 2154 vero
3621 2102 3767 2156 sani-

2187 2185 2295 2228 tate
2327 2188 2444 2246 post
2473 2195 2674 2248 paucos
2700 2183 2815 2237 dies
2841 2197 3073 2255 recepta,
3105 2187 3334 2258 impiger
3369 2191 3437 2244 ad
3471 2190 3646 2246 cilicia
3667 2208 3772 2248 sua

2188 2270 2460 2337 sur-gebat,
2492 2273 2773 2340 egrediens
2809 2283 2860 2327 et
2897 2279 3208 2346 regrediens
3231 2279 3297 2333 ad
3350 2279 3642 2349 imperium
3671 2283 3766 2336 ab-

2186 2359 2327 2412 batis
2355 2361 2459 2414 sui.

2256 2460 2438 2516 Puella
2487 2463 2733 2532 qtuedam
2772 2465 2838 2521 de
2872 2467 3046 2521 vicina
3101 2469 3246 2534 villa,
3293 2486 3415 2538 qua:
3463 2469 3771 2542 Murltngen

2185 2552 2503 2619 appellatur,
2547 2554 2655 2608 lilia
2704 2557 2986 2622 cujusdam
3033 2559 3246 2613 honesti
3290 2569 3345 2614 et
3386 2561 3502 2615 noti
3555 2562 3765 2627 militis,

2185 2644 2271 2695 cui
2312 2659 2506 2696 nomen
2564 2655 2680 2698 erat
2730 2645 3069 2712 “plebei-us,
3122 2652 3404 2719 repentina
3452 2653 3691 2724 paralysi
3737 2672 3766 2707 a

2185 2735 2360 2788 media
2391 2744 2539 2804 parte.
2566 2737 2809 2806 corporis
2833 2748 3081 2809 correpta
3107 2749 3206 2794 est.
3242 2740 3556 2797 Vocabatur
3579 2753 3764 2799 autem

2183 2818 2542 2888 illa,'Perlha.
2572 2829 2738 2882 Atfttit
2772 2831 2846 2883 illi
2876 2831 3212 2885 medicorum
3266 2849 3375 2900 ars,
3407 2835 3617 2903 profuit
3639 2851 3773 2889 vero

2180 2918 2335 2970 nihil.
2355 2917 2602 2972 Consulit
2624 2919 2868 2973 medicus
2898 2921 3030 2989 ipsc,
3053 2937 3150 2990 per
3176 2924 3368 2978 merita
3401 2923 3458 2979 S.
3486 2925 3770 2981 Altmanni

2180 3009 2424 3062 divimnn
2466 3010 2646 3078 potius
2689 3011 3090 3081 implorandum
3142 3016 3427 3071 auxilium.
3461 3018 3769 3074 Adducitur

2181 3101 2268 3153 illa
2300 3100 2366 3153 ad
2399 3102 2708 3169 sepulcrum
2738 3102 2840 3155 viri
2870 3101 2985 3157 Dei.
3012 3102 3217 3159 Oravit.
3254 3103 3640 3162 Oraveruntet
3669 3124 3767 3178 pas

2177 3203 2358 3248 rentes
2380 3194 2499 3262 ejus
2525 3212 2538 3259 ;
2589 3193 2949 3263 exauditaque
2979 3203 3064 3250 est
3095 3197 3271 3255 oratio
3302 3197 3531 3254 fideliter
3556 3202 3767 3273 suppli-

2106 3304 2147 3360 c
2181 3287 2442 3351 cantium,
2480 3295 2534 3338 et
2582 3286 2790 3339 sanitas
2831 3286 3079 3340 restituta
3108 3291 3473 3347 exauditionis
3517 3292 3665 3350 facta
3687 3296 3770 3351 es!

2185 3377 2420 3445 signum.
2447 3374 2641 3429 Mansit
2666 3384 2868 3442 tamen,
2905 3377 2972 3430 ad
3010 3379 3350 3435 excitandam
3381 3383 3650 3452 majorem
3681 3402 3768 3441 sa-

2185 3477 2323 3522 tiatae
2372 3467 2730 3533 devotionem,
2779 3476 2834 3521 et
2884 3469 3272 3526 evidentiorem
3327 3474 3525 3530 divina:
3577 3479 3768 3547 gratia:

2183 3555 2676 3610 inanifestationem
2703 3556 2903 3625 aliquid
2928 3558 3259 3615 inﬁrmitatis
3279 3562 3332 3615 in
3354 3579 3520 3618 manu
3548 3568 3765 3634 puella.

2183 3647 2252 3699 At
2286 3647 2374 3699 illa
2405 3648 2456 3699 in
2492 3648 2864 3701 anniversaria
2891 3648 3247 3718 depositionis
3270 3653 3356 3707 die
3389 3653 3445 3708 S.
3479 3657 3764 3723 antistitis,

2183 3735 2247 3788 ad
2281 3735 2429 3804 pium
2477 3745 2530 3788 et
2574 3746 2857 3805 expertum
2919 3739 3153 3793 recurrit
3191 3741 3461 3796 medicum
3518 3753 3574 3799 et
3621 3745 3765 3802 inter

2182 3825 2469 3890 orandum,
2511 3826 2655 3894 quod
2680 3827 2893 3895 petebat
2913 3837 3154 3895 optatum
3193 3831 3400 3900 accepit
3432 3835 3767 3893 remedium.

2252 3935 2444 3989 Mulier
2488 3937 2732 4005 quaedam
2763 3936 2830 3990 de
2853 3937 3000 4003 villa,
3037 3954 3158 4006 qua:
3187 3938 3512 3995 lIunteheim
3539 3943 3763 4008 dicitur,

2181 4026 2436 4079 diuturna
2463 4036 2516 4079 et
2559 4027 2706 4096 gravi
2736 4028 3054 4098 aegritudine
3083 4029 3148 4083 ad
3176 4039 3405 4087 mortem
3442 4050 3622 4104 usque
3649 4035 3765 4091 fere

2182 4117 2432 4180 adducta,
2463 4127 2517 4171 et
2542 4117 2748 4173 viribus
2775 4121 3028 4175 onmibus
3057 4122 3334 4190 destituta,
3368 4127 3518 4194 gravi
3546 4138 3767 4196 portan-

2182 4209 2312 4261 tium
2344 4209 2524 4262 labore
2567 4210 2632 4263 ad
2682 4211 2952 4263 tumulum
2996 4211 3184 4266 famuli
3231 4214 3326 4269 Dei
3357 4217 3613 4285 adducta,
3647 4223 3764 4289 pri-

2181 4299 2336 4353 stina:
2359 4300 2575 4354 sanitati
2605 4309 2688 4355 est
2716 4301 2988 4356 restituta.

2251 4413 2380 4466 Item
2409 4417 2583 4483 puella
2611 4419 2852 4484 parvula,
2892 4419 2958 4472 de
3001 4420 3145 4486 villa,
3199 4424 3286 4477 cui
3325 4426 3655 4482 vocabulum
3683 4440 3764 4484 est

2180 4506 2375 4572 Panse,
2405 4507 2493 4562 diu
2519 4508 2722 4562 lumine
2750 4509 2978 4578 privata,
3007 4511 3137 4564 inibi
3166 4522 3249 4566 est
3273 4515 3603 4571 illuminata.

2251 4597 2392 4651 Puer
2451 4599 2614 4652 etiam
2669 4599 2888 4668 quidam
2943 4600 3009 4655 de
3070 4601 3195 4656 villa
3256 4604 3362 4658 alia
3413 4605 3558 4660 dicta
3613 4606 3763 4663 Mar-

2175 4688 2554 4758 quartesdorﬂ‘,
2606 4700 2836 4760 utroque
2883 4691 3076 4747 debilis
3123 4703 3177 4747 et
3211 4695 3436 4751 claudus
3464 4700 3620 4767 pede,
3667 4717 3762 4755 ve-

2175 4793 2328 4846 spere
2361 4778 2450 4831 illo
2484 4778 2758 4844 advectus,
2789 4788 2842 4832 et
2883 4781 2950 4833 ab
2985 4781 3289 4837 innumeris
3317 4785 3447 4853 quid
3497 4788 3627 4840 mali
3665 4804 3761 4858 pa-

2174 4876 2376 4922 teretur
2397 4869 2566 4934 visus,
2591 4885 2712 4923 cum
2738 4871 3050 4942 pervigilem
3078 4887 3202 4926 cum
3226 4888 3292 4928 eo
3313 4876 3406 4944 qui
3429 4891 3556 4931 eum
3586 4880 3763 4936 addu-

2174 4969 2328 5014 xei-at
2369 4961 2614 5014 duxisset
2672 4973 2906 5030 noctem,
2954 4964 3130 5034 primo
3182 4980 3342 5020 mane
3399 4970 3607 5025 reddita
3655 4975 3760 5028 sibi

2175 5052 2565 5115 incolumitate,
2598 5063 2821 5108 curatus
2851 5039 2960 5108 est:

2248 5141 2324 5195 Ex
2371 5147 2557 5197 eadem
2605 5142 2729 5196 villa
2771 5143 2967 5199 mulier
3002 5147 3248 5215 quaedam
3278 5165 3418 5206 cmca
3463 5153 3642 5206 visum
3669 5171 3758 5211 re-

2176 5232 2334 5300 cepit.

2245 5343 2486 5398 Matrona
2508 5345 2754 5415 quardam
2801 5346 2998 5402 nobilis
3032 5357 3193 5416 atque
3225 5348 3439 5417 devota,
3487 5353 3555 5408 de
3576 5365 3757 5412 castro

2175 5449 2295 5500 suo,
2335 5436 2480 5504 quod
2529 5434 2779 5490 IIosstein
2821 5438 3141 5506 appellatur,
3175 5439 3490 5507 adveniens,
3527 5453 3582 5498 et
3611 5447 3757 5513 puel-

2159 5522 2279 5576 lam
2308 5523 2599 5593 quamdam
2642 5540 2841 5579 czeeam
2889 5541 3073 5580 secum
3103 5527 3354 5594 alferens,
3395 5546 3521 5583 cum
3563 5531 3632 5585 ad
3668 5547 3756 5589 se-

2176 5615 2422 5682 pulcrum
2455 5617 2626 5670 sancti
2651 5617 2750 5671 viri
2785 5617 3076 5673 instantius
3107 5629 3344 5683 orarent,
3383 5635 3498 5688 quo
3532 5621 3628 5678 diu
3661 5642 3751 5681 ως

2173 5715 2379 5771 ruerat,
2422 5717 2738 5777 recuperato
2790 5709 3011 5777 lumine,
3059 5710 3236 5780 puella
3295 5710 3383 5763 illa
3430 5714 3622 5782 gavisa
3647 5727 3751 5772 est.

2175 5794 2256 5850 Ob
2310 5797 2466 5866 cujus
2508 5799 2647 5868 signi
2691 5799 2988 5868 tripudium
3035 5812 3089 5857 et
3118 5801 3514 5870 testimonium,
3563 5809 3751 5864 eadem

2178 5896 2443 5950 matrerm,
2477 5887 2785 5956 praedictam
2833 5892 3084 5960 puellam,
3145 5908 3207 5947 ac
3257 5893 3420 5948 tiliam
3471 5899 3751 5966 propriam
