3944 6444
458 511 566 570 εῡε

1437 509 1528 564 AD
1559 507 1788 564 OPERA
1825 507 1883 568 S.
1924 501 2250 562 GREGORII
2288 496 2728 557 APPENDICES.

3608 491 3742 548 896

459 629 635 700 aperis
659 644 821 698 quam
850 629 905 681 in
933 625 1175 700 adversis
1200 623 1469 700 individui
1499 624 1762 700 comites,
1775 630 1832 676 et
1861 619 2183 700 pontiﬁcum
2212 617 2586 700 Romanorum
2621 613 2882 700 adversus
2909 608 3420 700 ξρξιξεξιιιιιιίεςξιιιιὲΔ
3436 605 3741 700 factiqnc?

461 688 647 755 invicti
673 688 1104 768 propugnatores
1130 694 1300 750 fuere.
1329 693 1721 768 Eosdem‘ergo
1743 688 1937 768 jqngat
1964 691 2177 768 charta,
2217 703 2378 768 quos
2399 688 2470 741 oli

462 769 645 823 cordia
673 756 881 822 sancta“.
904 766 1000 821 ’De
1037 765 1296 820 Tiemone
1328 756 2050 817 Bertholdus'in'Ch'ronico
2079 756 2417 812 anno’l09l:

2477 702 2529 740 m
2565 683 2872 740 arctissime
2900 681 3174 750 copulavit
3220 679 3457 734 charitas
3496 686 3554 750 et
3586 692 3743 750 cor}—

2488 775 2505 807 ι
2545 754 2602 808 In
2634 751 2944 822 Bojoariam
2970 747 3126 822 venit
3151 748 3568 822 S_alzbu_rgensis
3597 747 3742 815 epi-

462 818 662 906 scopus
674 818 880 901 ’ὗίὶὶιῐζ
901 818 996 906 qui
1015 818 1319 906 PatavienSi
1351 832 1605 906 Ecclesize
1623 832 1734 902 jam
1762 830 1966 885 dudum
1992 829 2248 906 viduata,
2282 825 2555 906 ordinavit
2575 818 2888 906 episcopum
2920 818 3734 906 nomineIidalricpmhihetg.

577 884 998 978 odos—quosdam
1015 884 1171 978 circa
1187 884 1339 978 i155};
1357 884 2275 978 historiamoccurrentesaillurn“
2301 884 2703 978 praesertim-de;
2746 884 2908 978 idolis
2940 901 2994 978 et
3023 889 3326 978 idololatris
3355 885 3617 944 dissolvit
3649 884 3733 939 D.

462 958 1011 1036 υέιιὶ-ἰὶιίἱεῖείιὶιξιίίὲ
1032 958 1091 1030 in
1117 958 1466 1046 praeumbulis
1493 973 1560 1028 ad
1588 971 1763 1026 Vitam
1787 979 1843 1026 et
1866 958 2189 1040 martyrium
2217 958 2495 1034 Tie'monis
2522 973 2653 1023 tom.
2682 961 2704 1016 I
2733 961 2915 1031 Antiq.
2946 958 3107 1021 Lect._

710 1113 776 1119 ..
1749 1111 1937 1136 ‘_

1968 1098 3699 1126 Μ

873 1255 1337 1346 INCIPIT
1405 1245 1814 1340 PASSIO
1879 1244 1974 1333 S.
2050 1237 2637 1332 TIEMONIS
2719 1232 3297 1327 EPISCOPI.

491 1497 500 1506 ’
531 1534 803 1606 Insignem
831 1520 1032 1604 egregii
1077 1531 1350 1603 pontiﬁcis
1385 1545 1448 1586 ac
1490 1528 1734 1600 praeclari
1778 1529 2034 1600 martyris
2065 1529 2110 1584 A
2134 1525 2202 1581 ba
2227 1566 2243 1588 ,
2289 1523 2357 1578 ad
2417 1518 2776 1592 arguendum,
2825 1513 3223 1606 obsecranti—um
3253 1553 3268 1579 ,
3318 1510 3734 1606 increpantium

465 1626 756 1700 Tyemonis
787 1626 1143 1696 triumphum,
1197 1625 1316 1694 ejus
1344 1624 1554 1680 meritis
1597 1622 2036 1693 suffragantibus,

464 1717 770 1772 litterarum
797 1715 1074 1770 memoria:
1101 1714 1390 1779 tradimus,
1430 1722 1488 1766 ut
1512 1714 1905 1781 incompertum
1937 1726 2038 1765 an-

467 1818 552 1865 tea
586 1807 860 1880 passionis
900 1807 1123 1861 modum
1159 1806 1370 1859 noverit
1398 1806 1576 1860 omnis
1626 1804 1904 1861 successio
1932 1803 2039 1857 Ca-

469 1899 828 1964 tholicorum;
857 1896 1104 1966 sciatque
1125 1885 1454 1966 singularem
1481 1895 1642 1964 hujus
1675 1896 1890 1950 athletre
1911 1909 2042 1963 prae-

466 1987 611 2056 cipui
641 1986 944 2050 victoriam,
982 1984 1027 2039 si
1061 1984 1326 2055 condigne
1363 1985 1656 2050 recolatur,
1697 1983 1838 2052 apud
1873 1983 2042 2037 Deum

467 2075 772 2129 uberiorem
797 2081 1053 2144 praestare
1077 2088 1238 2143 posse
1261 2072 1512 2144 gratiam.
1533 2071 1738 2125 Revera
1762 2085 2040 2141 magnum,

467 2165 920 2238 perspicuumque
948 2165 1130 2219 lumen
1154 2163 1209 2217 in
1241 2163 1557 2218 novissimis
1579 2161 1773 2218 diebus
1797 2159 2044 2215 accendit

472 2252 528 2305 in
552 2253 641 2306 illo
676 2252 1044 2307 misericordia
1107 2251 1326 2306 Domini
1372 2251 1692 2321 periculosrc
1737 2259 2042 2318 temporum

471 2339 565 2413 (11
592 2339 727 2395 Tim.
759 2341 839 2410 ιιι)
873 2340 1089 2410 caligini
1121 2359 1132 2394 :
1167 2340 1232 2394 de
1263 2355 1394 2410 quo,
1431 2349 1687 2409 tanquam
1727 2354 1793 2392 ex
1831 2339 1954 2392 viva‘
1990 2347 2044 2392 et

445 2429 748 2501 perlucida
775 2430 858 2485 sui
890 2428 1144 2497 imagine,
1188 2428 1280 2484 lux
1322 2442 1448 2482 vera
1483 2427 1685 2481 clarius
1741 2433 1905 2499 queat
1927 2425 2044 2480 eni-

477 2527 701 2574 tescere.
735 2517 813 2573 Ne
854 2534 983 2589 ergo
1027 2519 1164 2574 tanti
1199 2518 1420 2572 lucerna
1457 2515 1683 2588 fulgoris
1733 2517 1835 2572 sub
1859 2517 2042 2572 modio

474 2607 627 2677 (Luc.
670 2607 745 2674 ιι)
774 2614 983 2675 tegatur
1003 2606 1315 2672 oblivionis,
1342 2606 1573 2660 cudatur
1595 2605 1667 2671 ei,
1697 2604 1824 2660 licet
1850 2603 1970 2659 vilis
1991 2614 2046 2660 et

475 2696 612 2752 aenei
633 2695 1018 2752 candelabrum
1051 2695 1291 2764 eloquii;
1327 2695 1689 2765 quatenus,in
1737 2695 1900 2749 domo
1932 2693 2043 2750 Do-

477 2789 612 2844 mini
633 2789 808 2844 valeat
840 2789 1052 2859 publice
1080 2787 1299 2845 visenda
1349 2788 1599 2859 proponi.
1635 2786 1903 2842 Cernatur
1925 2787 2043 2857 ejus

2141 1630 2264 1670 cum
2318 1612 2577 1684 patientia
2605 1618 2661 1664 et
2685 1607 2928 1663 doctrina
2981 1603 3069 1673 (II
3105 1603 3238 1657 Tim.
3267 1601 3364 1672 1v),
3397 1609 3543 1657 esset
3591 1601 3748 1657 ido-

2141 1719 2295 1758 nens.
2326 1702 2429 1769 Qui
2462 1700 2688 1756 audiens
2722 1696 3036 1766 episcopum
3068 1692 3200 1748 inibi
3228 1691 3563 1758 ordinatum,
3606 1690 3740 1747 sci—7

2141 1794 2268 1848 licet
2298 1790 2660 1846 venerabilem
2701 1788 2880 1841 virum
2918 1793 3119 1842 sancta:
3160 1780 3554 1839 recordationis
3609 1781 3732 1837 Ge-

2141 1882 2432 1946 bhardum,
2457 1895 2571 1935 suae
2594 1876 2981 1940 imbecillitatis
3000 1875 3245 1946 pandens
3275 1866 3518 1940 modum,
3543 1882 3607 1928 ut
3633 1874 3747 1928 ab—

2143 1977 2442 2026 solveretur
2467 1969 2536 2022 ab
2566 1966 2879 2037 hujusmodi
2901 1965 3157 2036 pondere,
3203 1964 3367 2033 erepit
3389 1963 3590 2018 obnixe
3618 1964 3731 2018 ob-

2144 2063 2431 2132 nixiusque
2474 2059 2773 2129 deprecari.
2802 2057 2957 2124 Quod
3014 2065 3068 2112 et
3120 2055 3441 2126 promeruit.
3477 2053 3618 2108 Nam
3666 2064 3736 2109 ut

2141 2162 2223 2208 est
2259 2151 2523 2215 canonice
2569 2165 2632 2205 ac
2681 2148 3106 2204 misericorditer
3152 2147 3455 2211 absolutus,
3492 2145 3549 2200 in
3599 2146 3734 2215 ejus

2141 2243 2321 2297 locum
2342 2241 2546 2295 electus
2567 2249 2651 2294 est
2671 2238 2997 2294 venerabilis
3022 2237 3210 2291 'I-‘iemo
3239 2237 3351 2306 jam
3378 2237 3507 2293 dicti
3527 2250 3730 2310 mona~

2145 2332 2294 2389 sterii
2329 2333 2602 2394 alumnus,
2654 2330 2899 2383 moribus
2945 2329 3272 2392 durus,-vita
3301 2337 3574 2393 austerus,
3601 2343 3732 2380 om-

2143 2424 2198 2479 ni
2237 2432 2419 2481 tamen
2469 2420 2769 2474 monastica
2791 2419 3074 2490 disciplina
3109 2419 3427 2475 instructus.
3478 2418 3585 2485 Qui
3610 2427 3733 2474 sta-

2142 2515 2241 2568 tim
2273 2513 2438 2583 digna
2476 2510 2856 2566 emendatione
2877 2510 3179 2579 corrigebat
3215 2525 3339 2566 cum
3371 2509 3520 2564 omni
3557 2508 3734 2579 impe-

2143 2605 2248 2671 rio,
2271 2603 2642 2672 delinquentes
2668 2601 2945 2672 arguebat,
2969 2601 3128 2658 mites
3150 2617 3279 2656 vero
3299 2610 3353 2656 et
3373 2599 3724 2668 obedientes,

2143 2706 2206 2752 ut
2238 2697 2292 2751 in
2316 2695 2509 2750 melius
2531 2694 2871 2764 proﬁcerent,
2917 2694 3257 2750 obsecrando
3309 2680 3396 2765 pie
3445 2694 3720 2750 admone-

2147 2787 2255 2853 bat,
2278 2787 2489 2841 vineam
2516 2784 2729 2840 Domini
2766 2785 2900 2839 inibi
2922 2785 3190 2840 ditissima
3232 2785 3512 2840 fertilitate
3554 2787 3726 2842 satio-

475 2879 532 2934 in
570 2881 773 2934 lumine
826 2857 1086 2947 formosa,
1120 2857 1525 2951 tametsi—nigra
1557 2879 1733 2951 (Cant.
1768 2879 1831 2951 ι),
1881 2879 2048 2935 facies
2078 2857 2121 2914 Β
2147 2881 2233 2934 nis
2265 2880 2588 2947 evangelica:
2609 2877 2811 2930 affatim
2836 2876 3084 2933 excolere
3132 2892 3240 2930 non
3264 2877 3535 2932 cessabat.

479 2972 765 3040 Ecclesiae;
793 2974 885 3043 qui
909 2975 1152 3028 ambulat
1174 2974 1229 3028 in
1245 2974 1424 3029 medio
1455 2983 1662 3044 septem
1685 2975 2046 3030 candelabro-

479 3078 606 3117 rum
666 3078 977 3128 aureorum,
1029 3063 1227 3133 podere
1279 3063 1533 3130 vestitus,
1588 3064 1730 3118 circa
1783 3063 2052 3118 mamillas

478 3166 617 3207 zona
652 3167 816 3207 aurea
873 3152 1194 3221 praecinctus
1229 3151 1480 3207 videatur
1525 3153 1708 3224 (Apoc.
1745 3152 1818 3224 1):
1865 3161 2048 3222 atque,

477 3241 618 3297 sicut
645 3249 730 3296 est
772 3241 1067 3310 pollicitus,
1104 3257 1229 3296 cum
1281 3241 1394 3297 suis
1438 3241 1711 3307 Christus,
1754 3257 2053 3311 eorumque

481 3333 806 3397 rectoribus,
831 3333 1155 3387 innocentia
1181 3331 1446 3398 candidis,
1499 3332 1761 3400 sapientia
1818 3331 2054 3400 splendi-

481 3423 586 3490 dis,
610 3438 784 3493 usque
813 3423 866 3476 in
892 3423 1052 3478 ﬁnem
1088 3424 1270 3478 saeculi
1306 3439 1529 3478 manere
1554 3423 1838 3480 sentiatur.

552 3515 870 3586 Compievit,
917 3515 1045 3569 etin
1094 3524 1354 3571 aeternum
1384 3517 1652 3585 complere
1707 3531 1814 3570 non
1860 3514 2058 3571 desinit

465 3605 614 3676 .huic
636 3604 826 3658 beatus
847 3604 1172 3673 Redemptor
1216 3614 1402 3660 noster
1423 3604 1679 3674 jucunda:
1715 3603 1861 3659 illius
1885 3619 2053 3674 spon-

465 3693 658 3748 sionis
681 3692 942 3762 elogium:
981 3693 1083 3757 Qui
1109 3696 1310 3760 vicerit,
1351 3695 1547 3763 faciam
1587 3694 1740 3747 illum
1757 3694 2055 3748 columnam

486 3783 542 3834 in
561 3781 750 3849 lemplo
779 3798 889 3834 meo
917 3782 1099 3851 (Apoc.
1130 3785 1231 3850 ιιι).
1261 3783 1403 3838 Vicit
1425 3784 1572 3838 enim
1620 3783 1886 3853 serpentis
1910 3784 2055 3838 anti-

484 3871 580 3941 qui
612 3871 981 3941 suggestiones
1004 3873 1056 3925 in
1087 3888 1143 3927 se
1173 3871 1325 3941 ipso:
1367 3880 1421 3927 et
1471 3872 1593 3926 ideo
1625 3871 1784 3928 fortis
1805 3871 2057 3928 columna

484 3963 708 4017 effectus
728 3961 878 4038 estin
902 3963 1238 4031 periclitante
1270 3961 1364 4016 Dei
1397 3961 1593 4017 domus
1625 3962 1878 4018 aediﬁcio.
1910 3959 2057 4016 Vicit

489 4062 748 4119 terrores,
783 4059 837 4105 et
865 4061 1274 4121 persecutorum
1312 4052 1565 4121 impetus,
1587 4041 1655 4107 ac
1687 4051 1912 4122 proinde
1933 4066 2057 4121 spe-

490 4142 761 4196 ctaculum
784 4140 1023 4195 condidit
1048 4141 1302 4194 omnibus
1343 4140 1645 4210 exemplum
1691 4134 2052 4211 magnanimi-

493 4229 618 4283 tatis
639 4235 692 4282 et
724 4228 1138 4297 perseverantia:
1167 4228 1350 4284 decus.
1377 4227 1664 4284 Ferculum
1709 4229 1820 4284 veri
1846 4228 2054 4300 paciﬁci

490 4325 748 4386 tanquam
779 4328 1033 4390 argentea
1063 4320 1314 4374 columna
1352 4321 1589 4376 suﬁnlsit
1614 4321 1857 4381 veritatis
1888 4335 2054 4376 sono-

494 4421 553 4459 ra
580 4406 940 4474 confessione,
987 4417 1041 4463 et
1064 4410 1380 4466 constantia:
1409 4412 1606 4466 robore
1649 4411 1932 4477 immobili,
1963 4427 2054 4466 re-

493 4495 838 4550 clinatorium
892 4513 1116 4551 aureum
1176 4499 1230 4552 in
1276 4516 1336 4554 se
1385 4501 1612 4556 ﬁdenter
1659 4501 1911 4556 innitenti
1954 4500 2057 4554 fuit

455 4582 457 4584 ’
495 4585 773 4641 Ecclesiae.
799 4585 897 4639 Cui
926 4601 1253 4655 purpureum
1275 4589 1467 4644 deinde
1491 4591 1720 4659 praebuit
1744 4605 2054 4660 ascensum,

492 4680 715 4752 proprio
747 4679 1008 4747 sanguine
1030 4679 1358 4733 rubricatam
1379 4686 1642 4735 sternens
1671 4681 1814 4734 viam
1845 4679 1913 4734 ad
1947 4694 2060 4735 cte-

496 4773 630 4826 lum.
670 4770 983 4825 Memoriam
1008 4770 1247 4839 possedit
1279 4778 1534 4825 aeternam
1568 4770 1630 4829 in
1661 4770 2057 4839 compositione

491 4863 679 4919 odoris
726 4860 914 4932 optimi
960 4859 1160 4915 factam
1203 4859 1438 4915 caelestis
1498 4873 1659 4929 opere
1718 4857 2061 4930 pigmentarii

499 4949 689 5018 (Eccli.
731 4953 900 5021 xux).
937 4950 1071 5005 Nam
1098 4948 1416 5021 gubernavit
1449 4963 1544 5002 cor
1569 4963 1729 5001 suum
1764 4945 2056 5012 ad~Deum,

498 5046 554 5090 et
578 5036 632 5088 in
655 5035 845 5089 diebus
871 5046 1213 5104 peccatorum
1235 5036 1605 5094 corroboravit
1641 5035 1914 5104 pietatem.

578 5122 675 5178 Hic
706 5123 887 5191 itaque
914 5123 1171 5178 electione
1201 5125 1296 5178 Dei
1325 5125 1695 5196 dignissimus,
1728 5123 1838 5176 alto
1866 5135 2060 5192 genere

499 5213 853 5268 Bavariorum
883 5212 1088 5266 exstitit
1117 5212 1397 5268 oriundus.
1431 5213 1534 5278 Qui
1571 5230 1600 5267 a
1628 5213 1880 5283 primzeva
1904 5219 2062 5267 aetate

503 5307 559 5362 in
584 5305 936 5372 monasterio,
963 5305 1108 5374 quod
1129 5290 1326 5358 dicitur
1360 5304 1548 5358 Altaha
1589 5306 1903 5360 monasticae
1937 5305 2061 5360 vita:

501 5398 729 5468 diligens
753 5397 1167 5467 jucunditatem,
1203 5394 1381 5462 ibique
1420 5393 1606 5446 diatim
1634 5394 1858 5463 (dietim)
1893 5388 2059 5460 proﬁé

501 5490 655 5547 ciens
680 5491 921 5546 ascendit
941 5490 1005 5545 de
1043 5489 1238 5544 virtute
1278 5487 1332 5540 in
1365 5487 1635 5539 virtutem.
1693 5483 1748 5536 ln
1775 5482 2060 5540 .luvavensi

505 5591 637 5651 ergo
655 5579 965 5649 episcopatu
993 5579 1273 5649 cujusdam
1297 5573 1614 5630 monasterii
1635 5571 1794 5626 Pater
1818 5573 1951 5626 adeo
1975 5574 2060 5626 in-

2219 2969 2296 3024 Ea
2313 2970 2476 3040 igitur
2499 2975 2837 3038 tempestate,
2864 2967 3028 3036 coepit
3049 2969 3408 3042 undecunque
3433 2969 3591 3023 navis
3617 2967 3725 3022 Ec-

2149 3058 2328 3114 clesiae
2349 3057 2541 3111 mediis
2565 3055 3005 3125 persecutionum
3027 3055 3279 3130 ﬂuctibus
3302 3057 3620 3125 aliquandiu
3641 3054 3726 3108 fa-

2148 3153 2326 3225 tigari.
2366 3151 2445 3208 Ac
2479 3149 2846 3215 ﬁdelissimus,
2887 3157 3192 3220 praepotens
3237 3150 3506 3205 arcbiater
3539 3149 3724 3203 Domi-

2151 3245 2258 3299 nici
2281 3243 2456 3314 gregis
2493 3243 2741 3311 Provisor
2781 3241 3133 3296 Gebebardus
3161 3257 3193 3295 a
3221 3240 3528 3296 fautoribus
3558 3238 3726 3295 Hein-

2150 3332 2250 3386 rici
2283 3333 2398 3402 jam
2444 3331 2553 3385 non
2599 3330 2765 3386 semel
2802 3330 2870 3384 ab
2895 3331 3192 3399 apostolico
3235 3331 3736 3398 excommunicati,

2150 3422 2439 3492 expellitur
2469 3421 2640 3492 (468),
2693 3415 2939 3491 aliusque
2975 3436 3112 3477 vere
3148 3421 3386 3477 Simonis
3419 3421 3724 3492 discipulus

2153 3529 2276 3584 rege
2301 3513 2415 3583 jam
2454 3512 2600 3567 dicto
2653 3511 3052 3580 intromittitur,
3099 3514 3399 3593 ordinatur,
3434 3530 3727 3570 consecra-

2153 3613 2275 3670 tur,
2314 3605 2425 3658 imo
2464 3612 2801 3669 exsecratur,
2845 3612 2901 3659 et
2933 3605 3257 3674 quantocius
3301 3605 3720 3660 inthronizatnr.

2154 3693 2307 3750 Tunc
2353 3694 2679 3752 venerabilis
2716 3694 2886 3752 abbas
2923 3693 3111 3748 Tiemo
3155 3710 3357 3748 novum
3414 3695 3722 3750 invasorem

2154 3791 2315 3850 atque
2363 3780 2676 3836 baereticum
2725 3779 2975 3851 fugiens,
3023 3797 3148 3836 vere
3182 3782 3312 3836 illud
3359 3785 3733 3852 apostolicum
3777 3854 3784 3860 θ

2154 3872 2309 3942 sequi
2342 3871 2566 3942 cupiens
2599 3889 2612 3924 :
2649 3869 2968 3925 "ceraticum
2995 3871 3254 3926 hominem
3275 3881 3395 3941 post
3419 3874 3642 3942 primam
3669 3883 3722 3928 et
3779 3920 3782 3922 ν

2153 3962 2435 4016 secundam
2485 3962 2862 4030 corrcptionem
2903 3961 3102 4025 devita;
3143 3964 3289 4032 quia,
3333 3963 3422 4034 qui
3462 3963 3719 4032 ejusmodi

2151 4061 2250 4126 est,
2279 4051 2550 4107 subversas
2587 4060 2686 4118 est,
2732 4062 2782 4106 et
2818 4055 3029 4123 proprio
3061 4053 3271 4124 judicio
3312 4056 3722 4122 condemnatus;

2155 4143 2288 4198 adiit
2330 4144 2630 4213 spiritualia
2684 4146 2964 4216 gymnasia
3015 4148 3408 4202 monachorum
3452 4144 3719 4201 Scbaflm-
3775 4134 3777 4136 ’

2158 4239 2401 4295 sensium
2449 4254 2514 4294 ac
2571 4237 3036 4310 Hirsaugiensium
3081 4258 3094 4293 :
3143 4254 3378 4310 quorum
3432 4247 3718 4308 utrumque

2156 4335 2286 4382 tunc
2321 4328 2581 4397 temporis
2623 4327 2877 4397 perfectis
2925 4329 3162 4398 pollebat
3206 4328 3527 4394 coanobitis,
3562 4327 3716 4398 quasi
3792 4363 3802 4370 -

2156 4427 2370 4488 pratum
2403 4413 2757 4484 odoriferum,
2813 4419 3032 4488 plenum
3075 4421 3316 4488 undique
3345 4419 3546 4472 arcolis
3592 4431 3714 4471 ιιι-οη

2155 4515 2364 4561 matum
2404 4525 2418 4561 :
2458 4521 2521 4561 ac
2553 4505 2735 4560 cuncti
2773 4505 3118 4560 advenientes
3156 4505 3511 4559 tbeoreticam
3555 4502 3714 4558 vitam

2155 4596 2440 4667 diligentes
2468 4596 2659 4666 jugum
2699 4594 2916 4648 Domini
2959 4608 3162 4657 suave,
3201 4600 3255 4646 et
3291 4607 3431 4646 onus
3457 4591 3576 4662 ejus
3609 4593 3715 4648 leve

2159 4685 2310 4756 (Luc.
2357 4685 2433 4754 χι)
2473 4693 2690 4754 portare
2726 4683 3025 4752 cupientes,
3069 4689 3304 4751 utroque
3339 4682 3460 4739 loco
3502 4684 3712 4739 invene-

2149 4779 2287 4829 rum
2311 4772 2724 4844 ineXpugnabile
2747 4772 2978 4841 asylum.

2231 4863 2385 4934 ‘I‘unc
2428 4861 2753 4931 evangelicis
2798 4861 3140 4918 documentis
3193 4862 3491 4919 instructus
3542 4865 3716 4922 omnia

2160 4953 2493 5020 relinquens,
2531 4952 2586 5004 in
2613 4950 2988 5020 Hirsaugiensi
3031 4953 3268 5026 claustro
3306 4955 3568 5024 optimam
3600 4969 3712 5022 par-

2161 5050 2268 5096 tem
2302 5041 2536 5109 eligens,
2581 5041 2646 5094 ad
2669 5042 2835 5111 pedes
2889 5041 3102 5103 Domini
3155 5062 3279 5100 cum
3311 5044 3477 5098 Maria
3534 5044 3711 5098 sedens

2160 5131 2383 5184 verbum
2415 5130 2560 5185 illius
2591 5132 2819 5187 audiens
2843 5131 2994 5204 (Luc.
3022 5134 3102 5205 ι),
3127 5135 3196 5190 ad
3216 5133 3498 5202 amplexus
3525 5130 3710 5186 Rachel

2161 5219 2486 5291 quandoque
2505 5222 2787 5290 pervenire
2811 5224 3036 5294 cupiens
3063 5222 3213 5292 (Gen.
3240 5221 3393 5290 xxxx)
3413 5261 3429 5286 ,
3454 5208 3577 5276 cum
3598 5221 3707 5288 illis,

2161 5310 2359 5378 quibus
2380 5317 2605 5376 eratcor
2638 5327 2828 5375 unum,
2867 5321 2923 5366 et
2964 5311 3146 5365 anima
3182 5325 3287 5363 una
3317 5309 3458 5380 (Act.
3485 5309 3598 5381 ιιι);
3629 5310 3706 5380 qui

2161 5397 2295 5454 nihil
2342 5400 2628 5468 habebant,
2664 5409 2719 5456 et
2756 5402 2939 5456 omnia
2969 5400 3335 5469 possidebant,
3381 5417 3708 5458 communem

2160 5492 2327 5546 vitam
2377 5493 2584 5560 aliquot
2634 5508 2809 5546 annos
2849 5490 3142 5560 transegit:
3190 5491 3376 5562 sicque
3420 5492 3636 5547 demum
3664 5493 3710 5550 in

2148 5580 2432 5647 spirituali
2489 5580 2772 5647 disciplina
2814 5578 3095 5647 adauctus,
3132 5581 3430 5638 honoriﬁce
3463 5583 3710 5652 repatria-

503 5669 712 5724 validus
735 5669 960 5735 exstitit,
983 5676 1044 5723 ut
1076 5682 1418 5738 nequaquam
1452 5665 1610 5735 juxta
1654 5661 1900 5735 Apostoli
1943 5677 2065 5717 ver-
2167 5669 2262 5724 vit.
2296 5671 2470 5737 Quem
2523 5671 2742 5724 invasor
2799 5668 3053 5727 Ecclesiae
3118 5671 3438 5730 Juvavensis
3474 5673 3710 5742 suscepit

581 5840 722 5912 ($68)
762 5842 1058 5898 Bcrtoldus.
1090 5840 1222 5915 Vide
1249 5838 1588 5908 metropolim
1617 5833 1813 5893 llundii
1847 5837 1900 5891 in
1932 5838 2181 5908 catalogo
2215 5841 2379 5909 episc.
2413 5837 2708 5908 Salisburg.
2742 5839 2819 5895 tlt.
2854 5841 2904 5895 '5.
