3944 6386
147 508 247 562 897
293 555 295 557 .

1035 501 1320 557 APPEND.
1359 501 1446 557 Ill.
1486 533 1552 542 --
1592 503 2024 560 MONUM‘ENTA
2061 506 2524 562 GREGORIANA.

3295 515 3397 571 898

148 621 576 692 benignissime,
623 633 849 689 sperans
895 632 1020 672 eum
1074 617 1346 670 abbatiam
1383 631 1539 672 suam
1593 617 1730 673 velle
1758 621 1804 677 Α
1829 620 2008 674 medio
2039 635 2200 674 amne
2230 636 2355 675 cum
2394 620 2681 677 Pharaone
2727 624 3025 695 immergit;
3071 625 3273 697 talique
3302 628 3396 684 Ι)ιὶ

148 710 411 780 recipere,
450 725 515 764 ac
550 725 712 763 suum
739 722 982 762 errorem
1035 706 1090 760 in
1141 706 1403 762 omnibus
1448 707 1724 776 adjuvare.

150 805 251 858 Sed
291 803 380 857 vir
403 800 497 855 Dei
553 815 661 855 non
691 800 980 854 immemor
1030 797 1246 852 consilii
1275 797 1420 853 Petri
1463 798 1726 870 apostoli:

150 895 344 949 Metius
367 908 490 949 esse
508 895 649 948 uiam
677 894 914 947 veritatis
945 908 1048 944 non
1076 907 1402 962 cognoscere,
1425 907 1581 962 quam
1611 900 1727 961 post

145 989 472 1059 agnitionem
512 995 798 1040 retrorsum
828 986 1055 1039 converti
1092 985 1180 1056 (ΙΙ
1219 985 1366 1039 Petr.
1400 988 1496 1056 II);
1547 985 1728 1040 sciens

142 1079 310 1136 etiam
349 1093 476 1134 cum
514 1078 825 1148 huiusmodi
879 1092 978 1132 nec
1015 1077 1199 1132 cibum
1226 1117 1232 1122 .
1257 1093 1493 1142 sumere,
1553 1077 1727 1130 noluit

141 1168 573 1243 jugum‘ducere
614 1183 739 1224 cum
782 1169 1079 1235 haereticis;
1125 1168 1218 1223 sed
1255 1168 1450 1242 maluit
1484 1167 1728 1236 abjectus

138 1276 265 1317 esse
301 1261 358 1315 in
384 1261 549 1314 domo
571 1259 809 1326 Domini,
847 1276 1012 1330 quam
1038 1260 1283 1314 habitare
1315 1259 1370 1312 in
1397 1258 1724 1312 tabernacu-

143 1350 212 1406 lis
239 1357 594 1420 peccatorum
620 1349 794 1418 (Psal.
827 1349 1090 1417 LXXXIII);
1121 1357 1174 1402 et
1194 1348 1420 1402 secessit
1446 1347 1512 1401 ad
1540 1362 1727 1402 servos

145 1440 260 1507 Dei,
286 1455 560 1511 pauperes
581 1439 808 1505 Christi,
833 1441 1070 1494 vicinam
1097 1440 1150 1493 in
1171 1454 1436 1493 eremum.
1471 1436 1572 1492 Ubi
1605 1454 1727 1494 sus-

135 1540 337 1602 ceptus
386 1538 473 1584 est
515 1529 704 1594 inibia
737 1528 998 1584 fratribus
1044 1530 1362 1599 degentibus
1413 1544 1536 1583 cum
1578 1530 1727 1582 omni

140 1621 432 1676 charltate.
471 1618 538 1674 Et
577 1635 702 1674 cum
757 1618 966 1674 Joanne
1005 1619 1253 1688 apostolo
1285 1626 1567 1687 coeperunt
1613 1619 1726 1672 sin-

146 1710 257 1781 guli
284 1711 409 1765 hac
428 1709 592 1764 verba
615 1708 794 1763 dicere
819 1727 834 1763 :
866 1707 977 1762 Nos
1002 1708 1245 1762 debemus
1271 1708 1572 1778 hujusmodi
1603 1725 1723 1762 sus-

140 1803 316 1872 cipere
353 1801 534 1872 (Joan.
582 1799 708 1870 III),
769 1808 831 1854 ut
872 1808 1254 1870 coeperatores
1297 1800 1470 1854 simus
1509 1799 1723 1852 Domini

145 1893 322 1949 nostri
344 1891 478 1948 Iesu
500 1890 725 1947 Christi.
757 1890 878 1961 lpse
905 1906 1036 1945 vero
1058 1890 1357 1959 sarpissime
1377 1890 1542 1959 coepit
1560 1888 1723 1943 Chri-

1825 709 2034 780 judicio
2060 710 2275 764 illorum
2305 711 2497 765 electio
2523 711 2688 766 finem
2710 715 2956 768 sortitur.
2982 713 3136 781 Quod
3156 716 3398 772 videntes

1831 800 2102 868 universi,
2157 801 2414 856 concitati
2461 810 2592 856 sunt
2645 803 2699 856 in
2747 804 2959 857 laudem
3005 805 3115 858 veri
3163 807 3398 874 pastoris

1828 889 2071 955 Christi,
2108 889 2338 945 dicendo
2388 891 2517 945 illud
2568 891 2978 964 Psalmographi
3013 910 3025 944 :
3066 893 3204 948 Deus
3229 895 3398 963 judua:

1819 978 1999 1048 justus
2026 978 2199 1048 (Psal.
2226 981 2352 1049 vn);
2377 989 2429 1034 et
2445 980 2581 1038 illud
2604 982 2847 1051 Apostoli
2876 1001 2886 1014 ο
2923 983 3090 1048 Quam
3113 973 3399 1053 incomprc-
3425 964 3434 975 ¹

1827 1068 2106 1134 hensiizilia
2147 1079 2266 1123 sunt
2304 1071 2513 1139 judicia
2559 1073 2670 1142 ejus
2724 1058 2916 1144 (Rom;
2947 1073 3043 1144 XI).
3094 1073 3398 1145 Statimque

1829 1159 1944 1225 Dei,
1992 1169 2053 1213 ut
2095 1161 2305 1216 cunctis
2340 1163 2555 1229 claruit,
2592 1164 2818 1230 electus,
2848 1165 2915 1219 ad
2941 1166 3250 1221 cathedram
3285 1167 3400 1236 epi-

1828 1249 2095 1318 scopalem
2125 1265 2232 1304 non
2271 1252 2447 1306 solum
2470 1262 2553 1307 est
2581 1263 2817 1319 evectus,
2847 1254 2939 1308 sed
2969 1255 3132 1308 etiam
3159 1256 3400 1312 maximo

1827 1357 1950 1395 cum
1986 1342 2193 1397 honore
2240 1359 2270 1396 a
2301 1344 2598 1400 Catholicis
2632 1354 2715 1401 est
2747 1355 3050 1416 susceptus.
3088 1347 3170 1401 Ab
3219 1347 3397 1401 omnio

1827 1430 1929 1486 bus
1961 1431 2211 1485 laudatur
2243 1440 2296 1485 et
2337 1433 2658 1488 honoratur.
2703 1434 2898 1488 Postea
2933 1450 3062 1488 vero
3091 1445 3398 1505 opportuno

1829 1526 2068 1588 tempore
2097 1519 2192 1574 Dei
2223 1521 2479 1575 sacerdos
2510 1524 2807 1578 secundum
2842 1525 3087 1579 ordinem
3114 1523 3398 1579 Melchise-

1827 1609 1963 1665 dech
1999 1612 2202 1666 electus
2231 1612 2403 1679 (Psal.
2441 1614 2572 1680 cur),
2607 1623 2904 1685 unguento,
2933 1617 3079 1684 quod
3120 1616 3400 1672 descendit

1827 1698 1879 1750 in
1932 1698 2181 1765 barbam,
2230 1701 2455 1755 barbam
2504 1703 2685 1755 Aaron
2733 1701 2902 1772 (Psal.
2933 1704 3162 1773 cxxxn),
3196 1714 3249 1760 et
3279 1705 3400 1759 oleo

1826 1787 2023 1843 laetitia:
2044 1799 2240 1844 unctus
2274 1790 2446 1860 (Psul.
2469 1793 2612 1860 μιν)
2643 1801 3015 1862 consecratur,
3047 1795 3111 1849 ad
3139 1795 3401 1850 archiste—

1826 1879 1966 1934 rium
1992 1879 2317 1951 hymnidicis
2349 1882 2469 1934 odis
2505 1882 2924 1938 inthronizatur.

148 1993 234 2040 sto
266 1984 503 2054 psallere
545 1981 960 2052 Psalmographi
986 1997 1154 2036 voce:
1191 1981 1326 2035 Ecce
1372 1981 1610 2052 etongavi
1637 1981 1724 2050 fu-
1758 1955 1801 2008 Β
1898 1987 2035 2043 Exin
2059 2004 2221 2044 verus
2254 1989 2455 2044 Christi
2482 1991 2638 2048 miles
2669 2006 2733 2045 ex
2769 1993 3050 2061 sexaginta
3083 1992 3401 2050 fortissimis

147 2076 310 2146 αὔεις,
339 2083 390 2127 et
420 2075 595 2126 mansi
631 2074 688 2124 in
715 2072 1001 2140 solitudine
1027 2071 1200 2140 (Psal.
1239 2071 1368 2140 LIv).

218 2165 339 2221 Non
373 2165 549 2219 multo
575 2173 700 2234 post
727 2172 968 2233 tempore
991 2163 1313 2218 venerabilis
1337 2163 1608 2218 arcbiater
1630 2162 1728 2217 Ge-

148 2257 447 2323 behardus,
495 2241 658 2310 Pater
701 2255 907 2310 Christi
955 2256 1138 2310 ovium
1174 2255 1548 2325 dignissimus,
1601 2253 1727 2309 huic

149 2353 273 2407 vitae
298 2351 466 2405 finem
497 2349 662 2415 dedit,
694 2357 751 2403 et
780 2349 834 2402 in
861 2348 1116 2419 gaudium
1139 2347 1354 2401 Domini
1380 2347 1486 2414 sui,
1519 2347 1726 2401 talento

151 2444 285 2496 bene
327 2441 608 2510 duplicato
649 2438 865 2509 (Matth.
911 2439 1062 2509 xxv),
1095 2454 1208 2492 xvu
1257 2437 1526 2492 Kalendas
1574 2436 1722 2503 Julii,

149 2544 211 2589 ut
234 2533 534 2599 credimus,
564 2532 862 2604 honorifice
893 2531 1133 2596 intravit,
1161 2545 1292 2586 oves
1322 2546 1450 2584 suas
1486 2545 1594 2583 non
1624 2546 1723 2598 pa-

151 2624 307 2688 stori,
324 2622 422 2676 sed
444 2620 785 2675 mercenario
807 2620 1149 2689 superposito
1164 2661 1180 2685 ,
1203 2619 1338 2673 heu!
1359 2619 1566 2673 dimisit
1582 2619 1726 2674 lace-

153 2716 368 2771 randas.
410 2713 568 2779 Quod
598 2712 867 2767 Catholici
915 2712 1188 2778 videntes,
1229 2728 1336 2766 non
1379 2712 1726 2766 mediocriter

153 2806 372 2859 doiuere
423 2813 652 2859 mortem
692 2804 764 2872 pii
799 2804 1036 2858 doctoris
1077 2812 1131 2858 et
1183 2805 1446 2875 magistri.
1481 2804 1724 2860 Consilio

153 2909 330 2954 autem
362 2899 520 2953 Ξριὶιτ.
549 2898 868 2968 satagebant
895 2898 1118 2966 dignum
1155 2897 1464 2964 doctorem,
1499 2899 1722 2969 dignum

153 2999 425 3061 pastorem
448 2990 651 3046 Christi
673 3005 888 3060 sponsm
910 2991 1204 3056 associare,
1235 3005 1308 3057 ne
1329 2991 1489 3059 lupus
1510 2983 1738 3060 gregem

159 3082 370 3138 Domini
399 3090 510 3136 tam
541 3080 863 3151 potestative
885 3086 938 3132 et
963 3087 1071 3131 tam
1088 3079 1336 3132 luctuose
1359 3078 1586 3131 ulterius
1608 3093 1724 3146 pos—

152 3182 237 3228 set
286 3173 599 3242 dispergam
643 3170 727 3224 vel
770 3167 1104 3238 perturbare.
1155 3167 1551 3221 Convenientes
1595 3182 1725 3220 vero

156 3263 281 3318 boni
307 3272 362 3317 et
382 3261 517 3333 iusti
561 3275 671 3315 non
705 3259 757 3313 in
790 3259 1036 3323 dubium,
1070 3257 1164 3312 sed
1202 3259 1255 3311 in
1294 3273 1485 3323 unum,
1513 3257 1603 3310 alii
1636 3273 1728 3312 au-
1752 3288 1792 3343 ρ

154 3363 260 3407 tem
293 3369 404 3407 non
437 3353 495 3406 in
525 3365 716 3416 unum,
745 3350 840 3404 s.:d
883 3349 938 3403 in
963 3349 1210 3402 dubium.
1257 3346 1540 3417 Spiritales
1571 3349 1725 3418 spiri-

156 3441 278 3495 talia
303 3448 596 3504 sectantes,
623 3439 898 3507 elegerunt
929 3437 1228 3505 spiritalem
1254 3437 1449 3501 virum,
1478 3437 1725 3492 videlicet

155 3531 436 3588 dominum
472 3531 831 3603 Tyemoncm;
880 3529 966 3584 cui
1014 3529 1205 3591 merito
1236 3536 1367 3584 tunc
1398 3529 1452 3583 in
1482 3538 1723 3597 tempore

153 3633 269 3679 erat
332 3623 762 3693 comparandum
821 3621 950 3675 illud
1006 3619 1286 3674 oraculum
1341 3620 1486 3691 quod
1529 3619 1724 3688 priscis

155 3715 489 3784 temporibus
523 3713 670 3767 Deus
699 3712 906 3767 solebat
938 3711 1087 3780 loqui
1131 3712 1198 3765 ad
1231 3711 1520 3780 quemdam
1564 3726 1722 3764 suum

154 3803 420 3869 amicum;
451 3800 588 3854 Novi
615 3810 661 3853 te
683 3817 747 3854 ex
770 3802 974 3852 nomine
998 3799 1193 3868 (Exod.
1236 3800 1449 3868 χχχιιι).
1489 3799 1723 3854 Saecula-

155 3909 260 3964 res,
291 3909 415 3965 qua:
446 3901 575 3948 sunt
613 3891 776 3960 hujus
810 3890 996 3945 mundi
1028 3898 1340 3957 tractantes,
1369 3891 1725 3945 laudaverunt

155 3986 447 4055 quemdam
481 3997 590 4037 non
619 3981 974 4052 spiritualem,
1011 3981 1102 4036 sed
1126 3992 1320 4051 genere
1351 3989 1406 4034 et
1437 3982 1619 4036 saeculi
1641 3983 1724 4036 di-

154 4075 360 4145 gnitate
402 4072 694 4126 admodum
725 4073 930 4126 clarum
971 4081 1025 4126 et
1055 4081 1358 4141 potentem;
1406 4073 1490 4127 cui
1532 4075 1724 4128 merito

156 4162 285 4220 illud
297 4163 604 4220 Psalmista:
634 4171 918 4232 coaptatur
944 4165 1089 4232 quod
1119 4165 1186 4217 de
1210 4166 1456 4232 reprobis
1479 4166 1679 4220 dicitur
1707 4185 1722 4220 :

154 4254 407 4327 Dejecisti
427 4272 534 4323 eos,
556 4255 682 4308 dum
703 4254 1053 4308 alienarentur
1068 4253 1241 4325 (Psal.
1262 4257 1450 4324 LXXII).
1479 4255 1723 4321 Quorum

153 4348 418 4420 pactioni,
443 4347 606 4418 quasi
623 4344 815 4415 majori
836 4345 1088 4416 potestati
1104 4360 1389 4402 assensum
1414 4346 1725 4416 praebebant

155 4442 338 4497 cuncti
365 4456 474 4506 non
503 4429 686 4506 corde,
711 4439 806 4493 sed
833 4454 988 4494 voce.
1481 4423 1485 4427 ’

222 4530 494 4588 Caeterum
526 4529 841 4600 rdispositor
894 4537 1218 4584 cunctorum
1283 4528 1426 4584 Deus
1489 4530 1725 4585 ostendit

1828 2076 2084 2133 lsraelitis
2107 2078 2304 2133 lectum
2339 2079 2452 2132 veri
2488 2077 2794 2134 Salomonis
2823 2080 3187 2134 ambientibus
3217 2082 3394 2151 (Cant.

1827 2167 2204 2238 III),-electum
2255 2168 2493 2237 gladium
2537 2178 2730 2224 tenens
2775 2169 2948 2222 sancti
3004 2167 3259 2238 Spiritus,
3315 2173 3401 2226 (iie.

1826 2263 2097 2326 noctuque
2143 2271 2274 2325 pace
2319 2256 2565 2326 belloque
2621 2265 2884 2324 armatus,
2927 2258 3150 2328 justitia:
3181 2260 3402 2317 indutus

1827 2347 2018 2414 lorica,
2050 2348 2172 2401 fidei
2205 2348 2378 2417 galea,
2407 2348 2598 2404 salutis
2621 2358 2919 2414 armatura,
2958 2350 3274 2418 nequissimi
3296 2352 3399 2404 tela

1827 2441 1982 2510 ignea
2030 2439 2245 2510 (Ep/tes.
2272 2440 2348 2510 vI)
2381 2440 2435 2492 in
2480 2455 2709 2508 corpore
2734 2441 3029 2506 exstinxit;
3078 2456 3402 2510 gregemque

1827 2530 1928 2583 sibi
1960 2530 2313 2592 commissum
2349 2527 2415 2582 de
2441 2524 2645 2582 inimici
2678 2527 2927 2582 faucibus
2959 2529 3289 2596 quotidianis
3312 2530 3405 2582 do-

1825 2621 2096 2675 cumentis
2133 2620 2341 2688 eripere
2381 2619 2606 2672 studuit.
2649 2617 2754 2672 Sed
2781 2618 3040 2687 antiquus
3076 2619 3272 2682 hostis,
3307 2619 3402 2688 qui

1826 2726 1996 2781 genus
2056 2709 2358 2763 humanum
2405 2709 2470 2763 de
2533 2709 2770 2778 paradisi
2814 2710 3128 2764 amoenitate
3177 2725 3274 2778 per
3317 2725 3406 2766 sc-

1827 2802 2116 2871 metipsum
2165 2801 2447 2871 expulerat
2496 2801 2549 2854 in
2603 2801 2780 2870 primo
2815 2811 3071 2871 parente;
3119 2801 3266 2856 hunc
3307 2800 3403 2854 Dcl

1827 2903 2159 2964 symmysten
2194 2910 2290 2950 uer
2315 2894 2558 2948 membra
2581 2909 2679 2947 sua
2709 2893 2776 2948 de
2803 2895 2927 2948 sede
2949 2893 3262 2963 episcopali,
3292 2892 3405 2950 imo

1825 2985 1889 3038 de
1935 2985 2132 3037 finibus
2180 2984 2286 3037 illis
2331 2985 2523 3036 nititur
2565 2985 2906 3052 proturbare.
2941 2987 3010 3038 At
3039 3001 3168 3040 vero
3190 2985 3272 3038 vir
3306 2983 3401 3038 Dei

1800 3073 2049 3151 .edoctus
2080 3074 2404 3142 evangelicis
2445 3074 2605 3126 dictis
2635 3092 2645 3125 :
2679 3072 2808 3127 Cum
2835 3083 3204 3142 persequentur
3227 3091 3313 3127 vos
3345 3076 3402 3127 in

1827 3163 2035 3216 riritate
2057 3163 2183 3230 ista,
2214 3164 2380 3233 fugite
2408 3164 2462 3216 in
2500 3163 2666 3216 aliam
2699 3163 2916 3233 (Matth.
2955 3167 3010 3233 Χ)
3035 3183 3048 3231 ;
3075 3164 3199 3218 inde
3231 3162 3400 3220 decli-

1826 3272 1957 3310 nare
1990 3265 2227 3322 tentans,
2267 3255 2414 3310 venit
2437 3256 2490 3308 in
2513 3254 2913 3321 Alamanniam,
2942 3256 3122 3327 ibique
3157 3273 3282 3312 cum
3304 3273 3399 3312 vc-

1827 3349 2056 3402 nerabili
2123 3350 2242 3403 viro
2300 3348 2618 3402 Gebebardo
2679 3349 3086 3421 Constantiensi
3147 3351 3402 3420 episcopo

1825 3439 2137 3507 aliquandiu
2173 3439 2434 3506 degebat,
2484 3447 2538 3491 ct
2576 3438 2752 3502 circa,
2790 3440 3115 3492 venerabilia
3149 3439 3267 3493 loca
3295 3441 3396 3492 bu—

1824 3529 2046 3583 Inillime
2081 3538 2133 3582 et
2156 3529 2476 3582 charitative
2504 3529 2780 3582 visitabat.

1895 3637 1988 3691 lllo
2023 3637 2187 3708 igitur
2224 3639 2277 3692 in
2309 3649 2553 3707 tempore
2580 3639 2735 3691 multI
2773 3647 2901 3692 sunt
2939 3638 3116 3693 conati
3147 3636 3402 3693 Hieroso—

1827 3729 2022 3799 lymam
2056 3744 2295 3799 pergere,
2336 3737 2522 3781 sancta
2549 3729 2676 3783 loca
2698 3745 2728 3782 a
2755 3730 2994 3799 gentium
3016 3729 3257 3783 dominio
3274 3743 3399 3782 cum

1825 3819 1920 3873 Dei
1970 3820 2302 3873 adminiculo
2347 3833 2556 3873 eruere.
2606 3819 2671 3873 Et
2706 3820 2846 3873 sicut
2881 3820 3013 3872 olim
3058 3835 3154 3888 per
3195 3820 3400 3888 regiam

1823 3913 1967 3966 viam
1995 3910 2326 3966 lsracliticus
2355 3913 2590 3980 populus
2623 3913 2877 3965 bellicose
2907 3912 2972 3964 ad
3000 3920 3201 3963 terram
3220 3923 3404 3977 repro«
3433 3968 3438 3973 ,

1827 4001 2104 4058 missionis
2141 4003 2420 4072 ingressus
2446 4011 2528 4056 est
2561 4000 2748 4069 (Num.
2775 4001 2915 4068 xm),
2945 4000 3017 4051 ita
3045 4008 3098 4052 ct
3119 3999 3227 4062 isti,
3254 3998 3402 4052 illius

1825 4093 2071 4162 exemplo
2115 4091 2426 4154 confortati,
2465 4089 2664 4142 bellum
2711 4103 2810 4157 pro
2843 4089 3292 4158 pace-elegerunt.
3321 4088 3399 4141 At:

1826 4183 1978 4235 multi
2003 4182 2055 4233 in
2081 4179 2344 4248 sanguine
2368 4177 2506 4248 Λειιὶ
2527 4177 2810 4242 rubricati,
2835 4177 3045 4233 animas
3064 4192 3162 4246 pro
3180 4175 3402 4232 Christo

1824 4270 2191 4340 perdiderunt,
2226 4277 2285 4322 ut
2315 4269 2370 4323 in
2417 4278 2617 4324 aeterna
2654 4271 2766 4324 vita
2809 4270 3143 4324 custodirent
3168 4269 3308 4331 illas,
3345 4276 3402 4321 ct

1824 4363 2042 4417 ethnico
2091 4362 2231 4416 bello
2263 4363 2656 4417 occubuerunt.
2694 4359 2858 4413 Pauci
2905 4359 3122 4415 tandem
3163 4357 3398 4422 liberati,

1827 4455 1892 4509 ad
1920 4454 2224 4509 desiderata
2269 4453 2388 4506 loca
2435 4457 2816 4520 pervenerunt.
2863 4446 3202 4501 Venerabilis
3244 4461 3398 4511 vero,

1825 4545 1892 4600 de
1919 4560 2029 4613 quo
2071 4543 2228 4596 nobis
2274 4554 2454 4594 sermo
2483 4546 2585 4603 est,
2628 4536 3055 4607 Sletropolitame
3080 4535 3401 4593 Jovavcnsis

148 4604 370 4691 cunctis
410 4619 824 4692 inspicientibus
877 4620 1036 4672 talem
1088 4617 1404 4673 electionem
1450 4618 1565 4671 suis
1616 4635 1724 4674 non

1828 4604 2132 4698 hierarcha,
2160 4631 2386 4702 cupiens
2415 4630 2782 4702 evangelieam
2803 4604 2957 4702 sequi
2989 4629 3398 4702 perfectionem,

154 4715 369 4787 placere
399 4713 802 4782 conspectibus.
837 4710 970 4764 Cum
990 4709 1152 4780 igitur
1177 4710 1244 4763 ad
1274 4711 1525 4778 colloquii
1543 4711 1722 4766 locum

156 4801 497 4858 Pataviensis
525 4804 813 4872 episcopus
853 4802 1176 4857 Altmannus
1229 4801 1537 4872 apostolicae
1579 4803 1724 4857 sedis

158 4893 396 4966 legatus,
454 4893 651 4959 clerus,
706 4879 1080 4959 dux1Welfo,
1135 4895 1386 4958 comites,
1439 4893 1723 4961 utriusque

122 5003 322 5050 sexus
367 4987 573 5042 multus
620 4973 964 5076 convenisset
1019 4985 1269 5054 populus,
1323 4985 1413 5038 illo
1465 4983 1724 5038 naviculae

160 5079 343 5146 ductu,
389 5080 602 5133 alveum
639 5075 871 5133 transire
895 5078 1162 5146 cupiente,
1211 5078 1302 5146 qui
1350 5092 1455 5131 non
1486 5075 1722 5144 Domini,

162 5183 267 5238 non
313 5168 636 5240 spiritalium
681 5175 1056 5236 persenarum,
1102 5165 1194 5219 sed
1226 5182 1522 5235 paucorum
1555 5183 1726 5223 saecu-

163 5256 259 5312 lari
283 5261 547 5330 dignitate
574 5256 887 5328 pollcntium
904 5296 922 5322 ,
949 5258 1154 5311 electus
1182 5263 1297 5310 erat
1323 5257 1552 5326 judicio,
1600 5274 1725 5326 par-

163 5346 295 5402 tium
329 5358 688 5419 utrarumque
723 5362 986 5416 suspensa
1037 5347 1140 5401 fuit
1185 5347 1541 5417 "exspectatio.
1583 5347 1723 5412 Quid

165 5437 349 5508 plura?
375 5436 640 5508 Cognitor
663 5439 995 5494 occultorum
1036 5440 1390 5510 provisorque
1413 5438 1720 5494 futurorum

151 5525 322 5596 'Deus,
363 5527 459 5600 qui
511 5527 746 5583 alienum
797 5530 972 5601 ignem
1009 5530 1296 5586 offerentes
1327 5545 1437 5586 non
1467 5530 1720 5597 mirabili,

169 5617 256 5672 sed
306 5616 606 5675 miserabili
666 5628 840 5674 morte
893 5621 1112 5675 interire
1148 5621 1320 5676 voluit
1363 5621 1552 5692 (Num.
1608 5621 1720 5692 III),

168 5705 300 5763 hanc
341 5708 742 5764 infructuosam
791 5711 1039 5765 arbarem
1100 5709 1274 5781 (λιειί.9
1336 5711 1469 5781 χιι),
1530 5710 1722 5779 palmi-

168 5806 265 5853 tem
310 5816 420 5856 non
452 5799 716 5855 ferentem
753 5799 986 5858 fructum
1033 5803 1262 5859 abscidit
1301 5802 1479 5876 (Joan.
1506 5801 1625 5870 xv);
1660 5819 1723 5858 ac

170 5893 366 5950 cunctis
430 5891 848 5963 inspicientibns
891 5897 1230 5966 cunctisque
1293 5893 1718 5965 admirantibus,

1825 4723 2014 4778 volens
2041 4722 2221 4776 dicere
2245 4737 2368 4776 cum
2391 4719 2554 4777 Petro
2581 4738 2597 4775 :
2627 4721 2762 4775 Ecce
2781 4739 2874 4775 nos
2902 4705 3205 4791 reliquimus
3220 4720 3401 4772 omnis

1822 4822 1872 4866 et
1909 4813 2073 4866 secuti
2105 4829 2286 4866 sumus
2319 4821 2367 4866 te
2394 4811 2612 4883 (Matth.
2647 4814 2788 4882 XVI);
2816 4813 2928 4879 jam
2969 4810 3172 4863 dudum
3202 4810 3399 4878 expul—

1825 4918 1940 4968 sus,
1974 4891 2097 4958 cum
2127 4901 2376 4957 Welfone
2411 4902 2549 4956 duce
2595 4901 2698 4953 iter
2732 4900 3016 4969 ingressus
3048 4906 3131 4951 est
3157 4899 3397 4969 peregri-

1824 4987 2062 5047 nationis
2089 4990 2611 5061 llierosolymitanae.
2646 4987 2748 5041 Sed
2782 5004 2978 5052 omnes,
3009 4988 3098 5057 qui
3124 4987 3404 5058 voluntpic

1824 5085 1989 5137 vivere
2002 5084 2057 5135 in
2073 5081 2283 5137 Christo
2295 5080 2440 5143 Iesu,
2458 5080 2839 5147 persecutiones
2856 5082 3133 5150 patiuntur
3150 5078 3240 5151 (II
3259 5079 3399 5133 Tim.

1827 5175 1932 5241 III).
1961 5170 2368 5224 Persecutiones
2393 5168 2594 5223 etenim
2629 5172 2920 5225 nonnullas
2946 5172 3030 5224 vir
3051 5170 3146 5225 Dei
3186 5169 3402 5225 fortiter

1825 5277 1888 5315 ac
1914 5259 2178 5328 patienter
2207 5257 2494 5322 sustinuit;
2525 5267 2580 5314 et
2608 5276 2738 5314 voce
2762 5259 3172 5329 Psalmograpbi
3192 5260 3398 5329 jucun—

1822 5354 2015 5409 dantcr
2037 5353 2092 5406 in
2114 5351 2201 5405 die
2223 5351 2313 5404 illa
2333 5352 2564 5407 cecinit:
2591 5350 3062 5405 Circumdederunt
3090 5368 3170 5404 me
3188 5349 3400 5403 dolores

1824 5443 2032 5510 mortis,
2054 5441 2291 5512 pericula
2308 5441 2501 5509 inferni
2518 5441 2822 5492 invenerunt
2850 5450 2949 5493 me.
2977 5436 3393 5492 Tribulationem

1823 5543 1873 5588 et
1901 5532 2135 5586 dolorem
2163 5529 2356 5594 inveni,
2386 5539 2436 5580 et
2473 5544 2659 5580 nomen
2702 5528 2916 5583 Domini
2944 5526 3176 5581 invocavi
3214 5525 3392 5596 (Psal.

1823 5622 1991 5692 cmv).
2017 5621 2085 5676 Et
2103 5620 2235 5674 illud
2263 5618 2622 5687 apostolicum
2649 5638 2662 5673 :
2694 5617 2754 5674 Si
2783 5619 2922 5673 Deus
2962 5631 3056 5685 pro
3083 5613 3250 5680 nobis,
3273 5616 3396 5685 quis

1824 5720 2005 5766 contra
2040 5725 2132 5763 nos
2157 5710 2182 5762 .’
2212 5707 2342 5772 Quis
2374 5724 2465 5762 nos
2506 5710 2768 5779 separabit
2799 5725 2829 5760 a
2860 5707 3118 5758 charitate
3145 5703 3344 5759 Christi
3368 5705 3402 5760 7

1825 5800 2120 5863 tribulatio,
2167 5816 2234 5852 an
2265 5799 2451 5868 fames,
2489 5816 2556 5851 an
2598 5798 2830 5860 nuditas,
2882 5812 2948 5847 an
2992 5793 3305 5864 periculum,
3338 5803 3395 5851 ct

1824 5899 2016 5947 cetera
2054 5903 2226 5960 usque
2268 5890 2356 5960 qui
2387 5890 2572 5944 dilexit
2605 5903 2695 5939 nos
2724 5885 2896 5956 (Rom.
2922 5886 3060 5952 ιἰιι).
