  <div class='ocr_page' id='page_1' title='image "/cluster/home/n/w/nwhite01/storage/ocr_20150623/148/uva.x000829792/455.png"; bbox 0 0 3944 6414; ppageno 0'>
   <div class='ocr_carea' id='block_1_1' title="bbox 475 557 577 609">
    <p class='ocr_par' dir='ltr' id='par_1_1' title="bbox 475 557 577 609">
     <span class='ocr_line' id='line_1_1' title="bbox 475 557 577 609; baseline 0 -3"><span class='ocrx_word' id='word_1_1' title='bbox 475 557 577 609; x_wconf 61' lang='grc' dir='ltr'><strong>8εςε)</strong></span> 
     </span>
    </p>
   </div>
   <div class='ocr_carea' id='block_1_2' title="bbox 1481 528 2774 596">
    <p class='ocr_par' dir='ltr' id='par_1_2' title="bbox 1481 528 2774 596">
     <span class='ocr_line' id='line_1_2' title="bbox 1481 528 2774 596; baseline -0.009 -1"><span class='ocrx_word' id='word_1_2' title='bbox 1481 544 1566 596; x_wconf 65' lang='grc' dir='ltr'><strong>Μ)</strong></span> <span class='ocrx_word' id='word_1_3' title='bbox 1605 540 1832 595; x_wconf 60' lang='grc' dir='ltr'>ΟΙἚΒΆ</span> <span class='ocrx_word' id='word_1_4' title='bbox 1873 540 1929 592; x_wconf 77' lang='lat' dir='ltr'><strong>S.</strong></span> <span class='ocrx_word' id='word_1_5' title='bbox 1970 530 2300 589; x_wconf 72' lang='lat' dir='ltr'><strong>(iRECOllll</strong></span> <span class='ocrx_word' id='word_1_6' title='bbox 2334 528 2774 584; x_wconf 68' lang='lat' dir='ltr'><strong>APPENDNIES.</strong></span> 
     </span>
    </p>
   </div>
   <div class='ocr_carea' id='block_1_3' title="bbox 3631 525 3740 578">
    <p class='ocr_par' dir='ltr' id='par_1_3' title="bbox 3631 525 3740 578">
     <span class='ocr_line' id='line_1_3' title="bbox 3631 525 3740 578; baseline 0.009 -2"><span class='ocrx_word' id='word_1_7' title='bbox 3631 525 3740 578; x_wconf 74' lang='lat'><strong>900</strong></span> 
     </span>
    </p>
   </div>
   <div class='ocr_carea' id='block_1_4' title="bbox 543 637 3738 720">
    <p class='ocr_par' dir='ltr' id='par_1_4' title="bbox 543 637 3738 720">
     <span class='ocr_line' id='line_1_4' title="bbox 543 637 3738 720; baseline -0.009 -1"><span class='ocrx_word' id='word_1_8' title='bbox 543 669 595 719; x_wconf 85' lang='lat' dir='ltr'><strong>lii</strong></span> <span class='ocrx_word' id='word_1_9' title='bbox 627 666 840 719; x_wconf 79' lang='lat' dir='ltr'><strong>civitate</strong></span> <span class='ocrx_word' id='word_1_10' title='bbox 865 663 1062 716; x_wconf 55' lang='lat' dir='ltr'><strong>etenim</strong></span> <span class='ocrx_word' id='word_1_11' title='bbox 1087 658 1374 720; x_wconf 60' lang='lat' dir='ltr'><strong>tiorozaiez,</strong></span> <span class='ocrx_word' id='word_1_12' title='bbox 1416 682 1440 709; x_wconf 72' lang='grc' dir='ltr'><strong>ιι</strong></span> <span class='ocrx_word' id='word_1_13' title='bbox 1481 657 1709 708; x_wconf 71' lang='lat' dir='ltr'><strong>Domino</strong></span> <span class='ocrx_word' id='word_1_14' title='bbox 1740 651 2046 711; x_wconf 84' lang='lat' dir='ltr'><strong>maledicta,</strong></span> <span class='ocrx_word' id='word_1_15' title='bbox 2081 655 2121 708; x_wconf 69' lang='grc' dir='ltr'><strong>Α</strong></span> <span class='ocrx_word' id='word_1_16' title='bbox 2153 655 2234 698; x_wconf 74' lang='lat' dir='ltr'><strong>sto</strong></span> <span class='ocrx_word' id='word_1_17' title='bbox 2274 643 2504 696; x_wconf 80' lang='lat' dir='ltr'><strong>Domino</strong></span> <span class='ocrx_word' id='word_1_18' title='bbox 2528 658 2648 696; x_wconf 82' lang='lat' dir='ltr'><strong>meo</strong></span> <span class='ocrx_word' id='word_1_19' title='bbox 2679 650 2901 695; x_wconf 72' lang='lat' dir='ltr'><strong>ani-tore</strong></span> <span class='ocrx_word' id='word_1_20' title='bbox 2933 639 3046 694; x_wconf 78' lang='lat' dir='ltr'><strong>scio</strong></span> <span class='ocrx_word' id='word_1_21' title='bbox 3073 638 3388 702; x_wconf 70' lang='lat' dir='ltr'><strong>transferre,</strong></span> <span class='ocrx_word' id='word_1_22' title='bbox 3427 645 3476 690; x_wconf 85' lang='lat' dir='ltr'><strong>et</strong></span> <span class='ocrx_word' id='word_1_23' title='bbox 3509 637 3738 708; x_wconf 85' lang='lat' dir='ltr'><strong>insuper</strong></span> 
     </span>
    </p>
   </div>
   <div class='ocr_carea' id='block_1_5' title="bbox 471 745 2050 818">
    <p class='ocr_par' dir='ltr' id='par_1_5' title="bbox 471 745 2050 818">
     <span class='ocr_line' id='line_1_5' title="bbox 471 745 2050 818; baseline -0.011 -8"><span class='ocrx_word' id='word_1_24' title='bbox 471 758 560 810; x_wconf 91' lang='lat' dir='ltr'><strong>ubi</strong></span> <span class='ocrx_word' id='word_1_25' title='bbox 593 755 747 810; x_wconf 82' lang='lat' dir='ltr'><strong>sedes</strong></span> <span class='ocrx_word' id='word_1_26' title='bbox 775 762 858 807; x_wconf 87' lang='lat' dir='ltr'><strong>est</strong></span> <span class='ocrx_word' id='word_1_27' title='bbox 895 753 1131 815; x_wconf 59' lang='lat' dir='ltr'><strong>Satana‘,</strong></span> <span class='ocrx_word' id='word_1_28' title='bbox 1159 764 1279 818; x_wconf 83' lang='lat' dir='ltr'><strong>qu:e</strong></span> <span class='ocrx_word' id='word_1_29' title='bbox 1319 749 1423 799; x_wconf 84' lang='lat' dir='ltr'><strong>illis</strong></span> <span class='ocrx_word' id='word_1_30' title='bbox 1449 747 1503 799; x_wconf 90' lang='lat' dir='ltr'><strong>iii</strong></span> <span class='ocrx_word' id='word_1_31' title='bbox 1537 745 1779 814; x_wconf 65' lang='lat' dir='ltr'><strong>partibus</strong></span> <span class='ocrx_word' id='word_1_32' title='bbox 1810 751 1891 795; x_wconf 81' lang='lat' dir='ltr'><strong>est</strong></span> <span class='ocrx_word' id='word_1_33' title='bbox 1927 757 2050 812; x_wconf 72' lang='lat' dir='ltr'><strong>gen-</strong></span> 
     </span>
    </p>
   </div>
   <div class='ocr_carea' id='block_1_6' title="bbox 471 835 2048 905">
    <p class='ocr_par' dir='ltr' id='par_1_6' title="bbox 471 835 2048 905">
     <span class='ocr_line' id='line_1_6' title="bbox 471 835 2048 905; baseline -0.01 -5"><span class='ocrx_word' id='word_1_34' title='bbox 471 849 604 900; x_wconf 73' lang='lat' dir='ltr'><strong>tium</strong></span> <span class='ocrx_word' id='word_1_35' title='bbox 639 844 1026 904; x_wconf 61' lang='lat' dir='ltr'><strong>famasissiiiia,</strong></span> <span class='ocrx_word' id='word_1_36' title='bbox 1054 839 1369 894; x_wconf 68' lang='lat' dir='ltr'><strong>habitabant</strong></span> <span class='ocrx_word' id='word_1_37' title='bbox 1399 849 1506 891; x_wconf 79' lang='lat' dir='ltr'><strong>tres</strong></span> <span class='ocrx_word' id='word_1_38' title='bbox 1535 835 1896 905; x_wconf 74' lang='lat' dir='ltr'><strong>potentissimi</strong></span> <span class='ocrx_word' id='word_1_39' title='bbox 1925 851 2048 904; x_wconf 78' lang='lat' dir='ltr'><strong>ger-</strong></span> 
     </span>
    </p>
   </div>
   <div class='ocr_carea' id='block_1_7' title="bbox 471 928 2048 1001">
    <p class='ocr_par' dir='ltr' id='par_1_7' title="bbox 471 928 2048 1001">
     <span class='ocr_line' id='line_1_7' title="bbox 471 928 2048 1001; baseline -0.006 -11"><span class='ocrx_word' id='word_1_40' title='bbox 471 938 637 993; x_wconf 77' lang='lat' dir='ltr'><strong>mani.</strong></span> <span class='ocrx_word' id='word_1_41' title='bbox 673 936 773 1001; x_wconf 73' lang='lat' dir='ltr'><strong>Qui</strong></span> <span class='ocrx_word' id='word_1_42' title='bbox 823 943 1012 987; x_wconf 83' lang='lat' dir='ltr'><strong>contra</strong></span> <span class='ocrx_word' id='word_1_43' title='bbox 1065 931 1379 1001; x_wconf 68' lang='lat' dir='ltr'><strong>peregrinos</strong></span> <span class='ocrx_word' id='word_1_44' title='bbox 1423 929 1786 992; x_wconf 65' lang='lat' dir='ltr'><strong>Christianos,</strong></span> <span class='ocrx_word' id='word_1_45' title='bbox 1826 928 2048 981; x_wconf 74' lang='lat' dir='ltr'><strong>collecta</strong></span> 
     </span>
    </p>
   </div>
   <div class='ocr_carea' id='block_1_8' title="bbox 472 1018 2048 1089">
    <p class='ocr_par' dir='ltr' id='par_1_8' title="bbox 472 1018 2048 1089">
     <span class='ocr_line' id='line_1_8' title="bbox 472 1018 2048 1089; baseline -0.004 -13"><span class='ocrx_word' id='word_1_46' title='bbox 472 1025 819 1076; x_wconf 60' lang='lat' dir='ltr'><strong>iniittitadiue</strong></span> <span class='ocrx_word' id='word_1_47' title='bbox 867 1021 1270 1086; x_wconf 75' lang='lat' dir='ltr'><strong>innumerabili,</strong></span> <span class='ocrx_word' id='word_1_48' title='bbox 1328 1019 1527 1089; x_wconf 90' lang='lat' dir='ltr'><strong>partim</strong></span> <span class='ocrx_word' id='word_1_49' title='bbox 1578 1018 1812 1081; x_wconf 82' lang='lat' dir='ltr'><strong>occisos,</strong></span> <span class='ocrx_word' id='word_1_50' title='bbox 1852 1019 2048 1087; x_wconf 87' lang='lat' dir='ltr'><strong>partim</strong></span> 
     </span>
    </p>
   </div>
   <div class='ocr_carea' id='block_1_9' title="bbox 471 1101 2050 1168">
    <p class='ocr_par' dir='ltr' id='par_1_9' title="bbox 471 1101 2050 1168">
     <span class='ocr_line' id='line_1_9' title="bbox 471 1101 2050 1168; baseline -0.001 -2"><span class='ocrx_word' id='word_1_51' title='bbox 471 1117 785 1168; x_wconf 75' lang='lat' dir='ltr'><strong>vuiiiei&#39;atos</strong></span> <span class='ocrx_word' id='word_1_52' title='bbox 833 1115 1194 1168; x_wconf 62' lang='lat' dir='ltr'><strong>obli&#39;ivei&#39;unt.</strong></span> <span class='ocrx_word' id='word_1_53' title='bbox 1243 1112 1305 1165; x_wconf 64' lang='lat' dir='ltr'><strong>lit</strong></span> <span class='ocrx_word' id='word_1_54' title='bbox 1347 1112 1490 1166; x_wconf 84' lang='lat' dir='ltr'><strong>sicut</strong></span> <span class='ocrx_word' id='word_1_55' title='bbox 1537 1111 1666 1164; x_wconf 90' lang='lat' dir='ltr'><strong>olim</strong></span> <span class='ocrx_word' id='word_1_56' title='bbox 1723 1101 2050 1164; x_wconf 73' lang='lat' dir='ltr'><strong>Isi&#39;aelitieiis</strong></span> 
     </span>
    </p>
   </div>
   <div class='ocr_carea' id='block_1_10' title="bbox 469 1203 2052 1276">
    <p class='ocr_par' dir='ltr' id='par_1_10' title="bbox 469 1203 2052 1276">
     <span class='ocr_line' id='line_1_10' title="bbox 469 1203 2052 1276; baseline -0.003 -16"><span class='ocrx_word' id='word_1_57' title='bbox 469 1209 700 1275; x_wconf 68' lang='lat' dir='ltr'><strong>populiis</strong></span> <span class='ocrx_word' id='word_1_58' title='bbox 729 1208 781 1259; x_wconf 91' lang='lat' dir='ltr'><strong>iii</strong></span> <span class='ocrx_word' id='word_1_59' title='bbox 812 1205 1161 1276; x_wconf 70' lang='lat' dir='ltr'><strong>Babyloniam</strong></span> <span class='ocrx_word' id='word_1_60' title='bbox 1204 1205 1400 1259; x_wconf 78' lang='lat' dir='ltr'><strong>ductus</strong></span> <span class='ocrx_word' id='word_1_61' title='bbox 1431 1213 1514 1258; x_wconf 84' lang='lat' dir='ltr'><strong>est</strong></span> <span class='ocrx_word' id='word_1_62' title='bbox 1558 1204 1828 1272; x_wconf 83' lang='lat' dir='ltr'><strong>captivus,</strong></span> <span class='ocrx_word' id='word_1_63' title='bbox 1877 1203 1948 1256; x_wconf 90' lang='lat' dir='ltr'><strong>ita</strong></span> <span class='ocrx_word' id='word_1_64' title='bbox 1998 1211 2052 1255; x_wconf 89' lang='lat' dir='ltr'><strong>et</strong></span> 
     </span>
    </p>
   </div>
   <div class='ocr_carea' id='block_1_11' title="bbox 468 1294 2051 1366">
    <p class='ocr_par' dir='ltr' id='par_1_11' title="bbox 468 1294 2051 1366">
     <span class='ocr_line' id='line_1_11' title="bbox 468 1294 2051 1366; baseline 0.001 -20"><span class='ocrx_word' id='word_1_65' title='bbox 468 1298 816 1350; x_wconf 75' lang='lat' dir='ltr'><strong>tiliristianiis</strong></span> <span class='ocrx_word' id='word_1_66' title='bbox 850 1307 948 1349; x_wconf 78' lang='lat' dir='ltr'><strong>iste</strong></span> <span class='ocrx_word' id='word_1_67' title='bbox 994 1297 1226 1366; x_wconf 74' lang='lat' dir='ltr'><strong>poliiiliis</strong></span> <span class='ocrx_word' id='word_1_68' title='bbox 1255 1296 1493 1348; x_wconf 72' lang='lat' dir='ltr'><strong>maxima</strong></span> <span class='ocrx_word' id='word_1_69' title='bbox 1531 1310 1594 1346; x_wconf 83' lang='lat' dir='ltr'><strong>ex</strong></span> <span class='ocrx_word' id='word_1_70' title='bbox 1628 1303 1776 1363; x_wconf 89' lang='lat' dir='ltr'><strong>parte</strong></span> <span class='ocrx_word' id='word_1_71' title='bbox 1803 1294 2051 1362; x_wconf 85' lang='lat' dir='ltr'><strong>captivus</strong></span> 
     </span>
    </p>
   </div>
   <div class='ocr_carea' id='block_1_12' title="bbox 469 1385 2049 1455">
    <p class='ocr_par' dir='ltr' id='par_1_12' title="bbox 469 1385 2049 1455">
     <span class='ocr_line' id='line_1_12' title="bbox 469 1385 2049 1455; baseline -0.004 -13"><span class='ocrx_word' id='word_1_72' title='bbox 469 1391 666 1444; x_wconf 84' lang='lat' dir='ltr'><strong>ductus</strong></span> <span class='ocrx_word' id='word_1_73' title='bbox 700 1401 778 1441; x_wconf 79' lang='lat' dir='ltr'><strong>est</strong></span> <span class='ocrx_word' id='word_1_74' title='bbox 817 1391 995 1442; x_wconf 81' lang='lat' dir='ltr'><strong>abhis</strong></span> <span class='ocrx_word' id='word_1_75' title='bbox 1033 1389 1271 1455; x_wconf 66' lang='lat' dir='ltr'><strong>regibus.</strong></span> <span class='ocrx_word' id='word_1_76' title='bbox 1299 1385 1629 1439; x_wconf 70' lang='lat' dir='ltr'><strong>lsi-aelitiius</strong></span> <span class='ocrx_word' id='word_1_77' title='bbox 1665 1397 1842 1439; x_wconf 85' lang='lat' dir='ltr'><strong>autem</strong></span> <span class='ocrx_word' id='word_1_78' title='bbox 1877 1402 2049 1454; x_wconf 83' lang='lat' dir='ltr'><strong>popu-</strong></span> 
     </span>
    </p>
   </div>
   <div class='ocr_carea' id='block_1_13' title="bbox 469 1475 2047 1550">
    <p class='ocr_par' dir='ltr' id='par_1_13' title="bbox 469 1475 2047 1550">
     <span class='ocr_line' id='line_1_13' title="bbox 469 1475 2047 1550; baseline -0.005 -17"><span class='ocrx_word' id='word_1_79' title='bbox 469 1483 554 1535; x_wconf 78' lang='lat' dir='ltr'><strong>liis</strong></span> <span class='ocrx_word' id='word_1_80' title='bbox 587 1482 637 1533; x_wconf 90' lang='lat' dir='ltr'><strong>iii</strong></span> <span class='ocrx_word' id='word_1_81' title='bbox 674 1480 996 1550; x_wconf 63' lang='lat' dir='ltr'><strong>Babylonica</strong></span> <span class='ocrx_word' id='word_1_82' title='bbox 1027 1479 1338 1546; x_wconf 81' lang='lat' dir='ltr'><strong>captivitate</strong></span> <span class='ocrx_word' id='word_1_83' title='bbox 1361 1493 1523 1545; x_wconf 80' lang='lat' dir='ltr'><strong>super</strong></span> <span class='ocrx_word' id='word_1_84' title='bbox 1559 1476 1785 1529; x_wconf 79' lang='lat' dir='ltr'><strong>flumina</strong></span> <span class='ocrx_word' id='word_1_85' title='bbox 1817 1475 2047 1546; x_wconf 67' lang='lat' dir='ltr'><strong>Babilo—</strong></span> 
     </span>
    </p>
   </div>
   <div class='ocr_carea' id='block_1_14' title="bbox 472 1569 2048 1632">
    <p class='ocr_par' dir='ltr' id='par_1_14' title="bbox 472 1569 2048 1632">
     <span class='ocr_line' id='line_1_14' title="bbox 472 1569 2048 1632; baseline -0.001 -9"><span class='ocrx_word' id='word_1_86' title='bbox 472 1573 578 1632; x_wconf 81' lang='lat' dir='ltr'><strong>iiis,</strong></span> <span class='ocrx_word' id='word_1_87' title='bbox 607 1573 735 1624; x_wconf 91' lang='lat' dir='ltr'><strong>dum</strong></span> <span class='ocrx_word' id='word_1_88' title='bbox 773 1571 1090 1622; x_wconf 75' lang='lat' dir='ltr'><strong>recordatus</strong></span> <span class='ocrx_word' id='word_1_89' title='bbox 1129 1579 1210 1622; x_wconf 74' lang='lat' dir='ltr'><strong>est</strong></span> <span class='ocrx_word' id='word_1_90' title='bbox 1255 1569 1408 1632; x_wconf 76' lang='lat' dir='ltr'><strong>Sion,</strong></span> <span class='ocrx_word' id='word_1_91' title='bbox 1445 1569 1666 1621; x_wconf 84' lang='lat' dir='ltr'><strong>sedebat</strong></span> <span class='ocrx_word' id='word_1_92' title='bbox 1705 1577 1757 1620; x_wconf 87' lang='lat' dir='ltr'><strong>et</strong></span> <span class='ocrx_word' id='word_1_93' title='bbox 1785 1569 2048 1622; x_wconf 79' lang='lat' dir='ltr'><strong>llebatdi-</strong></span> 
     </span>
    </p>
   </div>
   <div class='ocr_carea' id='block_1_15' title="bbox 469 1659 2050 1727">
    <p class='ocr_par' dir='ltr' id='par_1_15' title="bbox 469 1659 2050 1727">
     <span class='ocr_line' id='line_1_15' title="bbox 469 1659 2050 1727; baseline -0.001 -15"><span class='ocrx_word' id='word_1_94' title='bbox 469 1680 598 1717; x_wconf 78' lang='lat' dir='ltr'><strong>cens</strong></span> <span class='ocrx_word' id='word_1_95' title='bbox 621 1681 630 1715; x_wconf 92' lang='lat'>:</span> <span class='ocrx_word' id='word_1_96' title='bbox 655 1662 924 1727; x_wconf 68' lang='lat' dir='ltr'><strong>Quomodo</strong></span> <span class='ocrx_word' id='word_1_97' title='bbox 949 1662 1276 1713; x_wconf 42' lang='lat' dir='ltr'><strong>cnntnliinius</strong></span> <span class='ocrx_word' id='word_1_98' title='bbox 1303 1661 1564 1712; x_wconf 72' lang='lat' dir='ltr'><strong>canticum</strong></span> <span class='ocrx_word' id='word_1_99' title='bbox 1587 1659 1797 1712; x_wconf 79' lang='lat' dir='ltr'><strong>Domini</strong></span> <span class='ocrx_word' id='word_1_100' title='bbox 1832 1662 1883 1712; x_wconf 87' lang='lat' dir='ltr'><strong>in</strong></span> <span class='ocrx_word' id='word_1_101' title='bbox 1911 1671 2050 1712; x_wconf 81' lang='lat' dir='ltr'><strong>terra</strong></span> 
     </span>
    </p>
   </div>
   <div class='ocr_carea' id='block_1_16' title="bbox 468 1751 2054 1822">
    <p class='ocr_par' dir='ltr' id='par_1_16' title="bbox 468 1751 2054 1822">
     <span class='ocr_line' id='line_1_16' title="bbox 468 1751 2054 1822; baseline 0.001 -19"><span class='ocrx_word' id='word_1_102' title='bbox 468 1753 644 1805; x_wconf 80' lang='lat' dir='ltr'><strong>aliena</strong></span> <span class='ocrx_word' id='word_1_103' title='bbox 685 1753 861 1822; x_wconf 69' lang='lat' dir='ltr'><strong>(Paul.</strong></span> <span class='ocrx_word' id='word_1_104' title='bbox 897 1761 1151 1812; x_wconf 65' lang='lat' dir='ltr'><strong>CXXXV”;</strong></span> <span class='ocrx_word' id='word_1_105' title='bbox 1184 1751 1272 1803; x_wconf 83' lang='lat' dir='ltr'><strong>hie.</strong></span> <span class='ocrx_word' id='word_1_106' title='bbox 1315 1766 1463 1815; x_wconf 89' lang='lat' dir='ltr'><strong>vero,</strong></span> <span class='ocrx_word' id='word_1_107' title='bbox 1507 1751 1770 1818; x_wconf 89' lang='lat' dir='ltr'><strong>psallebat</strong></span> <span class='ocrx_word' id='word_1_108' title='bbox 1812 1751 1973 1804; x_wconf 84' lang='lat' dir='ltr'><strong>corde</strong></span> <span class='ocrx_word' id='word_1_109' title='bbox 1999 1758 2054 1804; x_wconf 84' lang='lat' dir='ltr'><strong>el.</strong></span> 
     </span>
    </p>
   </div>
   <div class='ocr_carea' id='block_1_17' title="bbox 467 1840 2051 1910">
    <p class='ocr_par' dir='ltr' id='par_1_17' title="bbox 467 1840 2051 1910">
     <span class='ocr_line' id='line_1_17' title="bbox 467 1840 2051 1910; baseline 0 -16"><span class='ocrx_word' id='word_1_110' title='bbox 467 1861 561 1895; x_wconf 85' lang='lat' dir='ltr'><strong>ore</strong></span> <span class='ocrx_word' id='word_1_111' title='bbox 593 1843 816 1910; x_wconf 66' lang='lat' dir='ltr'><strong>dignum</strong></span> <span class='ocrx_word' id='word_1_112' title='bbox 864 1842 1137 1895; x_wconf 81' lang='lat' dir='ltr'><strong>canticum</strong></span> <span class='ocrx_word' id='word_1_113' title='bbox 1176 1840 1406 1893; x_wconf 80' lang='lat' dir='ltr'><strong>Domino</strong></span> <span class='ocrx_word' id='word_1_114' title='bbox 1459 1841 1511 1892; x_wconf 92' lang='lat' dir='ltr'><strong>in</strong></span> <span class='ocrx_word' id='word_1_115' title='bbox 1563 1841 1676 1894; x_wconf 74' lang='lat' dir='ltr'><strong>liiec</strong></span> <span class='ocrx_word' id='word_1_116' title='bbox 1716 1841 1876 1894; x_wconf 87' lang='lat' dir='ltr'><strong>verba</strong></span> <span class='ocrx_word' id='word_1_117' title='bbox 1923 1860 1934 1894; x_wconf 88' lang='lat'>:</span> <span class='ocrx_word' id='word_1_118' title='bbox 1985 1840 2051 1894; x_wconf 82' lang='lat' dir='ltr'><strong>Te</strong></span> 
     </span>
    </p>
   </div>
   <div class='ocr_carea' id='block_1_18' title="bbox 465 1931 2051 2001">
    <p class='ocr_par' dir='ltr' id='par_1_18' title="bbox 465 1931 2051 2001">
     <span class='ocr_line' id='line_1_18' title="bbox 465 1931 2051 2001; baseline -0.001 -17"><span class='ocrx_word' id='word_1_119' title='bbox 465 1935 605 1985; x_wconf 66' lang='lat' dir='ltr'><strong>decet</strong></span> <span class='ocrx_word' id='word_1_120' title='bbox 638 1934 858 2001; x_wconf 79' lang='lat' dir='ltr'><strong>hymnus</strong></span> <span class='ocrx_word' id='word_1_121' title='bbox 893 1933 1031 1984; x_wconf 77' lang='lat' dir='ltr'><strong>Deus</strong></span> <span class='ocrx_word' id='word_1_122' title='bbox 1071 1933 1120 1982; x_wconf 87' lang='lat' dir='ltr'><strong>in</strong></span> <span class='ocrx_word' id='word_1_123' title='bbox 1158 1931 1314 1995; x_wconf 65' lang='lat' dir='ltr'><strong>Sion,</strong></span> <span class='ocrx_word' id='word_1_124' title='bbox 1346 1939 1392 1982; x_wconf 85' lang='lat' dir='ltr'><strong>ct</strong></span> <span class='ocrx_word' id='word_1_125' title='bbox 1434 1931 1528 1982; x_wconf 80' lang='lat' dir='ltr'><strong>tibi</strong></span> <span class='ocrx_word' id='word_1_126' title='bbox 1578 1931 1831 1982; x_wconf 77' lang='lat' dir='ltr'><strong>reddatur</strong></span> <span class='ocrx_word' id='word_1_127' title='bbox 1877 1941 2051 1983; x_wconf 82' lang='lat' dir='ltr'><strong>rotunt</strong></span> 
     </span>
    </p>
   </div>
   <div class='ocr_carea' id='block_1_19' title="bbox 2153 731 3733 797">
    <p class='ocr_par' dir='ltr' id='par_1_19' title="bbox 2153 731 3733 797">
     <span class='ocr_line' id='line_1_19' title="bbox 2153 731 3733 797; baseline -0.003 -8"><span class='ocrx_word' id='word_1_128' title='bbox 2153 735 2462 790; x_wconf 82' lang='lat' dir='ltr'><strong>iiiateriales</strong></span> <span class='ocrx_word' id='word_1_129' title='bbox 2511 744 2676 797; x_wconf 86' lang='lat' dir='ltr'><strong>artes,</strong></span> <span class='ocrx_word' id='word_1_130' title='bbox 2713 743 2769 786; x_wconf 91' lang='lat' dir='ltr'><strong>ut</strong></span> <span class='ocrx_word' id='word_1_131' title='bbox 2812 732 3110 796; x_wconf 80' lang='lat' dir='ltr'><strong>desideras,</strong></span> <span class='ocrx_word' id='word_1_132' title='bbox 3144 731 3393 785; x_wconf 89' lang='lat' dir='ltr'><strong>videlicet</strong></span> <span class='ocrx_word' id='word_1_133' title='bbox 3429 731 3733 796; x_wconf 86' lang='lat' dir='ltr'><strong>aurariam,</strong></span> 
     </span>
    </p>
   </div>
   <div class='ocr_carea' id='block_1_20' title="bbox 2153 819 3735 894">
    <p class='ocr_par' dir='ltr' id='par_1_20' title="bbox 2153 819 3735 894">
     <span class='ocr_line' id='line_1_20' title="bbox 2153 819 3735 894; baseline -0.003 -15"><span class='ocrx_word' id='word_1_134' title='bbox 2153 829 2264 879; x_wconf 83' lang='lat' dir='ltr'><strong>sive</strong></span> <span class='ocrx_word' id='word_1_135' title='bbox 2312 825 2593 894; x_wconf 88' lang='lat' dir='ltr'><strong>pictoriam</strong></span> <span class='ocrx_word' id='word_1_136' title='bbox 2645 825 2760 876; x_wconf 85' lang='lat' dir='ltr'><strong>scio</strong></span> <span class='ocrx_word' id='word_1_137' title='bbox 2801 821 3060 892; x_wconf 79' lang='lat' dir='ltr'><strong>plciiarie.</strong></span> <span class='ocrx_word' id='word_1_138' title='bbox 3105 819 3258 875; x_wconf 88' lang='lat' dir='ltr'><strong>Tunc</strong></span> <span class='ocrx_word' id='word_1_139' title='bbox 3288 837 3381 875; x_wconf 88' lang='lat' dir='ltr'><strong>rex</strong></span> <span class='ocrx_word' id='word_1_140' title='bbox 3419 822 3576 876; x_wconf 74' lang='lat' dir='ltr'><strong>lietus</strong></span> <span class='ocrx_word' id='word_1_141' title='bbox 3605 836 3735 876; x_wconf 89' lang='lat' dir='ltr'><strong>cum</strong></span> 
     </span>
    </p>
   </div>
   <div class='ocr_carea' id='block_1_21' title="bbox 2153 899 3734 986">
    <p class='ocr_par' dir='ltr' id='par_1_21' title="bbox 2153 899 3734 986">
     <span class='ocr_line' id='line_1_21' title="bbox 2153 899 3734 986; baseline -0.001 -18"><span class='ocrx_word' id='word_1_142' title='bbox 2153 916 2349 986; x_wconf 70' lang='lat' dir='ltr'><strong>gaudio</strong></span> <span class='ocrx_word' id='word_1_143' title='bbox 2385 931 2582 984; x_wconf 75' lang='lat' dir='ltr'><strong>magno</strong></span> <span class='ocrx_word' id='word_1_144' title='bbox 2631 899 2765 968; x_wconf 86' lang='lat' dir='ltr'><strong>dixit</strong></span> <span class='ocrx_word' id='word_1_145' title='bbox 2810 932 2821 965; x_wconf 89' lang='lat'><strong>:</strong></span> <span class='ocrx_word' id='word_1_146' title='bbox 2872 911 3086 965; x_wconf 79' lang='lat' dir='ltr'><strong>Gratias</strong></span> <span class='ocrx_word' id='word_1_147' title='bbox 3117 927 3219 981; x_wconf 78' lang='lat' dir='ltr'><strong>ago</strong></span> <span class='ocrx_word' id='word_1_148' title='bbox 3257 909 3369 964; x_wconf 88' lang='lat' dir='ltr'><strong>Deo</strong></span> <span class='ocrx_word' id='word_1_149' title='bbox 3410 927 3553 976; x_wconf 88' lang='lat' dir='ltr'><strong>meo,</strong></span> <span class='ocrx_word' id='word_1_150' title='bbox 3603 913 3734 982; x_wconf 83' lang='lat' dir='ltr'><strong>quia</strong></span> 
     </span>
    </p>
   </div>
   <div class='ocr_carea' id='block_1_22' title="bbox 2153 1003 3732 1060">
    <p class='ocr_par' dir='ltr' id='par_1_22' title="bbox 2153 1003 3732 1060">
     <span class='ocr_line' id='line_1_22' title="bbox 2153 1003 3732 1060; baseline -0.001 0"><span class='ocrx_word' id='word_1_151' title='bbox 2153 1023 2369 1060; x_wconf 81' lang='lat' dir='ltr'><strong>sci-vum</strong></span> <span class='ocrx_word' id='word_1_152' title='bbox 2423 1006 2640 1059; x_wconf 77' lang='lat' dir='ltr'><strong>tradidit</strong></span> <span class='ocrx_word' id='word_1_153' title='bbox 2688 1005 2845 1059; x_wconf 90' lang='lat' dir='ltr'><strong>nobis</strong></span> <span class='ocrx_word' id='word_1_154' title='bbox 2895 1003 3094 1058; x_wconf 78' lang='lat' dir='ltr'><strong>talibus</strong></span> <span class='ocrx_word' id='word_1_155' title='bbox 3146 1003 3413 1057; x_wconf 83' lang='lat' dir='ltr'><strong>imbutum</strong></span> <span class='ocrx_word' id='word_1_156' title='bbox 3461 1005 3732 1059; x_wconf 82' lang='lat' dir='ltr'><strong>artificiis.</strong></span> 
     </span>
    </p>
   </div>
   <div class='ocr_carea' id='block_1_23' title="bbox 2153 1093 3734 1162">
    <p class='ocr_par' dir='ltr' id='par_1_23' title="bbox 2153 1093 3734 1162">
     <span class='ocr_line' id='line_1_23' title="bbox 2153 1093 3734 1162; baseline 0.003 -14"><span class='ocrx_word' id='word_1_157' title='bbox 2153 1096 2294 1162; x_wconf 69' lang='lat' dir='ltr'><strong>Noli,</strong></span> <span class='ocrx_word' id='word_1_158' title='bbox 2334 1096 2474 1150; x_wconf 83' lang='lat' dir='ltr'><strong>bone</strong></span> <span class='ocrx_word' id='word_1_159' title='bbox 2495 1095 2710 1158; x_wconf 85' lang='lat' dir='ltr'><strong>artifex,</strong></span> <span class='ocrx_word' id='word_1_160' title='bbox 2740 1095 2848 1147; x_wconf 92' lang='lat' dir='ltr'><strong>iioli</strong></span> <span class='ocrx_word' id='word_1_161' title='bbox 2875 1095 3078 1149; x_wconf 83' lang='lat' dir='ltr'><strong>diutius</strong></span> <span class='ocrx_word' id='word_1_162' title='bbox 3098 1094 3331 1159; x_wconf 88' lang='lat' dir='ltr'><strong>tardare,</strong></span> <span class='ocrx_word' id='word_1_163' title='bbox 3360 1093 3528 1149; x_wconf 91' lang='lat' dir='ltr'><strong>Deum</strong></span> <span class='ocrx_word' id='word_1_164' title='bbox 3547 1112 3734 1152; x_wconf 85' lang='lat' dir='ltr'><strong>meum</strong></span> 
     </span>
    </p>
   </div>
   <div class='ocr_carea' id='block_1_24' title="bbox 2153 1184 3738 1257">
    <p class='ocr_par' dir='ltr' id='par_1_24' title="bbox 2153 1184 3738 1257">
     <span class='ocr_line' id='line_1_24' title="bbox 2153 1184 3738 1257; baseline 0.002 -18"><span class='ocrx_word' id='word_1_165' title='bbox 2153 1188 2532 1239; x_wconf 87' lang='lat' dir='ltr'><strong>detruiicatinu</strong></span> <span class='ocrx_word' id='word_1_166' title='bbox 2559 1184 2811 1237; x_wconf 88' lang='lat' dir='ltr'><strong>manibus</strong></span> <span class='ocrx_word' id='word_1_167' title='bbox 2831 1199 3111 1247; x_wconf 86' lang='lat' dir='ltr'><strong>renovare,</strong></span> <span class='ocrx_word' id='word_1_168' title='bbox 3143 1185 3242 1249; x_wconf 89' lang='lat' dir='ltr'><strong>vel,</strong></span> <span class='ocrx_word' id='word_1_169' title='bbox 3270 1186 3313 1238; x_wconf 88' lang='lat' dir='ltr'><strong>si</strong></span> <span class='ocrx_word' id='word_1_170' title='bbox 3333 1186 3558 1253; x_wconf 86' lang='lat' dir='ltr'><strong>poteris,</strong></span> <span class='ocrx_word' id='word_1_171' title='bbox 3583 1187 3738 1257; x_wconf 77' lang='lat' dir='ltr'><strong>ipsas</strong></span> 
     </span>
    </p>
   </div>
   <div class='ocr_carea' id='block_1_25' title="bbox 2154 1279 3738 1349">
    <p class='ocr_par' dir='ltr' id='par_1_25' title="bbox 2154 1279 3738 1349">
     <span class='ocr_line' id='line_1_25' title="bbox 2154 1279 3738 1349; baseline 0 -15"><span class='ocrx_word' id='word_1_172' title='bbox 2154 1284 2272 1336; x_wconf 79' lang='lat' dir='ltr'><strong>loco</strong></span> <span class='ocrx_word' id='word_1_173' title='bbox 2320 1299 2420 1336; x_wconf 83' lang='lat' dir='ltr'><strong>suo</strong></span> <span class='ocrx_word' id='word_1_174' title='bbox 2465 1282 2772 1346; x_wconf 81' lang='lat' dir='ltr'><strong>restituere,</strong></span> <span class='ocrx_word' id='word_1_175' title='bbox 2809 1290 2866 1333; x_wconf 93' lang='lat' dir='ltr'><strong>ut</strong></span> <span class='ocrx_word' id='word_1_176' title='bbox 2920 1280 3240 1349; x_wconf 75' lang='lat' dir='ltr'><strong>propitietur</strong></span> <span class='ocrx_word' id='word_1_177' title='bbox 3267 1281 3426 1334; x_wconf 87' lang='lat' dir='ltr'><strong>nobis</strong></span> <span class='ocrx_word' id='word_1_178' title='bbox 3475 1279 3738 1334; x_wconf 82' lang='lat' dir='ltr'><strong>omnibus</strong></span> 
     </span>
    </p>
   </div>
   <div class='ocr_carea' id='block_1_26' title="bbox 2153 1368 3733 1438">
    <p class='ocr_par' dir='ltr' id='par_1_26' title="bbox 2153 1368 3733 1438">
     <span class='ocr_line' id='line_1_26' title="bbox 2153 1368 3733 1438; baseline -0.003 -15"><span class='ocrx_word' id='word_1_179' title='bbox 2153 1371 2342 1424; x_wconf 84' lang='lat' dir='ltr'><strong>diebus</strong></span> <span class='ocrx_word' id='word_1_180' title='bbox 2372 1371 2495 1422; x_wconf 75' lang='lat' dir='ltr'><strong>vita:</strong></span> <span class='ocrx_word' id='word_1_181' title='bbox 2524 1380 2740 1422; x_wconf 66' lang='lat' dir='ltr'><strong>nostrae.</strong></span> <span class='ocrx_word' id='word_1_182' title='bbox 2789 1368 3049 1422; x_wconf 75' lang='lat' dir='ltr'><strong>Adducite</strong></span> <span class='ocrx_word' id='word_1_183' title='bbox 3091 1368 3263 1432; x_wconf 91' lang='lat' dir='ltr'><strong>illum,</strong></span> <span class='ocrx_word' id='word_1_184' title='bbox 3299 1368 3492 1438; x_wconf 83' lang='lat' dir='ltr'><strong>inquit,</strong></span> <span class='ocrx_word' id='word_1_185' title='bbox 3522 1368 3588 1421; x_wconf 90' lang='lat' dir='ltr'><strong>ad</strong></span> <span class='ocrx_word' id='word_1_186' title='bbox 3623 1383 3733 1421; x_wconf 88' lang='lat' dir='ltr'><strong>me.</strong></span> 
     </span>
    </p>
   </div>
   <div class='ocr_carea' id='block_1_27' title="bbox 2154 1456 3735 1522">
    <p class='ocr_par' dir='ltr' id='par_1_27' title="bbox 2154 1456 3735 1522">
     <span class='ocr_line' id='line_1_27' title="bbox 2154 1456 3735 1522; baseline -0.001 -11"><span class='ocrx_word' id='word_1_187' title='bbox 2154 1459 2216 1513; x_wconf 66' lang='lat' dir='ltr'><strong>lit</strong></span> <span class='ocrx_word' id='word_1_188' title='bbox 2238 1476 2364 1513; x_wconf 80' lang='lat' dir='ltr'><strong>ecce</strong></span> <span class='ocrx_word' id='word_1_189' title='bbox 2389 1459 2675 1522; x_wconf 72' lang='lat' dir='ltr'><strong>deducitur</strong></span> <span class='ocrx_word' id='word_1_190' title='bbox 2705 1468 3010 1510; x_wconf 78' lang='lat' dir='ltr'><strong>monstrum</strong></span> <span class='ocrx_word' id='word_1_191' title='bbox 3043 1456 3267 1520; x_wconf 87' lang='lat' dir='ltr'><strong>diaboli,</strong></span> <span class='ocrx_word' id='word_1_192' title='bbox 3300 1466 3356 1510; x_wconf 93' lang='lat' dir='ltr'><strong>ut</strong></span> <span class='ocrx_word' id='word_1_193' title='bbox 3381 1457 3588 1511; x_wconf 86' lang='lat' dir='ltr'><strong>dictum</strong></span> <span class='ocrx_word' id='word_1_194' title='bbox 3624 1467 3735 1520; x_wconf 76' lang='lat' dir='ltr'><strong>est,</strong></span> 
     </span>
    </p>
   </div>
   <div class='ocr_carea' id='block_1_28' title="bbox 2152 1548 3737 1618">
    <p class='ocr_par' dir='ltr' id='par_1_28' title="bbox 2152 1548 3737 1618">
     <span class='ocr_line' id='line_1_28' title="bbox 2152 1548 3737 1618; baseline 0 -16"><span class='ocrx_word' id='word_1_195' title='bbox 2152 1553 2531 1604; x_wconf 88' lang='lat' dir='ltr'><strong>detruncatum</strong></span> <span class='ocrx_word' id='word_1_196' title='bbox 2575 1548 2864 1608; x_wconf 86' lang='lat' dir='ltr'><strong>inanibus;</strong></span> <span class='ocrx_word' id='word_1_197' title='bbox 2899 1548 3043 1616; x_wconf 86' lang='lat' dir='ltr'><strong>quod</strong></span> <span class='ocrx_word' id='word_1_198' title='bbox 3093 1558 3324 1602; x_wconf 87' lang='lat' dir='ltr'><strong>cunctus</strong></span> <span class='ocrx_word' id='word_1_199' title='bbox 3363 1549 3597 1617; x_wconf 86' lang='lat' dir='ltr'><strong>populus</strong></span> <span class='ocrx_word' id='word_1_200' title='bbox 3637 1566 3737 1618; x_wconf 82' lang='lat' dir='ltr'><strong>pa-</strong></span> 
     </span>
    </p>
   </div>
   <div class='ocr_carea' id='block_1_29' title="bbox 2154 1635 3739 1710">
    <p class='ocr_par' dir='ltr' id='par_1_29' title="bbox 2154 1635 3739 1710">
     <span class='ocr_line' id='line_1_29' title="bbox 2154 1635 3739 1710; baseline -0.001 -17"><span class='ocrx_word' id='word_1_201' title='bbox 2154 1655 2417 1710; x_wconf 72' lang='lat' dir='ltr'><strong>ganorum</strong></span> <span class='ocrx_word' id='word_1_202' title='bbox 2450 1639 2811 1692; x_wconf 67' lang='lat' dir='ltr'><strong>venerabatur</strong></span> <span class='ocrx_word' id='word_1_203' title='bbox 2845 1646 2901 1690; x_wconf 91' lang='lat' dir='ltr'><strong>ut</strong></span> <span class='ocrx_word' id='word_1_204' title='bbox 2946 1635 3112 1689; x_wconf 85' lang='lat' dir='ltr'><strong>Deum</strong></span> <span class='ocrx_word' id='word_1_205' title='bbox 3159 1637 3478 1690; x_wconf 82' lang='lat' dir='ltr'><strong>maximum.</strong></span> <span class='ocrx_word' id='word_1_206' title='bbox 3523 1638 3739 1692; x_wconf 84' lang='lat' dir='ltr'><strong>Allatus</strong></span> 
     </span>
    </p>
   </div>
   <div class='ocr_carea' id='block_1_30' title="bbox 2153 1728 3739 1801">
    <p class='ocr_par' dir='ltr' id='par_1_30' title="bbox 2153 1728 3739 1801">
     <span class='ocr_line' id='line_1_30' title="bbox 2153 1728 3739 1801; baseline 0.001 -18"><span class='ocrx_word' id='word_1_207' title='bbox 2153 1739 2235 1784; x_wconf 83' lang='lat' dir='ltr'><strong>est</strong></span> <span class='ocrx_word' id='word_1_208' title='bbox 2285 1748 2535 1801; x_wconf 76' lang='lat' dir='ltr'><strong>magnus,</strong></span> <span class='ocrx_word' id='word_1_209' title='bbox 2586 1739 2643 1782; x_wconf 94' lang='lat' dir='ltr'><strong>ut</strong></span> <span class='ocrx_word' id='word_1_210' title='bbox 2691 1730 2952 1798; x_wconf 85' lang='lat' dir='ltr'><strong>jusserat,</strong></span> <span class='ocrx_word' id='word_1_211' title='bbox 3005 1729 3253 1783; x_wconf 85' lang='lat' dir='ltr'><strong>malleus.</strong></span> <span class='ocrx_word' id='word_1_212' title='bbox 3308 1728 3480 1794; x_wconf 83' lang='lat' dir='ltr'><strong>Quem</strong></span> <span class='ocrx_word' id='word_1_213' title='bbox 3540 1739 3739 1784; x_wconf 81' lang='lat' dir='ltr'><strong>tenens</strong></span> 
     </span>
    </p>
   </div>
   <div class='ocr_carea' id='block_1_31' title="bbox 2153 1816 3737 1889">
    <p class='ocr_par' dir='ltr' id='par_1_31' title="bbox 2153 1816 3737 1889">
     <span class='ocr_line' id='line_1_31' title="bbox 2153 1816 3737 1889; baseline -0.001 -15"><span class='ocrx_word' id='word_1_214' title='bbox 2153 1837 2316 1874; x_wconf 88' lang='lat' dir='ltr'><strong>manu</strong></span> <span class='ocrx_word' id='word_1_215' title='bbox 2341 1835 2631 1889; x_wconf 73' lang='lat' dir='ltr'><strong>aggressus</strong></span> <span class='ocrx_word' id='word_1_216' title='bbox 2652 1828 2733 1872; x_wconf 85' lang='lat' dir='ltr'><strong>est</strong></span> <span class='ocrx_word' id='word_1_217' title='bbox 2751 1816 2960 1880; x_wconf 80' lang='lat' dir='ltr'><strong>fanum,</strong></span> <span class='ocrx_word' id='word_1_218' title='bbox 2984 1817 3036 1869; x_wconf 92' lang='lat' dir='ltr'><strong>iii</strong></span> <span class='ocrx_word' id='word_1_219' title='bbox 3057 1834 3166 1885; x_wconf 91' lang='lat' dir='ltr'><strong>quo</strong></span> <span class='ocrx_word' id='word_1_220' title='bbox 3188 1817 3434 1871; x_wconf 86' lang='lat' dir='ltr'><strong>latitabat</strong></span> <span class='ocrx_word' id='word_1_221' title='bbox 3459 1818 3737 1884; x_wconf 77' lang='lat' dir='ltr'><strong>diabolus,</strong></span> 
     </span>
    </p>
   </div>
   <div class='ocr_carea' id='block_1_32' title="bbox 2154 1907 3735 1978">
    <p class='ocr_par' dir='ltr' id='par_1_32' title="bbox 2154 1907 3735 1978">
     <span class='ocr_line' id='line_1_32' title="bbox 2154 1907 3735 1978; baseline -0.001 -14"><span class='ocrx_word' id='word_1_222' title='bbox 2154 1911 2360 1965; x_wconf 76' lang='lat' dir='ltr'><strong>scilicet</strong></span> <span class='ocrx_word' id='word_1_223' title='bbox 2409 1911 2675 1966; x_wconf 73' lang='lat' dir='ltr'><strong>universa:</strong></span> <span class='ocrx_word' id='word_1_224' title='bbox 2720 1917 2876 1961; x_wconf 69' lang='lat' dir='ltr'><strong>terra:</strong></span> <span class='ocrx_word' id='word_1_225' title='bbox 2912 1907 3089 1977; x_wconf 84' lang='lat' dir='ltr'><strong>gravis</strong></span> <span class='ocrx_word' id='word_1_226' title='bbox 3131 1907 3376 1960; x_wconf 84' lang='lat' dir='ltr'><strong>malleus.</strong></span> <span class='ocrx_word' id='word_1_227' title='bbox 3414 1908 3621 1978; x_wconf 79' lang='lat' dir='ltr'><strong>Adjuro</strong></span> <span class='ocrx_word' id='word_1_228' title='bbox 3659 1921 3735 1976; x_wconf 87' lang='lat' dir='ltr'><strong>te,</strong></span> 
     </span>
    </p>
   </div>
   <div class='ocr_carea' id='block_1_33' title="bbox 467 1991 2054 2093">
    <p class='ocr_par' dir='ltr' id='par_1_33' title="bbox 467 2021 2048 2093">
     <span class='ocr_line' id='line_1_33' title="bbox 467 2021 2048 2093; baseline -0.001 -17"><span class='ocrx_word' id='word_1_229' title='bbox 467 2027 518 2076; x_wconf 85' lang='lat' dir='ltr'><strong>in</strong></span> <span class='ocrx_word' id='word_1_230' title='bbox 562 2025 890 2077; x_wconf 76' lang='lat' dir='ltr'><strong>Hierusalem</strong></span> <span class='ocrx_word' id='word_1_231' title='bbox 936 2023 1110 2093; x_wconf 78' lang='lat' dir='ltr'><strong>(I‘sul.</strong></span> <span class='ocrx_word' id='word_1_232' title='bbox 1167 2024 1332 2091; x_wconf 87' lang='lat' dir='ltr'><strong>i.xiv).</strong></span> <span class='ocrx_word' id='word_1_233' title='bbox 1389 2021 1452 2075; x_wconf 76' lang='lat' dir='ltr'><strong>Et</strong></span> <span class='ocrx_word' id='word_1_234' title='bbox 1495 2022 1664 2074; x_wconf 85' lang='lat' dir='ltr'><strong>alibi:</strong></span> <span class='ocrx_word' id='word_1_235' title='bbox 1706 2022 1909 2074; x_wconf 78' lang='lat' dir='ltr'><strong>Dedisti</strong></span> <span class='ocrx_word' id='word_1_236' title='bbox 1957 2039 2048 2074; x_wconf 79' lang='lat' dir='ltr'><strong>nos</strong></span> 
     </span>
    </p>
   </div>
   <div class='ocr_carea' id='block_1_34' title="bbox 2163 1991 3736 2093">
    <p class='ocr_par' dir='ltr' id='par_1_34' title="bbox 2163 1999 3736 2071">
     <span class='ocr_line' id='line_1_34' title="bbox 2163 1999 3736 2071; baseline 0.001 -17"><span class='ocrx_word' id='word_1_237' title='bbox 2163 2003 2349 2071; x_wconf 74' lang='lat' dir='ltr'><strong>inquit,</strong></span> <span class='ocrx_word' id='word_1_238' title='bbox 2386 2000 2616 2065; x_wconf 88' lang='lat' dir='ltr'><strong>diabole,</strong></span> <span class='ocrx_word' id='word_1_239' title='bbox 2671 2015 2894 2068; x_wconf 90' lang='lat' dir='ltr'><strong>serpens</strong></span> <span class='ocrx_word' id='word_1_240' title='bbox 2940 2013 3231 2060; x_wconf 85' lang='lat' dir='ltr'><strong>venenose,</strong></span> <span class='ocrx_word' id='word_1_241' title='bbox 3285 2008 3334 2051; x_wconf 72' lang='lat' dir='ltr'><strong>rt.</strong></span> <span class='ocrx_word' id='word_1_242' title='bbox 3384 1999 3607 2069; x_wconf 79' lang='lat' dir='ltr'><strong>antique</strong></span> <span class='ocrx_word' id='word_1_243' title='bbox 3642 2016 3736 2055; x_wconf 87' lang='lat' dir='ltr'><strong>se—</strong></span> 
     </span>
    </p>
   </div>
   <div class='ocr_carea' id='block_1_35' title="bbox 467 2114 2046 2187">
    <p class='ocr_par' dir='ltr' id='par_1_35' title="bbox 467 2114 2046 2187">
     <span class='ocr_line' id='line_1_35' title="bbox 467 2114 2046 2187; baseline -0.001 -18"><span class='ocrx_word' id='word_1_244' title='bbox 467 2129 717 2187; x_wconf 78' lang='lat' dir='ltr'><strong>tanquunt</strong></span> <span class='ocrx_word' id='word_1_245' title='bbox 753 2134 866 2169; x_wconf 81' lang='lat' dir='ltr'><strong>ores</strong></span> <span class='ocrx_word' id='word_1_246' title='bbox 890 2134 1151 2179; x_wconf 83' lang='lat' dir='ltr'><strong>escarum,</strong></span> <span class='ocrx_word' id='word_1_247' title='bbox 1180 2126 1226 2168; x_wconf 85' lang='lat' dir='ltr'><strong>et</strong></span> <span class='ocrx_word' id='word_1_248' title='bbox 1260 2116 1310 2166; x_wconf 90' lang='lat' dir='ltr'><strong>in</strong></span> <span class='ocrx_word' id='word_1_249' title='bbox 1337 2115 1574 2183; x_wconf 73' lang='lat' dir='ltr'><strong>gentibus</strong></span> <span class='ocrx_word' id='word_1_250' title='bbox 1607 2114 1905 2182; x_wconf 75' lang='lat' dir='ltr'><strong>dispersisti</strong></span> <span class='ocrx_word' id='word_1_251' title='bbox 1933 2132 2046 2180; x_wconf 81' lang='lat' dir='ltr'><strong>nos,</strong></span> 
     </span>
    </p>
   </div>
   <div class='ocr_carea' id='block_1_36' title="bbox 465 2207 2049 2276">
    <p class='ocr_par' dir='ltr' id='par_1_36' title="bbox 465 2207 2049 2276">
     <span class='ocr_line' id='line_1_36' title="bbox 465 2207 2049 2276; baseline 0.002 -19"><span class='ocrx_word' id='word_1_252' title='bbox 465 2210 714 2275; x_wconf 70' lang='lat' dir='ltr'><strong>quoniam</strong></span> <span class='ocrx_word' id='word_1_253' title='bbox 746 2217 958 2276; x_wconf 76' lang='lat' dir='ltr'><strong>propter</strong></span> <span class='ocrx_word' id='word_1_254' title='bbox 995 2217 1041 2258; x_wconf 85' lang='lat' dir='ltr'><strong>te</strong></span> <span class='ocrx_word' id='word_1_255' title='bbox 1082 2208 1467 2274; x_wconf 77' lang='lat' dir='ltr'><strong>mortiﬁcamur</strong></span> <span class='ocrx_word' id='word_1_256' title='bbox 1497 2217 1607 2259; x_wconf 83' lang='lat' dir='ltr'><strong>tota</strong></span> <span class='ocrx_word' id='word_1_257' title='bbox 1645 2207 1730 2260; x_wconf 81' lang='lat' dir='ltr'><strong>(lic</strong></span> <span class='ocrx_word' id='word_1_258' title='bbox 1755 2223 1771 2259; x_wconf 91' lang='lat'><strong><em>:</em></strong></span> <span class='ocrx_word' id='word_1_259' title='bbox 1798 2209 2049 2261; x_wconf 81' lang='lat' dir='ltr'><strong>a&#39;stimuti</strong></span> 
     </span>
    </p>
   </div>
   <div class='ocr_carea' id='block_1_37' title="bbox 465 2298 2046 2365">
    <p class='ocr_par' dir='ltr' id='par_1_37' title="bbox 465 2298 2046 2365">
     <span class='ocr_line' id='line_1_37' title="bbox 465 2298 2046 2365; baseline 0.001 -16"><span class='ocrx_word' id='word_1_260' title='bbox 465 2316 644 2350; x_wconf 80' lang='lat' dir='ltr'><strong>simius</strong></span> <span class='ocrx_word' id='word_1_261' title='bbox 670 2301 804 2351; x_wconf 80' lang='lat' dir='ltr'><strong>sicut</strong></span> <span class='ocrx_word' id='word_1_262' title='bbox 839 2315 951 2351; x_wconf 85' lang='lat' dir='ltr'><strong>ores</strong></span> <span class='ocrx_word' id='word_1_263' title='bbox 998 2300 1275 2350; x_wconf 73' lang='lat' dir='ltr'><strong>occisionis</strong></span> <span class='ocrx_word' id='word_1_264' title='bbox 1301 2298 1476 2365; x_wconf 79' lang='lat' dir='ltr'><strong>(Psut.</strong></span> <span class='ocrx_word' id='word_1_265' title='bbox 1526 2315 1690 2361; x_wconf 72' lang='lat' dir='ltr'><strong>xiiii;</strong></span> <span class='ocrx_word' id='word_1_266' title='bbox 1723 2298 1872 2350; x_wconf 75' lang='lat' dir='ltr'><strong>liom.</strong></span> <span class='ocrx_word' id='word_1_267' title='bbox 1909 2305 2046 2365; x_wconf 84' lang='lat' dir='ltr'><strong>viii).</strong></span> 
     </span>
    </p>
   </div>
   <div class='ocr_carea' id='block_1_38' title="bbox 467 2387 2052 2460">
    <p class='ocr_par' dir='ltr' id='par_1_38' title="bbox 467 2387 2052 2460">
     <span class='ocr_line' id='line_1_38' title="bbox 467 2387 2052 2460; baseline 0 -19"><span class='ocrx_word' id='word_1_268' title='bbox 467 2390 636 2460; x_wconf 70' lang='lat' dir='ltr'><strong>Igitur</strong></span> <span class='ocrx_word' id='word_1_269' title='bbox 673 2392 879 2445; x_wconf 86' lang='lat' dir='ltr'><strong>electus</strong></span> <span class='ocrx_word' id='word_1_270' title='bbox 909 2390 974 2443; x_wconf 84' lang='lat' dir='ltr'><strong>de</strong></span> <span class='ocrx_word' id='word_1_271' title='bbox 1007 2399 1153 2442; x_wconf 86' lang='lat' dir='ltr'><strong>tanta</strong></span> <span class='ocrx_word' id='word_1_272' title='bbox 1187 2390 1554 2454; x_wconf 89' lang='lat' dir='ltr'><strong>iiiultitiuliiie,</strong></span> <span class='ocrx_word' id='word_1_273' title='bbox 1583 2404 1744 2457; x_wconf 88' lang='lat' dir='ltr'><strong>quem</strong></span> <span class='ocrx_word' id='word_1_274' title='bbox 1781 2387 1922 2441; x_wconf 79' lang='lat' dir='ltr'><strong>Deus</strong></span> <span class='ocrx_word' id='word_1_275' title='bbox 1954 2405 2052 2442; x_wconf 84' lang='lat' dir='ltr'><strong>no-</strong></span> 
     </span>
    </p>
   </div>
   <div class='ocr_carea' id='block_1_39' title="bbox 469 2480 2050 2545">
    <p class='ocr_par' dir='ltr' id='par_1_39' title="bbox 469 2480 2050 2545">
     <span class='ocr_line' id='line_1_39' title="bbox 469 2480 2050 2545; baseline 0.002 -13"><span class='ocrx_word' id='word_1_276' title='bbox 469 2490 621 2533; x_wconf 80' lang='lat' dir='ltr'><strong>verat</strong></span> <span class='ocrx_word' id='word_1_277' title='bbox 669 2496 733 2533; x_wconf 85' lang='lat' dir='ltr'><strong>ex</strong></span> <span class='ocrx_word' id='word_1_278' title='bbox 781 2481 1038 2545; x_wconf 89' lang='lat' dir='ltr'><strong>nomine,</strong></span> <span class='ocrx_word' id='word_1_279' title='bbox 1078 2481 1286 2534; x_wconf 84' lang='lat' dir='ltr'><strong>scilicet</strong></span> <span class='ocrx_word' id='word_1_280' title='bbox 1335 2481 1675 2533; x_wconf 79' lang='lat' dir='ltr'><strong>venerandus</strong></span> <span class='ocrx_word' id='word_1_281' title='bbox 1733 2480 1914 2545; x_wconf 87' lang='lat' dir='ltr'><strong>heros,</strong></span> <span class='ocrx_word' id='word_1_282' title='bbox 1964 2482 2050 2535; x_wconf 79' lang='lat' dir='ltr'><strong>cui</strong></span> 
     </span>
    </p>
   </div>
   <div class='ocr_carea' id='block_1_40' title="bbox 467 2568 2052 2640">
    <p class='ocr_par' dir='ltr' id='par_1_40' title="bbox 467 2568 2052 2640">
     <span class='ocr_line' id='line_1_40' title="bbox 467 2568 2052 2640; baseline 0.003 -18"><span class='ocrx_word' id='word_1_283' title='bbox 467 2571 642 2640; x_wconf 52' lang='lat' dir='ltr'><strong>stilus</strong></span> <span class='ocrx_word' id='word_1_284' title='bbox 671 2580 856 2625; x_wconf 86' lang='lat' dir='ltr'><strong>uoster</strong></span> <span class='ocrx_word' id='word_1_285' title='bbox 894 2568 1212 2635; x_wconf 83' lang='lat' dir='ltr'><strong>famulatur,</strong></span> <span class='ocrx_word' id='word_1_286' title='bbox 1261 2573 1493 2639; x_wconf 81' lang='lat' dir='ltr'><strong>capitur,</strong></span> <span class='ocrx_word' id='word_1_287' title='bbox 1539 2571 1794 2636; x_wconf 82' lang='lat' dir='ltr'><strong>trahitur,</strong></span> <span class='ocrx_word' id='word_1_288' title='bbox 1837 2587 1899 2625; x_wconf 88' lang='lat' dir='ltr'><strong>ac</strong></span> <span class='ocrx_word' id='word_1_289' title='bbox 1943 2571 2052 2626; x_wconf 82' lang='lat' dir='ltr'><strong>Deo</strong></span> 
     </span>
    </p>
   </div>
   <div class='ocr_carea' id='block_1_41' title="bbox 469 2660 2052 2730">
    <p class='ocr_par' dir='ltr' id='par_1_41' title="bbox 469 2660 2052 2730">
     <span class='ocr_line' id='line_1_41' title="bbox 469 2660 2052 2730; baseline 0.002 -17"><span class='ocrx_word' id='word_1_290' title='bbox 469 2661 690 2713; x_wconf 84' lang='lat' dir='ltr'><strong>tandem</strong></span> <span class='ocrx_word' id='word_1_291' title='bbox 720 2677 816 2729; x_wconf 89' lang='lat' dir='ltr'><strong>per</strong></span> <span class='ocrx_word' id='word_1_292' title='bbox 845 2661 1169 2730; x_wconf 71' lang='lat' dir='ltr'><strong>martyri-iiii</strong></span> <span class='ocrx_word' id='word_1_293' title='bbox 1204 2660 1557 2729; x_wconf 69' lang='lat' dir='ltr'><strong>singulariter</strong></span> <span class='ocrx_word' id='word_1_294' title='bbox 1584 2660 1687 2713; x_wconf 86' lang='lat' dir='ltr'><strong>sibi</strong></span> <span class='ocrx_word' id='word_1_295' title='bbox 1714 2672 2052 2716; x_wconf 87' lang='lat' dir='ltr'><strong>reseivatuin</strong></span> 
     </span>
    </p>
   </div>
   <div class='ocr_carea' id='block_1_42' title="bbox 467 2749 1112 2817">
    <p class='ocr_par' dir='ltr' id='par_1_42' title="bbox 467 2749 1112 2817">
     <span class='ocr_line' id='line_1_42' title="bbox 467 2749 1112 2817; baseline 0.002 -16"><span class='ocrx_word' id='word_1_296' title='bbox 467 2751 630 2817; x_wconf 72' lang='lat' dir='ltr'><strong>digna</strong></span> <span class='ocrx_word' id='word_1_297' title='bbox 664 2749 839 2801; x_wconf 87' lang='lat' dir='ltr'><strong>hostia</strong></span> <span class='ocrx_word' id='word_1_298' title='bbox 866 2749 1112 2802; x_wconf 82' lang='lat' dir='ltr'><strong>cllieitur.</strong></span> 
     </span>
    </p>
   </div>
   <div class='ocr_carea' id='block_1_43' title="bbox 537 2840 2053 2910">
    <p class='ocr_par' dir='ltr' id='par_1_43' title="bbox 537 2840 2053 2910">
     <span class='ocr_line' id='line_1_43' title="bbox 537 2840 2053 2910; baseline 0.003 -19"><span class='ocrx_word' id='word_1_299' title='bbox 537 2840 674 2892; x_wconf 71' lang='lat' dir='ltr'><strong>Cum</strong></span> <span class='ocrx_word' id='word_1_300' title='bbox 703 2854 832 2910; x_wconf 77' lang='lat' dir='ltr'><strong>ergo</strong></span> <span class='ocrx_word' id='word_1_301' title='bbox 864 2840 1003 2893; x_wconf 92' lang='lat' dir='ltr'><strong>inter</strong></span> <span class='ocrx_word' id='word_1_302' title='bbox 1035 2857 1092 2894; x_wconf 80' lang='lat' dir='ltr'><strong>se</strong></span> <span class='ocrx_word' id='word_1_303' title='bbox 1117 2841 1422 2894; x_wconf 85' lang='lat' dir='ltr'><strong>dividerent</strong></span> <span class='ocrx_word' id='word_1_304' title='bbox 1452 2841 1624 2910; x_wconf 88' lang='lat' dir='ltr'><strong>spolia</strong></span> <span class='ocrx_word' id='word_1_305' title='bbox 1655 2857 1837 2896; x_wconf 88' lang='lat' dir='ltr'><strong>rerum</strong></span> <span class='ocrx_word' id='word_1_306' title='bbox 1860 2851 1914 2896; x_wconf 72' lang='lat' dir='ltr'><strong>et.</strong></span> <span class='ocrx_word' id='word_1_307' title='bbox 1955 2842 2053 2896; x_wconf 90' lang='lat' dir='ltr'><strong>h0-</strong></span> 
     </span>
    </p>
   </div>
   <div class='ocr_carea' id='block_1_44' title="bbox 469 2913 2052 3001">
    <p class='ocr_par' dir='ltr' id='par_1_44' title="bbox 469 2931 2052 3001">
     <span class='ocr_line' id='line_1_44' title="bbox 469 2931 2052 3001; baseline 0.001 -18"><span class='ocrx_word' id='word_1_308' title='bbox 469 2932 703 2995; x_wconf 91' lang='lat' dir='ltr'><strong>miiium,</strong></span> <span class='ocrx_word' id='word_1_309' title='bbox 750 2931 1115 2983; x_wconf 81' lang='lat' dir='ltr'><strong>venerabilem</strong></span> <span class='ocrx_word' id='word_1_310' title='bbox 1150 2932 1592 2999; x_wconf 70' lang='lat' dir='ltr'><strong>ai&#39;ciiipriesulem</strong></span> <span class='ocrx_word' id='word_1_311' title='bbox 1626 2948 1738 2986; x_wconf 69' lang='lat' dir='ltr'><strong>suae</strong></span> <span class='ocrx_word' id='word_1_312' title='bbox 1773 2934 1910 3001; x_wconf 90' lang='lat' dir='ltr'><strong>parti</strong></span> <span class='ocrx_word' id='word_1_313' title='bbox 1953 2948 2052 3000; x_wconf 82' lang='lat' dir='ltr'><strong>po-</strong></span> 
     </span>
    </p>
   </div>
   <div class='ocr_carea' id='block_1_45' title="bbox 468 3020 2048 3092">
    <p class='ocr_par' dir='ltr' id='par_1_45' title="bbox 468 3020 2048 3092">
     <span class='ocr_line' id='line_1_45' title="bbox 468 3020 2048 3092; baseline 0.001 -17"><span class='ocrx_word' id='word_1_314' title='bbox 468 3020 811 3075; x_wconf 85' lang='lat' dir='ltr'><strong>teiitissimus</strong></span> <span class='ocrx_word' id='word_1_315' title='bbox 874 3021 1038 3074; x_wconf 88' lang='lat' dir='ltr'><strong>trium</strong></span> <span class='ocrx_word' id='word_1_316' title='bbox 1111 3037 1300 3091; x_wconf 72' lang='lat' dir='ltr'><strong>regum</strong></span> <span class='ocrx_word' id='word_1_317' title='bbox 1352 3033 1666 3092; x_wconf 75' lang='lat' dir='ltr'><strong>susceperat</strong></span> <span class='ocrx_word' id='word_1_318' title='bbox 1731 3024 2048 3076; x_wconf 78' lang='lat' dir='ltr'><strong>adunatiiiii.</strong></span> 
     </span>
    </p>
   </div>
   <div class='ocr_carea' id='block_1_46' title="bbox 469 3102 2052 3181">
    <p class='ocr_par' dir='ltr' id='par_1_46' title="bbox 469 3102 2052 3181">
     <span class='ocr_line' id='line_1_46' title="bbox 469 3102 2052 3181; baseline 0.004 -17"><span class='ocrx_word' id='word_1_319' title='bbox 469 3102 662 3178; x_wconf 79' lang='lat' dir='ltr'><strong>Quem,</strong></span> <span class='ocrx_word' id='word_1_320' title='bbox 704 3114 1049 3167; x_wconf 87' lang='lat' dir='ltr'><strong>victimarum</strong></span> <span class='ocrx_word' id='word_1_321' title='bbox 1080 3129 1229 3168; x_wconf 85' lang='lat' dir='ltr'><strong>more</strong></span> <span class='ocrx_word' id='word_1_322' title='bbox 1271 3115 1336 3167; x_wconf 90' lang='lat' dir='ltr'><strong>ad</strong></span> <span class='ocrx_word' id='word_1_323' title='bbox 1385 3116 1724 3170; x_wconf 77' lang='lat' dir='ltr'><strong>vendendum</strong></span> <span class='ocrx_word' id='word_1_324' title='bbox 1752 3131 1875 3171; x_wconf 81' lang='lat' dir='ltr'><strong>inin</strong></span> <span class='ocrx_word' id='word_1_325' title='bbox 1907 3117 2052 3181; x_wconf 87' lang='lat' dir='ltr'><strong>aliis,</strong></span> 
     </span>
    </p>
   </div>
   <div class='ocr_carea' id='block_1_47' title="bbox 469 3204 2053 3276">
    <p class='ocr_par' dir='ltr' id='par_1_47' title="bbox 469 3204 2053 3276">
     <span class='ocr_line' id='line_1_47' title="bbox 469 3204 2053 3276; baseline 0.002 -20"><span class='ocrx_word' id='word_1_326' title='bbox 469 3205 626 3273; x_wconf 88' lang='lat' dir='ltr'><strong>quasi</strong></span> <span class='ocrx_word' id='word_1_327' title='bbox 662 3218 879 3258; x_wconf 87' lang='lat' dir='ltr'><strong>servum</strong></span> <span class='ocrx_word' id='word_1_328' title='bbox 903 3204 1125 3258; x_wconf 83' lang='lat' dir='ltr'><strong>tradidit</strong></span> <span class='ocrx_word' id='word_1_329' title='bbox 1153 3205 1490 3273; x_wconf 88' lang='lat' dir='ltr'><strong>emptitium;</strong></span> <span class='ocrx_word' id='word_1_330' title='bbox 1522 3207 1746 3274; x_wconf 85' lang='lat' dir='ltr'><strong>cupiens</strong></span> <span class='ocrx_word' id='word_1_331' title='bbox 1778 3207 1844 3260; x_wconf 89' lang='lat' dir='ltr'><strong>de</strong></span> <span class='ocrx_word' id='word_1_332' title='bbox 1880 3207 2053 3276; x_wconf 88' lang='lat' dir='ltr'><strong>pretio</strong></span> 
     </span>
    </p>
   </div>
   <div class='ocr_carea' id='block_1_48' title="bbox 470 3293 2054 3365">
    <p class='ocr_par' dir='ltr' id='par_1_48' title="bbox 470 3293 2054 3365">
     <span class='ocr_line' id='line_1_48' title="bbox 470 3293 2054 3365; baseline 0.002 -19"><span class='ocrx_word' id='word_1_333' title='bbox 470 3293 566 3346; x_wconf 87' lang='lat' dir='ltr'><strong>illo</strong></span> <span class='ocrx_word' id='word_1_334' title='bbox 595 3293 864 3363; x_wconf 80' lang='lat' dir='ltr'><strong>adaugere</strong></span> <span class='ocrx_word' id='word_1_335' title='bbox 903 3309 1064 3347; x_wconf 91' lang='lat' dir='ltr'><strong>suum</strong></span> <span class='ocrx_word' id='word_1_336' title='bbox 1105 3294 1380 3347; x_wconf 60' lang='lat' dir='ltr'><strong>aii-arium.</strong></span> <span class='ocrx_word' id='word_1_337' title='bbox 1411 3296 1658 3365; x_wconf 75' lang='lat' dir='ltr'><strong>Cumque</strong></span> <span class='ocrx_word' id='word_1_338' title='bbox 1684 3311 1875 3349; x_wconf 89' lang='lat' dir='ltr'><strong>omnes</strong></span> <span class='ocrx_word' id='word_1_339' title='bbox 1900 3297 2054 3350; x_wconf 84' lang='lat' dir='ltr'><strong>dam-</strong></span> 
     </span>
    </p>
   </div>
   <div class='ocr_carea' id='block_1_49' title="bbox 471 3384 2054 3456">
    <p class='ocr_par' dir='ltr' id='par_1_49' title="bbox 471 3384 2054 3456">
     <span class='ocr_line' id='line_1_49' title="bbox 471 3384 2054 3456; baseline 0.002 -18"><span class='ocrx_word' id='word_1_340' title='bbox 471 3385 583 3438; x_wconf 84' lang='lat' dir='ltr'><strong>nati</strong></span> <span class='ocrx_word' id='word_1_341' title='bbox 615 3385 938 3450; x_wconf 79' lang='lat' dir='ltr'><strong>Christiani,</strong></span> <span class='ocrx_word' id='word_1_342' title='bbox 985 3384 1158 3451; x_wconf 90' lang='lat' dir='ltr'><strong>illum,</strong></span> <span class='ocrx_word' id='word_1_343' title='bbox 1208 3396 1265 3439; x_wconf 93' lang='lat' dir='ltr'><strong>iit</strong></span> <span class='ocrx_word' id='word_1_344' title='bbox 1298 3385 1533 3453; x_wconf 77' lang='lat' dir='ltr'><strong>Patrem,</strong></span> <span class='ocrx_word' id='word_1_345' title='bbox 1582 3387 1907 3456; x_wconf 79' lang='lat' dir='ltr'><strong>specialiter,</strong></span> <span class='ocrx_word' id='word_1_346' title='bbox 1945 3404 2054 3456; x_wconf 63' lang='lat' dir='ltr'><strong>prie</strong></span> 
     </span>
    </p>
   </div>
   <div class='ocr_carea' id='block_1_50' title="bbox 469 3480 2055 3567">
    <p class='ocr_par' dir='ltr' id='par_1_50' title="bbox 469 3480 2055 3567">
     <span class='ocr_line' id='line_1_50' title="bbox 469 3480 2055 3567; baseline 0.001 -35"><span class='ocrx_word' id='word_1_347' title='bbox 469 3481 716 3567; x_wconf 26' lang='lat' dir='ltr'><strong>qul‘ltflis,</strong></span> <span class='ocrx_word' id='word_1_348' title='bbox 746 3481 832 3566; x_wconf 68' lang='lat' dir='ltr'><strong>pie</strong></span> <span class='ocrx_word' id='word_1_349' title='bbox 881 3480 1075 3535; x_wconf 84' lang='lat' dir='ltr'><strong>alfectu</strong></span> <span class='ocrx_word' id='word_1_350' title='bbox 1124 3490 1537 3545; x_wconf 87' lang='lat' dir='ltr'><strong>veiierareiitur,</strong></span> <span class='ocrx_word' id='word_1_351' title='bbox 1583 3482 1726 3533; x_wconf 90' lang='lat' dir='ltr'><strong>unde</strong></span> <span class='ocrx_word' id='word_1_352' title='bbox 1752 3490 1916 3544; x_wconf 89' lang='lat' dir='ltr'><strong>esset,</strong></span> <span class='ocrx_word' id='word_1_353' title='bbox 1970 3483 2055 3534; x_wconf 94' lang='lat' dir='ltr'><strong>vel</strong></span> 
     </span>
    </p>
   </div>
   <div class='ocr_carea' id='block_1_51' title="bbox 466 3569 2055 3640">
    <p class='ocr_par' dir='ltr' id='par_1_51' title="bbox 466 3569 2055 3640">
     <span class='ocr_line' id='line_1_51' title="bbox 466 3569 2055 3640; baseline 0.001 -17"><span class='ocrx_word' id='word_1_354' title='bbox 466 3572 608 3640; x_wconf 82' lang='lat' dir='ltr'><strong>quis</strong></span> <span class='ocrx_word' id='word_1_355' title='bbox 635 3570 688 3622; x_wconf 90' lang='lat' dir='ltr'><strong>iti</strong></span> <span class='ocrx_word' id='word_1_356' title='bbox 722 3569 864 3623; x_wconf 62' lang='lat' dir='ltr'><strong>t’erra</strong></span> <span class='ocrx_word' id='word_1_357' title='bbox 903 3587 1000 3624; x_wconf 87' lang='lat' dir='ltr'><strong>sua</strong></span> <span class='ocrx_word' id='word_1_358' title='bbox 1034 3571 1228 3624; x_wconf 87' lang='lat' dir='ltr'><strong>fuisset</strong></span> <span class='ocrx_word' id='word_1_359' title='bbox 1265 3573 1333 3624; x_wconf 89' lang='lat' dir='ltr'><strong>ab</strong></span> <span class='ocrx_word' id='word_1_360' title='bbox 1367 3571 1603 3625; x_wconf 88' lang='lat' dir='ltr'><strong>ethnicis</strong></span> <span class='ocrx_word' id='word_1_361' title='bbox 1645 3571 1887 3624; x_wconf 78' lang='lat' dir='ltr'><strong>studiose</strong></span> <span class='ocrx_word' id='word_1_362' title='bbox 1930 3587 2055 3640; x_wconf 88' lang='lat' dir='ltr'><strong>pcr-</strong></span> 
     </span>
    </p>
   </div>
   <div class='ocr_carea' id='block_1_52' title="bbox 470 3661 2054 3732">
    <p class='ocr_par' dir='ltr' id='par_1_52' title="bbox 470 3661 2054 3732">
     <span class='ocr_line' id='line_1_52' title="bbox 470 3661 2054 3732; baseline 0.003 -18"><span class='ocrx_word' id='word_1_363' title='bbox 470 3663 730 3731; x_wconf 89' lang='lat' dir='ltr'><strong>qiiiritiir.</strong></span> <span class='ocrx_word' id='word_1_364' title='bbox 773 3661 873 3727; x_wconf 77' lang='lat' dir='ltr'><strong>Qui</strong></span> <span class='ocrx_word' id='word_1_365' title='bbox 911 3663 1311 3732; x_wconf 84' lang='lat' dir='ltr'><strong>comperientes</strong></span> <span class='ocrx_word' id='word_1_366' title='bbox 1345 3679 1469 3717; x_wconf 91' lang='lat' dir='ltr'><strong>eum</strong></span> <span class='ocrx_word' id='word_1_367' title='bbox 1502 3663 1819 3732; x_wconf 84' lang='lat' dir='ltr'><strong>episcopum</strong></span> <span class='ocrx_word' id='word_1_368' title='bbox 1853 3661 2054 3731; x_wconf 84' lang='lat' dir='ltr'><strong>fuisse,</strong></span> 
     </span>
    </p>
   </div>
   <div class='ocr_carea' id='block_1_53' title="bbox 471 3754 2058 3822">
    <p class='ocr_par' dir='ltr' id='par_1_53' title="bbox 471 3754 2058 3822">
     <span class='ocr_line' id='line_1_53' title="bbox 471 3754 2058 3822; baseline 0.004 -17"><span class='ocrx_word' id='word_1_369' title='bbox 471 3754 585 3822; x_wconf 69' lang='lat' dir='ltr'><strong>regi</strong></span> <span class='ocrx_word' id='word_1_370' title='bbox 614 3769 715 3806; x_wconf 89' lang='lat' dir='ltr'><strong>suo</strong></span> <span class='ocrx_word' id='word_1_371' title='bbox 744 3770 850 3806; x_wconf 91' lang='lat' dir='ltr'><strong>non</strong></span> <span class='ocrx_word' id='word_1_372' title='bbox 882 3755 1140 3807; x_wconf 68' lang='lat' dir='ltr'><strong>differunt</strong></span> <span class='ocrx_word' id='word_1_373' title='bbox 1159 3757 1429 3808; x_wconf 87' lang='lat' dir='ltr'><strong>nuntiare.</strong></span> <span class='ocrx_word' id='word_1_374' title='bbox 1463 3754 1575 3807; x_wconf 82' lang='lat' dir='ltr'><strong>Rex</strong></span> <span class='ocrx_word' id='word_1_375' title='bbox 1605 3765 1786 3808; x_wconf 90' lang='lat' dir='ltr'><strong>autem</strong></span> <span class='ocrx_word' id='word_1_376' title='bbox 1811 3758 2058 3811; x_wconf 85' lang='lat' dir='ltr'><strong>celeriter</strong></span> 
     </span>
    </p>
   </div>
   <div class='ocr_carea' id='block_1_54' title="bbox 472 3845 2057 3915">
    <p class='ocr_par' dir='ltr' id='par_1_54' title="bbox 472 3845 2057 3915">
     <span class='ocr_line' id='line_1_54' title="bbox 472 3845 2057 3915; baseline 0.004 -18"><span class='ocrx_word' id='word_1_377' title='bbox 472 3845 690 3897; x_wconf 88' lang='lat' dir='ltr'><strong>beatum</strong></span> <span class='ocrx_word' id='word_1_378' title='bbox 726 3846 901 3898; x_wconf 88' lang='lat' dir='ltr'><strong>virum</strong></span> <span class='ocrx_word' id='word_1_379' title='bbox 949 3847 1063 3900; x_wconf 88' lang='lat' dir='ltr'><strong>suis</strong></span> <span class='ocrx_word' id='word_1_380' title='bbox 1093 3847 1376 3900; x_wconf 82' lang='lat' dir='ltr'><strong>obtutibus</strong></span> <span class='ocrx_word' id='word_1_381' title='bbox 1425 3845 1553 3900; x_wconf 83' lang='lat' dir='ltr'><strong>fecit</strong></span> <span class='ocrx_word' id='word_1_382' title='bbox 1593 3857 1791 3902; x_wconf 84' lang='lat' dir='ltr'><strong>astare.</strong></span> <span class='ocrx_word' id='word_1_383' title='bbox 1823 3848 1926 3915; x_wconf 84' lang='lat' dir='ltr'><strong>Qui</strong></span> <span class='ocrx_word' id='word_1_384' title='bbox 1971 3851 2057 3904; x_wconf 85' lang='lat' dir='ltr'><strong>iii-</strong></span> 
     </span>
    </p>
   </div>
   <div class='ocr_carea' id='block_1_55' title="bbox 473 3937 2059 4008">
    <p class='ocr_par' dir='ltr' id='par_1_55' title="bbox 473 3937 2059 4008">
     <span class='ocr_line' id='line_1_55' title="bbox 473 3937 2059 4008; baseline 0.004 -18"><span class='ocrx_word' id='word_1_385' title='bbox 473 3946 784 4006; x_wconf 76' lang='lat' dir='ltr'><strong>terrogatiis</strong></span> <span class='ocrx_word' id='word_1_386' title='bbox 812 3937 936 4005; x_wconf 81' lang='lat' dir='ltr'><strong>quis</strong></span> <span class='ocrx_word' id='word_1_387' title='bbox 973 3947 1136 4002; x_wconf 85' lang='lat' dir='ltr'><strong>esset,</strong></span> <span class='ocrx_word' id='word_1_388' title='bbox 1171 3938 1272 4002; x_wconf 85' lang='lat' dir='ltr'><strong>vel,</strong></span> <span class='ocrx_word' id='word_1_389' title='bbox 1311 3954 1474 4007; x_wconf 87' lang='lat' dir='ltr'><strong>quam</strong></span> <span class='ocrx_word' id='word_1_390' title='bbox 1509 3949 1681 3994; x_wconf 86' lang='lat' dir='ltr'><strong>artem</strong></span> <span class='ocrx_word' id='word_1_391' title='bbox 1711 3940 1894 4008; x_wconf 87' lang='lat' dir='ltr'><strong>sciret,</strong></span> <span class='ocrx_word' id='word_1_392' title='bbox 1926 3941 2059 3996; x_wconf 89' lang='lat' dir='ltr'><strong>illud</strong></span> 
     </span>
    </p>
   </div>
   <div class='ocr_carea' id='block_1_56' title="bbox 473 4027 1513 4096">
    <p class='ocr_par' dir='ltr' id='par_1_56' title="bbox 473 4027 1513 4096">
     <span class='ocr_line' id='line_1_56' title="bbox 473 4027 1513 4096; baseline 0.006 -21"><span class='ocrx_word' id='word_1_393' title='bbox 473 4027 747 4096; x_wconf 82' lang='lat' dir='ltr'><strong>poeticum</strong></span> <span class='ocrx_word' id='word_1_394' title='bbox 777 4029 962 4081; x_wconf 80' lang='lat' dir='ltr'><strong>animo</strong></span> <span class='ocrx_word' id='word_1_395' title='bbox 997 4036 1240 4081; x_wconf 81' lang='lat' dir='ltr'><strong>tractans</strong></span> <span class='ocrx_word' id='word_1_396' title='bbox 1268 4028 1350 4079; x_wconf 89' lang='lat' dir='ltr'><strong>vir</strong></span> <span class='ocrx_word' id='word_1_397' title='bbox 1376 4027 1466 4081; x_wconf 84' lang='lat' dir='ltr'><strong>Dei</strong></span> <span class='ocrx_word' id='word_1_398' title='bbox 1501 4045 1513 4081; x_wconf 94' lang='lat'>:</span> 
     </span>
    </p>
   </div>
   <div class='ocr_carea' id='block_1_57' title="bbox 619 4137 2010 4213">
    <p class='ocr_par' dir='ltr' id='par_1_57' title="bbox 619 4137 2010 4213">
     <span class='ocr_line' id='line_1_57' title="bbox 619 4137 2010 4213; baseline 0.006 -25"><span class='ocrx_word' id='word_1_399' title='bbox 619 4137 712 4213; x_wconf 40' lang='lat' dir='ltr'><strong>[13st</strong></span> <span class='ocrx_word' id='word_1_400' title='bbox 749 4139 955 4213; x_wconf 78' lang='lat' dir='ltr'><strong>animus</strong></span> <span class='ocrx_word' id='word_1_401' title='bbox 972 4139 1241 4213; x_wconf 80' lang='lat' dir='ltr'><strong>_ti&#39;bi,_s_unt</strong></span> <span class='ocrx_word' id='word_1_402' title='bbox 1267 4155 1433 4190; x_wconf 84' lang='lat' dir='ltr'><strong>mores</strong></span> <span class='ocrx_word' id='word_1_403' title='bbox 1456 4149 1506 4213; x_wconf 70' lang='lat' dir='ltr'><strong>et</strong></span> <span class='ocrx_word' id='word_1_404' title='bbox 1532 4139 1714 4209; x_wconf 85' lang='lat' dir='ltr'><strong>lingua</strong></span> <span class='ocrx_word' id='word_1_405' title='bbox 1741 4141 1970 4213; x_wconf 80' lang='lat' dir='ltr'><strong>ﬁdesque</strong></span> <span class='ocrx_word' id='word_1_406' title='bbox 1991 4158 2010 4196; x_wconf 91' lang='lat'><strong><em>:</em></strong></span> 
     </span>
    </p>
   </div>
   <div class='ocr_carea' id='block_1_58' title="bbox 619 4207 1824 4276">
    <p class='ocr_par' dir='ltr' id='par_1_58' title="bbox 619 4207 1824 4276">
     <span class='ocr_line' id='line_1_58' title="bbox 619 4207 1824 4276; baseline 0.002 -16"><span class='ocrx_word' id='word_1_407' title='bbox 619 4207 678 4260; x_wconf 74' lang='lat' dir='ltr'><strong>Si</strong></span> <span class='ocrx_word' id='word_1_408' title='bbox 705 4225 774 4260; x_wconf 74' lang='lat' dir='ltr'><strong>rei</strong></span> <span class='ocrx_word' id='word_1_409' title='bbox 793 4217 841 4261; x_wconf 88' lang='lat' dir='ltr'><strong>te</strong></span> <span class='ocrx_word' id='word_1_410' title='bbox 873 4209 1060 4276; x_wconf 78' lang='lat' dir='ltr'><strong>facies,</strong></span> <span class='ocrx_word' id='word_1_411' title='bbox 1094 4208 1177 4259; x_wconf 78' lang='lat' dir='ltr'><strong>hic</strong></span> <span class='ocrx_word' id='word_1_412' title='bbox 1215 4224 1395 4261; x_wconf 79' lang='lat' dir='ltr'><strong>murus</strong></span> <span class='ocrx_word' id='word_1_413' title='bbox 1431 4207 1656 4262; x_wconf 68' lang='lat' dir='ltr'><strong>alienatis</strong></span> <span class='ocrx_word' id='word_1_414' title='bbox 1684 4207 1824 4274; x_wconf 81' lang='lat' dir='ltr'><strong>este;</strong></span> 
     </span>
    </p>
   </div>
   <div class='ocr_carea' id='block_1_59' title="bbox 1395 4277 1845 4353">
    <p class='ocr_par' dir='ltr' id='par_1_59' title="bbox 1395 4277 1845 4353">
     <span class='ocr_line' id='line_1_59' title="bbox 1395 4277 1845 4353; baseline 0.011 -22"><span class='ocrx_word' id='word_1_415' title='bbox 1395 4277 1578 4350; x_wconf 59' lang='lat' dir='ltr'><strong>(Horn,</strong></span> <span class='ocrx_word' id='word_1_416' title='bbox 1603 4285 1756 4351; x_wconf 83' lang='lat' dir='ltr'><strong>epist.</strong></span> <span class='ocrx_word' id='word_1_417' title='bbox 1783 4284 1845 4353; x_wconf 83' lang='grc' dir='ltr'><strong>ι.)</strong></span> 
     </span>
    </p>
   </div>
   <div class='ocr_carea' id='block_1_60' title="bbox 479 4369 2062 4442">
    <p class='ocr_par' dir='ltr' id='par_1_60' title="bbox 479 4369 2062 4442">
     <span class='ocr_line' id='line_1_60' title="bbox 479 4369 2062 4442; baseline 0.003 -19"><span class='ocrx_word' id='word_1_418' title='bbox 479 4371 572 4423; x_wconf 89' lang='lat' dir='ltr'><strong>tali</strong></span> <span class='ocrx_word' id='word_1_419' title='bbox 605 4369 861 4423; x_wconf 71' lang='lat' dir='ltr'><strong>affamine</strong></span> <span class='ocrx_word' id='word_1_420' title='bbox 891 4369 1040 4423; x_wconf 88' lang='lat' dir='ltr'><strong>dedit</strong></span> <span class='ocrx_word' id='word_1_421' title='bbox 1078 4384 1422 4438; x_wconf 80' lang='lat' dir='ltr'><strong>responsum.</strong></span> <span class='ocrx_word' id='word_1_422' title='bbox 1468 4371 1593 4426; x_wconf 90' lang='lat' dir='ltr'><strong>Scio</strong></span> <span class='ocrx_word' id='word_1_423' title='bbox 1638 4374 1856 4442; x_wconf 84' lang='lat' dir='ltr'><strong>quidem</strong></span> <span class='ocrx_word' id='word_1_424' title='bbox 1884 4375 2062 4429; x_wconf 88' lang='lat' dir='ltr'><strong>(liver-</strong></span> 
     </span>
    </p>
   </div>
   <div class='ocr_carea' id='block_1_61' title="bbox 478 4458 2063 4528">
    <p class='ocr_par' dir='ltr' id='par_1_61' title="bbox 478 4458 2063 4528">
     <span class='ocr_line' id='line_1_61' title="bbox 478 4458 2063 4528; baseline 0.003 -14"><span class='ocrx_word' id='word_1_425' title='bbox 478 4477 568 4514; x_wconf 83' lang='lat' dir='ltr'><strong>sas</strong></span> <span class='ocrx_word' id='word_1_426' title='bbox 595 4471 762 4524; x_wconf 85' lang='lat' dir='ltr'><strong>artes,</strong></span> <span class='ocrx_word' id='word_1_427' title='bbox 797 4459 888 4513; x_wconf 88' lang='lat' dir='ltr'><strong>sed</strong></span> <span class='ocrx_word' id='word_1_428' title='bbox 923 4458 1211 4528; x_wconf 73' lang='lat' dir='ltr'><strong>przecipue,</strong></span> <span class='ocrx_word' id='word_1_429' title='bbox 1247 4469 1303 4512; x_wconf 94' lang='lat' dir='ltr'><strong>ut</strong></span> <span class='ocrx_word' id='word_1_430' title='bbox 1332 4461 1547 4528; x_wconf 89' lang='lat' dir='ltr'><strong>sapiens</strong></span> <span class='ocrx_word' id='word_1_431' title='bbox 1585 4464 1915 4518; x_wconf 88' lang='lat' dir='ltr'><strong>architectus</strong></span> <span class='ocrx_word' id='word_1_432' title='bbox 1938 4463 2063 4518; x_wconf 87' lang='lat' dir='ltr'><strong>fmi-</strong></span> 
     </span>
    </p>
   </div>
   <div class='ocr_carea' id='block_1_62' title="bbox 479 4551 2062 4625">
    <p class='ocr_par' dir='ltr' id='par_1_62' title="bbox 479 4551 2062 4625">
     <span class='ocr_line' id='line_1_62' title="bbox 479 4551 2062 4625; baseline 0.005 -21"><span class='ocrx_word' id='word_1_433' title='bbox 479 4553 792 4605; x_wconf 70' lang='grc' dir='ltr'>(Ιιιιιιυιιιιιιιι</span> <span class='ocrx_word' id='word_1_434' title='bbox 836 4551 950 4605; x_wconf 89' lang='lat' dir='ltr'><strong>seio</strong></span> <span class='ocrx_word' id='word_1_435' title='bbox 991 4567 1192 4620; x_wconf 86' lang='lat' dir='ltr'><strong>ponere</strong></span> <span class='ocrx_word' id='word_1_436' title='bbox 1221 4553 1459 4606; x_wconf 79' lang='lat' dir='ltr'><strong>firmum.</strong></span> <span class='ocrx_word' id='word_1_437' title='bbox 1497 4553 1671 4624; x_wconf 85' lang='lat' dir='ltr'><strong>Super</strong></span> <span class='ocrx_word' id='word_1_438' title='bbox 1699 4556 1824 4620; x_wconf 87' lang='lat' dir='ltr'><strong>hoc,</strong></span> <span class='ocrx_word' id='word_1_439' title='bbox 1856 4557 1903 4611; x_wconf 83' lang='lat' dir='ltr'><strong>si</strong></span> <span class='ocrx_word' id='word_1_440' title='bbox 1938 4559 2062 4625; x_wconf 87' lang='lat' dir='ltr'><strong>quis</strong></span> 
     </span>
    </p>
   </div>
   <div class='ocr_carea' id='block_1_63' title="bbox 479 4644 2139 4729">
    <p class='ocr_par' dir='ltr' id='par_1_63' title="bbox 479 4644 2139 4729">
     <span class='ocr_line' id='line_1_63' title="bbox 479 4644 2139 4729; baseline 0.003 -32"><span class='ocrx_word' id='word_1_441' title='bbox 479 4644 710 4697; x_wconf 78' lang='lat' dir='ltr'><strong>:editieat</strong></span> <span class='ocrx_word' id='word_1_442' title='bbox 738 4657 955 4707; x_wconf 89' lang='lat' dir='ltr'><strong>aurum,</strong></span> <span class='ocrx_word' id='word_1_443' title='bbox 993 4654 1298 4711; x_wconf 81' lang='lat' dir='ltr'><strong>argentum,</strong></span> <span class='ocrx_word' id='word_1_444' title='bbox 1325 4647 1531 4715; x_wconf 89' lang='lat' dir='ltr'><strong>lapides</strong></span> <span class='ocrx_word' id='word_1_445' title='bbox 1561 4649 1831 4717; x_wconf 83' lang='lat' dir='ltr'><strong>pretiosos</strong></span> <span class='ocrx_word' id='word_1_446' title='bbox 1866 4647 1915 4718; x_wconf 91' lang='grc'><strong>(1</strong></span> <span class='ocrx_word' id='word_1_447' title='bbox 1936 4649 2058 4702; x_wconf 77' lang='lat' dir='ltr'><strong>Cor.</strong></span> <span class='ocrx_word' id='word_1_448' title='bbox 2097 4676 2139 4729; x_wconf 69' lang='grc' dir='ltr'>υ</span> 
     </span>
    </p>
   </div>
   <div class='ocr_carea' id='block_1_64' title="bbox 482 4741 2059 4804">
    <p class='ocr_par' dir='ltr' id='par_1_64' title="bbox 482 4741 2059 4804">
     <span class='ocr_line' id='line_1_64' title="bbox 482 4741 2059 4804; baseline 0.003 -14"><span class='ocrx_word' id='word_1_449' title='bbox 482 4741 588 4804; x_wconf 83' lang='grc' dir='ltr'>ιιι),</span> <span class='ocrx_word' id='word_1_450' title='bbox 622 4753 730 4789; x_wconf 88' lang='lat' dir='ltr'><strong>non</strong></span> <span class='ocrx_word' id='word_1_451' title='bbox 779 4745 1092 4804; x_wconf 81' lang='lat' dir='ltr'><strong>tempestas,</strong></span> <span class='ocrx_word' id='word_1_452' title='bbox 1127 4752 1232 4789; x_wconf 90' lang='lat' dir='ltr'><strong>non</strong></span> <span class='ocrx_word' id='word_1_453' title='bbox 1288 4747 1498 4803; x_wconf 82' lang='lat' dir='ltr'><strong>ventus,</strong></span> <span class='ocrx_word' id='word_1_454' title='bbox 1548 4756 1646 4793; x_wconf 85' lang='lat' dir='ltr'><strong>nec</strong></span> <span class='ocrx_word' id='word_1_455' title='bbox 1691 4741 1832 4794; x_wconf 88' lang='lat' dir='ltr'><strong>ullus</strong></span> <span class='ocrx_word' id='word_1_456' title='bbox 1879 4741 2059 4795; x_wconf 84' lang='lat' dir='ltr'><strong>homi-</strong></span> 
     </span>
    </p>
   </div>
   <div class='ocr_carea' id='block_1_65' title="bbox 481 4829 2060 4900">
    <p class='ocr_par' dir='ltr' id='par_1_65' title="bbox 481 4829 2060 4900">
     <span class='ocr_line' id='line_1_65' title="bbox 481 4829 2060 4900; baseline 0.003 -19"><span class='ocrx_word' id='word_1_457' title='bbox 481 4845 611 4882; x_wconf 88' lang='lat' dir='ltr'><strong>num</strong></span> <span class='ocrx_word' id='word_1_458' title='bbox 630 4829 912 4880; x_wconf 83' lang='lat' dir='ltr'><strong>destruere</strong></span> <span class='ocrx_word' id='word_1_459' title='bbox 942 4830 1156 4896; x_wconf 86' lang='lat' dir='ltr'><strong>poterit.</strong></span> <span class='ocrx_word' id='word_1_460' title='bbox 1183 4829 1308 4898; x_wconf 87' lang='lat' dir='ltr'><strong>quia</strong></span> <span class='ocrx_word' id='word_1_461' title='bbox 1330 4830 1459 4884; x_wconf 90' lang='lat' dir='ltr'><strong>illud</strong></span> <span class='ocrx_word' id='word_1_462' title='bbox 1481 4845 1626 4900; x_wconf 89' lang='lat' dir='ltr'><strong>pono</strong></span> <span class='ocrx_word' id='word_1_463' title='bbox 1653 4847 1816 4900; x_wconf 80' lang='lat' dir='ltr'><strong>supra</strong></span> <span class='ocrx_word' id='word_1_464' title='bbox 1847 4831 2060 4886; x_wconf 80' lang='lat' dir='ltr'><strong>ﬁrmam</strong></span> 
     </span>
    </p>
   </div>
   <div class='ocr_carea' id='block_1_66' title="bbox 482 4917 1276 4986">
    <p class='ocr_par' dir='ltr' id='par_1_66' title="bbox 482 4917 1276 4986">
     <span class='ocr_line' id='line_1_66' title="bbox 482 4917 1276 4986; baseline 0.003 -16"><span class='ocrx_word' id='word_1_465' title='bbox 482 4928 714 4986; x_wconf 88' lang='lat' dir='ltr'><strong>petram,</strong></span> <span class='ocrx_word' id='word_1_466' title='bbox 747 4932 868 4986; x_wconf 72' lang='lat' dir='ltr'><strong>qua:</strong></span> <span class='ocrx_word' id='word_1_467' title='bbox 898 4925 982 4970; x_wconf 80' lang='lat' dir='ltr'><strong>est</strong></span> <span class='ocrx_word' id='word_1_468' title='bbox 1005 4917 1276 4973; x_wconf 72' lang='lat' dir='ltr'><strong>Christus.</strong></span> 
     </span>
    </p>
   </div>
   <div class='ocr_carea' id='block_1_67' title="bbox 556 5006 2062 5079">
    <p class='ocr_par' dir='ltr' id='par_1_67' title="bbox 556 5006 2062 5079">
     <span class='ocr_line' id='line_1_67' title="bbox 556 5006 2062 5079; baseline 0.005 -21"><span class='ocrx_word' id='word_1_469' title='bbox 556 5006 673 5058; x_wconf 63' lang='lat' dir='ltr'><strong>Non</strong></span> <span class='ocrx_word' id='word_1_470' title='bbox 717 5008 992 5078; x_wconf 79' lang='lat' dir='ltr'><strong>interrogo</strong></span> <span class='ocrx_word' id='word_1_471' title='bbox 1037 5019 1106 5073; x_wconf 85' lang='lat' dir='ltr'><strong>te,</strong></span> <span class='ocrx_word' id='word_1_472' title='bbox 1149 5010 1323 5079; x_wconf 86' lang='lat' dir='ltr'><strong>inquit</strong></span> <span class='ocrx_word' id='word_1_473' title='bbox 1353 5025 1466 5075; x_wconf 88' lang='lat' dir='ltr'><strong>rex,</strong></span> <span class='ocrx_word' id='word_1_474' title='bbox 1513 5011 1579 5065; x_wconf 87' lang='lat' dir='ltr'><strong>de</strong></span> <span class='ocrx_word' id='word_1_475' title='bbox 1617 5022 1890 5066; x_wconf 90' lang='lat' dir='ltr'><strong>structura</strong></span> <span class='ocrx_word' id='word_1_476' title='bbox 1936 5011 2062 5066; x_wconf 90' lang='lat' dir='ltr'><strong>talis</strong></span> 
     </span>
    </p>
   </div>
   <div class='ocr_carea' id='block_1_68' title="bbox 486 5099 2063 5172">
    <p class='ocr_par' dir='ltr' id='par_1_68' title="bbox 486 5099 2063 5172">
     <span class='ocr_line' id='line_1_68' title="bbox 486 5099 2063 5172; baseline 0.004 -21"><span class='ocrx_word' id='word_1_477' title='bbox 486 5099 860 5162; x_wconf 81' lang='lat' dir='ltr'><strong>fundamenti,</strong></span> <span class='ocrx_word' id='word_1_478' title='bbox 898 5101 988 5154; x_wconf 78' lang='lat' dir='ltr'><strong>sed</strong></span> <span class='ocrx_word' id='word_1_479' title='bbox 1037 5118 1065 5154; x_wconf 92' lang='lat' dir='ltr'><strong>a</strong></span> <span class='ocrx_word' id='word_1_480' title='bbox 1103 5113 1155 5155; x_wconf 88' lang='lat' dir='ltr'><strong>te</strong></span> <span class='ocrx_word' id='word_1_481' title='bbox 1192 5119 1378 5172; x_wconf 62' lang='lat' dir='ltr'><strong>quaero</strong></span> <span class='ocrx_word' id='word_1_482' title='bbox 1421 5113 1591 5156; x_wconf 90' lang='lat' dir='ltr'><strong>artem</strong></span> <span class='ocrx_word' id='word_1_483' title='bbox 1642 5106 1947 5169; x_wconf 88' lang='lat' dir='ltr'><strong>aiirariaiii,</strong></span> <span class='ocrx_word' id='word_1_484' title='bbox 1981 5104 2063 5158; x_wconf 85' lang='lat' dir='ltr'><strong>vel</strong></span> 
     </span>
    </p>
   </div>
   <div class='ocr_carea' id='block_1_69' title="bbox 486 5192 2065 5248">
    <p class='ocr_par' dir='ltr' id='par_1_69' title="bbox 486 5192 2065 5248">
     <span class='ocr_line' id='line_1_69' title="bbox 486 5192 2065 5248; baseline 0.003 -4"><span class='ocrx_word' id='word_1_485' title='bbox 486 5193 649 5244; x_wconf 88' lang='lat' dir='ltr'><strong>aliam</strong></span> <span class='ocrx_word' id='word_1_486' title='bbox 709 5199 909 5246; x_wconf 67' lang='lat' dir='ltr'><strong>DOSU&#39;LL‘</strong></span> <span class='ocrx_word' id='word_1_487' title='bbox 959 5192 1173 5245; x_wconf 85' lang='lat' dir='ltr'><strong>utilitati</strong></span> <span class='ocrx_word' id='word_1_488' title='bbox 1211 5195 1592 5248; x_wconf 79' lang='lat' dir='ltr'><strong>neiessariam.</strong></span> <span class='ocrx_word' id='word_1_489' title='bbox 1644 5193 1850 5247; x_wconf 74' lang='lat' dir='ltr'><strong>Priesul</strong></span> <span class='ocrx_word' id='word_1_490' title='bbox 1902 5210 2065 5248; x_wconf 84' lang='lat' dir='ltr'><strong>vene-</strong></span> 
     </span>
    </p>
   </div>
   <div class='ocr_carea' id='block_1_70' title="bbox 491 5281 2064 5354">
    <p class='ocr_par' dir='ltr' id='par_1_70' title="bbox 491 5281 2064 5354">
     <span class='ocr_line' id='line_1_70' title="bbox 491 5281 2064 5354; baseline 0.001 -17"><span class='ocrx_word' id='word_1_491' title='bbox 491 5283 692 5338; x_wconf 80' lang='lat' dir='ltr'><strong>randus</strong></span> <span class='ocrx_word' id='word_1_492' title='bbox 745 5283 810 5335; x_wconf 88' lang='lat' dir='ltr'><strong>ad</strong></span> <span class='ocrx_word' id='word_1_493' title='bbox 860 5284 975 5337; x_wconf 65' lang='lat' dir='ltr'><strong>haec</strong></span> <span class='ocrx_word' id='word_1_494' title='bbox 1018 5303 1029 5337; x_wconf 91' lang='lat'>:</span> <span class='ocrx_word' id='word_1_495' title='bbox 1083 5281 1138 5336; x_wconf 83' lang='lat' dir='ltr'><strong>Si</strong></span> <span class='ocrx_word' id='word_1_496' title='bbox 1185 5284 1447 5338; x_wconf 81' lang='lat' dir='ltr'><strong>arlitieem</strong></span> <span class='ocrx_word' id='word_1_497' title='bbox 1505 5302 1610 5351; x_wconf 90' lang='lat' dir='ltr'><strong>me,</strong></span> <span class='ocrx_word' id='word_1_498' title='bbox 1669 5286 1862 5353; x_wconf 84' lang='lat' dir='ltr'><strong>inquit,</strong></span> <span class='ocrx_word' id='word_1_499' title='bbox 1909 5285 2064 5354; x_wconf 89' lang='lat' dir='ltr'><strong>cupis</strong></span> 
     </span>
    </p>
   </div>
   <div class='ocr_carea' id='block_1_71' title="bbox 491 5371 2061 5445">
    <p class='ocr_par' dir='ltr' id='par_1_71' title="bbox 491 5371 2061 5445">
     <span class='ocr_line' id='line_1_71' title="bbox 491 5371 2061 5445; baseline 0.001 -14"><span class='ocrx_word' id='word_1_500' title='bbox 491 5371 652 5441; x_wconf 76' lang='lat' dir='ltr'><strong>seire,</strong></span> <span class='ocrx_word' id='word_1_501' title='bbox 696 5376 896 5445; x_wconf 89' lang='lat' dir='ltr'><strong>optime</strong></span> <span class='ocrx_word' id='word_1_502' title='bbox 943 5387 1154 5432; x_wconf 83' lang='lat' dir='ltr'><strong>vetusta</strong></span> <span class='ocrx_word' id='word_1_503' title='bbox 1187 5377 1301 5431; x_wconf 84' lang='lat' dir='ltr'><strong>scio</strong></span> <span class='ocrx_word' id='word_1_504' title='bbox 1349 5393 1626 5430; x_wconf 82' lang='lat' dir='ltr'><strong>renovare.</strong></span> <span class='ocrx_word' id='word_1_505' title='bbox 1679 5379 1851 5432; x_wconf 88' lang='lat' dir='ltr'><strong>Iratus</strong></span> <span class='ocrx_word' id='word_1_506' title='bbox 1881 5389 2061 5432; x_wconf 83' lang='lat' dir='ltr'><strong>autem</strong></span> 
     </span>
    </p>
   </div>
   <div class='ocr_carea' id='block_1_72' title="bbox 493 5469 2065 5540">
    <p class='ocr_par' dir='ltr' id='par_1_72' title="bbox 493 5469 2065 5540">
     <span class='ocr_line' id='line_1_72' title="bbox 493 5469 2065 5540; baseline 0.001 -16"><span class='ocrx_word' id='word_1_507' title='bbox 493 5487 585 5524; x_wconf 80' lang='lat' dir='ltr'><strong>rex</strong></span> <span class='ocrx_word' id='word_1_508' title='bbox 615 5487 720 5524; x_wconf 89' lang='lat' dir='ltr'><strong>non</strong></span> <span class='ocrx_word' id='word_1_509' title='bbox 753 5470 1057 5538; x_wconf 74' lang='lat' dir='ltr'><strong>intelligens</strong></span> <span class='ocrx_word' id='word_1_510' title='bbox 1086 5472 1243 5524; x_wconf 84' lang='lat' dir='ltr'><strong>verba</strong></span> <span class='ocrx_word' id='word_1_511' title='bbox 1277 5469 1369 5524; x_wconf 87' lang='lat' dir='ltr'><strong>Dei</strong></span> <span class='ocrx_word' id='word_1_512' title='bbox 1400 5470 1778 5540; x_wconf 61' lang='grc' dir='ltr'>ριιιοςιιιιιιιιιιιί,</span> <span class='ocrx_word' id='word_1_513' title='bbox 1813 5487 1943 5524; x_wconf 70' lang='lat' dir='ltr'><strong>usus</strong></span> <span class='ocrx_word' id='word_1_514' title='bbox 1981 5480 2065 5525; x_wconf 84' lang='lat' dir='ltr'><strong>est.</strong></span> 
     </span>
    </p>
   </div>
   <div class='ocr_carea' id='block_1_73' title="bbox 492 5561 1176 5618">
    <p class='ocr_par' dir='ltr' id='par_1_73' title="bbox 492 5561 1176 5618">
     <span class='ocr_line' id='line_1_73' title="bbox 492 5561 1176 5618; baseline -0.001 -2"><span class='ocrx_word' id='word_1_515' title='bbox 492 5564 691 5617; x_wconf 87' lang='lat' dir='ltr'><strong>talibus</strong></span> <span class='ocrx_word' id='word_1_516' title='bbox 727 5565 904 5618; x_wconf 90' lang='lat' dir='ltr'><strong>verbis</strong></span> <span class='ocrx_word' id='word_1_517' title='bbox 930 5561 1132 5615; x_wconf 90' lang='lat' dir='ltr'><strong>lloratii</strong></span> <span class='ocrx_word' id='word_1_518' title='bbox 1166 5584 1176 5615; x_wconf 91' lang='lat'><strong>:</strong></span> 
     </span>
    </p>
   </div>
   <div class='ocr_carea' id='block_1_74' title="bbox 641 5654 1956 5722">
    <p class='ocr_par' dir='ltr' id='par_1_74' title="bbox 641 5654 1956 5722">
     <span class='ocr_line' id='line_1_74' title="bbox 641 5654 1956 5722; baseline -0.003 -14"><span class='ocrx_word' id='word_1_519' title='bbox 641 5655 804 5708; x_wconf 80' lang='lat' dir='ltr'><strong>Omne</strong></span> <span class='ocrx_word' id='word_1_520' title='bbox 830 5670 1204 5722; x_wconf 72' lang='lat' dir='ltr'><strong>supervacuum</strong></span> <span class='ocrx_word' id='word_1_521' title='bbox 1245 5654 1396 5721; x_wconf 78' lang='lat' dir='ltr'><strong>pleno</strong></span> <span class='ocrx_word' id='word_1_522' title='bbox 1423 5656 1486 5708; x_wconf 77' lang='lat' dir='ltr'><strong>de</strong></span> <span class='ocrx_word' id='word_1_523' title='bbox 1516 5663 1720 5722; x_wconf 79' lang='lat' dir='ltr'><strong>pectore</strong></span> <span class='ocrx_word' id='word_1_524' title='bbox 1756 5660 1956 5705; x_wconf 79' lang='lat' dir='ltr'><strong>manat.</strong></span> 
     </span>
    </p>
   </div>
   <div class='ocr_carea' id='block_1_75' title="bbox 1329 5724 1782 5792">
    <p class='ocr_par' dir='ltr' id='par_1_75' title="bbox 1329 5724 1782 5792">
     <span class='ocr_line' id='line_1_75' title="bbox 1329 5724 1782 5792; baseline 0.002 -16"><span class='ocrx_word' id='word_1_525' title='bbox 1329 5724 1487 5792; x_wconf 84' lang='lat' dir='ltr'><strong>(Hon.</strong></span> <span class='ocrx_word' id='word_1_526' title='bbox 1519 5726 1573 5777; x_wconf 86' lang='lat' dir='ltr'><strong>in</strong></span> <span class='ocrx_word' id='word_1_527' title='bbox 1611 5725 1782 5792; x_wconf 78' lang='lat' dir='ltr'><strong>Arte.)</strong></span> 
     </span>
    </p>
   </div>
   <div class='ocr_carea' id='block_1_76' title="bbox 497 5813 2066 5885">
    <p class='ocr_par' dir='ltr' id='par_1_76' title="bbox 497 5813 2066 5885">
     <span class='ocr_line' id='line_1_76' title="bbox 497 5813 2066 5885; baseline -0.004 -15"><span class='ocrx_word' id='word_1_528' title='bbox 497 5818 728 5871; x_wconf 86' lang='lat' dir='ltr'><strong>Sanctus</strong></span> <span class='ocrx_word' id='word_1_529' title='bbox 783 5815 1065 5885; x_wconf 84' lang='lat' dir='ltr'><strong>cpiscopus</strong></span> <span class='ocrx_word' id='word_1_530' title='bbox 1122 5815 1258 5870; x_wconf 82' lang='lat' dir='ltr'><strong>dixit</strong></span> <span class='ocrx_word' id='word_1_531' title='bbox 1293 5833 1305 5869; x_wconf 88' lang='lat'><strong>:</strong></span> <span class='ocrx_word' id='word_1_532' title='bbox 1339 5813 1497 5880; x_wconf 76' lang='lat' dir='ltr'><strong>Vere,</strong></span> <span class='ocrx_word' id='word_1_533' title='bbox 1557 5824 1614 5868; x_wconf 89' lang='grc' dir='ltr'><strong>ιιι</strong></span> <span class='ocrx_word' id='word_1_534' title='bbox 1671 5815 1803 5880; x_wconf 83' lang='lat' dir='ltr'><strong>dixi,</strong></span> <span class='ocrx_word' id='word_1_535' title='bbox 1853 5821 2066 5868; x_wconf 75' lang='lat' dir='ltr'><strong>vetusta</strong></span> 
     </span>
    </p>
   </div>
   <div class='ocr_carea' id='block_1_77' title="bbox 499 5906 2064 5979">
    <p class='ocr_par' dir='ltr' id='par_1_77' title="bbox 499 5906 2064 5979">
     <span class='ocr_line' id='line_1_77' title="bbox 499 5906 2064 5979; baseline -0.003 -17"><span class='ocrx_word' id='word_1_536' title='bbox 499 5911 612 5962; x_wconf 75' lang='lat' dir='ltr'><strong>siin</strong></span> <span class='ocrx_word' id='word_1_537' title='bbox 647 5923 923 5972; x_wconf 79' lang='lat' dir='ltr'><strong>ieiiovare,</strong></span> <span class='ocrx_word' id='word_1_538' title='bbox 953 5911 1075 5977; x_wconf 87' lang='lat' dir='ltr'><strong>quia</strong></span> <span class='ocrx_word' id='word_1_539' title='bbox 1104 5911 1272 5979; x_wconf 78' lang='lat' dir='ltr'><strong>legem</strong></span> <span class='ocrx_word' id='word_1_540' title='bbox 1309 5918 1542 5963; x_wconf 86' lang='lat' dir='ltr'><strong>veterem</strong></span> <span class='ocrx_word' id='word_1_541' title='bbox 1573 5908 1623 5959; x_wconf 91' lang='lat' dir='ltr'><strong>iu</strong></span> <span class='ocrx_word' id='word_1_542' title='bbox 1654 5923 1868 5967; x_wconf 84' lang='lat' dir='ltr'><strong>novam,</strong></span> <span class='ocrx_word' id='word_1_543' title='bbox 1906 5906 2064 5960; x_wconf 70' lang='lat' dir='ltr'><strong>(Iliri-</strong></span> 
     </span>
    </p>
   </div>
   <div class='ocr_carea' id='block_1_78' title="bbox 2152 2090 3740 2161">
    <p class='ocr_par' dir='ltr' id='par_1_78' title="bbox 2152 2090 3740 2161">
     <span class='ocr_line' id='line_1_78' title="bbox 2152 2090 3740 2161; baseline 0.001 -17"><span class='ocrx_word' id='word_1_544' title='bbox 2152 2093 2346 2146; x_wconf 78' lang='lat' dir='ltr'><strong>ductor</strong></span> <span class='ocrx_word' id='word_1_545' title='bbox 2381 2092 2708 2156; x_wconf 88' lang='lat' dir='ltr'><strong>animarum,</strong></span> <span class='ocrx_word' id='word_1_546' title='bbox 2758 2092 2850 2161; x_wconf 90' lang='lat' dir='ltr'><strong>qui</strong></span> <span class='ocrx_word' id='word_1_547' title='bbox 2885 2090 2936 2144; x_wconf 89' lang='lat' dir='ltr'><strong>in</strong></span> <span class='ocrx_word' id='word_1_548' title='bbox 2971 2091 3075 2144; x_wconf 87' lang='lat' dir='ltr'><strong>isto</strong></span> <span class='ocrx_word' id='word_1_549' title='bbox 3112 2091 3236 2144; x_wconf 85' lang='lat' dir='ltr'><strong>fano</strong></span> <span class='ocrx_word' id='word_1_550' title='bbox 3281 2091 3345 2145; x_wconf 88' lang='lat' dir='ltr'><strong>ad</strong></span> <span class='ocrx_word' id='word_1_551' title='bbox 3387 2091 3740 2161; x_wconf 70' lang='lat' dir='ltr'><strong>decipiendus</strong></span> 
     </span>
    </p>
   </div>
   <div class='ocr_carea' id='block_1_79' title="bbox 2154 2183 3742 2252">
    <p class='ocr_par' dir='ltr' id='par_1_79' title="bbox 2154 2183 3742 2252">
     <span class='ocr_line' id='line_1_79' title="bbox 2154 2183 3742 2252; baseline -0.001 -13"><span class='ocrx_word' id='word_1_552' title='bbox 2154 2187 2434 2240; x_wconf 84' lang='lat' dir='ltr'><strong>hominum</strong></span> <span class='ocrx_word' id='word_1_553' title='bbox 2484 2185 2695 2238; x_wconf 88' lang='lat' dir='ltr'><strong>animas</strong></span> <span class='ocrx_word' id='word_1_554' title='bbox 2731 2184 2895 2246; x_wconf 86' lang='lat' dir='ltr'><strong>lates,</strong></span> <span class='ocrx_word' id='word_1_555' title='bbox 2939 2183 3130 2252; x_wconf 84' lang='lat' dir='ltr'><strong>ailjiiro</strong></span> <span class='ocrx_word' id='word_1_556' title='bbox 3175 2194 3226 2236; x_wconf 89' lang='lat' dir='ltr'><strong>te</strong></span> <span class='ocrx_word' id='word_1_557' title='bbox 3263 2199 3354 2252; x_wconf 89' lang='lat' dir='ltr'><strong>per</strong></span> <span class='ocrx_word' id='word_1_558' title='bbox 3389 2183 3630 2250; x_wconf 80' lang='lat' dir='ltr'><strong>Patrem,</strong></span> <span class='ocrx_word' id='word_1_559' title='bbox 3677 2197 3742 2238; x_wconf 69' lang='lat' dir='ltr'><strong>ct.</strong></span> 
     </span>
    </p>
   </div>
   <div class='ocr_carea' id='block_1_80' title="bbox 2154 2274 3739 2345">
    <p class='ocr_par' dir='ltr' id='par_1_80' title="bbox 2154 2274 3739 2345">
     <span class='ocr_line' id='line_1_80' title="bbox 2154 2274 3739 2345; baseline 0 -17"><span class='ocrx_word' id='word_1_560' title='bbox 2154 2276 2373 2342; x_wconf 76' lang='lat' dir='ltr'><strong>Filium,</strong></span> <span class='ocrx_word' id='word_1_561' title='bbox 2404 2287 2455 2330; x_wconf 91' lang='lat' dir='ltr'><strong>et</strong></span> <span class='ocrx_word' id='word_1_562' title='bbox 2501 2277 2761 2345; x_wconf 77' lang='lat' dir='ltr'><strong>Spiritum</strong></span> <span class='ocrx_word' id='word_1_563' title='bbox 2794 2285 3066 2336; x_wconf 80' lang='lat' dir='ltr'><strong>sanetum,</strong></span> <span class='ocrx_word' id='word_1_564' title='bbox 3092 2285 3168 2327; x_wconf 63' lang='grc' dir='ltr'><strong>ἰιι</strong></span> <span class='ocrx_word' id='word_1_565' title='bbox 3197 2274 3292 2328; x_wconf 87' lang='lat' dir='ltr'><strong>des</strong></span> <span class='ocrx_word' id='word_1_566' title='bbox 3338 2274 3470 2328; x_wconf 89' lang='lat' dir='ltr'><strong>mihi</strong></span> <span class='ocrx_word' id='word_1_567' title='bbox 3510 2274 3577 2328; x_wconf 89' lang='lat' dir='ltr'><strong>ad</strong></span> <span class='ocrx_word' id='word_1_568' title='bbox 3608 2291 3739 2328; x_wconf 88' lang='lat' dir='ltr'><strong>om-</strong></span> 
     </span>
    </p>
   </div>
   <div class='ocr_carea' id='block_1_81' title="bbox 2155 2363 3745 2436">
    <p class='ocr_par' dir='ltr' id='par_1_81' title="bbox 2155 2363 3745 2436">
     <span class='ocr_line' id='line_1_81' title="bbox 2155 2363 3745 2436; baseline -0.001 -16"><span class='ocrx_word' id='word_1_569' title='bbox 2155 2368 2240 2420; x_wconf 82' lang='lat' dir='ltr'><strong>nia</strong></span> <span class='ocrx_word' id='word_1_570' title='bbox 2281 2382 2619 2436; x_wconf 66' lang='lat' dir='ltr'><strong>quiet-imque</strong></span> <span class='ocrx_word' id='word_1_571' title='bbox 2647 2365 3051 2433; x_wconf 71' lang='lat' dir='ltr'><strong>interrogavi-ro</strong></span> <span class='ocrx_word' id='word_1_572' title='bbox 3097 2379 3440 2432; x_wconf 84' lang='lat' dir='ltr'><strong>responsum.</strong></span> <span class='ocrx_word' id='word_1_573' title='bbox 3485 2363 3590 2429; x_wconf 88' lang='lat' dir='ltr'><strong>Qui</strong></span> <span class='ocrx_word' id='word_1_574' title='bbox 3623 2373 3745 2419; x_wconf 81' lang='lat' dir='ltr'><strong>sta-</strong></span> 
     </span>
    </p>
   </div>
   <div class='ocr_carea' id='block_1_82' title="bbox 2156 2450 3744 2526">
    <p class='ocr_par' dir='ltr' id='par_1_82' title="bbox 2156 2450 3744 2526">
     <span class='ocr_line' id='line_1_82' title="bbox 2156 2450 3744 2526; baseline -0.003 -16"><span class='ocrx_word' id='word_1_575' title='bbox 2156 2458 2249 2510; x_wconf 92' lang='lat' dir='ltr'><strong>tim</strong></span> <span class='ocrx_word' id='word_1_576' title='bbox 2282 2456 2637 2526; x_wconf 71' lang='lat' dir='ltr'><strong>interroganti</strong></span> <span class='ocrx_word' id='word_1_577' title='bbox 2674 2455 2818 2509; x_wconf 81' lang='lat' dir='ltr'><strong>dedit</strong></span> <span class='ocrx_word' id='word_1_578' title='bbox 2851 2468 3194 2523; x_wconf 75' lang='lat' dir='ltr'><strong>responsum.</strong></span> <span class='ocrx_word' id='word_1_579' title='bbox 3241 2450 3488 2522; x_wconf 85' lang='lat' dir='ltr'><strong>Cumque</strong></span> <span class='ocrx_word' id='word_1_580' title='bbox 3526 2452 3617 2506; x_wconf 89' lang='lat' dir='ltr'><strong>diu</strong></span> <span class='ocrx_word' id='word_1_581' title='bbox 3658 2453 3744 2506; x_wconf 79' lang='lat' dir='ltr'><strong>fa-</strong></span> 
     </span>
    </p>
   </div>
   <div class='ocr_carea' id='block_1_83' title="bbox 2154 2543 3742 2616">
    <p class='ocr_par' dir='ltr' id='par_1_83' title="bbox 2154 2543 3742 2616">
     <span class='ocr_line' id='line_1_83' title="bbox 2154 2543 3742 2616; baseline -0.003 -14"><span class='ocrx_word' id='word_1_582' title='bbox 2154 2550 2477 2602; x_wconf 81' lang='lat' dir='ltr'><strong>biilareiitur</strong></span> <span class='ocrx_word' id='word_1_583' title='bbox 2526 2547 2746 2616; x_wconf 88' lang='lat' dir='ltr'><strong>pariter,</strong></span> <span class='ocrx_word' id='word_1_584' title='bbox 2795 2546 3006 2599; x_wconf 74' lang='lat' dir='ltr'><strong>dauuon</strong></span> <span class='ocrx_word' id='word_1_585' title='bbox 3051 2543 3420 2613; x_wconf 84' lang='lat' dir='ltr'><strong>nequissimus</strong></span> <span class='ocrx_word' id='word_1_586' title='bbox 3473 2543 3742 2613; x_wconf 84' lang='lat' dir='ltr'><strong>blasphe-</strong></span> 
     </span>
    </p>
   </div>
   <div class='ocr_carea' id='block_1_84' title="bbox 2157 2627 3741 2708">
    <p class='ocr_par' dir='ltr' id='par_1_84' title="bbox 2157 2627 3741 2708">
     <span class='ocr_line' id='line_1_84' title="bbox 2157 2627 3741 2708; baseline -0.001 -17"><span class='ocrx_word' id='word_1_587' title='bbox 2157 2641 2318 2692; x_wconf 89' lang='lat' dir='ltr'><strong>miam</strong></span> <span class='ocrx_word' id='word_1_588' title='bbox 2342 2639 2633 2708; x_wconf 83' lang='lat' dir='ltr'><strong>quamdam</strong></span> <span class='ocrx_word' id='word_1_589' title='bbox 2673 2639 2726 2690; x_wconf 91' lang='lat' dir='ltr'><strong>in</strong></span> <span class='ocrx_word' id='word_1_590' title='bbox 2752 2637 3032 2690; x_wconf 85' lang='lat' dir='ltr'><strong>Christum</strong></span> <span class='ocrx_word' id='word_1_591' title='bbox 3061 2636 3311 2705; x_wconf 87' lang='lat' dir='ltr'><strong>protulit;</strong></span> <span class='ocrx_word' id='word_1_592' title='bbox 3341 2627 3530 2690; x_wconf 77' lang='lat' dir='ltr'><strong>contra</strong></span> <span class='ocrx_word' id='word_1_593' title='bbox 3565 2651 3741 2706; x_wconf 87' lang='lat' dir='ltr'><strong>quam</strong></span> 
     </span>
    </p>
   </div>
   <div class='ocr_carea' id='block_1_85' title="bbox 2156 2727 3745 2794">
    <p class='ocr_par' dir='ltr' id='par_1_85' title="bbox 2156 2727 3745 2794">
     <span class='ocr_line' id='line_1_85' title="bbox 2156 2727 3745 2794; baseline -0.001 -12"><span class='ocrx_word' id='word_1_594' title='bbox 2156 2732 2305 2784; x_wconf 80' lang='lat' dir='ltr'><strong>zelus</strong></span> <span class='ocrx_word' id='word_1_595' title='bbox 2354 2731 2551 2784; x_wconf 91' lang='lat' dir='ltr'><strong>domus</strong></span> <span class='ocrx_word' id='word_1_596' title='bbox 2601 2727 2814 2782; x_wconf 86' lang='lat' dir='ltr'><strong>Domini</strong></span> <span class='ocrx_word' id='word_1_597' title='bbox 2864 2727 3077 2781; x_wconf 81' lang='lat' dir='ltr'><strong>fortiter</strong></span> <span class='ocrx_word' id='word_1_598' title='bbox 3124 2727 3440 2794; x_wconf 62' lang='lat' dir='ltr'><strong>cpiscepiim</strong></span> <span class='ocrx_word' id='word_1_599' title='bbox 3495 2727 3745 2781; x_wconf 82' lang='lat' dir='ltr'><strong>comedit</strong></span> 
     </span>
    </p>
   </div>
   <div class='ocr_carea' id='block_1_86' title="bbox 2155 2816 3744 2892">
    <p class='ocr_par' dir='ltr' id='par_1_86' title="bbox 2155 2816 3744 2892">
     <span class='ocr_line' id='line_1_86' title="bbox 2155 2816 3744 2892; baseline -0.002 -17"><span class='ocrx_word' id='word_1_600' title='bbox 2155 2822 2328 2892; x_wconf 71' lang='lat' dir='ltr'><strong>(Ps-ut.</strong></span> <span class='ocrx_word' id='word_1_601' title='bbox 2384 2838 2582 2886; x_wconf 82' lang='lat' dir='ltr'><strong>i.xviit;</strong></span> <span class='ocrx_word' id='word_1_602' title='bbox 2613 2819 2771 2873; x_wconf 79' lang='lat' dir='ltr'><strong>Joan.</strong></span> <span class='ocrx_word' id='word_1_603' title='bbox 2825 2821 2908 2890; x_wconf 82' lang='lat' dir='ltr'><strong>ii),</strong></span> <span class='ocrx_word' id='word_1_604' title='bbox 2932 2820 3223 2889; x_wconf 78' lang='lat' dir='ltr'><strong>statimque</strong></span> <span class='ocrx_word' id='word_1_605' title='bbox 3253 2819 3379 2871; x_wconf 87' lang='lat' dir='ltr'><strong>illud</strong></span> <span class='ocrx_word' id='word_1_606' title='bbox 3401 2816 3590 2871; x_wconf 84' lang='lat' dir='ltr'><strong>fanum</strong></span> <span class='ocrx_word' id='word_1_607' title='bbox 3615 2821 3744 2872; x_wconf 86' lang='lat' dir='ltr'><strong>solo</strong></span> 
     </span>
    </p>
   </div>
   <div class='ocr_carea' id='block_1_87' title="bbox 2153 2911 3744 2983">
    <p class='ocr_par' dir='ltr' id='par_1_87' title="bbox 2153 2911 3744 2983">
     <span class='ocr_line' id='line_1_87' title="bbox 2153 2911 3744 2983; baseline -0.002 -17"><span class='ocrx_word' id='word_1_608' title='bbox 2153 2916 2380 2983; x_wconf 83' lang='lat' dir='ltr'><strong>pedibus</strong></span> <span class='ocrx_word' id='word_1_609' title='bbox 2423 2914 2706 2981; x_wconf 87' lang='lat' dir='ltr'><strong>postravit,</strong></span> <span class='ocrx_word' id='word_1_610' title='bbox 2738 2921 2792 2964; x_wconf 90' lang='lat' dir='ltr'><strong>et</strong></span> <span class='ocrx_word' id='word_1_611' title='bbox 2830 2912 3046 2975; x_wconf 86' lang='lat' dir='ltr'><strong>malleo,</strong></span> <span class='ocrx_word' id='word_1_612' title='bbox 3090 2927 3249 2979; x_wconf 88' lang='lat' dir='ltr'><strong>quem</strong></span> <span class='ocrx_word' id='word_1_613' title='bbox 3293 2925 3458 2963; x_wconf 91' lang='lat' dir='ltr'><strong>manu</strong></span> <span class='ocrx_word' id='word_1_614' title='bbox 3493 2911 3744 2976; x_wconf 71' lang='lat' dir='ltr'><strong>tenebat,</strong></span> 
     </span>
    </p>
   </div>
   <div class='ocr_carea' id='block_1_88' title="bbox 2155 3000 3745 3075">
    <p class='ocr_par' dir='ltr' id='par_1_88' title="bbox 2155 3000 3745 3075">
     <span class='ocr_line' id='line_1_88' title="bbox 2155 3000 3745 3075; baseline -0.003 -16"><span class='ocrx_word' id='word_1_615' title='bbox 2155 3000 2541 3075; x_wconf 75' lang='lat' dir='ltr'><strong>particulatim,</strong></span> <span class='ocrx_word' id='word_1_616' title='bbox 2576 3003 2734 3072; x_wconf 86' lang='lat' dir='ltr'><strong>quasi</strong></span> <span class='ocrx_word' id='word_1_617' title='bbox 2759 3019 2854 3056; x_wconf 83' lang='lat' dir='ltr'><strong>vas</strong></span> <span class='ocrx_word' id='word_1_618' title='bbox 2882 3003 3064 3068; x_wconf 79' lang='lat' dir='ltr'><strong>ﬁctile,</strong></span> <span class='ocrx_word' id='word_1_619' title='bbox 3105 3004 3228 3072; x_wconf 80' lang='lat' dir='ltr'><strong>quia</strong></span> <span class='ocrx_word' id='word_1_620' title='bbox 3263 3001 3420 3058; x_wconf 83' lang='lat' dir='ltr'><strong>fortis</strong></span> <span class='ocrx_word' id='word_1_621' title='bbox 3445 3012 3565 3057; x_wconf 85' lang='lat' dir='ltr'><strong>erat</strong></span> <span class='ocrx_word' id='word_1_622' title='bbox 3597 3004 3745 3055; x_wconf 84' lang='lat' dir='ltr'><strong>viri-</strong></span> 
     </span>
    </p>
   </div>
   <div class='ocr_carea' id='block_1_89' title="bbox 2155 3093 3745 3164">
    <p class='ocr_par' dir='ltr' id='par_1_89' title="bbox 2155 3093 3745 3164">
     <span class='ocr_line' id='line_1_89' title="bbox 2155 3093 3745 3164; baseline -0.003 -12"><span class='ocrx_word' id='word_1_623' title='bbox 2155 3100 2277 3163; x_wconf 83' lang='lat' dir='ltr'><strong>bus,</strong></span> <span class='ocrx_word' id='word_1_624' title='bbox 2321 3097 2535 3152; x_wconf 87' lang='lat' dir='ltr'><strong>cunctis</strong></span> <span class='ocrx_word' id='word_1_625' title='bbox 2561 3111 2744 3150; x_wconf 83' lang='lat' dir='ltr'><strong>coram</strong></span> <span class='ocrx_word' id='word_1_626' title='bbox 2779 3094 2968 3164; x_wconf 87' lang='lat' dir='ltr'><strong>positis</strong></span> <span class='ocrx_word' id='word_1_627' title='bbox 2995 3110 3060 3147; x_wconf 84' lang='lat' dir='ltr'><strong>ae</strong></span> <span class='ocrx_word' id='word_1_628' title='bbox 3102 3093 3472 3158; x_wconf 82' lang='lat' dir='ltr'><strong>cernentibus,</strong></span> <span class='ocrx_word' id='word_1_629' title='bbox 3497 3094 3645 3147; x_wconf 87' lang='lat' dir='ltr'><strong>velut</strong></span> <span class='ocrx_word' id='word_1_630' title='bbox 3679 3096 3745 3148; x_wconf 83' lang='lat' dir='ltr'><strong>in</strong></span> 
     </span>
    </p>
   </div>
   <div class='ocr_carea' id='block_1_90' title="bbox 2156 3183 3748 3256">
    <p class='ocr_par' dir='ltr' id='par_1_90' title="bbox 2156 3183 3748 3256">
     <span class='ocr_line' id='line_1_90' title="bbox 2156 3183 3748 3256; baseline -0.002 -14"><span class='ocrx_word' id='word_1_631' title='bbox 2156 3198 2452 3254; x_wconf 81' lang='lat' dir='ltr'><strong>momento,</strong></span> <span class='ocrx_word' id='word_1_632' title='bbox 2481 3187 2728 3242; x_wconf 84' lang='lat' dir='ltr'><strong>dissolvit</strong></span> <span class='ocrx_word' id='word_1_633' title='bbox 2759 3197 2921 3256; x_wconf 82' lang='lat' dir='ltr'><strong>atque</strong></span> <span class='ocrx_word' id='word_1_634' title='bbox 2952 3185 3236 3256; x_wconf 80' lang='lat' dir='ltr'><strong>confregit.</strong></span> <span class='ocrx_word' id='word_1_635' title='bbox 3274 3183 3476 3254; x_wconf 80' lang='lat' dir='ltr'><strong>Pagaiii</strong></span> <span class='ocrx_word' id='word_1_636' title='bbox 3502 3200 3748 3240; x_wconf 82' lang='lat' dir='ltr'><strong>concur—</strong></span> 
     </span>
    </p>
   </div>
   <div class='ocr_carea' id='block_1_91' title="bbox 2157 3277 3748 3346">
    <p class='ocr_par' dir='ltr' id='par_1_91' title="bbox 2157 3277 3748 3346">
     <span class='ocr_line' id='line_1_91' title="bbox 2157 3277 3748 3346; baseline -0.001 -13"><span class='ocrx_word' id='word_1_637' title='bbox 2157 3290 2357 3344; x_wconf 85' lang='lat' dir='ltr'><strong>rentes,</strong></span> <span class='ocrx_word' id='word_1_638' title='bbox 2389 3281 2565 3333; x_wconf 91' lang='lat' dir='ltr'><strong>virum</strong></span> <span class='ocrx_word' id='word_1_639' title='bbox 2595 3278 2711 3342; x_wconf 86' lang='lat' dir='ltr'><strong>Dei,</strong></span> <span class='ocrx_word' id='word_1_640' title='bbox 2740 3290 2798 3330; x_wconf 92' lang='lat' dir='ltr'><strong>iit</strong></span> <span class='ocrx_word' id='word_1_641' title='bbox 2833 3278 3179 3346; x_wconf 77' lang='lat' dir='ltr'><strong>sacrilegum,</strong></span> <span class='ocrx_word' id='word_1_642' title='bbox 3208 3277 3387 3330; x_wconf 82' lang='lat' dir='ltr'><strong>conati</strong></span> <span class='ocrx_word' id='word_1_643' title='bbox 3411 3287 3542 3332; x_wconf 83' lang='lat' dir='ltr'><strong>sunt</strong></span> <span class='ocrx_word' id='word_1_644' title='bbox 3569 3277 3748 3331; x_wconf 78' lang='lat' dir='ltr'><strong>inter-</strong></span> 
     </span>
    </p>
   </div>
   <div class='ocr_carea' id='block_1_92' title="bbox 2157 3368 3750 3436">
    <p class='ocr_par' dir='ltr' id='par_1_92' title="bbox 2157 3368 3750 3436">
     <span class='ocr_line' id='line_1_92' title="bbox 2157 3368 3750 3436; baseline -0.002 -11"><span class='ocrx_word' id='word_1_645' title='bbox 2157 3373 2336 3436; x_wconf 83' lang='lat' dir='ltr'><strong>ficere,</strong></span> <span class='ocrx_word' id='word_1_646' title='bbox 2369 3371 2611 3425; x_wconf 78' lang='lat' dir='ltr'><strong>volentes</strong></span> <span class='ocrx_word' id='word_1_647' title='bbox 2645 3369 2816 3424; x_wconf 83' lang='lat' dir='ltr'><strong>Deum</strong></span> <span class='ocrx_word' id='word_1_648' title='bbox 2852 3378 3012 3424; x_wconf 87' lang='lat' dir='ltr'><strong>suum</strong></span> <span class='ocrx_word' id='word_1_649' title='bbox 3052 3368 3328 3423; x_wconf 88' lang='lat' dir='ltr'><strong>vindicare</strong></span> <span class='ocrx_word' id='word_1_650' title='bbox 3349 3369 3403 3422; x_wconf 91' lang='lat' dir='ltr'><strong>in</strong></span> <span class='ocrx_word' id='word_1_651' title='bbox 3435 3368 3583 3424; x_wconf 88' lang='lat' dir='ltr'><strong>illius</strong></span> <span class='ocrx_word' id='word_1_652' title='bbox 3620 3385 3750 3424; x_wconf 80' lang='lat' dir='ltr'><strong>san-</strong></span> 
     </span>
    </p>
   </div>
   <div class='ocr_carea' id='block_1_93' title="bbox 2157 3465 2335 3535">
    <p class='ocr_par' dir='ltr' id='par_1_93' title="bbox 2157 3465 2335 3535">
     <span class='ocr_line' id='line_1_93' title="bbox 2157 3465 2335 3535; baseline 0.011 -18"><span class='ocrx_word' id='word_1_653' title='bbox 2157 3465 2335 3535; x_wconf 72' lang='lat' dir='ltr'><strong>guine.</strong></span> 
     </span>
    </p>
   </div>
   <div class='ocr_carea' id='block_1_94' title="bbox 2229 3553 3750 3623">
    <p class='ocr_par' dir='ltr' id='par_1_94' title="bbox 2229 3553 3750 3623">
     <span class='ocr_line' id='line_1_94' title="bbox 2229 3553 3750 3623; baseline -0.001 -13"><span class='ocrx_word' id='word_1_654' title='bbox 2229 3555 2366 3610; x_wconf 88' lang='lat' dir='ltr'><strong>Tum</strong></span> <span class='ocrx_word' id='word_1_655' title='bbox 2400 3571 2492 3609; x_wconf 86' lang='lat' dir='ltr'><strong>rex</strong></span> <span class='ocrx_word' id='word_1_656' title='bbox 2530 3554 2856 3609; x_wconf 84' lang='lat' dir='ltr'><strong>furibundus</strong></span> <span class='ocrx_word' id='word_1_657' title='bbox 2880 3553 3112 3619; x_wconf 86' lang='lat' dir='ltr'><strong>advenit,</strong></span> <span class='ocrx_word' id='word_1_658' title='bbox 3139 3553 3332 3623; x_wconf 84' lang='lat' dir='ltr'><strong>plenus</strong></span> <span class='ocrx_word' id='word_1_659' title='bbox 3360 3554 3439 3608; x_wconf 89' lang='lat' dir='ltr'><strong>ira</strong></span> <span class='ocrx_word' id='word_1_660' title='bbox 3462 3563 3516 3608; x_wconf 87' lang='lat' dir='ltr'><strong>et</strong></span> <span class='ocrx_word' id='word_1_661' title='bbox 3537 3554 3750 3608; x_wconf 85' lang='lat' dir='ltr'><strong>amari-</strong></span> 
     </span>
    </p>
   </div>
   <div class='ocr_carea' id='block_1_95' title="bbox 2159 3646 3046 3720">
    <p class='ocr_par' dir='ltr' id='par_1_95' title="bbox 2159 3646 3046 3720">
     <span class='ocr_line' id='line_1_95' title="bbox 2159 3646 3046 3720; baseline -0.007 -18"><span class='ocrx_word' id='word_1_662' title='bbox 2159 3649 2364 3711; x_wconf 88' lang='lat' dir='ltr'><strong>tudine,</strong></span> <span class='ocrx_word' id='word_1_663' title='bbox 2388 3648 2541 3715; x_wconf 86' lang='lat' dir='ltr'><strong>juxta</strong></span> <span class='ocrx_word' id='word_1_664' title='bbox 2578 3647 2706 3720; x_wconf 85' lang='lat' dir='ltr'><strong>illud</strong></span> <span class='ocrx_word' id='word_1_665' title='bbox 2735 3646 3006 3714; x_wconf 88' lang='lat' dir='ltr'><strong>poeticum</strong></span> <span class='ocrx_word' id='word_1_666' title='bbox 3033 3661 3046 3696; x_wconf 90' lang='lat'>:</span> 
     </span>
    </p>
   </div>
   <div class='ocr_carea' id='block_1_96' title="bbox 2314 3735 3631 3806">
    <p class='ocr_par' dir='ltr' id='par_1_96' title="bbox 2314 3735 3631 3806">
     <span class='ocr_line' id='line_1_96' title="bbox 2314 3735 3631 3806; baseline -0.001 -14"><span class='ocrx_word' id='word_1_667' title='bbox 2314 3736 2523 3792; x_wconf 71' lang='lat' dir='ltr'><strong>Vultum</strong></span> <span class='ocrx_word' id='word_1_668' title='bbox 2551 3739 2701 3791; x_wconf 71' lang='lat' dir='ltr'><strong>verba</strong></span> <span class='ocrx_word' id='word_1_669' title='bbox 2730 3739 2908 3792; x_wconf 77' lang='lat' dir='ltr'><strong>decent</strong></span> <span class='ocrx_word' id='word_1_670' title='bbox 2941 3739 3135 3790; x_wconf 84' lang='lat' dir='ltr'><strong>iratum</strong></span> <span class='ocrx_word' id='word_1_671' title='bbox 3159 3735 3313 3806; x_wconf 55' lang='lat' dir='ltr'><strong>plena</strong></span> <span class='ocrx_word' id='word_1_672' title='bbox 3341 3737 3631 3791; x_wconf 84' lang='lat' dir='ltr'><strong>minarum.</strong></span> 
     </span>
    </p>
   </div>
   <div class='ocr_carea' id='block_1_97' title="bbox 3087 3834 3524 3906">
    <p class='ocr_par' dir='ltr' id='par_1_97' title="bbox 3087 3834 3524 3906">
     <span class='ocr_line' id='line_1_97' title="bbox 3087 3834 3524 3906; baseline 0 -18"><span class='ocrx_word' id='word_1_673' title='bbox 3087 3834 3242 3906; x_wconf 74' lang='lat' dir='ltr'><strong>(ﬂori.</strong></span> <span class='ocrx_word' id='word_1_674' title='bbox 3270 3836 3325 3888; x_wconf 85' lang='lat' dir='ltr'><strong>iu</strong></span> <span class='ocrx_word' id='word_1_675' title='bbox 3350 3837 3389 3888; x_wconf 73' lang='grc' dir='ltr'><em>Α</em></span> <span class='ocrx_word' id='word_1_676' title='bbox 3403 3836 3524 3904; x_wconf 81' lang='lat' dir='ltr'><strong>rte.)</strong></span> 
     </span>
    </p>
   </div>
   <div class='ocr_carea' id='block_1_98' title="bbox 2233 3935 3746 4005">
    <p class='ocr_par' dir='ltr' id='par_1_98' title="bbox 2233 3935 3746 4005">
     <span class='ocr_line' id='line_1_98' title="bbox 2233 3935 3746 4005; baseline -0.003 -11"><span class='ocrx_word' id='word_1_677' title='bbox 2233 3940 2366 3995; x_wconf 69' lang='lat' dir='ltr'><strong>Nolo</strong></span> <span class='ocrx_word' id='word_1_678' title='bbox 2392 3948 2485 4005; x_wconf 83' lang='lat' dir='ltr'><strong>ait,</strong></span> <span class='ocrx_word' id='word_1_679' title='bbox 2533 3939 2660 3994; x_wconf 86' lang='lat' dir='ltr'><strong>nolo</strong></span> <span class='ocrx_word' id='word_1_680' title='bbox 2695 3956 2819 3993; x_wconf 87' lang='lat' dir='ltr'><strong>eum</strong></span> <span class='ocrx_word' id='word_1_681' title='bbox 2855 3939 2965 4002; x_wconf 90' lang='lat' dir='ltr'><strong>tali,</strong></span> <span class='ocrx_word' id='word_1_682' title='bbox 3007 3947 3061 3990; x_wconf 86' lang='lat' dir='ltr'><strong>et</strong></span> <span class='ocrx_word' id='word_1_683' title='bbox 3095 3945 3201 3990; x_wconf 88' lang='lat' dir='ltr'><strong>tam</strong></span> <span class='ocrx_word' id='word_1_684' title='bbox 3230 3936 3330 3988; x_wconf 86' lang='lat' dir='ltr'><strong>levi</strong></span> <span class='ocrx_word' id='word_1_685' title='bbox 3355 3944 3530 3988; x_wconf 84' lang='lat' dir='ltr'><strong>morte</strong></span> <span class='ocrx_word' id='word_1_686' title='bbox 3563 3935 3746 4000; x_wconf 84' lang='lat' dir='ltr'><strong>tiniri;</strong></span> 
     </span>
    </p>
   </div>
   <div class='ocr_carea' id='block_1_99' title="bbox 2162 4027 3748 4100">
    <p class='ocr_par' dir='ltr' id='par_1_99' title="bbox 2162 4027 3748 4100">
     <span class='ocr_line' id='line_1_99' title="bbox 2162 4027 3748 4100; baseline -0.002 -14"><span class='ocrx_word' id='word_1_687' title='bbox 2162 4034 2255 4086; x_wconf 86' lang='lat' dir='ltr'><strong>sed</strong></span> <span class='ocrx_word' id='word_1_688' title='bbox 2282 4033 2627 4100; x_wconf 74' lang='lat' dir='ltr'><strong>flagellatam,</strong></span> <span class='ocrx_word' id='word_1_689' title='bbox 2656 4032 2899 4084; x_wconf 83' lang='lat' dir='ltr'><strong>vinctum</strong></span> <span class='ocrx_word' id='word_1_690' title='bbox 2937 4029 3164 4092; x_wconf 83' lang='lat' dir='ltr'><strong>catenis,</strong></span> <span class='ocrx_word' id='word_1_691' title='bbox 3196 4027 3409 4081; x_wconf 86' lang='lat' dir='ltr'><strong>interim</strong></span> <span class='ocrx_word' id='word_1_692' title='bbox 3442 4028 3748 4083; x_wconf 66' lang='lat' dir='ltr'><strong>stiidiosis«</strong></span> 
     </span>
    </p>
   </div>
   <div class='ocr_carea' id='block_1_100' title="bbox 2162 4121 3752 4177">
    <p class='ocr_par' dir='ltr' id='par_1_100' title="bbox 2162 4121 3752 4177">
     <span class='ocr_line' id='line_1_100' title="bbox 2162 4121 3752 4177; baseline -0.003 0"><span class='ocrx_word' id='word_1_693' title='bbox 2162 4124 2297 4177; x_wconf 81' lang='lat' dir='ltr'><strong>sime</strong></span> <span class='ocrx_word' id='word_1_694' title='bbox 2321 4123 2607 4177; x_wconf 87' lang='lat' dir='ltr'><strong>custodite.</strong></span> <span class='ocrx_word' id='word_1_695' title='bbox 2641 4123 2852 4175; x_wconf 79' lang='lat' dir='ltr'><strong>Atlileta</strong></span> <span class='ocrx_word' id='word_1_696' title='bbox 2885 4138 3014 4175; x_wconf 88' lang='lat' dir='ltr'><strong>vero</strong></span> <span class='ocrx_word' id='word_1_697' title='bbox 3048 4121 3139 4175; x_wconf 79' lang='lat' dir='ltr'><strong>Dei</strong></span> <span class='ocrx_word' id='word_1_698' title='bbox 3166 4121 3428 4175; x_wconf 89' lang='lat' dir='ltr'><strong>deductus</strong></span> <span class='ocrx_word' id='word_1_699' title='bbox 3463 4122 3532 4174; x_wconf 87' lang='lat' dir='ltr'><strong>ad</strong></span> <span class='ocrx_word' id='word_1_700' title='bbox 3563 4137 3752 4176; x_wconf 83' lang='lat' dir='ltr'><strong>carce-</strong></span> 
     </span>
    </p>
   </div>
   <div class='ocr_carea' id='block_1_101' title="bbox 2165 4202 3750 4294">
    <p class='ocr_par' dir='ltr' id='par_1_101' title="bbox 2165 4202 3750 4294">
     <span class='ocr_line' id='line_1_101' title="bbox 2165 4202 3750 4294; baseline -0.004 -17"><span class='ocrx_word' id='word_1_701' title='bbox 2165 4242 2296 4288; x_wconf 89' lang='lat' dir='ltr'><strong>rem,</strong></span> <span class='ocrx_word' id='word_1_702' title='bbox 2339 4224 2599 4294; x_wconf 84' lang='lat' dir='ltr'><strong>psallebat.</strong></span> <span class='ocrx_word' id='word_1_703' title='bbox 2629 4222 2941 4275; x_wconf 81' lang='lat' dir='ltr'><strong>Davidicum</strong></span> <span class='ocrx_word' id='word_1_704' title='bbox 2972 4221 3100 4273; x_wconf 89' lang='lat' dir='ltr'><strong>illiiil</strong></span> <span class='ocrx_word' id='word_1_705' title='bbox 3131 4220 3318 4273; x_wconf 86' lang='lat' dir='ltr'><strong>dicens</strong></span> <span class='ocrx_word' id='word_1_706' title='bbox 3347 4236 3359 4270; x_wconf 89' lang='lat'>:</span> <span class='ocrx_word' id='word_1_707' title='bbox 3394 4217 3559 4284; x_wconf 80' lang='lat' dir='ltr'><strong>Eripe</strong></span> <span class='ocrx_word' id='word_1_708' title='bbox 3583 4235 3666 4269; x_wconf 86' lang='lat' dir='ltr'><strong>me</strong></span> <span class='ocrx_word' id='word_1_709' title='bbox 3683 4202 3750 4271; x_wconf 76' lang='lat' dir='ltr'><strong>de</strong></span> 
     </span>
    </p>
   </div>
   <div class='ocr_carea' id='block_1_102' title="bbox 2157 4310 3752 4380">
    <p class='ocr_par' dir='ltr' id='par_1_102' title="bbox 2157 4310 3752 4380">
     <span class='ocr_line' id='line_1_102' title="bbox 2157 4310 3752 4380; baseline -0.003 -11"><span class='ocrx_word' id='word_1_710' title='bbox 2157 4319 2395 4369; x_wconf 74' lang='lat' dir='ltr'><strong>inimicis</strong></span> <span class='ocrx_word' id='word_1_711' title='bbox 2427 4317 2578 4379; x_wconf 79' lang='lat' dir='ltr'><strong>meis,</strong></span> <span class='ocrx_word' id='word_1_712' title='bbox 2609 4314 2748 4366; x_wconf 77' lang='lat' dir='ltr'><strong>Deus</strong></span> <span class='ocrx_word' id='word_1_713' title='bbox 2774 4329 2942 4376; x_wconf 77' lang='lat' dir='ltr'><strong>incus,</strong></span> <span class='ocrx_word' id='word_1_714' title='bbox 2980 4322 3027 4364; x_wconf 82' lang='lat' dir='ltr'><strong>et</strong></span> <span class='ocrx_word' id='word_1_715' title='bbox 3069 4312 3132 4364; x_wconf 80' lang='lat' dir='ltr'><strong>ob</strong></span> <span class='ocrx_word' id='word_1_716' title='bbox 3159 4310 3546 4380; x_wconf 72' lang='lat' dir='ltr'><strong>insurgentibus</strong></span> <span class='ocrx_word' id='word_1_717' title='bbox 3573 4311 3630 4362; x_wconf 84' lang='lat' dir='ltr'><strong>in</strong></span> <span class='ocrx_word' id='word_1_718' title='bbox 3669 4327 3752 4365; x_wconf 83' lang='lat' dir='ltr'><strong>mc</strong></span> 
     </span>
    </p>
   </div>
   <div class='ocr_carea' id='block_1_103' title="bbox 2162 4404 3752 4475">
    <p class='ocr_par' dir='ltr' id='par_1_103' title="bbox 2162 4404 3752 4475">
     <span class='ocr_line' id='line_1_103' title="bbox 2162 4404 3752 4475; baseline -0.002 -15"><span class='ocrx_word' id='word_1_719' title='bbox 2162 4409 2326 4462; x_wconf 81' lang='lat' dir='ltr'><strong>libera</strong></span> <span class='ocrx_word' id='word_1_720' title='bbox 2371 4423 2469 4460; x_wconf 76' lang='lat' dir='ltr'><strong>inc.</strong></span> <span class='ocrx_word' id='word_1_721' title='bbox 2508 4406 2583 4460; x_wconf 83' lang='lat' dir='ltr'><strong>De</strong></span> <span class='ocrx_word' id='word_1_722' title='bbox 2618 4407 2742 4459; x_wconf 75' lang='lat' dir='ltr'><strong>ciris</strong></span> <span class='ocrx_word' id='word_1_723' title='bbox 2781 4405 3095 4475; x_wconf 82' lang='lat' dir='ltr'><strong>sanguinth</strong></span> <span class='ocrx_word' id='word_1_724' title='bbox 3139 4404 3284 4460; x_wconf 76' lang='lat' dir='ltr'><strong>sulco</strong></span> <span class='ocrx_word' id='word_1_725' title='bbox 3316 4420 3414 4468; x_wconf 80' lang='lat' dir='ltr'><strong>me,</strong></span> <span class='ocrx_word' id='word_1_726' title='bbox 3458 4405 3588 4460; x_wconf 80' lang='lat' dir='ltr'><strong>auia</strong></span> <span class='ocrx_word' id='word_1_727' title='bbox 3630 4421 3752 4457; x_wconf 78' lang='lat' dir='ltr'><strong>ecce</strong></span> 
     </span>
    </p>
   </div>
   <div class='ocr_carea' id='block_1_104' title="bbox 2162 4495 3747 4570">
    <p class='ocr_par' dir='ltr' id='par_1_104' title="bbox 2162 4495 3747 4570">
     <span class='ocr_line' id='line_1_104' title="bbox 2162 4495 3747 4570; baseline -0.003 -16"><span class='ocrx_word' id='word_1_728' title='bbox 2162 4510 2405 4570; x_wconf 65' lang='lat' dir='ltr'><strong>ceperunt</strong></span> <span class='ocrx_word' id='word_1_729' title='bbox 2437 4501 2669 4552; x_wconf 83' lang='lat' dir='ltr'><strong>animum</strong></span> <span class='ocrx_word' id='word_1_730' title='bbox 2698 4515 2884 4562; x_wconf 84' lang='lat' dir='ltr'><strong>meam,</strong></span> <span class='ocrx_word' id='word_1_731' title='bbox 2904 4499 3169 4549; x_wconf 81' lang='lat' dir='ltr'><strong>irrucrunt</strong></span> <span class='ocrx_word' id='word_1_732' title='bbox 3202 4497 3254 4548; x_wconf 86' lang='lat' dir='ltr'><strong>in</strong></span> <span class='ocrx_word' id='word_1_733' title='bbox 3277 4513 3356 4548; x_wconf 87' lang='lat' dir='ltr'><strong>me</strong></span> <span class='ocrx_word' id='word_1_734' title='bbox 3379 4495 3538 4563; x_wconf 79' lang='lat' dir='ltr'><strong>{artes</strong></span> <span class='ocrx_word' id='word_1_735' title='bbox 3564 4495 3747 4562; x_wconf 73' lang='lat' dir='ltr'><strong>(Psat&#39;.</strong></span> 
     </span>
    </p>
   </div>
   <div class='ocr_carea' id='block_1_105' title="bbox 2145 4586 3747 4660">
    <p class='ocr_par' dir='ltr' id='par_1_105' title="bbox 2145 4586 3747 4660">
     <span class='ocr_line' id='line_1_105' title="bbox 2145 4586 3747 4660; baseline -0.003 -15"><span class='ocrx_word' id='word_1_736' title='bbox 2145 4595 2336 4660; x_wconf 79' lang='lat' dir='ltr'><strong>_i.viii).</strong></span> <span class='ocrx_word' id='word_1_737' title='bbox 2370 4592 2479 4645; x_wconf 78' lang='lat' dir='ltr'><strong>Rex</strong></span> <span class='ocrx_word' id='word_1_738' title='bbox 2517 4599 2719 4651; x_wconf 87' lang='lat' dir='ltr'><strong>autem,</strong></span> <span class='ocrx_word' id='word_1_739' title='bbox 2754 4599 2811 4640; x_wconf 91' lang='lat' dir='ltr'><strong>ut</strong></span> <span class='ocrx_word' id='word_1_740' title='bbox 2835 4588 2968 4640; x_wconf 81' lang='lat' dir='ltr'><strong>vidit</strong></span> <span class='ocrx_word' id='word_1_741' title='bbox 2994 4587 3161 4640; x_wconf 83' lang='lat' dir='ltr'><strong>Deum</strong></span> <span class='ocrx_word' id='word_1_742' title='bbox 3200 4602 3359 4640; x_wconf 86' lang='lat' dir='ltr'><strong>suum</strong></span> <span class='ocrx_word' id='word_1_743' title='bbox 3385 4586 3612 4638; x_wconf 89' lang='lat' dir='ltr'><strong>omnino</strong></span> <span class='ocrx_word' id='word_1_744' title='bbox 3629 4586 3747 4655; x_wconf 76' lang='lat' dir='ltr'><strong>jam</strong></span> 
     </span>
    </p>
   </div>
   <div class='ocr_carea' id='block_1_106' title="bbox 2167 4689 3752 4761">
    <p class='ocr_par' dir='ltr' id='par_1_106' title="bbox 2167 4689 3752 4761">
     <span class='ocr_line' id='line_1_106' title="bbox 2167 4689 3752 4761; baseline -0.008 -9"><span class='ocrx_word' id='word_1_745' title='bbox 2167 4699 2515 4761; x_wconf 82' lang='lat' dir='ltr'><strong>dissolutum,</strong></span> <span class='ocrx_word' id='word_1_746' title='bbox 2561 4695 2626 4749; x_wconf 91' lang='lat' dir='ltr'><strong>ad</strong></span> <span class='ocrx_word' id='word_1_747' title='bbox 2663 4695 2807 4748; x_wconf 89' lang='lat' dir='ltr'><strong>aliud</strong></span> <span class='ocrx_word' id='word_1_748' title='bbox 2844 4695 3082 4747; x_wconf 86' lang='lat' dir='ltr'><strong>vicinum</strong></span> <span class='ocrx_word' id='word_1_749' title='bbox 3111 4691 3258 4746; x_wconf 89' lang='lat' dir='ltr'><strong>misit</strong></span> <span class='ocrx_word' id='word_1_750' title='bbox 3296 4689 3529 4753; x_wconf 88' lang='lat' dir='ltr'><strong>idolum;</strong></span> <span class='ocrx_word' id='word_1_751' title='bbox 3579 4701 3752 4754; x_wconf 83' lang='lat' dir='ltr'><strong>super</strong></span> 
     </span>
    </p>
   </div>
   <div class='ocr_carea' id='block_1_107' title="bbox 2171 4781 3752 4860">
    <p class='ocr_par' dir='ltr' id='par_1_107' title="bbox 2171 4781 3752 4860">
     <span class='ocr_line' id='line_1_107' title="bbox 2171 4781 3752 4860; baseline -0.006 -14"><span class='ocrx_word' id='word_1_752' title='bbox 2171 4793 2274 4846; x_wconf 88' lang='lat' dir='ltr'><strong>hac</strong></span> <span class='ocrx_word' id='word_1_753' title='bbox 2313 4807 2368 4845; x_wconf 88' lang='lat' dir='ltr'><strong>re</strong></span> <span class='ocrx_word' id='word_1_754' title='bbox 2403 4805 2653 4860; x_wconf 57' lang='lat' dir='ltr'><strong>quavrens</strong></span> <span class='ocrx_word' id='word_1_755' title='bbox 2702 4787 3014 4851; x_wconf 82' lang='lat' dir='ltr'><strong>consilium,</strong></span> <span class='ocrx_word' id='word_1_756' title='bbox 3063 4785 3192 4855; x_wconf 83' lang='lat' dir='ltr'><strong>quid</strong></span> <span class='ocrx_word' id='word_1_757' title='bbox 3224 4784 3324 4837; x_wconf 85' lang='lat' dir='ltr'><strong>sibi</strong></span> <span class='ocrx_word' id='word_1_758' title='bbox 3363 4791 3510 4837; x_wconf 85' lang='lat' dir='ltr'><strong>esset</strong></span> <span class='ocrx_word' id='word_1_759' title='bbox 3535 4781 3752 4837; x_wconf 64' lang='lat' dir='ltr'><strong>faciem</strong></span> 
     </span>
    </p>
   </div>
   <div class='ocr_carea' id='block_1_108' title="bbox 2169 4877 3751 4949">
    <p class='ocr_par' dir='ltr' id='par_1_108' title="bbox 2169 4877 3751 4949">
     <span class='ocr_line' id='line_1_108' title="bbox 2169 4877 3751 4949; baseline -0.006 -9"><span class='ocrx_word' id='word_1_760' title='bbox 2169 4887 2319 4940; x_wconf 84' lang='lat' dir='ltr'><strong>dum.</strong></span> <span class='ocrx_word' id='word_1_761' title='bbox 2361 4885 2463 4938; x_wconf 90' lang='lat' dir='ltr'><strong>Sed</strong></span> <span class='ocrx_word' id='word_1_762' title='bbox 2491 4893 2548 4936; x_wconf 94' lang='lat' dir='ltr'><strong>ut</strong></span> <span class='ocrx_word' id='word_1_763' title='bbox 2571 4881 2850 4949; x_wconf 84' lang='lat' dir='ltr'><strong>Scriptura</strong></span> <span class='ocrx_word' id='word_1_764' title='bbox 2886 4880 3019 4933; x_wconf 84' lang='lat' dir='ltr'><strong>dicit</strong></span> <span class='ocrx_word' id='word_1_765' title='bbox 3047 4896 3060 4932; x_wconf 89' lang='lat'><strong>:</strong></span> <span class='ocrx_word' id='word_1_766' title='bbox 3095 4877 3213 4931; x_wconf 80' lang='lat' dir='ltr'><strong>Non</strong></span> <span class='ocrx_word' id='word_1_767' title='bbox 3234 4888 3308 4931; x_wconf 71' lang='lat' dir='ltr'><strong>est</strong></span> <span class='ocrx_word' id='word_1_768' title='bbox 3330 4877 3617 4943; x_wconf 74' lang='lat' dir='ltr'><strong>sapientia,</strong></span> <span class='ocrx_word' id='word_1_769' title='bbox 3645 4889 3751 4930; x_wconf 74' lang='lat' dir='ltr'><strong>non</strong></span> 
     </span>
    </p>
   </div>
   <div class='ocr_carea' id='block_1_109' title="bbox 2169 4968 3751 5047">
    <p class='ocr_par' dir='ltr' id='par_1_109' title="bbox 2169 4968 3751 5047">
     <span class='ocr_line' id='line_1_109' title="bbox 2169 4968 3751 5047; baseline -0.007 -15"><span class='ocrx_word' id='word_1_770' title='bbox 2169 4989 2244 5032; x_wconf 81' lang='lat' dir='ltr'><strong>est</strong></span> <span class='ocrx_word' id='word_1_771' title='bbox 2289 4976 2594 5047; x_wconf 79' lang='lat' dir='ltr'><strong>prudentia,</strong></span> <span class='ocrx_word' id='word_1_772' title='bbox 2638 4989 2738 5026; x_wconf 83' lang='lat' dir='ltr'><strong>non</strong></span> <span class='ocrx_word' id='word_1_773' title='bbox 2785 4981 2861 5025; x_wconf 82' lang='lat' dir='ltr'><strong>est</strong></span> <span class='ocrx_word' id='word_1_774' title='bbox 2898 4972 3177 5023; x_wconf 80' lang='lat' dir='ltr'><strong>consilium</strong></span> <span class='ocrx_word' id='word_1_775' title='bbox 3221 4977 3404 5023; x_wconf 74' lang='lat' dir='ltr'><strong>contra</strong></span> <span class='ocrx_word' id='word_1_776' title='bbox 3455 4968 3751 5024; x_wconf 82' lang='lat' dir='ltr'><strong>Dominum</strong></span> 
     </span>
    </p>
   </div>
   <div class='ocr_carea' id='block_1_110' title="bbox 2167 5069 2523 5140">
    <p class='ocr_par' dir='ltr' id='par_1_110' title="bbox 2167 5069 2523 5140">
     <span class='ocr_line' id='line_1_110' title="bbox 2167 5069 2523 5140; baseline -0.008 -17"><span class='ocrx_word' id='word_1_777' title='bbox 2167 5071 2350 5140; x_wconf 77' lang='lat' dir='ltr'><strong>(Prov.</strong></span> <span class='ocrx_word' id='word_1_778' title='bbox 2389 5069 2523 5137; x_wconf 68' lang='lat' dir='ltr'><strong>XXE).</strong></span> 
     </span>
    </p>
   </div>
   <div class='ocr_carea' id='block_1_111' title="bbox 2237 5153 3752 5229">
    <p class='ocr_par' dir='ltr' id='par_1_111' title="bbox 2237 5153 3752 5229">
     <span class='ocr_line' id='line_1_111' title="bbox 2237 5153 3752 5229; baseline -0.005 -13"><span class='ocrx_word' id='word_1_779' title='bbox 2237 5162 2544 5229; x_wconf 83' lang='lat' dir='ltr'><strong>Quomodo,</strong></span> <span class='ocrx_word' id='word_1_780' title='bbox 2597 5159 2676 5213; x_wconf 86' lang='lat' dir='ltr'><strong>vel</strong></span> <span class='ocrx_word' id='word_1_781' title='bbox 2733 5159 2880 5229; x_wconf 90' lang='lat' dir='ltr'><strong>quali</strong></span> <span class='ocrx_word' id='word_1_782' title='bbox 2936 5157 3198 5228; x_wconf 74' lang='lat' dir='ltr'><strong>martyrio</strong></span> <span class='ocrx_word' id='word_1_783' title='bbox 3244 5170 3494 5211; x_wconf 86' lang='lat' dir='ltr'><strong>summus</strong></span> <span class='ocrx_word' id='word_1_784' title='bbox 3541 5153 3752 5208; x_wconf 84' lang='lat' dir='ltr'><strong>arbiter</strong></span> 
     </span>
    </p>
   </div>
   <div class='ocr_carea' id='block_1_112' title="bbox 2167 5245 3750 5314">
    <p class='ocr_par' dir='ltr' id='par_1_112' title="bbox 2167 5245 3750 5314">
     <span class='ocr_line' id='line_1_112' title="bbox 2167 5245 3750 5314; baseline -0.005 -5"><span class='ocrx_word' id='word_1_785' title='bbox 2167 5257 2399 5309; x_wconf 87' lang='lat' dir='ltr'><strong>electum</strong></span> <span class='ocrx_word' id='word_1_786' title='bbox 2447 5269 2605 5307; x_wconf 90' lang='lat' dir='ltr'><strong>suum</strong></span> <span class='ocrx_word' id='word_1_787' title='bbox 2648 5252 2856 5306; x_wconf 86' lang='lat' dir='ltr'><strong>civibus</strong></span> <span class='ocrx_word' id='word_1_788' title='bbox 2891 5251 3133 5314; x_wconf 74' lang='lat' dir='ltr'><strong>ieilieriis</strong></span> <span class='ocrx_word' id='word_1_789' title='bbox 3176 5247 3437 5301; x_wconf 88' lang='lat' dir='ltr'><strong>voluisset</strong></span> <span class='ocrx_word' id='word_1_790' title='bbox 3479 5245 3750 5311; x_wconf 83' lang='lat' dir='ltr'><strong>adunare,</strong></span> 
     </span>
    </p>
   </div>
   <div class='ocr_carea' id='block_1_113' title="bbox 2172 5325 3747 5417">
    <p class='ocr_par' dir='ltr' id='par_1_113' title="bbox 2172 5325 3747 5417">
     <span class='ocr_line' id='line_1_113' title="bbox 2172 5325 3747 5417; baseline -0.006 -16"><span class='ocrx_word' id='word_1_791' title='bbox 2172 5363 2278 5401; x_wconf 91' lang='lat' dir='ltr'><strong>non</strong></span> <span class='ocrx_word' id='word_1_792' title='bbox 2317 5354 2528 5417; x_wconf 83' lang='lat' dir='ltr'><strong>poterat</strong></span> <span class='ocrx_word' id='word_1_793' title='bbox 2568 5345 2731 5398; x_wconf 87' lang='lat' dir='ltr'><strong>etiam</strong></span> <span class='ocrx_word' id='word_1_794' title='bbox 2766 5342 2990 5411; x_wconf 85' lang='lat' dir='ltr'><strong>spiritus</strong></span> <span class='ocrx_word' id='word_1_795' title='bbox 3033 5341 3209 5395; x_wconf 87' lang='lat' dir='ltr'><strong>malus</strong></span> <span class='ocrx_word' id='word_1_796' title='bbox 3238 5325 3479 5392; x_wconf 32' lang='lat' dir='ltr'><strong>&#39;silentio</strong></span> <span class='ocrx_word' id='word_1_797' title='bbox 3517 5347 3707 5410; x_wconf 80' lang='lat' dir='ltr'><strong>tegere</strong></span> <span class='ocrx_word' id='word_1_798' title='bbox 3738 5359 3747 5391; x_wconf 90' lang='lat'>:</span> 
     </span>
    </p>
   </div>
   <div class='ocr_carea' id='block_1_114' title="bbox 2173 5432 3750 5507">
    <p class='ocr_par' dir='ltr' id='par_1_114' title="bbox 2173 5432 3750 5507">
     <span class='ocr_line' id='line_1_114' title="bbox 2173 5432 3750 5507; baseline -0.006 -11"><span class='ocrx_word' id='word_1_799' title='bbox 2173 5444 2303 5507; x_wconf 86' lang='lat' dir='ltr'><strong>imo,</strong></span> <span class='ocrx_word' id='word_1_800' title='bbox 2329 5452 2388 5494; x_wconf 90' lang='lat' dir='ltr'><strong>ut</strong></span> <span class='ocrx_word' id='word_1_801' title='bbox 2417 5440 2712 5501; x_wconf 82' lang='lat' dir='ltr'><strong>credimus,</strong></span> <span class='ocrx_word' id='word_1_802' title='bbox 2737 5436 2892 5505; x_wconf 80' lang='lat' dir='ltr'><strong>jussu</strong></span> <span class='ocrx_word' id='word_1_803' title='bbox 2920 5437 3124 5499; x_wconf 85' lang='lat' dir='ltr'><strong>divino,</strong></span> <span class='ocrx_word' id='word_1_804' title='bbox 3148 5432 3324 5488; x_wconf 88' lang='lat' dir='ltr'><strong>malus</strong></span> <span class='ocrx_word' id='word_1_805' title='bbox 3349 5433 3601 5503; x_wconf 84' lang='lat' dir='ltr'><strong>angelus.</strong></span> <span class='ocrx_word' id='word_1_806' title='bbox 3629 5449 3750 5487; x_wconf 82' lang='lat' dir='ltr'><strong>ma-</strong></span> 
     </span>
    </p>
   </div>
   <div class='ocr_carea' id='block_1_115' title="bbox 2172 5524 3752 5600">
    <p class='ocr_par' dir='ltr' id='par_1_115' title="bbox 2172 5524 3752 5600">
     <span class='ocr_line' id='line_1_115' title="bbox 2172 5524 3752 5600; baseline -0.009 -10"><span class='ocrx_word' id='word_1_807' title='bbox 2172 5539 2239 5592; x_wconf 88' lang='lat' dir='ltr'><strong>lis</strong></span> <span class='ocrx_word' id='word_1_808' title='bbox 2272 5533 2583 5588; x_wconf 85' lang='lat' dir='ltr'><strong>liomiiiibus</strong></span> <span class='ocrx_word' id='word_1_809' title='bbox 2614 5531 2679 5585; x_wconf 89' lang='lat' dir='ltr'><strong>ad</strong></span> <span class='ocrx_word' id='word_1_810' title='bbox 2720 5530 3105 5600; x_wconf 83' lang='lat' dir='ltr'><strong>perficiendum</strong></span> <span class='ocrx_word' id='word_1_811' title='bbox 3147 5525 3256 5580; x_wconf 91' lang='lat' dir='ltr'><strong>Deo</strong></span> <span class='ocrx_word' id='word_1_812' title='bbox 3293 5527 3554 5596; x_wconf 89' lang='lat' dir='ltr'><strong>placitum</strong></span> <span class='ocrx_word' id='word_1_813' title='bbox 3586 5524 3752 5593; x_wconf 83' lang='lat' dir='ltr'><strong>hujus</strong></span> 
     </span>
    </p>
   </div>
   <div class='ocr_carea' id='block_1_116' title="bbox 2174 5619 3752 5686">
    <p class='ocr_par' dir='ltr' id='par_1_116' title="bbox 2174 5619 3752 5686">
     <span class='ocr_line' id='line_1_116' title="bbox 2174 5619 3752 5686; baseline -0.007 -4"><span class='ocrx_word' id='word_1_814' title='bbox 2174 5629 2253 5682; x_wconf 86' lang='lat' dir='ltr'><strong>rei</strong></span> <span class='ocrx_word' id='word_1_815' title='bbox 2297 5626 2500 5680; x_wconf 81' lang='lat' dir='ltr'><strong>exitum</strong></span> <span class='ocrx_word' id='word_1_816' title='bbox 2533 5624 2844 5686; x_wconf 87' lang='lat' dir='ltr'><strong>incitandis,</strong></span> <span class='ocrx_word' id='word_1_817' title='bbox 2898 5637 2994 5674; x_wconf 85' lang='lat' dir='ltr'><strong>sua</strong></span> <span class='ocrx_word' id='word_1_818' title='bbox 3042 5621 3227 5675; x_wconf 83' lang='lat' dir='ltr'><strong>debuit</strong></span> <span class='ocrx_word' id='word_1_819' title='bbox 3273 5632 3534 5686; x_wconf 84' lang='lat' dir='ltr'><strong>responsa</strong></span> <span class='ocrx_word' id='word_1_820' title='bbox 3591 5619 3752 5672; x_wconf 86' lang='lat' dir='ltr'><strong>mini-</strong></span> 
     </span>
    </p>
   </div>
   <div class='ocr_carea' id='block_1_117' title="bbox 2173 5715 3754 5781">
    <p class='ocr_par' dir='ltr' id='par_1_117' title="bbox 2173 5715 3754 5781">
     <span class='ocr_line' id='line_1_117' title="bbox 2173 5715 3754 5781; baseline -0.004 -7"><span class='ocrx_word' id='word_1_821' title='bbox 2173 5730 2367 5774; x_wconf 87' lang='lat' dir='ltr'><strong>strare.</strong></span> <span class='ocrx_word' id='word_1_822' title='bbox 2399 5719 2618 5773; x_wconf 74' lang='lat' dir='ltr'><strong>Dzemon</strong></span> <span class='ocrx_word' id='word_1_823' title='bbox 2659 5715 2856 5770; x_wconf 86' lang='lat' dir='ltr'><strong>etenim</strong></span> <span class='ocrx_word' id='word_1_824' title='bbox 2880 5730 2945 5768; x_wconf 85' lang='lat' dir='ltr'><strong>ex</strong></span> <span class='ocrx_word' id='word_1_825' title='bbox 2971 5715 3061 5769; x_wconf 85' lang='lat' dir='ltr'><strong>illo</strong></span> <span class='ocrx_word' id='word_1_826' title='bbox 3082 5715 3228 5775; x_wconf 82' lang='lat' dir='ltr'><strong>fano,</strong></span> <span class='ocrx_word' id='word_1_827' title='bbox 3259 5725 3382 5779; x_wconf 78' lang='lat' dir='ltr'><strong>eum</strong></span> <span class='ocrx_word' id='word_1_828' title='bbox 3415 5725 3622 5781; x_wconf 79' lang='lat' dir='ltr'><strong>magno</strong></span> <span class='ocrx_word' id='word_1_829' title='bbox 3647 5722 3754 5767; x_wconf 80' lang='lat' dir='ltr'><strong>tre-</strong></span> 
     </span>
    </p>
   </div>
   <div class='ocr_carea' id='block_1_118' title="bbox 2174 5801 3752 5876">
    <p class='ocr_par' dir='ltr' id='par_1_118' title="bbox 2174 5801 3752 5876">
     <span class='ocr_line' id='line_1_118' title="bbox 2174 5801 3752 5876; baseline -0.007 -10"><span class='ocrx_word' id='word_1_830' title='bbox 2174 5828 2326 5866; x_wconf 88' lang='lat' dir='ltr'><strong>more</strong></span> <span class='ocrx_word' id='word_1_831' title='bbox 2357 5812 2504 5866; x_wconf 87' lang='lat' dir='ltr'><strong>dedit</strong></span> <span class='ocrx_word' id='word_1_832' title='bbox 2527 5823 2786 5876; x_wconf 84' lang='lat' dir='ltr'><strong>responsa</strong></span> <span class='ocrx_word' id='word_1_833' title='bbox 2812 5806 3076 5862; x_wconf 83' lang='lat' dir='ltr'><strong>ministris</strong></span> <span class='ocrx_word' id='word_1_834' title='bbox 3107 5805 3281 5872; x_wconf 72' lang='lat' dir='ltr'><strong>regis:</strong></span> <span class='ocrx_word' id='word_1_835' title='bbox 3311 5801 3423 5856; x_wconf 83' lang='lat' dir='ltr'><strong>Heu</strong></span> <span class='ocrx_word' id='word_1_836' title='bbox 3459 5807 3582 5858; x_wconf 80' lang='lat' dir='ltr'><strong>me!</strong></span> <span class='ocrx_word' id='word_1_837' title='bbox 3625 5803 3752 5873; x_wconf 87' lang='lat' dir='ltr'><strong>quid</strong></span> 
     </span>
    </p>
   </div>
   <div class='ocr_carea' id='block_1_119' title="bbox 2176 5897 3755 5975">
    <p class='ocr_par' dir='ltr' id='par_1_119' title="bbox 2176 5897 3755 5975">
     <span class='ocr_line' id='line_1_119' title="bbox 2176 5897 3755 5975; baseline -0.004 -17"><span class='ocrx_word' id='word_1_838' title='bbox 2176 5905 2368 5975; x_wconf 70' lang='lat' dir='ltr'><strong>agam?</strong></span> <span class='ocrx_word' id='word_1_839' title='bbox 2395 5904 2653 5972; x_wconf 78' lang='lat' dir='ltr'><strong>collegam</strong></span> <span class='ocrx_word' id='word_1_840' title='bbox 2683 5901 2911 5970; x_wconf 88' lang='lat' dir='ltr'><strong>perdidi,</strong></span> <span class='ocrx_word' id='word_1_841' title='bbox 2936 5903 3129 5954; x_wconf 88' lang='lat' dir='ltr'><strong>timore</strong></span> <span class='ocrx_word' id='word_1_842' title='bbox 3158 5897 3478 5967; x_wconf 80' lang='lat' dir='ltr'><strong>perterritus</strong></span> <span class='ocrx_word' id='word_1_843' title='bbox 3505 5900 3598 5951; x_wconf 84' lang='lat' dir='ltr'><strong>vix</strong></span> <span class='ocrx_word' id='word_1_844' title='bbox 3616 5898 3755 5952; x_wconf 71' lang='lat' dir='ltr'><strong>vires</strong></span> 
     </span>
    </p>
   </div>
   <div class='ocr_carea' id='block_1_120' title="bbox 3635 6009 3906 6312">
    <p class='ocr_par' dir='ltr' id='par_1_120' title="bbox 3635 6009 3906 6312">
     <span class='ocr_line' id='line_1_120' title="bbox 3635 6009 3906 6312; baseline 0.007 -2"><span class='ocrx_word' id='word_1_845' title='bbox 3635 6273 3796 6311; x_wconf 40' lang='grc' dir='ltr'><strong>..μ</strong></span> <span class='ocrx_word' id='word_1_846' title='bbox 3863 6009 3906 6312; x_wconf 84' lang='lat' dir='ltr'><strong>l</strong></span> 
     </span>
    </p>
   </div>
  </div>
