  <div class='ocr_page' id='page_1' title='image "/cluster/home/n/w/nwhite01/storage/ocr_20150623/148/uva.x000829792/457.png"; bbox 0 0 3944 6412; ppageno 0'>
   <div class='ocr_carea' id='block_1_1' title="bbox 476 539 580 594">
    <p class='ocr_par' dir='ltr' id='par_1_1' title="bbox 476 539 580 594">
     <span class='ocr_line' id='line_1_1' title="bbox 476 539 580 594; baseline -0.029 -1"><span class='ocrx_word' id='word_1_1' title='bbox 476 539 580 594; x_wconf 66' lang='lat'><strong>905</strong></span> 
     </span>
    </p>
   </div>
   <div class='ocr_carea' id='block_1_2' title="bbox 1437 521 2732 586">
    <p class='ocr_par' dir='ltr' id='par_1_2' title="bbox 1437 521 2732 586">
     <span class='ocr_line' id='line_1_2' title="bbox 1437 521 2732 586; baseline -0.006 0"><span class='ocrx_word' id='word_1_2' title='bbox 1437 531 1526 586; x_wconf 73' lang='lat' dir='ltr'><strong>AD</strong></span> <span class='ocrx_word' id='word_1_3' title='bbox 1563 529 1792 586; x_wconf 76' lang='lat' dir='ltr'><strong>OPERA</strong></span> <span class='ocrx_word' id='word_1_4' title='bbox 1830 529 1887 584; x_wconf 87' lang='lat' dir='ltr'><strong>S.</strong></span> <span class='ocrx_word' id='word_1_5' title='bbox 1929 525 2256 584; x_wconf 77' lang='lat' dir='ltr'><strong>GREGORII</strong></span> <span class='ocrx_word' id='word_1_6' title='bbox 2286 521 2732 582; x_wconf 70' lang='lat' dir='ltr'><strong>APPENDICES.</strong></span> 
     </span>
    </p>
   </div>
   <div class='ocr_carea' id='block_1_3' title="bbox 3621 503 3736 585">
    <p class='ocr_par' dir='ltr' id='par_1_3' title="bbox 3621 503 3736 585">
     <span class='ocr_line' id='line_1_3' title="bbox 3621 503 3736 585; baseline 0 0"><span class='ocrx_word' id='word_1_7' title='bbox 3621 503 3736 585; x_wconf 67' lang='lat' dir='ltr'><strong>sos</strong></span> 
     </span>
    </p>
   </div>
   <div class='ocr_carea' id='block_1_4' title="bbox 476 637 3738 717">
    <p class='ocr_par' dir='ltr' id='par_1_4' title="bbox 476 637 3738 717">
     <span class='ocr_line' id='line_1_4' title="bbox 476 637 3738 717; baseline -0.002 -12"><span class='ocrx_word' id='word_1_8' title='bbox 476 650 621 705; x_wconf 81' lang='lat' dir='ltr'><strong>inter</strong></span> <span class='ocrx_word' id='word_1_9' title='bbox 646 646 960 717; x_wconf 81' lang='lat' dir='ltr'><strong>angelorum</strong></span> <span class='ocrx_word' id='word_1_10' title='bbox 1004 637 1200 700; x_wconf 78' lang='lat' dir='ltr'><strong>manus</strong></span> <span class='ocrx_word' id='word_1_11' title='bbox 1233 643 1540 709; x_wconf 89' lang='lat' dir='ltr'><strong>visibiliter,</strong></span> <span class='ocrx_word' id='word_1_12' title='bbox 1586 651 1648 698; x_wconf 93' lang='lat' dir='ltr'><strong>ut</strong></span> <span class='ocrx_word' id='word_1_13' title='bbox 1691 641 1870 697; x_wconf 75' lang='lat' dir='ltr'><strong>testati</strong></span> <span class='ocrx_word' id='word_1_14' title='bbox 1918 649 2047 696; x_wconf 90' lang='lat' dir='ltr'><strong>sunt</strong></span> <span class='ocrx_word' id='word_1_15' title='bbox 2076 639 2256 700; x_wconf 82' lang='lat' dir='ltr'><strong>ANec</strong></span> <span class='ocrx_word' id='word_1_16' title='bbox 2289 639 2512 704; x_wconf 93' lang='lat' dir='ltr'><strong>mirum,</strong></span> <span class='ocrx_word' id='word_1_17' title='bbox 2548 639 2596 693; x_wconf 90' lang='lat' dir='ltr'><strong>si</strong></span> <span class='ocrx_word' id='word_1_18' title='bbox 2648 637 2792 693; x_wconf 87' lang='lat' dir='ltr'><strong>Deus</strong></span> <span class='ocrx_word' id='word_1_19' title='bbox 2841 638 3017 694; x_wconf 89' lang='lat' dir='ltr'><strong>adhuc</strong></span> <span class='ocrx_word' id='word_1_20' title='bbox 3066 639 3334 695; x_wconf 75' lang='lat' dir='ltr'><strong>viventem</strong></span> <span class='ocrx_word' id='word_1_21' title='bbox 3384 655 3481 712; x_wconf 86' lang='lat' dir='ltr'><strong>per</strong></span> <span class='ocrx_word' id='word_1_22' title='bbox 3526 656 3738 700; x_wconf 78' lang='lat' dir='ltr'><strong>manus</strong></span> 
     </span>
    </p>
   </div>
   <div class='ocr_carea' id='block_1_5' title="bbox 476 733 2049 810">
    <p class='ocr_par' dir='ltr' id='par_1_5' title="bbox 476 733 2049 810">
     <span class='ocr_line' id='line_1_5' title="bbox 476 733 2049 810; baseline -0.003 -17"><span class='ocrx_word' id='word_1_23' title='bbox 476 739 573 810; x_wconf 87' lang='lat' dir='ltr'><strong>qui</strong></span> <span class='ocrx_word' id='word_1_24' title='bbox 600 740 842 805; x_wconf 88' lang='lat' dir='ltr'><strong>aderant,</strong></span> <span class='ocrx_word' id='word_1_25' title='bbox 873 745 1150 808; x_wconf 78' lang='lat' dir='ltr'><strong>exceptus,</strong></span> <span class='ocrx_word' id='word_1_26' title='bbox 1182 735 1744 808; x_wconf 79' lang='lat' dir='ltr'><strong>condignislaudibus</strong></span> <span class='ocrx_word' id='word_1_27' title='bbox 1787 749 1815 788; x_wconf 93' lang='lat' dir='ltr'><strong>a</strong></span> <span class='ocrx_word' id='word_1_28' title='bbox 1844 733 2049 789; x_wconf 78' lang='lat' dir='ltr'><strong>sanctis</strong></span> 
     </span>
    </p>
   </div>
   <div class='ocr_carea' id='block_1_6' title="bbox 478 824 2050 901">
    <p class='ocr_par' dir='ltr' id='par_1_6' title="bbox 478 824 2050 901">
     <span class='ocr_line' id='line_1_6' title="bbox 478 824 2050 901; baseline -0.004 -16"><span class='ocrx_word' id='word_1_29' title='bbox 478 829 810 901; x_wconf 77' lang='lat' dir='ltr'><strong>martyribus</strong></span> <span class='ocrx_word' id='word_1_30' title='bbox 858 829 914 882; x_wconf 92' lang='lat' dir='ltr'><strong>in</strong></span> <span class='ocrx_word' id='word_1_31' title='bbox 957 829 1096 884; x_wconf 67' lang='lat' dir='ltr'><strong>coslo</strong></span> <span class='ocrx_word' id='word_1_32' title='bbox 1133 836 1216 882; x_wconf 90' lang='lat' dir='ltr'><strong>est</strong></span> <span class='ocrx_word' id='word_1_33' title='bbox 1260 837 1564 897; x_wconf 90' lang='lat' dir='ltr'><strong>susceptus.</strong></span> <span class='ocrx_word' id='word_1_34' title='bbox 1611 825 1779 897; x_wconf 80' lang='lat' dir='ltr'><strong>igitur</strong></span> <span class='ocrx_word' id='word_1_35' title='bbox 1815 824 2050 879; x_wconf 91' lang='lat' dir='ltr'><strong>invictus</strong></span> 
     </span>
    </p>
   </div>
   <div class='ocr_carea' id='block_1_7' title="bbox 476 913 2052 990">
    <p class='ocr_par' dir='ltr' id='par_1_7' title="bbox 476 913 2052 990">
     <span class='ocr_line' id='line_1_7' title="bbox 476 913 2052 990; baseline -0.006 -14"><span class='ocrx_word' id='word_1_36' title='bbox 476 918 680 977; x_wconf 82' lang='lat' dir='ltr'><strong>Christi</strong></span> <span class='ocrx_word' id='word_1_37' title='bbox 716 927 940 990; x_wconf 81' lang='lat' dir='ltr'><strong>martyr,</strong></span> <span class='ocrx_word' id='word_1_38' title='bbox 974 918 1371 988; x_wconf 90' lang='lat' dir='ltr'><strong>aliquantulum</strong></span> <span class='ocrx_word' id='word_1_39' title='bbox 1399 926 1609 972; x_wconf 87' lang='lat' dir='ltr'><strong>mutata</strong></span> <span class='ocrx_word' id='word_1_40' title='bbox 1655 915 1811 981; x_wconf 76' lang='lat' dir='ltr'><strong>faeie,</strong></span> <span class='ocrx_word' id='word_1_41' title='bbox 1850 931 1901 969; x_wconf 81' lang='lat' dir='ltr'><strong>IV</strong></span> <span class='ocrx_word' id='word_1_42' title='bbox 1944 913 2052 968; x_wconf 83' lang='lat' dir='ltr'><strong>Ka-</strong></span> 
     </span>
    </p>
   </div>
   <div class='ocr_carea' id='block_1_8' title="bbox 477 1007 2050 1073">
    <p class='ocr_par' dir='ltr' id='par_1_8' title="bbox 477 1007 2050 1073">
     <span class='ocr_line' id='line_1_8' title="bbox 477 1007 2050 1073; baseline -0.001 -9"><span class='ocrx_word' id='word_1_43' title='bbox 477 1010 621 1066; x_wconf 88' lang='lat' dir='ltr'><strong>lend.</strong></span> <span class='ocrx_word' id='word_1_44' title='bbox 653 1007 844 1064; x_wconf 80' lang='lat' dir='ltr'><strong>Octob.</strong></span> <span class='ocrx_word' id='word_1_45' title='bbox 875 1011 1118 1065; x_wconf 89' lang='lat' dir='ltr'><strong>debitum</strong></span> <span class='ocrx_word' id='word_1_46' title='bbox 1143 1009 1304 1063; x_wconf 86' lang='lat' dir='ltr'><strong>solvit</strong></span> <span class='ocrx_word' id='word_1_47' title='bbox 1326 1009 1519 1063; x_wconf 90' lang='lat' dir='ltr'><strong>mortis</strong></span> <span class='ocrx_word' id='word_1_48' title='bbox 1557 1023 1776 1073; x_wconf 71' lang='lat' dir='ltr'><strong>amarae,</strong></span> <span class='ocrx_word' id='word_1_49' title='bbox 1805 1007 2050 1062; x_wconf 89' lang='lat' dir='ltr'><strong>victurus</strong></span> 
     </span>
    </p>
   </div>
   <div class='ocr_carea' id='block_1_9' title="bbox 477 1097 2051 1168">
    <p class='ocr_par' dir='ltr' id='par_1_9' title="bbox 477 1097 2051 1168">
     <span class='ocr_line' id='line_1_9' title="bbox 477 1097 2051 1168; baseline -0.004 -14"><span class='ocrx_word' id='word_1_50' title='bbox 477 1115 535 1154; x_wconf 79' lang='lat' dir='ltr'><strong>tn</strong></span> <span class='ocrx_word' id='word_1_51' title='bbox 583 1108 848 1154; x_wconf 67' lang='lat' dir='ltr'><strong>atternum</strong></span> <span class='ocrx_word' id='word_1_52' title='bbox 909 1100 1074 1154; x_wconf 71' lang='lat' dir='ltr'><strong>Intres</strong></span> <span class='ocrx_word' id='word_1_53' title='bbox 1133 1098 1342 1168; x_wconf 72' lang='lat' dir='ltr'><strong>quidem</strong></span> <span class='ocrx_word' id='word_1_54' title='bbox 1399 1097 1496 1152; x_wconf 84' lang='lat' dir='ltr'><strong>Dei</strong></span> <span class='ocrx_word' id='word_1_55' title='bbox 1524 1139 1538 1164; x_wconf 96' lang='lat'><strong>,</strong></span> <span class='ocrx_word' id='word_1_56' title='bbox 1604 1097 1827 1160; x_wconf 69' lang='lat' dir='ltr'><strong>conteres</strong></span> <span class='ocrx_word' id='word_1_57' title='bbox 1877 1105 2051 1149; x_wconf 80' lang='lat' dir='ltr'><strong>autem</strong></span> 
     </span>
    </p>
   </div>
   <div class='ocr_carea' id='block_1_10' title="bbox 479 1188 2052 1261">
    <p class='ocr_par' dir='ltr' id='par_1_10' title="bbox 479 1188 2052 1261">
     <span class='ocr_line' id='line_1_10' title="bbox 479 1188 2052 1261; baseline -0.003 -15"><span class='ocrx_word' id='word_1_58' title='bbox 479 1191 682 1246; x_wconf 77' lang='lat' dir='ltr'><strong>Christi</strong></span> <span class='ocrx_word' id='word_1_59' title='bbox 714 1190 887 1260; x_wconf 81' lang='lat' dir='ltr'><strong>(Rom.</strong></span> <span class='ocrx_word' id='word_1_60' title='bbox 911 1191 1052 1261; x_wconf 68' lang='lat' dir='ltr'><strong>vui),</strong></span> <span class='ocrx_word' id='word_1_61' title='bbox 1082 1191 1345 1244; x_wconf 81' lang='lat' dir='ltr'><strong>talentum</strong></span> <span class='ocrx_word' id='word_1_62' title='bbox 1378 1189 1481 1245; x_wconf 87' lang='lat' dir='ltr'><strong>sibi</strong></span> <span class='ocrx_word' id='word_1_63' title='bbox 1509 1189 1775 1244; x_wconf 87' lang='lat' dir='ltr'><strong>creditum</strong></span> <span class='ocrx_word' id='word_1_64' title='bbox 1807 1204 1931 1243; x_wconf 93' lang='lat' dir='ltr'><strong>cum</strong></span> <span class='ocrx_word' id='word_1_65' title='bbox 1967 1188 2052 1242; x_wconf 87' lang='lat' dir='ltr'><strong>lu-</strong></span> 
     </span>
    </p>
   </div>
   <div class='ocr_carea' id='block_1_11' title="bbox 479 1276 2053 1349">
    <p class='ocr_par' dir='ltr' id='par_1_11' title="bbox 479 1276 2053 1349">
     <span class='ocr_line' id='line_1_11' title="bbox 479 1276 2053 1349; baseline -0.002 -16"><span class='ocrx_word' id='word_1_66' title='bbox 479 1293 576 1333; x_wconf 90' lang='lat' dir='ltr'><strong>cro</strong></span> <span class='ocrx_word' id='word_1_67' title='bbox 609 1280 880 1348; x_wconf 85' lang='lat' dir='ltr'><strong>passionis</strong></span> <span class='ocrx_word' id='word_1_68' title='bbox 927 1280 1088 1349; x_wconf 80' lang='lat' dir='ltr'><strong>digne</strong></span> <span class='ocrx_word' id='word_1_69' title='bbox 1140 1279 1455 1348; x_wconf 86' lang='lat' dir='ltr'><strong>reportavit.</strong></span> <span class='ocrx_word' id='word_1_70' title='bbox 1500 1276 1670 1348; x_wconf 78' lang='lat' dir='ltr'><strong>Igitur</strong></span> <span class='ocrx_word' id='word_1_71' title='bbox 1708 1278 1903 1347; x_wconf 84' lang='lat' dir='ltr'><strong>dignus</strong></span> <span class='ocrx_word' id='word_1_72' title='bbox 1951 1277 2053 1330; x_wconf 90' lang='lat' dir='ltr'><strong>hac</strong></span> 
     </span>
    </p>
   </div>
   <div class='ocr_carea' id='block_1_12' title="bbox 481 1362 2050 1441">
    <p class='ocr_par' dir='ltr' id='par_1_12' title="bbox 481 1362 2050 1441">
     <span class='ocr_line' id='line_1_12' title="bbox 481 1362 2050 1441; baseline -0.004 -17"><span class='ocrx_word' id='word_1_73' title='bbox 481 1368 835 1435; x_wconf 56' lang='lat' dir='ltr'><strong>mellillua,,et</strong></span> <span class='ocrx_word' id='word_1_74' title='bbox 860 1368 1158 1438; x_wconf 90' lang='lat' dir='ltr'><strong>jucundula</strong></span> <span class='ocrx_word' id='word_1_75' title='bbox 1201 1367 1546 1436; x_wconf 89' lang='lat' dir='ltr'><strong>veridicaque</strong></span> <span class='ocrx_word' id='word_1_76' title='bbox 1596 1365 1878 1422; x_wconf 89' lang='lat' dir='ltr'><strong>vocatione</strong></span> <span class='ocrx_word' id='word_1_77' title='bbox 1926 1362 2050 1441; x_wconf 71' lang='lat' dir='ltr'><strong>iuit,</strong></span> 
     </span>
    </p>
   </div>
   <div class='ocr_carea' id='block_1_13' title="bbox 479 1455 2050 1533">
    <p class='ocr_par' dir='ltr' id='par_1_13' title="bbox 479 1455 2050 1533">
     <span class='ocr_line' id='line_1_13' title="bbox 479 1455 2050 1533; baseline -0.004 -18"><span class='ocrx_word' id='word_1_78' title='bbox 479 1461 606 1533; x_wconf 90' lang='lat' dir='ltr'><strong>quia</strong></span> <span class='ocrx_word' id='word_1_79' title='bbox 639 1461 693 1514; x_wconf 92' lang='lat' dir='ltr'><strong>in</strong></span> <span class='ocrx_word' id='word_1_80' title='bbox 721 1470 773 1514; x_wconf 92' lang='lat' dir='ltr'><strong>te</strong></span> <span class='ocrx_word' id='word_1_81' title='bbox 795 1460 1121 1530; x_wconf 85' lang='lat' dir='ltr'><strong>complacuit</strong></span> <span class='ocrx_word' id='word_1_82' title='bbox 1149 1459 1344 1513; x_wconf 67' lang='lat' dir='ltr'><strong>anima:</strong></span> <span class='ocrx_word' id='word_1_83' title='bbox 1369 1473 1521 1524; x_wconf 67' lang='lat' dir='ltr'><strong>meae,</strong></span> <span class='ocrx_word' id='word_1_84' title='bbox 1552 1457 1833 1527; x_wconf 76' lang='lat' dir='ltr'><strong>ingredere</strong></span> <span class='ocrx_word' id='word_1_85' title='bbox 1872 1455 2050 1510; x_wconf 92' lang='lat' dir='ltr'><strong>locum</strong></span> 
     </span>
    </p>
   </div>
   <div class='ocr_carea' id='block_1_14' title="bbox 480 1545 2052 1615">
    <p class='ocr_par' dir='ltr' id='par_1_14' title="bbox 480 1545 2052 1615">
     <span class='ocr_line' id='line_1_14' title="bbox 480 1545 2052 1615; baseline -0.002 -13"><span class='ocrx_word' id='word_1_86' title='bbox 480 1549 862 1603; x_wconf 78' lang='lat' dir='ltr'><strong>exsultationis</strong></span> <span class='ocrx_word' id='word_1_87' title='bbox 889 1557 944 1603; x_wconf 83' lang='lat' dir='ltr'><strong>et</strong></span> <span class='ocrx_word' id='word_1_88' title='bbox 974 1548 1192 1615; x_wconf 68' lang='lat' dir='ltr'><strong>laetitiae,</strong></span> <span class='ocrx_word' id='word_1_89' title='bbox 1220 1557 1281 1603; x_wconf 91' lang='lat' dir='ltr'><strong>ut</strong></span> <span class='ocrx_word' id='word_1_90' title='bbox 1308 1549 1490 1603; x_wconf 90' lang='lat' dir='ltr'><strong>videas</strong></span> <span class='ocrx_word' id='word_1_91' title='bbox 1532 1548 1675 1601; x_wconf 90' lang='lat' dir='ltr'><strong>bona</strong></span> <span class='ocrx_word' id='word_1_92' title='bbox 1717 1545 2052 1600; x_wconf 88' lang='lat' dir='ltr'><strong>Hierusalem</strong></span> 
     </span>
    </p>
   </div>
   <div class='ocr_carea' id='block_1_15' title="bbox 482 1636 2052 1711">
    <p class='ocr_par' dir='ltr' id='par_1_15' title="bbox 482 1636 2052 1711">
     <span class='ocr_line' id='line_1_15' title="bbox 482 1636 2052 1711; baseline -0.003 -17"><span class='ocrx_word' id='word_1_93' title='bbox 482 1641 739 1695; x_wconf 91' lang='lat' dir='ltr'><strong>omnibus</strong></span> <span class='ocrx_word' id='word_1_94' title='bbox 766 1640 960 1695; x_wconf 91' lang='lat' dir='ltr'><strong>diebus</strong></span> <span class='ocrx_word' id='word_1_95' title='bbox 999 1641 1124 1696; x_wconf 74' lang='lat' dir='ltr'><strong>vita:</strong></span> <span class='ocrx_word' id='word_1_96' title='bbox 1164 1649 1270 1695; x_wconf 75' lang='lat' dir='ltr'><strong>tua:</strong></span> <span class='ocrx_word' id='word_1_97' title='bbox 1299 1639 1472 1711; x_wconf 88' lang='lat' dir='ltr'><strong>(Psal.</strong></span> <span class='ocrx_word' id='word_1_98' title='bbox 1520 1637 1746 1708; x_wconf 76' lang='lat' dir='ltr'><strong>cxxvn).</strong></span> <span class='ocrx_word' id='word_1_99' title='bbox 1785 1636 1920 1703; x_wconf 85' lang='lat' dir='ltr'><strong>Quis</strong></span> <span class='ocrx_word' id='word_1_100' title='bbox 1952 1653 2052 1690; x_wconf 90' lang='lat' dir='ltr'><strong>un-</strong></span> 
     </span>
    </p>
   </div>
   <div class='ocr_carea' id='block_1_16' title="bbox 479 1730 2050 1808">
    <p class='ocr_par' dir='ltr' id='par_1_16' title="bbox 479 1730 2050 1808">
     <span class='ocr_line' id='line_1_16' title="bbox 479 1730 2050 1808; baseline -0.004 -17"><span class='ocrx_word' id='word_1_101' title='bbox 479 1751 646 1806; x_wconf 83' lang='lat' dir='ltr'><strong>quam</strong></span> <span class='ocrx_word' id='word_1_102' title='bbox 690 1736 866 1789; x_wconf 82' lang='lat' dir='ltr'><strong>valeat</strong></span> <span class='ocrx_word' id='word_1_103' title='bbox 891 1736 1052 1808; x_wconf 89' lang='lat' dir='ltr'><strong>digne</strong></span> <span class='ocrx_word' id='word_1_104' title='bbox 1101 1734 1359 1804; x_wconf 87' lang='lat' dir='ltr'><strong>prosequi</strong></span> <span class='ocrx_word' id='word_1_105' title='bbox 1406 1733 1544 1804; x_wconf 86' lang='lat' dir='ltr'><strong>stylo</strong></span> <span class='ocrx_word' id='word_1_106' title='bbox 1604 1741 1713 1786; x_wconf 88' lang='lat' dir='ltr'><strong>tam</strong></span> <span class='ocrx_word' id='word_1_107' title='bbox 1765 1730 2050 1786; x_wconf 80' lang='lat' dir='ltr'><strong>miriﬁcum</strong></span> 
     </span>
    </p>
   </div>
   <div class='ocr_carea' id='block_1_17' title="bbox 481 1820 2052 1896">
    <p class='ocr_par' dir='ltr' id='par_1_17' title="bbox 481 1820 2052 1896">
     <span class='ocr_line' id='line_1_17' title="bbox 481 1820 2052 1896; baseline -0.004 -16"><span class='ocrx_word' id='word_1_108' title='bbox 481 1841 621 1896; x_wconf 86' lang='lat' dir='ltr'><strong>opus</strong></span> <span class='ocrx_word' id='word_1_109' title='bbox 647 1825 913 1896; x_wconf 79' lang='lat' dir='ltr'><strong>martyrii,</strong></span> <span class='ocrx_word' id='word_1_110' title='bbox 945 1827 999 1879; x_wconf 91' lang='lat' dir='ltr'><strong>in</strong></span> <span class='ocrx_word' id='word_1_111' title='bbox 1028 1825 1120 1879; x_wconf 91' lang='lat' dir='ltr'><strong>tali</strong></span> <span class='ocrx_word' id='word_1_112' title='bbox 1153 1832 1389 1895; x_wconf 84' lang='lat' dir='ltr'><strong>martyre</strong></span> <span class='ocrx_word' id='word_1_113' title='bbox 1424 1822 1625 1876; x_wconf 79' lang='lat' dir='ltr'><strong>Christi</strong></span> <span class='ocrx_word' id='word_1_114' title='bbox 1658 1823 1682 1874; x_wconf 85' lang='lat'><strong>?</strong></span> <span class='ocrx_word' id='word_1_115' title='bbox 1723 1820 1924 1876; x_wconf 82' lang='lat' dir='ltr'><strong>Revera</strong></span> <span class='ocrx_word' id='word_1_116' title='bbox 1952 1834 2052 1891; x_wconf 46' lang='lat' dir='ltr'><strong>pai-</strong></span> 
     </span>
    </p>
   </div>
   <div class='ocr_carea' id='block_1_18' title="bbox 481 1912 2056 1986">
    <p class='ocr_par' dir='ltr' id='par_1_18' title="bbox 481 1912 2056 1986">
     <span class='ocr_line' id='line_1_18' title="bbox 481 1912 2056 1986; baseline -0.004 -12"><span class='ocrx_word' id='word_1_117' title='bbox 481 1917 649 1974; x_wconf 84' lang='lat' dir='ltr'><strong>radisi</strong></span> <span class='ocrx_word' id='word_1_118' title='bbox 675 1917 868 1986; x_wconf 86' lang='lat' dir='ltr'><strong>gaudia</strong></span> <span class='ocrx_word' id='word_1_119' title='bbox 900 1915 1264 1984; x_wconf 90' lang='lat' dir='ltr'><strong>jucundanter</strong></span> <span class='ocrx_word' id='word_1_120' title='bbox 1297 1915 1503 1982; x_wconf 84' lang='lat' dir='ltr'><strong>absque</strong></span> <span class='ocrx_word' id='word_1_121' title='bbox 1537 1912 1753 1982; x_wconf 89' lang='lat' dir='ltr'><strong>publico</strong></span> <span class='ocrx_word' id='word_1_122' title='bbox 1797 1913 2056 1967; x_wconf 91' lang='lat' dir='ltr'><strong>intrasset</strong></span> 
     </span>
    </p>
   </div>
   <div class='ocr_carea' id='block_1_19' title="bbox 482 1979 2129 2076">
    <p class='ocr_par' dir='ltr' id='par_1_19' title="bbox 482 1979 2129 2076">
     <span class='ocr_line' id='line_1_19' title="bbox 482 1979 2129 2076; baseline -0.002 -16"><span class='ocrx_word' id='word_1_123' title='bbox 482 2006 929 2076; x_wconf 80' lang='lat' dir='ltr'><strong>martyrin,‘quia</strong></span> <span class='ocrx_word' id='word_1_124' title='bbox 955 2005 1177 2073; x_wconf 87' lang='lat' dir='ltr'><strong>implere</strong></span> <span class='ocrx_word' id='word_1_125' title='bbox 1206 2003 1413 2059; x_wconf 88' lang='lat' dir='ltr'><strong>studuit</strong></span> <span class='ocrx_word' id='word_1_126' title='bbox 1446 2002 1501 2056; x_wconf 92' lang='lat' dir='ltr'><strong>in</strong></span> <span class='ocrx_word' id='word_1_127' title='bbox 1536 2017 1594 2058; x_wconf 89' lang='lat' dir='ltr'><strong>se</strong></span> <span class='ocrx_word' id='word_1_128' title='bbox 1630 2003 1769 2072; x_wconf 90' lang='lat' dir='ltr'><strong>ipso,</strong></span> <span class='ocrx_word' id='word_1_129' title='bbox 1813 2018 1935 2072; x_wconf 76' lang='lat' dir='ltr'><strong>qum</strong></span> <span class='ocrx_word' id='word_1_130' title='bbox 1964 2018 2056 2056; x_wconf 50' lang='lat' dir='ltr'><strong>and</strong></span> <span class='ocrx_word' id='word_1_131' title='bbox 2087 1979 2129 2034; x_wconf 74' lang='grc' dir='ltr'>Β</span> 
     </span>
    </p>
   </div>
   <div class='ocr_carea' id='block_1_20' title="bbox 481 2091 2054 2164">
    <p class='ocr_par' dir='ltr' id='par_1_20' title="bbox 481 2091 2054 2164">
     <span class='ocr_line' id='line_1_20' title="bbox 481 2091 2054 2164; baseline -0.003 -15"><span class='ocrx_word' id='word_1_132' title='bbox 481 2095 616 2150; x_wconf 87' lang='lat' dir='ltr'><strong>divit</strong></span> <span class='ocrx_word' id='word_1_133' title='bbox 650 2096 720 2148; x_wconf 84' lang='lat' dir='ltr'><strong>ab</strong></span> <span class='ocrx_word' id='word_1_134' title='bbox 748 2095 1008 2164; x_wconf 77' lang='lat' dir='ltr'><strong>Apostolo</strong></span> <span class='ocrx_word' id='word_1_135' title='bbox 1040 2110 1051 2145; x_wconf 92' lang='lat'>:</span> <span class='ocrx_word' id='word_1_136' title='bbox 1086 2091 1404 2161; x_wconf 76' lang='lat' dir='ltr'><strong>Mortiﬁcate</strong></span> <span class='ocrx_word' id='word_1_137' title='bbox 1437 2092 1666 2146; x_wconf 88' lang='lat' dir='ltr'><strong>membra</strong></span> <span class='ocrx_word' id='word_1_138' title='bbox 1713 2101 1902 2157; x_wconf 85' lang='lat' dir='ltr'><strong>vestra,</strong></span> <span class='ocrx_word' id='word_1_139' title='bbox 1937 2107 2054 2162; x_wconf 72' lang='lat' dir='ltr'><strong>qua:</strong></span> 
     </span>
    </p>
   </div>
   <div class='ocr_carea' id='block_1_21' title="bbox 483 2184 2050 2255">
    <p class='ocr_par' dir='ltr' id='par_1_21' title="bbox 483 2184 2050 2255">
     <span class='ocr_line' id='line_1_21' title="bbox 483 2184 2050 2255; baseline -0.001 -17"><span class='ocrx_word' id='word_1_140' title='bbox 483 2195 604 2239; x_wconf 83' lang='lat' dir='ltr'><strong>sunt</strong></span> <span class='ocrx_word' id='word_1_141' title='bbox 628 2202 783 2255; x_wconf 85' lang='lat' dir='ltr'><strong>super</strong></span> <span class='ocrx_word' id='word_1_142' title='bbox 808 2194 1022 2249; x_wconf 84' lang='lat' dir='ltr'><strong>terram,</strong></span> <span class='ocrx_word' id='word_1_143' title='bbox 1049 2185 1471 2253; x_wconf 71' lang='lat' dir='ltr'><strong>fornicationem,</strong></span> <span class='ocrx_word' id='word_1_144' title='bbox 1505 2184 1922 2248; x_wconf 75' lang='lat' dir='ltr'><strong>immunditiam,</strong></span> <span class='ocrx_word' id='word_1_145' title='bbox 1946 2192 2050 2236; x_wconf 83' lang='lat' dir='ltr'><strong>etc.</strong></span> 
     </span>
    </p>
   </div>
   <div class='ocr_carea' id='block_1_22' title="bbox 486 2267 2056 2344">
    <p class='ocr_par' dir='ltr' id='par_1_22' title="bbox 486 2267 2056 2344">
     <span class='ocr_line' id='line_1_22' title="bbox 486 2267 2056 2344; baseline -0.003 -18"><span class='ocrx_word' id='word_1_146' title='bbox 486 2273 702 2344; x_wconf 74' lang='lat' dir='ltr'><strong>(Eplies.</strong></span> <span class='ocrx_word' id='word_1_147' title='bbox 721 2274 805 2341; x_wconf 85' lang='lat' dir='ltr'><strong>v.)</strong></span> <span class='ocrx_word' id='word_1_148' title='bbox 819 2271 956 2327; x_wconf 75' lang='lat' dir='ltr'><strong>Nam</strong></span> <span class='ocrx_word' id='word_1_149' title='bbox 973 2272 1344 2342; x_wconf 80' lang='lat' dir='ltr'><strong>evangelicum</strong></span> <span class='ocrx_word' id='word_1_150' title='bbox 1366 2272 1655 2326; x_wconf 80' lang='lat' dir='ltr'><strong>consiiium</strong></span> <span class='ocrx_word' id='word_1_151' title='bbox 1678 2267 2056 2325; x_wconf 88' lang='lat' dir='ltr'><strong>contemnendi</strong></span> 
     </span>
    </p>
   </div>
   <div class='ocr_carea' id='block_1_23' title="bbox 486 2359 2054 2430">
    <p class='ocr_par' dir='ltr' id='par_1_23' title="bbox 486 2359 2054 2430">
     <span class='ocr_line' id='line_1_23' title="bbox 486 2359 2054 2430; baseline -0.004 -12"><span class='ocrx_word' id='word_1_152' title='bbox 486 2363 768 2427; x_wconf 65' lang='lat' dir='ltr'><strong>sacculum,</strong></span> <span class='ocrx_word' id='word_1_153' title='bbox 814 2363 890 2415; x_wconf 88' lang='lat' dir='ltr'><strong>illi</strong></span> <span class='ocrx_word' id='word_1_154' title='bbox 923 2361 1249 2430; x_wconf 89' lang='lat' dir='ltr'><strong>acceptabile</strong></span> <span class='ocrx_word' id='word_1_155' title='bbox 1295 2369 1413 2414; x_wconf 89' lang='lat' dir='ltr'><strong>erat</strong></span> <span class='ocrx_word' id='word_1_156' title='bbox 1456 2370 1511 2415; x_wconf 91' lang='lat' dir='ltr'><strong>et</strong></span> <span class='ocrx_word' id='word_1_157' title='bbox 1557 2360 1878 2430; x_wconf 89' lang='lat' dir='ltr'><strong>jucundum,</strong></span> <span class='ocrx_word' id='word_1_158' title='bbox 1927 2359 2054 2428; x_wconf 86' lang='lat' dir='ltr'><strong>quia</strong></span> 
     </span>
    </p>
   </div>
   <div class='ocr_carea' id='block_1_24' title="bbox 484 2447 2054 2520">
    <p class='ocr_par' dir='ltr' id='par_1_24' title="bbox 484 2447 2054 2520">
     <span class='ocr_line' id='line_1_24' title="bbox 484 2447 2054 2520; baseline -0.005 -12"><span class='ocrx_word' id='word_1_159' title='bbox 484 2466 594 2508; x_wconf 88' lang='lat' dir='ltr'><strong>non</strong></span> <span class='ocrx_word' id='word_1_160' title='bbox 627 2453 825 2516; x_wconf 90' lang='lat' dir='ltr'><strong>solum,</strong></span> <span class='ocrx_word' id='word_1_161' title='bbox 853 2467 974 2520; x_wconf 76' lang='lat' dir='ltr'><strong>qua:</strong></span> <span class='ocrx_word' id='word_1_162' title='bbox 1006 2449 1215 2515; x_wconf 88' lang='lat' dir='ltr'><strong>habuit,</strong></span> <span class='ocrx_word' id='word_1_163' title='bbox 1236 2449 1329 2504; x_wconf 91' lang='lat' dir='ltr'><strong>sed</strong></span> <span class='ocrx_word' id='word_1_164' title='bbox 1361 2449 1547 2515; x_wconf 91' lang='lat' dir='ltr'><strong>etiam,</strong></span> <span class='ocrx_word' id='word_1_165' title='bbox 1581 2449 1724 2518; x_wconf 89' lang='lat' dir='ltr'><strong>quod</strong></span> <span class='ocrx_word' id='word_1_166' title='bbox 1753 2447 2054 2502; x_wconf 79' lang='lat' dir='ltr'><strong>maximum</strong></span> 
     </span>
    </p>
   </div>
   <div class='ocr_carea' id='block_1_25' title="bbox 483 2536 2052 2606">
    <p class='ocr_par' dir='ltr' id='par_1_25' title="bbox 483 2536 2052 2606">
     <span class='ocr_line' id='line_1_25' title="bbox 483 2536 2052 2606; baseline -0.003 -12"><span class='ocrx_word' id='word_1_167' title='bbox 483 2549 540 2595; x_wconf 86' lang='lat' dir='ltr'><strong>et</strong></span> <span class='ocrx_word' id='word_1_168' title='bbox 558 2540 940 2594; x_wconf 87' lang='lat' dir='ltr'><strong>cbarissimum</strong></span> <span class='ocrx_word' id='word_1_169' title='bbox 989 2538 1099 2593; x_wconf 91' lang='lat' dir='ltr'><strong>Deo</strong></span> <span class='ocrx_word' id='word_1_170' title='bbox 1133 2537 1254 2604; x_wconf 80' lang='lat' dir='ltr'><strong>fuit,</strong></span> <span class='ocrx_word' id='word_1_171' title='bbox 1287 2538 1637 2606; x_wconf 82' lang='lat' dir='ltr'><strong>semetipsum</strong></span> <span class='ocrx_word' id='word_1_172' title='bbox 1669 2536 1781 2591; x_wconf 89' lang='lat' dir='ltr'><strong>Deo</strong></span> <span class='ocrx_word' id='word_1_173' title='bbox 1823 2537 2052 2602; x_wconf 82' lang='lat' dir='ltr'><strong>obtulit,</strong></span> 
     </span>
    </p>
   </div>
   <div class='ocr_carea' id='block_1_26' title="bbox 485 2629 2055 2697">
    <p class='ocr_par' dir='ltr' id='par_1_26' title="bbox 485 2629 2055 2697">
     <span class='ocr_line' id='line_1_26' title="bbox 485 2629 2055 2697; baseline -0.002 -13"><span class='ocrx_word' id='word_1_174' title='bbox 485 2639 542 2685; x_wconf 84' lang='lat' dir='ltr'><strong>et</strong></span> <span class='ocrx_word' id='word_1_175' title='bbox 583 2629 880 2685; x_wconf 78' lang='lat' dir='ltr'><strong>fortissima</strong></span> <span class='ocrx_word' id='word_1_176' title='bbox 915 2645 1068 2683; x_wconf 84' lang='lat' dir='ltr'><strong>arma</strong></span> <span class='ocrx_word' id='word_1_177' title='bbox 1104 2629 1424 2683; x_wconf 70' lang='lat' dir='ltr'><strong>obedientiaa</strong></span> <span class='ocrx_word' id='word_1_178' title='bbox 1463 2629 1721 2697; x_wconf 86' lang='lat' dir='ltr'><strong>arripuit;</strong></span> <span class='ocrx_word' id='word_1_179' title='bbox 1761 2629 1962 2697; x_wconf 85' lang='lat' dir='ltr'><strong>quibus</strong></span> <span class='ocrx_word' id='word_1_180' title='bbox 1998 2629 2055 2681; x_wconf 89' lang='lat' dir='ltr'><strong>in</strong></span> 
     </span>
    </p>
   </div>
   <div class='ocr_carea' id='block_1_27' title="bbox 487 2718 2052 2794">
    <p class='ocr_par' dir='ltr' id='par_1_27' title="bbox 487 2718 2052 2794">
     <span class='ocr_line' id='line_1_27' title="bbox 487 2718 2052 2794; baseline -0.004 -16"><span class='ocrx_word' id='word_1_181' title='bbox 487 2723 822 2794; x_wconf 82' lang='lat' dir='ltr'><strong>monasterio</strong></span> <span class='ocrx_word' id='word_1_182' title='bbox 879 2722 969 2775; x_wconf 91' lang='lat' dir='ltr'><strong>diu</strong></span> <span class='ocrx_word' id='word_1_183' title='bbox 1026 2718 1262 2790; x_wconf 80' lang='lat' dir='ltr'><strong>perfecte</strong></span> <span class='ocrx_word' id='word_1_184' title='bbox 1315 2727 1367 2772; x_wconf 79' lang='lat' dir='ltr'><strong>et</strong></span> <span class='ocrx_word' id='word_1_185' title='bbox 1442 2719 1737 2773; x_wconf 79' lang='lat' dir='ltr'><strong>honoriﬁce</strong></span> <span class='ocrx_word' id='word_1_186' title='bbox 1781 2719 2052 2772; x_wconf 88' lang='lat' dir='ltr'><strong>militavit.</strong></span> 
     </span>
    </p>
   </div>
   <div class='ocr_carea' id='block_1_28' title="bbox 486 2807 2054 2883">
    <p class='ocr_par' dir='ltr' id='par_1_28' title="bbox 486 2807 2054 2883">
     <span class='ocr_line' id='line_1_28' title="bbox 486 2807 2054 2883; baseline -0.003 -16"><span class='ocrx_word' id='word_1_187' title='bbox 486 2809 831 2883; x_wconf 78' lang='lat' dir='ltr'><strong>Fuit&#39;quippe</strong></span> <span class='ocrx_word' id='word_1_188' title='bbox 862 2820 1083 2866; x_wconf 88' lang='lat' dir='ltr'><strong>sanctus</strong></span> <span class='ocrx_word' id='word_1_189' title='bbox 1108 2811 1208 2865; x_wconf 92' lang='lat' dir='ltr'><strong>istc</strong></span> <span class='ocrx_word' id='word_1_190' title='bbox 1231 2808 1491 2879; x_wconf 73' lang='lat' dir='ltr'><strong>pontifex,</strong></span> <span class='ocrx_word' id='word_1_191' title='bbox 1525 2818 1587 2864; x_wconf 90' lang='lat' dir='ltr'><strong>ut</strong></span> <span class='ocrx_word' id='word_1_192' title='bbox 1606 2807 1822 2876; x_wconf 81' lang='lat' dir='ltr'><strong>Joiada;</strong></span> <span class='ocrx_word' id='word_1_193' title='bbox 1871 2810 1964 2879; x_wconf 91' lang='lat' dir='ltr'><strong>qui</strong></span> <span class='ocrx_word' id='word_1_194' title='bbox 2000 2809 2054 2863; x_wconf 94' lang='lat' dir='ltr'><strong>in</strong></span> 
     </span>
    </p>
   </div>
   <div class='ocr_carea' id='block_1_29' title="bbox 488 2899 2056 2968">
    <p class='ocr_par' dir='ltr' id='par_1_29' title="bbox 488 2899 2056 2968">
     <span class='ocr_line' id='line_1_29' title="bbox 488 2899 2056 2968; baseline -0.003 -12"><span class='ocrx_word' id='word_1_195' title='bbox 488 2903 599 2956; x_wconf 84' lang='lat' dir='ltr'><strong>vita</strong></span> <span class='ocrx_word' id='word_1_196' title='bbox 623 2918 720 2955; x_wconf 86' lang='lat' dir='ltr'><strong>sua</strong></span> <span class='ocrx_word' id='word_1_197' title='bbox 747 2900 1122 2954; x_wconf 86' lang='lat' dir='ltr'><strong>corroboravit</strong></span> <span class='ocrx_word' id='word_1_198' title='bbox 1151 2901 1432 2968; x_wconf 88' lang='lat' dir='ltr'><strong>templum,</strong></span> <span class='ocrx_word' id='word_1_199' title='bbox 1458 2907 1512 2953; x_wconf 89' lang='lat' dir='ltr'><strong>et</strong></span> <span class='ocrx_word' id='word_1_200' title='bbox 1534 2899 1689 2968; x_wconf 91' lang='lat' dir='ltr'><strong>quasi</strong></span> <span class='ocrx_word' id='word_1_201' title='bbox 1721 2900 1821 2953; x_wconf 88' lang='lat' dir='ltr'><strong>llos</strong></span> <span class='ocrx_word' id='word_1_202' title='bbox 1858 2900 1912 2952; x_wconf 92' lang='lat' dir='ltr'><strong>in</strong></span> <span class='ocrx_word' id='word_1_203' title='bbox 1941 2899 2056 2953; x_wconf 83' lang='lat' dir='ltr'><strong>die-</strong></span> 
     </span>
    </p>
   </div>
   <div class='ocr_carea' id='block_1_30' title="bbox 493 2987 2058 3055">
    <p class='ocr_par' dir='ltr' id='par_1_30' title="bbox 493 2987 2058 3055">
     <span class='ocr_line' id='line_1_30' title="bbox 493 2987 2058 3055; baseline -0.004 -9"><span class='ocrx_word' id='word_1_204' title='bbox 493 2991 599 3046; x_wconf 88' lang='lat' dir='ltr'><strong>bus</strong></span> <span class='ocrx_word' id='word_1_205' title='bbox 634 2991 816 3044; x_wconf 87' lang='lat' dir='ltr'><strong>vernis</strong></span> <span class='ocrx_word' id='word_1_206' title='bbox 855 2989 1274 3051; x_wconf 85' lang='lat' dir='ltr'><strong>demonstratus,</strong></span> <span class='ocrx_word' id='word_1_207' title='bbox 1318 2988 1518 3041; x_wconf 88' lang='lat' dir='ltr'><strong>rubore</strong></span> <span class='ocrx_word' id='word_1_208' title='bbox 1550 2989 1821 3055; x_wconf 85' lang='lat' dir='ltr'><strong>passionis</strong></span> <span class='ocrx_word' id='word_1_209' title='bbox 1851 2987 1906 3040; x_wconf 92' lang='lat' dir='ltr'><strong>in</strong></span> <span class='ocrx_word' id='word_1_210' title='bbox 1951 2987 2058 3040; x_wconf 82' lang='lat' dir='ltr'><strong>ﬁne</strong></span> 
     </span>
    </p>
   </div>
   <div class='ocr_carea' id='block_1_31' title="bbox 489 3075 2059 3152">
    <p class='ocr_par' dir='ltr' id='par_1_31' title="bbox 489 3075 2059 3152">
     <span class='ocr_line' id='line_1_31' title="bbox 489 3075 2059 3152; baseline -0.005 -16"><span class='ocrx_word' id='word_1_211' title='bbox 489 3091 814 3152; x_wconf 88' lang='lat' dir='ltr'><strong>perornatur</strong></span> <span class='ocrx_word' id='word_1_212' title='bbox 837 3077 1026 3148; x_wconf 79' lang='lat' dir='ltr'><strong>(Eccli.</strong></span> <span class='ocrx_word' id='word_1_213' title='bbox 1054 3079 1126 3146; x_wconf 76' lang='lat'><strong>1.).</strong></span> <span class='ocrx_word' id='word_1_214' title='bbox 1141 3076 1310 3146; x_wconf 86' lang='lat' dir='ltr'><strong>Cujus</strong></span> <span class='ocrx_word' id='word_1_215' title='bbox 1325 3077 1467 3130; x_wconf 90' lang='lat' dir='ltr'><strong>labia</strong></span> <span class='ocrx_word' id='word_1_216' title='bbox 1489 3076 1867 3132; x_wconf 83' lang='lat' dir='ltr'><strong>custodiebant</strong></span> <span class='ocrx_word' id='word_1_217' title='bbox 1888 3075 2059 3129; x_wconf 80' lang='lat' dir='ltr'><strong>scien-</strong></span> 
     </span>
    </p>
   </div>
   <div class='ocr_carea' id='block_1_32' title="bbox 488 3169 2054 3241">
    <p class='ocr_par' dir='ltr' id='par_1_32' title="bbox 488 3169 2054 3241">
     <span class='ocr_line' id='line_1_32' title="bbox 488 3169 2054 3241; baseline -0.004 -13"><span class='ocrx_word' id='word_1_218' title='bbox 488 3174 644 3239; x_wconf 85' lang='lat' dir='ltr'><strong>tiam,</strong></span> <span class='ocrx_word' id='word_1_219' title='bbox 681 3181 737 3227; x_wconf 91' lang='lat' dir='ltr'><strong>et</strong></span> <span class='ocrx_word' id='word_1_220' title='bbox 770 3172 924 3225; x_wconf 91' lang='lat' dir='ltr'><strong>multi</strong></span> <span class='ocrx_word' id='word_1_221' title='bbox 960 3171 1306 3241; x_wconf 85' lang='lat' dir='ltr'><strong>requirebant</strong></span> <span class='ocrx_word' id='word_1_222' title='bbox 1347 3171 1518 3240; x_wconf 80' lang='lat' dir='ltr'><strong>legem</strong></span> <span class='ocrx_word' id='word_1_223' title='bbox 1548 3185 1613 3223; x_wconf 79' lang='lat' dir='ltr'><strong>ex</strong></span> <span class='ocrx_word' id='word_1_224' title='bbox 1639 3184 1733 3224; x_wconf 90' lang='lat' dir='ltr'><strong>ore</strong></span> <span class='ocrx_word' id='word_1_225' title='bbox 1754 3169 1900 3237; x_wconf 87' lang='lat' dir='ltr'><strong>ejus;</strong></span> <span class='ocrx_word' id='word_1_226' title='bbox 1929 3169 2054 3239; x_wconf 84' lang='lat' dir='ltr'><strong>quia</strong></span> 
     </span>
    </p>
   </div>
   <div class='ocr_carea' id='block_1_33' title="bbox 490 3258 2054 3334">
    <p class='ocr_par' dir='ltr' id='par_1_33' title="bbox 490 3258 2054 3334">
     <span class='ocr_line' id='line_1_33' title="bbox 490 3258 2054 3334; baseline -0.004 -16"><span class='ocrx_word' id='word_1_227' title='bbox 490 3262 955 3334; x_wconf 27' lang='lat' dir='ltr'><strong>angelus‘Domini</strong></span> <span class='ocrx_word' id='word_1_228' title='bbox 993 3262 1327 3316; x_wconf 79' lang='lat' dir='ltr'><strong>exercituum</strong></span> <span class='ocrx_word' id='word_1_229' title='bbox 1367 3269 1484 3314; x_wconf 88' lang='lat' dir='ltr'><strong>erat</strong></span> <span class='ocrx_word' id='word_1_230' title='bbox 1507 3260 1687 3330; x_wconf 50' lang='grc' dir='ltr'><em>(Μαιη</em></span> <span class='ocrx_word' id='word_1_231' title='bbox 1715 3258 1798 3329; x_wconf 85' lang='lat' dir='ltr'><strong>n),</strong></span> <span class='ocrx_word' id='word_1_232' title='bbox 1839 3275 2054 3313; x_wconf 87' lang='lat' dir='ltr'><strong>annun-</strong></span> 
     </span>
    </p>
   </div>
   <div class='ocr_carea' id='block_1_34' title="bbox 492 3347 2058 3417">
    <p class='ocr_par' dir='ltr' id='par_1_34' title="bbox 492 3347 2058 3417">
     <span class='ocr_line' id='line_1_34' title="bbox 492 3347 2058 3417; baseline -0.004 -11"><span class='ocrx_word' id='word_1_233' title='bbox 492 3352 638 3409; x_wconf 75' lang='lat' dir='ltr'><strong>tians</strong></span> <span class='ocrx_word' id='word_1_234' title='bbox 670 3352 896 3405; x_wconf 89' lang='lat' dir='ltr'><strong>verbum</strong></span> <span class='ocrx_word' id='word_1_235' title='bbox 930 3352 1073 3414; x_wconf 63' lang='lat' dir='ltr'><strong>vitm,</strong></span> <span class='ocrx_word' id='word_1_236' title='bbox 1111 3365 1206 3417; x_wconf 84' lang='lat' dir='ltr'><strong>per</strong></span> <span class='ocrx_word' id='word_1_237' title='bbox 1247 3358 1532 3417; x_wconf 87' lang='lat' dir='ltr'><strong>angustam</strong></span> <span class='ocrx_word' id='word_1_238' title='bbox 1577 3358 1789 3416; x_wconf 88' lang='lat' dir='ltr'><strong>portam</strong></span> <span class='ocrx_word' id='word_1_239' title='bbox 1831 3347 2058 3403; x_wconf 76' lang='lat' dir='ltr'><strong>“studens</strong></span> 
     </span>
    </p>
   </div>
   <div class='ocr_carea' id='block_1_35' title="bbox 494 3435 2059 3506">
    <p class='ocr_par' dir='ltr' id='par_1_35' title="bbox 494 3435 2059 3506">
     <span class='ocr_line' id='line_1_35' title="bbox 494 3435 2059 3506; baseline -0.005 -11"><span class='ocrx_word' id='word_1_240' title='bbox 494 3456 624 3497; x_wconf 85' lang='lat' dir='ltr'><strong>oves</strong></span> <span class='ocrx_word' id='word_1_241' title='bbox 664 3440 768 3494; x_wconf 86' lang='lat' dir='ltr'><strong>sibi</strong></span> <span class='ocrx_word' id='word_1_242' title='bbox 803 3439 1036 3493; x_wconf 88' lang='lat' dir='ltr'><strong>creditas</strong></span> <span class='ocrx_word' id='word_1_243' title='bbox 1063 3436 1408 3506; x_wconf 80' lang='lat' dir='ltr'><strong>quotidianis</strong></span> <span class='ocrx_word' id='word_1_244' title='bbox 1441 3437 1779 3491; x_wconf 85' lang='lat' dir='ltr'><strong>documentis</strong></span> <span class='ocrx_word' id='word_1_245' title='bbox 1814 3435 2059 3488; x_wconf 86' lang='lat' dir='ltr'><strong>introdu-</strong></span> 
     </span>
    </p>
   </div>
   <div class='ocr_carea' id='block_1_36' title="bbox 494 3525 2059 3588">
    <p class='ocr_par' dir='ltr' id='par_1_36' title="bbox 494 3525 2059 3588">
     <span class='ocr_line' id='line_1_36' title="bbox 494 3525 2059 3588; baseline -0.006 0"><span class='ocrx_word' id='word_1_246' title='bbox 494 3547 634 3588; x_wconf 85' lang='lat' dir='ltr'><strong>cere.</strong></span> <span class='ocrx_word' id='word_1_247' title='bbox 690 3530 813 3584; x_wconf 81' lang='lat' dir='ltr'><strong>Fuit</strong></span> <span class='ocrx_word' id='word_1_248' title='bbox 854 3530 1016 3583; x_wconf 86' lang='lat' dir='ltr'><strong>etiam</strong></span> <span class='ocrx_word' id='word_1_249' title='bbox 1065 3527 1264 3581; x_wconf 90' lang='lat' dir='ltr'><strong>animal</strong></span> <span class='ocrx_word' id='word_1_250' title='bbox 1313 3534 1438 3580; x_wconf 88' lang='lat' dir='ltr'><strong>ante</strong></span> <span class='ocrx_word' id='word_1_251' title='bbox 1497 3535 1553 3579; x_wconf 92' lang='lat' dir='ltr'><strong>et</strong></span> <span class='ocrx_word' id='word_1_252' title='bbox 1604 3535 1749 3580; x_wconf 90' lang='lat' dir='ltr'><strong>retro</strong></span> <span class='ocrx_word' id='word_1_253' title='bbox 1785 3525 2059 3579; x_wconf 90' lang='lat' dir='ltr'><strong>oculatum</strong></span> 
     </span>
    </p>
   </div>
   <div class='ocr_carea' id='block_1_37' title="bbox 493 3614 2058 3692">
    <p class='ocr_par' dir='ltr' id='par_1_37' title="bbox 493 3614 2058 3692">
     <span class='ocr_line' id='line_1_37' title="bbox 493 3614 2058 3692; baseline -0.002 -20"><span class='ocrx_word' id='word_1_254' title='bbox 493 3619 709 3692; x_wconf 70' lang='lat' dir='ltr'><strong>(Ezecli.</strong></span> <span class='ocrx_word' id='word_1_255' title='bbox 752 3620 813 3685; x_wconf 85' lang='lat' dir='ltr'><strong>l),</strong></span> <span class='ocrx_word' id='word_1_256' title='bbox 856 3618 1280 3686; x_wconf 89' lang='lat' dir='ltr'><strong>circumquaque</strong></span> <span class='ocrx_word' id='word_1_257' title='bbox 1329 3615 1666 3686; x_wconf 89' lang='lat' dir='ltr'><strong>prospiciens</strong></span> <span class='ocrx_word' id='word_1_258' title='bbox 1704 3614 1931 3668; x_wconf 88' lang='lat' dir='ltr'><strong>insidias</strong></span> <span class='ocrx_word' id='word_1_259' title='bbox 1961 3629 2058 3669; x_wconf 88' lang='lat' dir='ltr'><strong>ne-</strong></span> 
     </span>
    </p>
   </div>
   <div class='ocr_carea' id='block_1_38' title="bbox 491 3703 2061 3777">
    <p class='ocr_par' dir='ltr' id='par_1_38' title="bbox 491 3703 2061 3777">
     <span class='ocr_line' id='line_1_38' title="bbox 491 3703 2061 3777; baseline -0.004 -14"><span class='ocrx_word' id='word_1_260' title='bbox 491 3703 743 3777; x_wconf 86' lang='lat' dir='ltr'><strong>quissimi</strong></span> <span class='ocrx_word' id='word_1_261' title='bbox 778 3706 968 3770; x_wconf 88' lang='lat' dir='ltr'><strong>hostis,</strong></span> <span class='ocrx_word' id='word_1_262' title='bbox 996 3705 1227 3761; x_wconf 83' lang='lat' dir='ltr'><strong>ethicam</strong></span> <span class='ocrx_word' id='word_1_263' title='bbox 1250 3703 1542 3756; x_wconf 86' lang='lat' dir='ltr'><strong>virtutibus</strong></span> <span class='ocrx_word' id='word_1_264' title='bbox 1565 3703 1818 3757; x_wconf 89' lang='lat' dir='ltr'><strong>omnibus</strong></span> <span class='ocrx_word' id='word_1_265' title='bbox 1847 3703 2061 3771; x_wconf 87' lang='lat' dir='ltr'><strong>plenam</strong></span> 
     </span>
    </p>
   </div>
   <div class='ocr_carea' id='block_1_39' title="bbox 495 3789 2060 3865">
    <p class='ocr_par' dir='ltr' id='par_1_39' title="bbox 495 3789 2060 3865">
     <span class='ocr_line' id='line_1_39' title="bbox 495 3789 2060 3865; baseline -0.004 -16"><span class='ocrx_word' id='word_1_266' title='bbox 495 3810 691 3865; x_wconf 85' lang='lat' dir='ltr'><strong>capere</strong></span> <span class='ocrx_word' id='word_1_267' title='bbox 727 3794 924 3858; x_wconf 90' lang='lat' dir='ltr'><strong>nitens,</strong></span> <span class='ocrx_word' id='word_1_268' title='bbox 955 3801 1203 3862; x_wconf 81' lang='lat' dir='ltr'><strong>aratrum</strong></span> <span class='ocrx_word' id='word_1_269' title='bbox 1225 3791 1573 3844; x_wconf 89' lang='lat' dir='ltr'><strong>Dominicum</strong></span> <span class='ocrx_word' id='word_1_270' title='bbox 1609 3789 1825 3858; x_wconf 35' lang='lat' dir='ltr'><strong>fortiter,</strong></span> <span class='ocrx_word' id='word_1_271' title='bbox 1851 3800 2060 3856; x_wconf 86' lang='lat' dir='ltr'><strong>tenens,</strong></span> 
     </span>
    </p>
   </div>
   <div class='ocr_carea' id='block_1_40' title="bbox 497 3874 2064 3944">
    <p class='ocr_par' dir='ltr' id='par_1_40' title="bbox 497 3874 2064 3944">
     <span class='ocr_line' id='line_1_40' title="bbox 497 3874 2064 3944; baseline -0.005 -6"><span class='ocrx_word' id='word_1_272' title='bbox 497 3900 608 3939; x_wconf 83' lang='lat' dir='ltr'><strong>non</strong></span> <span class='ocrx_word' id='word_1_273' title='bbox 646 3892 956 3944; x_wconf 70' lang='lat' dir='ltr'><strong>tortuosum</strong></span> <span class='ocrx_word' id='word_1_274' title='bbox 992 3882 1205 3936; x_wconf 89' lang='lat' dir='ltr'><strong>sulcum</strong></span> <span class='ocrx_word' id='word_1_275' title='bbox 1235 3877 1493 3944; x_wconf 78' lang='lat' dir='ltr'><strong>faciebat;</strong></span> <span class='ocrx_word' id='word_1_276' title='bbox 1527 3878 1621 3932; x_wconf 85' lang='lat' dir='ltr'><strong>sed</strong></span> <span class='ocrx_word' id='word_1_277' title='bbox 1665 3874 1812 3932; x_wconf 80' lang='lat' dir='ltr'><strong>caste</strong></span> <span class='ocrx_word' id='word_1_278' title='bbox 1836 3878 2064 3932; x_wconf 85' lang='lat' dir='ltr'><strong>vivendo</strong></span> 
     </span>
    </p>
   </div>
   <div class='ocr_carea' id='block_1_41' title="bbox 499 3963 2065 4041">
    <p class='ocr_par' dir='ltr' id='par_1_41' title="bbox 499 3963 2065 4041">
     <span class='ocr_line' id='line_1_41' title="bbox 499 3963 2065 4041; baseline -0.004 -14"><span class='ocrx_word' id='word_1_279' title='bbox 499 3972 806 4041; x_wconf 73' lang='lat' dir='ltr'><strong>exemplum</strong></span> <span class='ocrx_word' id='word_1_280' title='bbox 829 3971 1031 4025; x_wconf 88' lang='lat' dir='ltr'><strong>bonum</strong></span> <span class='ocrx_word' id='word_1_281' title='bbox 1065 3967 1298 4024; x_wconf 86' lang='lat' dir='ltr'><strong>subditis</strong></span> <span class='ocrx_word' id='word_1_282' title='bbox 1322 3966 1630 4036; x_wconf 63' lang='lat' dir='ltr'><strong>praebendo,</strong></span> <span class='ocrx_word' id='word_1_283' title='bbox 1667 3964 1879 4041; x_wconf 79' lang='lat' dir='ltr'><strong>scalam.</strong></span> <span class='ocrx_word' id='word_1_284' title='bbox 1898 3963 2065 4022; x_wconf 74' lang='lat' dir='ltr'><strong>Jacob</strong></span> 
     </span>
    </p>
   </div>
   <div class='ocr_carea' id='block_1_42' title="bbox 500 4056 2067 4132">
    <p class='ocr_par' dir='ltr' id='par_1_42' title="bbox 500 4056 2067 4132">
     <span class='ocr_line' id='line_1_42' title="bbox 500 4056 2067 4132; baseline -0.004 -15"><span class='ocrx_word' id='word_1_285' title='bbox 500 4062 652 4132; x_wconf 73' lang='lat' dir='ltr'><strong>(Ceu.</strong></span> <span class='ocrx_word' id='word_1_286' title='bbox 699 4062 888 4130; x_wconf 77' lang='lat' dir='ltr'><strong>xxvm)</strong></span> <span class='ocrx_word' id='word_1_287' title='bbox 923 4062 988 4114; x_wconf 88' lang='lat' dir='ltr'><strong>de</strong></span> <span class='ocrx_word' id='word_1_288' title='bbox 1020 4059 1248 4114; x_wconf 87' lang='lat' dir='ltr'><strong>diversis</strong></span> <span class='ocrx_word' id='word_1_289' title='bbox 1278 4056 1620 4126; x_wconf 82' lang='lat' dir='ltr'><strong>prolectunm</strong></span> <span class='ocrx_word' id='word_1_290' title='bbox 1650 4057 1906 4127; x_wconf 78' lang='lat' dir='ltr'><strong>gradibus</strong></span> <span class='ocrx_word' id='word_1_291' title='bbox 1938 4071 2067 4115; x_wconf 84' lang='lat' dir='ltr'><strong>con-</strong></span> 
     </span>
    </p>
   </div>
   <div class='ocr_carea' id='block_1_43' title="bbox 499 4147 1457 4220">
    <p class='ocr_par' dir='ltr' id='par_1_43' title="bbox 499 4147 1457 4220">
     <span class='ocr_line' id='line_1_43' title="bbox 499 4147 1457 4220; baseline -0.01 -11"><span class='ocrx_word' id='word_1_292' title='bbox 499 4161 703 4210; x_wconf 84' lang='lat' dir='ltr'><strong>sertam</strong></span> <span class='ocrx_word' id='word_1_293' title='bbox 728 4150 1083 4220; x_wconf 91' lang='lat' dir='ltr'><strong>tripudianter</strong></span> <span class='ocrx_word' id='word_1_294' title='bbox 1111 4147 1457 4202; x_wconf 88' lang='lat' dir='ltr'><strong>ascendebat.</strong></span> 
     </span>
    </p>
   </div>
   <div class='ocr_carea' id='block_1_44' title="bbox 573 4237 2070 4313">
    <p class='ocr_par' dir='ltr' id='par_1_44' title="bbox 573 4237 2070 4313">
     <span class='ocr_line' id='line_1_44' title="bbox 573 4237 2070 4313; baseline -0.004 -15"><span class='ocrx_word' id='word_1_295' title='bbox 573 4245 714 4313; x_wconf 84' lang='lat' dir='ltr'><strong>Quid</strong></span> <span class='ocrx_word' id='word_1_296' title='bbox 755 4245 896 4297; x_wconf 88' lang='lat' dir='ltr'><strong>ultra</strong></span> <span class='ocrx_word' id='word_1_297' title='bbox 931 4239 1243 4299; x_wconf 87' lang='lat' dir='ltr'><strong>moramur?</strong></span> <span class='ocrx_word' id='word_1_298' title='bbox 1277 4238 1536 4292; x_wconf 88' lang='lat' dir='ltr'><strong>Conditor</strong></span> <span class='ocrx_word' id='word_1_299' title='bbox 1573 4237 1742 4304; x_wconf 86' lang='lat' dir='ltr'><strong>orbis,</strong></span> <span class='ocrx_word' id='word_1_300' title='bbox 1790 4238 1878 4293; x_wconf 83' lang='lat' dir='ltr'><strong>cui</strong></span> <span class='ocrx_word' id='word_1_301' title='bbox 1907 4237 2070 4308; x_wconf 80' lang='lat' dir='ltr'><strong>digne</strong></span> 
     </span>
    </p>
   </div>
   <div class='ocr_carea' id='block_1_45' title="bbox 438 4329 2067 4404">
    <p class='ocr_par' dir='ltr' id='par_1_45' title="bbox 438 4329 2067 4404">
     <span class='ocr_line' id='line_1_45' title="bbox 438 4329 2067 4404; baseline -0.004 -13"><span class='ocrx_word' id='word_1_302' title='bbox 438 4368 446 4376; x_wconf 75' lang='grc' dir='ltr'><strong><em>σ</em></strong></span> <span class='ocrx_word' id='word_1_303' title='bbox 500 4336 753 4391; x_wconf 86' lang='lat' dir='ltr'><strong>militavit</strong></span> <span class='ocrx_word' id='word_1_304' title='bbox 794 4335 903 4398; x_wconf 35' lang='lat' dir='ltr'><strong>iste,</strong></span> <span class='ocrx_word' id='word_1_305' title='bbox 934 4333 1145 4397; x_wconf 87' lang='lat' dir='ltr'><strong>beatus,</strong></span> <span class='ocrx_word' id='word_1_306' title='bbox 1183 4338 1371 4400; x_wconf 89' lang='lat' dir='ltr'><strong>aperte</strong></span> <span class='ocrx_word' id='word_1_307' title='bbox 1398 4329 1732 4400; x_wconf 72' lang='lat' dir='ltr'><strong>monstravit</strong></span> <span class='ocrx_word' id='word_1_308' title='bbox 1770 4331 1905 4396; x_wconf 89' lang='lat' dir='ltr'><strong>suis,</strong></span> <span class='ocrx_word' id='word_1_309' title='bbox 1958 4330 2067 4404; x_wconf 83' lang='lat' dir='ltr'><strong>sci-</strong></span> 
     </span>
    </p>
   </div>
   <div class='ocr_carea' id='block_1_46' title="bbox 2151 729 3736 804">
    <p class='ocr_par' dir='ltr' id='par_1_46' title="bbox 2151 729 3736 804">
     <span class='ocr_line' id='line_1_46' title="bbox 2151 729 3736 804; baseline 0.003 -19"><span class='ocrx_word' id='word_1_310' title='bbox 2151 731 2367 786; x_wconf 91' lang='lat' dir='ltr'><strong>illorum</strong></span> <span class='ocrx_word' id='word_1_311' title='bbox 2392 729 2622 784; x_wconf 86' lang='lat' dir='ltr'><strong>diversis</strong></span> <span class='ocrx_word' id='word_1_312' title='bbox 2658 730 2992 786; x_wconf 89' lang='lat' dir='ltr'><strong>cruciatibus</strong></span> <span class='ocrx_word' id='word_1_313' title='bbox 3037 732 3285 801; x_wconf 88' lang='lat' dir='ltr'><strong>permisit</strong></span> <span class='ocrx_word' id='word_1_314' title='bbox 3322 735 3564 804; x_wconf 84' lang='lat' dir='ltr'><strong>purgari,</strong></span> <span class='ocrx_word' id='word_1_315' title='bbox 3600 748 3736 789; x_wconf 82' lang='lat' dir='ltr'><strong>cor-</strong></span> 
     </span>
    </p>
   </div>
   <div class='ocr_carea' id='block_1_47' title="bbox 2150 822 3735 896">
    <p class='ocr_par' dir='ltr' id='par_1_47' title="bbox 2150 822 3735 896">
     <span class='ocr_line' id='line_1_47' title="bbox 2150 822 3735 896; baseline 0.004 -20"><span class='ocrx_word' id='word_1_316' title='bbox 2150 840 2251 894; x_wconf 92' lang='lat' dir='ltr'><strong>pus</strong></span> <span class='ocrx_word' id='word_1_317' title='bbox 2272 822 2467 888; x_wconf 90' lang='lat' dir='ltr'><strong>occidi,</strong></span> <span class='ocrx_word' id='word_1_318' title='bbox 2489 831 2612 892; x_wconf 91' lang='lat' dir='ltr'><strong>post</strong></span> <span class='ocrx_word' id='word_1_319' title='bbox 2646 830 2877 877; x_wconf 88' lang='lat' dir='ltr'><strong>mortem</strong></span> <span class='ocrx_word' id='word_1_320' title='bbox 2906 838 3034 878; x_wconf 90' lang='lat' dir='ltr'><strong>vero</strong></span> <span class='ocrx_word' id='word_1_321' title='bbox 3069 823 3122 878; x_wconf 91' lang='lat' dir='ltr'><strong>in</strong></span> <span class='ocrx_word' id='word_1_322' title='bbox 3154 825 3339 878; x_wconf 91' lang='lat' dir='ltr'><strong>animo</strong></span> <span class='ocrx_word' id='word_1_323' title='bbox 3389 833 3444 880; x_wconf 89' lang='lat' dir='ltr'><strong>et</strong></span> <span class='ocrx_word' id='word_1_324' title='bbox 3493 840 3735 896; x_wconf 76' lang='lat' dir='ltr'><strong>corpora</strong></span> 
     </span>
    </p>
   </div>
   <div class='ocr_carea' id='block_1_48' title="bbox 2151 913 3735 984">
    <p class='ocr_par' dir='ltr' id='par_1_48' title="bbox 2151 913 3735 984">
     <span class='ocr_line' id='line_1_48' title="bbox 2151 913 3735 984; baseline 0.004 -17"><span class='ocrx_word' id='word_1_325' title='bbox 2151 915 2265 984; x_wconf 90' lang='lat' dir='ltr'><strong>ipse</strong></span> <span class='ocrx_word' id='word_1_326' title='bbox 2300 913 2566 968; x_wconf 89' lang='lat' dir='ltr'><strong>Dominus</strong></span> <span class='ocrx_word' id='word_1_327' title='bbox 2605 913 3002 968; x_wconf 88' lang='lat' dir='ltr'><strong>dominantium</strong></span> <span class='ocrx_word' id='word_1_328' title='bbox 3034 915 3206 969; x_wconf 84' lang='lat' dir='ltr'><strong>voluit</strong></span> <span class='ocrx_word' id='word_1_329' title='bbox 3247 916 3536 971; x_wconf 87' lang='lat' dir='ltr'><strong>dominari.</strong></span> <span class='ocrx_word' id='word_1_330' title='bbox 3585 918 3735 975; x_wconf 71' lang='lat' dir='ltr'><strong>Dicit</strong></span> 
     </span>
    </p>
   </div>
   <div class='ocr_carea' id='block_1_49' title="bbox 2149 1004 3732 1079">
    <p class='ocr_par' dir='ltr' id='par_1_49' title="bbox 2149 1004 3732 1079">
     <span class='ocr_line' id='line_1_49' title="bbox 2149 1004 3732 1079; baseline 0.003 -18"><span class='ocrx_word' id='word_1_331' title='bbox 2149 1006 2293 1061; x_wconf 91' lang='lat' dir='ltr'><strong>enim</strong></span> <span class='ocrx_word' id='word_1_332' title='bbox 2321 1006 2436 1076; x_wconf 91' lang='lat' dir='ltr'><strong>ipse</strong></span> <span class='ocrx_word' id='word_1_333' title='bbox 2471 1004 2526 1060; x_wconf 88' lang='lat' dir='ltr'><strong>in</strong></span> <span class='ocrx_word' id='word_1_334' title='bbox 2553 1005 2846 1078; x_wconf 79' lang='lat' dir='ltr'><strong>Evangelia</strong></span> <span class='ocrx_word' id='word_1_335' title='bbox 2873 1025 2884 1061; x_wconf 91' lang='lat'>:</span> <span class='ocrx_word' id='word_1_336' title='bbox 2914 1005 3095 1062; x_wconf 80' lang='lat' dir='ltr'><strong>Nolite</strong></span> <span class='ocrx_word' id='word_1_337' title='bbox 3116 1010 3301 1062; x_wconf 85' lang='lat' dir='ltr'><strong>timere</strong></span> <span class='ocrx_word' id='word_1_338' title='bbox 3332 1026 3418 1063; x_wconf 87' lang='lat' dir='ltr'><strong>eos</strong></span> <span class='ocrx_word' id='word_1_339' title='bbox 3453 1011 3544 1079; x_wconf 78' lang='lat' dir='ltr'><strong>qui</strong></span> <span class='ocrx_word' id='word_1_340' title='bbox 3579 1013 3732 1066; x_wconf 70' lang='lat' dir='ltr'><strong>occi~</strong></span> 
     </span>
    </p>
   </div>
   <div class='ocr_carea' id='block_1_50' title="bbox 2150 1095 3732 1169">
    <p class='ocr_par' dir='ltr' id='par_1_50' title="bbox 2150 1095 3732 1169">
     <span class='ocr_line' id='line_1_50' title="bbox 2150 1095 3732 1169; baseline 0.006 -23"><span class='ocrx_word' id='word_1_341' title='bbox 2150 1096 2280 1148; x_wconf 84' lang='lat' dir='ltr'><strong>dunt</strong></span> <span class='ocrx_word' id='word_1_342' title='bbox 2299 1111 2486 1164; x_wconf 81' lang='lat' dir='ltr'><strong>corpus</strong></span> <span class='ocrx_word' id='word_1_343' title='bbox 2509 1103 2623 1164; x_wconf 85' lang='lat' dir='ltr'><strong>post</strong></span> <span class='ocrx_word' id='word_1_344' title='bbox 2645 1095 2754 1149; x_wconf 72' lang='lat' dir='ltr'><strong>lucc</strong></span> <span class='ocrx_word' id='word_1_345' title='bbox 2780 1111 2881 1157; x_wconf 78' lang='lat' dir='ltr'><strong>non</strong></span> <span class='ocrx_word' id='word_1_346' title='bbox 2908 1096 3098 1150; x_wconf 79' lang='lat' dir='ltr'><strong>habent</strong></span> <span class='ocrx_word' id='word_1_347' title='bbox 3121 1097 3349 1167; x_wconf 79' lang='lat' dir='ltr'><strong>amplius</strong></span> <span class='ocrx_word' id='word_1_348' title='bbox 3370 1106 3495 1168; x_wconf 78' lang='lat' dir='ltr'><strong>qu.d</strong></span> <span class='ocrx_word' id='word_1_349' title='bbox 3520 1100 3732 1169; x_wconf 76' lang='lat' dir='ltr'><strong>faciant</strong></span> 
     </span>
    </p>
   </div>
   <div class='ocr_carea' id='block_1_51' title="bbox 2153 1183 3731 1258">
    <p class='ocr_par' dir='ltr' id='par_1_51' title="bbox 2153 1183 3731 1258">
     <span class='ocr_line' id='line_1_51' title="bbox 2153 1183 3731 1258; baseline 0.005 -20"><span class='ocrx_word' id='word_1_350' title='bbox 2153 1183 2368 1255; x_wconf 78' lang='lat' dir='ltr'><strong>(Matth.</strong></span> <span class='ocrx_word' id='word_1_351' title='bbox 2423 1202 2486 1252; x_wconf 85' lang='lat' dir='ltr'><strong>x,</strong></span> <span class='ocrx_word' id='word_1_352' title='bbox 2528 1185 2655 1240; x_wconf 86' lang='lat' dir='ltr'><strong>Luc.</strong></span> <span class='ocrx_word' id='word_1_353' title='bbox 2699 1186 2818 1257; x_wconf 81' lang='lat' dir='ltr'><strong>xu).</strong></span> <span class='ocrx_word' id='word_1_354' title='bbox 2859 1185 2924 1241; x_wconf 82' lang='lat' dir='ltr'><strong>Et</strong></span> <span class='ocrx_word' id='word_1_355' title='bbox 2971 1188 3096 1241; x_wconf 88' lang='lat' dir='ltr'><strong>alibi</strong></span> <span class='ocrx_word' id='word_1_356' title='bbox 3146 1189 3399 1258; x_wconf 89' lang='lat' dir='ltr'><strong>promisit</strong></span> <span class='ocrx_word' id='word_1_357' title='bbox 3431 1189 3550 1246; x_wconf 84' lang='lat' dir='ltr'><strong>suis</strong></span> <span class='ocrx_word' id='word_1_358' title='bbox 3588 1190 3731 1246; x_wconf 51' lang='lat' dir='ltr'><strong>ﬁde-s</strong></span> 
     </span>
    </p>
   </div>
   <div class='ocr_carea' id='block_1_52' title="bbox 2151 1274 3730 1351">
    <p class='ocr_par' dir='ltr' id='par_1_52' title="bbox 2151 1274 3730 1351">
     <span class='ocr_line' id='line_1_52' title="bbox 2151 1274 3730 1351; baseline 0.003 -22"><span class='ocrx_word' id='word_1_359' title='bbox 2151 1275 2344 1330; x_wconf 88' lang='lat' dir='ltr'><strong>libus:</strong></span> <span class='ocrx_word' id='word_1_360' title='bbox 2402 1274 2470 1328; x_wconf 86' lang='lat' dir='ltr'><strong>Et</strong></span> <span class='ocrx_word' id='word_1_361' title='bbox 2533 1276 2758 1346; x_wconf 74' lang='lat' dir='ltr'><strong>capillus</strong></span> <span class='ocrx_word' id='word_1_362' title='bbox 2809 1277 2874 1331; x_wconf 80' lang='lat' dir='ltr'><strong>de</strong></span> <span class='ocrx_word' id='word_1_363' title='bbox 2926 1279 3100 1348; x_wconf 72' lang='lat' dir='ltr'><strong>capite</strong></span> <span class='ocrx_word' id='word_1_364' title='bbox 3150 1277 3318 1333; x_wconf 73' lang='lat' dir='ltr'><strong>vestro</strong></span> <span class='ocrx_word' id='word_1_365' title='bbox 3373 1295 3478 1334; x_wconf 77' lang='lat' dir='ltr'><strong>non</strong></span> <span class='ocrx_word' id='word_1_366' title='bbox 3533 1280 3730 1351; x_wconf 77' lang='lat' dir='ltr'><strong>peribit</strong></span> 
     </span>
    </p>
   </div>
   <div class='ocr_carea' id='block_1_53' title="bbox 2153 1354 2962 1443">
    <p class='ocr_par' dir='ltr' id='par_1_53' title="bbox 2153 1354 2962 1443">
     <span class='ocr_line' id='line_1_53' title="bbox 2153 1354 2962 1443; baseline 0.004 -24"><span class='ocrx_word' id='word_1_367' title='bbox 2153 1354 2303 1438; x_wconf 82' lang='lat' dir='ltr'><strong>(Luc.</strong></span> <span class='ocrx_word' id='word_1_368' title='bbox 2323 1369 2472 1439; x_wconf 71' lang='lat' dir='ltr'><strong>ut.)</strong></span> <span class='ocrx_word' id='word_1_369' title='bbox 2949 1431 2962 1443; x_wconf 34' lang='grc' dir='ltr'><em>ι</em></span> 
     </span>
    </p>
   </div>
   <div class='ocr_carea' id='block_1_54' title="bbox 2222 1453 3733 1532">
    <p class='ocr_par' dir='ltr' id='par_1_54' title="bbox 2222 1453 3733 1532">
     <span class='ocr_line' id='line_1_54' title="bbox 2222 1453 3733 1532; baseline 0.006 -24"><span class='ocrx_word' id='word_1_370' title='bbox 2222 1453 2292 1509; x_wconf 87' lang='lat' dir='ltr'><strong>Ut</strong></span> <span class='ocrx_word' id='word_1_371' title='bbox 2314 1468 2494 1509; x_wconf 89' lang='lat' dir='ltr'><strong>autem</strong></span> <span class='ocrx_word' id='word_1_372' title='bbox 2524 1471 2618 1510; x_wconf 82' lang='lat' dir='ltr'><strong>rex</strong></span> <span class='ocrx_word' id='word_1_373' title='bbox 2640 1457 2846 1512; x_wconf 87' lang='lat' dir='ltr'><strong>audivit</strong></span> <span class='ocrx_word' id='word_1_374' title='bbox 2865 1454 2969 1514; x_wconf 75' lang='lat' dir='ltr'><strong>bo&#39;c</strong></span> <span class='ocrx_word' id='word_1_375' title='bbox 3000 1457 3201 1514; x_wconf 81' lang='lat' dir='ltr'><strong>factum</strong></span> <span class='ocrx_word' id='word_1_376' title='bbox 3227 1459 3578 1529; x_wconf 80' lang='lat' dir='ltr'><strong>miraculum,</strong></span> <span class='ocrx_word' id='word_1_377' title='bbox 3598 1475 3733 1532; x_wconf 88' lang='lat' dir='ltr'><strong>per-</strong></span> 
     </span>
    </p>
   </div>
   <div class='ocr_carea' id='block_1_55' title="bbox 2152 1545 3733 1622">
    <p class='ocr_par' dir='ltr' id='par_1_55' title="bbox 2152 1545 3733 1622">
     <span class='ocr_line' id='line_1_55' title="bbox 2152 1545 3733 1622; baseline 0.004 -23"><span class='ocrx_word' id='word_1_378' title='bbox 2152 1545 2372 1599; x_wconf 87' lang='lat' dir='ltr'><strong>territus</strong></span> <span class='ocrx_word' id='word_1_379' title='bbox 2406 1553 2491 1600; x_wconf 87' lang='lat' dir='ltr'><strong>est</strong></span> <span class='ocrx_word' id='word_1_380' title='bbox 2513 1562 2637 1600; x_wconf 91' lang='lat' dir='ltr'><strong>eum</strong></span> <span class='ocrx_word' id='word_1_381' title='bbox 2669 1546 2784 1602; x_wconf 90' lang='lat' dir='ltr'><strong>suis</strong></span> <span class='ocrx_word' id='word_1_382' title='bbox 2826 1549 2972 1617; x_wconf 90' lang='lat' dir='ltr'><strong>quod</strong></span> <span class='ocrx_word' id='word_1_383' title='bbox 3023 1557 3132 1602; x_wconf 87' lang='lat' dir='ltr'><strong>tam</strong></span> <span class='ocrx_word' id='word_1_384' title='bbox 3179 1549 3482 1604; x_wconf 83' lang='lat' dir='ltr'><strong>inauditum</strong></span> <span class='ocrx_word' id='word_1_385' title='bbox 3534 1567 3733 1622; x_wconf 59' lang='lat' dir='ltr'><strong>perpec</strong></span> 
     </span>
    </p>
   </div>
   <div class='ocr_carea' id='block_1_56' title="bbox 2152 1635 3730 1705">
    <p class='ocr_par' dir='ltr' id='par_1_56' title="bbox 2152 1635 3730 1705">
     <span class='ocr_line' id='line_1_56' title="bbox 2152 1635 3730 1705; baseline 0.004 -18"><span class='ocrx_word' id='word_1_386' title='bbox 2152 1636 2346 1694; x_wconf 80' lang='lat' dir='ltr'><strong>trasset</strong></span> <span class='ocrx_word' id='word_1_387' title='bbox 2374 1635 2748 1690; x_wconf 78' lang='lat' dir='ltr'><strong>homicidium.</strong></span> <span class='ocrx_word' id='word_1_388' title='bbox 2796 1635 2863 1690; x_wconf 84' lang='lat' dir='ltr'><strong>Et</strong></span> <span class='ocrx_word' id='word_1_389' title='bbox 2889 1637 3120 1692; x_wconf 91' lang='lat' dir='ltr'><strong>concilio</strong></span> <span class='ocrx_word' id='word_1_390' title='bbox 3156 1638 3310 1705; x_wconf 88' lang='lat' dir='ltr'><strong>inito,</strong></span> <span class='ocrx_word' id='word_1_391' title='bbox 3353 1639 3502 1695; x_wconf 87' lang='lat' dir='ltr'><strong>misit</strong></span> <span class='ocrx_word' id='word_1_392' title='bbox 3530 1641 3730 1695; x_wconf 89' lang='lat' dir='ltr'><strong>iterum</strong></span> 
     </span>
    </p>
   </div>
   <div class='ocr_carea' id='block_1_57' title="bbox 2153 1725 3731 1796">
    <p class='ocr_par' dir='ltr' id='par_1_57' title="bbox 2153 1725 3731 1796">
     <span class='ocr_line' id='line_1_57' title="bbox 2153 1725 3731 1796; baseline 0.004 -18"><span class='ocrx_word' id='word_1_393' title='bbox 2153 1725 2219 1778; x_wconf 89' lang='lat' dir='ltr'><strong>ad</strong></span> <span class='ocrx_word' id='word_1_394' title='bbox 2284 1741 2444 1780; x_wconf 81' lang='lat' dir='ltr'><strong>suum</strong></span> <span class='ocrx_word' id='word_1_395' title='bbox 2521 1726 2933 1793; x_wconf 89' lang='lat' dir='ltr'><strong>consiliarium,</strong></span> <span class='ocrx_word' id='word_1_396' title='bbox 2988 1727 3442 1783; x_wconf 82' lang='lat' dir='ltr'><strong>nefandissimum</strong></span> <span class='ocrx_word' id='word_1_397' title='bbox 3499 1728 3731 1796; x_wconf 85' lang='lat' dir='ltr'><strong>idolum,</strong></span> 
     </span>
    </p>
   </div>
   <div class='ocr_carea' id='block_1_58' title="bbox 2136 1814 3730 1890">
    <p class='ocr_par' dir='ltr' id='par_1_58' title="bbox 2136 1814 3730 1890">
     <span class='ocr_line' id='line_1_58' title="bbox 2136 1814 3730 1890; baseline 0.006 -24"><span class='ocrx_word' id='word_1_398' title='bbox 2136 1814 2410 1877; x_wconf 80' lang='lat' dir='ltr'><strong>.Machmit</strong></span> <span class='ocrx_word' id='word_1_399' title='bbox 2459 1816 2817 1873; x_wconf 89' lang='lat' dir='ltr'><strong>nominatum.</strong></span> <span class='ocrx_word' id='word_1_400' title='bbox 2873 1818 3004 1885; x_wconf 78' lang='lat' dir='ltr'><strong>Qua:</strong></span> <span class='ocrx_word' id='word_1_401' title='bbox 3045 1829 3196 1890; x_wconf 87' lang='lat' dir='ltr'><strong>gesta</strong></span> <span class='ocrx_word' id='word_1_402' title='bbox 3243 1830 3390 1887; x_wconf 89' lang='lat' dir='ltr'><strong>sunt,</strong></span> <span class='ocrx_word' id='word_1_403' title='bbox 3424 1823 3730 1887; x_wconf 84' lang='lat' dir='ltr'><strong>nuntiavit;</strong></span> 
     </span>
    </p>
   </div>
   <div class='ocr_carea' id='block_1_59' title="bbox 2155 1906 3732 1983">
    <p class='ocr_par' dir='ltr' id='par_1_59' title="bbox 2155 1906 3732 1983">
     <span class='ocr_line' id='line_1_59' title="bbox 2155 1906 3732 1983; baseline 0.005 -21"><span class='ocrx_word' id='word_1_404' title='bbox 2155 1920 2275 1978; x_wconf 85' lang='lat' dir='ltr'><strong>quae</strong></span> <span class='ocrx_word' id='word_1_405' title='bbox 2305 1909 2484 1964; x_wconf 89' lang='lat' dir='ltr'><strong>adhuc</strong></span> <span class='ocrx_word' id='word_1_406' title='bbox 2519 1906 2761 1966; x_wconf 78' lang='lat' dir='ltr'><strong>facienda</strong></span> <span class='ocrx_word' id='word_1_407' title='bbox 2805 1916 3008 1978; x_wconf 88' lang='lat' dir='ltr'><strong>essent,</strong></span> <span class='ocrx_word' id='word_1_408' title='bbox 3055 1913 3356 1983; x_wconf 84' lang='lat' dir='ltr'><strong>inqulsivit.</strong></span> <span class='ocrx_word' id='word_1_409' title='bbox 3395 1915 3496 1971; x_wconf 85' lang='lat' dir='ltr'><strong>Cui</strong></span> <span class='ocrx_word' id='word_1_410' title='bbox 3543 1917 3732 1972; x_wconf 85' lang='lat' dir='ltr'><strong>statim</strong></span> 
     </span>
    </p>
   </div>
   <div class='ocr_carea' id='block_1_60' title="bbox 2157 1998 3737 2077">
    <p class='ocr_par' dir='ltr' id='par_1_60' title="bbox 2157 1998 3737 2077">
     <span class='ocr_line' id='line_1_60' title="bbox 2157 1998 3737 2077; baseline 0.005 -23"><span class='ocrx_word' id='word_1_411' title='bbox 2157 1999 2359 2054; x_wconf 84' lang='lat' dir='ltr'><strong>idolum</strong></span> <span class='ocrx_word' id='word_1_412' title='bbox 2391 2000 2495 2052; x_wconf 92' lang='lat' dir='ltr'><strong>tale</strong></span> <span class='ocrx_word' id='word_1_413' title='bbox 2539 1998 2712 2054; x_wconf 82' lang='lat' dir='ltr'><strong>fertur</strong></span> <span class='ocrx_word' id='word_1_414' title='bbox 2755 2001 2968 2057; x_wconf 87' lang='lat' dir='ltr'><strong>dedisse</strong></span> <span class='ocrx_word' id='word_1_415' title='bbox 3022 2017 3347 2073; x_wconf 85' lang='lat' dir='ltr'><strong>responsum</strong></span> <span class='ocrx_word' id='word_1_416' title='bbox 3379 2023 3390 2058; x_wconf 93' lang='lat'><strong>:</strong></span> <span class='ocrx_word' id='word_1_417' title='bbox 3417 2003 3646 2077; x_wconf 79' lang='lat' dir='ltr'><strong>Magnus</strong></span> <span class='ocrx_word' id='word_1_418' title='bbox 3678 2011 3737 2063; x_wconf 83' lang='lat' dir='ltr'><strong>et</strong></span> 
     </span>
    </p>
   </div>
   <div class='ocr_carea' id='block_1_61' title="bbox 2157 2087 3734 2157">
    <p class='ocr_par' dir='ltr' id='par_1_61' title="bbox 2157 2087 3734 2157">
     <span class='ocr_line' id='line_1_61' title="bbox 2157 2087 3734 2157; baseline 0.007 -15"><span class='ocrx_word' id='word_1_419' title='bbox 2157 2096 2352 2157; x_wconf 89' lang='lat' dir='ltr'><strong>potens</strong></span> <span class='ocrx_word' id='word_1_420' title='bbox 2385 2097 2466 2143; x_wconf 90' lang='lat' dir='ltr'><strong>est</strong></span> <span class='ocrx_word' id='word_1_421' title='bbox 2491 2087 2631 2143; x_wconf 91' lang='lat' dir='ltr'><strong>Deus</strong></span> <span class='ocrx_word' id='word_1_422' title='bbox 2661 2089 3120 2148; x_wconf 85' lang='lat' dir='ltr'><strong>Christianorum.</strong></span> <span class='ocrx_word' id='word_1_423' title='bbox 3172 2092 3307 2148; x_wconf 87' lang='lat' dir='ltr'><strong>Nam</strong></span> <span class='ocrx_word' id='word_1_424' title='bbox 3339 2096 3456 2150; x_wconf 88' lang='lat' dir='ltr'><strong>suis</strong></span> <span class='ocrx_word' id='word_1_425' title='bbox 3499 2097 3734 2154; x_wconf 78' lang='lat' dir='ltr'><strong>testibus</strong></span> 
     </span>
    </p>
   </div>
   <div class='ocr_carea' id='block_1_62' title="bbox 2157 2180 3734 2254">
    <p class='ocr_par' dir='ltr' id='par_1_62' title="bbox 2157 2180 3734 2254">
     <span class='ocr_line' id='line_1_62' title="bbox 2157 2180 3734 2254; baseline 0.006 -22"><span class='ocrx_word' id='word_1_426' title='bbox 2157 2188 2281 2249; x_wconf 89' lang='lat' dir='ltr'><strong>post</strong></span> <span class='ocrx_word' id='word_1_427' title='bbox 2328 2189 2557 2233; x_wconf 88' lang='lat' dir='ltr'><strong>mortem</strong></span> <span class='ocrx_word' id='word_1_428' title='bbox 2603 2180 2696 2234; x_wconf 88' lang='lat' dir='ltr'><strong>dat</strong></span> <span class='ocrx_word' id='word_1_429' title='bbox 2751 2182 2929 2236; x_wconf 87' lang='lat' dir='ltr'><strong>vivere</strong></span> <span class='ocrx_word' id='word_1_430' title='bbox 2969 2183 3022 2236; x_wconf 92' lang='lat' dir='ltr'><strong>in</strong></span> <span class='ocrx_word' id='word_1_431' title='bbox 3070 2197 3238 2254; x_wconf 84' lang='lat' dir='ltr'><strong>regno</strong></span> <span class='ocrx_word' id='word_1_432' title='bbox 3272 2185 3559 2240; x_wconf 72' lang='lat' dir='ltr'><strong>cmlorum.</strong></span> <span class='ocrx_word' id='word_1_433' title='bbox 3591 2185 3734 2244; x_wconf 84' lang='lat' dir='ltr'><strong>Ecce</strong></span> 
     </span>
    </p>
   </div>
   <div class='ocr_carea' id='block_1_63' title="bbox 2158 2269 3733 2341">
    <p class='ocr_par' dir='ltr' id='par_1_63' title="bbox 2158 2269 3733 2341">
     <span class='ocr_line' id='line_1_63' title="bbox 2158 2269 3733 2341; baseline 0.006 -17"><span class='ocrx_word' id='word_1_434' title='bbox 2158 2269 2504 2325; x_wconf 80' lang='lat' dir='ltr'><strong>manifestum</strong></span> <span class='ocrx_word' id='word_1_435' title='bbox 2539 2281 2640 2338; x_wconf 85' lang='lat' dir='ltr'><strong>est,</strong></span> <span class='ocrx_word' id='word_1_436' title='bbox 2672 2288 2832 2341; x_wconf 89' lang='lat' dir='ltr'><strong>quem</strong></span> <span class='ocrx_word' id='word_1_437' title='bbox 2865 2273 3163 2339; x_wconf 78' lang='lat' dir='ltr'><strong>occidistis,</strong></span> <span class='ocrx_word' id='word_1_438' title='bbox 3199 2291 3361 2331; x_wconf 88' lang='lat' dir='ltr'><strong>suum</strong></span> <span class='ocrx_word' id='word_1_439' title='bbox 3407 2292 3529 2334; x_wconf 84' lang='lat' dir='ltr'><strong>esse</strong></span> <span class='ocrx_word' id='word_1_440' title='bbox 3562 2276 3733 2333; x_wconf 69' lang='lat' dir='ltr'><strong>fami-</strong></span> 
     </span>
    </p>
   </div>
   <div class='ocr_carea' id='block_1_64' title="bbox 2157 2359 3738 2434">
    <p class='ocr_par' dir='ltr' id='par_1_64' title="bbox 2157 2359 3738 2434">
     <span class='ocr_line' id='line_1_64' title="bbox 2157 2359 3738 2434; baseline 0.006 -22"><span class='ocrx_word' id='word_1_441' title='bbox 2157 2359 2530 2424; x_wconf 88' lang='lat' dir='ltr'><strong>liarissimum,</strong></span> <span class='ocrx_word' id='word_1_442' title='bbox 2555 2367 2609 2413; x_wconf 90' lang='lat' dir='ltr'><strong>et</strong></span> <span class='ocrx_word' id='word_1_443' title='bbox 2643 2360 2763 2414; x_wconf 89' lang='lat' dir='ltr'><strong>ideo</strong></span> <span class='ocrx_word' id='word_1_444' title='bbox 2787 2369 3106 2430; x_wconf 86' lang='lat' dir='ltr'><strong>potestatem</strong></span> <span class='ocrx_word' id='word_1_445' title='bbox 3131 2363 3329 2428; x_wconf 82' lang='lat' dir='ltr'><strong>habere</strong></span> <span class='ocrx_word' id='word_1_446' title='bbox 3363 2381 3475 2419; x_wconf 91' lang='lat' dir='ltr'><strong>non</strong></span> <span class='ocrx_word' id='word_1_447' title='bbox 3505 2367 3738 2434; x_wconf 81' lang='lat' dir='ltr'><strong>potestis</strong></span> 
     </span>
    </p>
   </div>
   <div class='ocr_carea' id='block_1_65' title="bbox 2158 2446 3738 2521">
    <p class='ocr_par' dir='ltr' id='par_1_65' title="bbox 2158 2446 3738 2521">
     <span class='ocr_line' id='line_1_65' title="bbox 2158 2446 3738 2521; baseline 0.006 -21"><span class='ocrx_word' id='word_1_448' title='bbox 2158 2446 2212 2500; x_wconf 89' lang='lat' dir='ltr'><strong>in</strong></span> <span class='ocrx_word' id='word_1_449' title='bbox 2238 2446 2344 2500; x_wconf 90' lang='lat' dir='ltr'><strong>illis</strong></span> <span class='ocrx_word' id='word_1_450' title='bbox 2380 2446 2862 2518; x_wconf 25' lang='lat' dir='ltr'><strong>membris..Ergo,</strong></span> <span class='ocrx_word' id='word_1_451' title='bbox 2895 2450 3022 2518; x_wconf 86' lang='lat' dir='ltr'><strong>quia</strong></span> <span class='ocrx_word' id='word_1_452' title='bbox 3054 2465 3150 2506; x_wconf 86' lang='lat' dir='ltr'><strong>vos</strong></span> <span class='ocrx_word' id='word_1_453' title='bbox 3182 2467 3292 2505; x_wconf 89' lang='lat' dir='ltr'><strong>non</strong></span> <span class='ocrx_word' id='word_1_454' title='bbox 3324 2453 3572 2521; x_wconf 85' lang='lat' dir='ltr'><strong>potestis,</strong></span> <span class='ocrx_word' id='word_1_455' title='bbox 3604 2455 3738 2510; x_wconf 83' lang='lat' dir='ltr'><strong>dato</strong></span> 
     </span>
    </p>
   </div>
   <div class='ocr_carea' id='block_1_66' title="bbox 2158 2533 3740 2609">
    <p class='ocr_par' dir='ltr' id='par_1_66' title="bbox 2158 2533 3740 2609">
     <span class='ocr_line' id='line_1_66' title="bbox 2158 2533 3740 2609; baseline 0.006 -19"><span class='ocrx_word' id='word_1_456' title='bbox 2158 2536 2430 2591; x_wconf 88' lang='lat' dir='ltr'><strong>licentiam</strong></span> <span class='ocrx_word' id='word_1_457' title='bbox 2453 2533 2800 2602; x_wconf 86' lang='lat' dir='ltr'><strong>Christianis,</strong></span> <span class='ocrx_word' id='word_1_458' title='bbox 2829 2533 3098 2606; x_wconf 86' lang='lat' dir='ltr'><strong>quatenus</strong></span> <span class='ocrx_word' id='word_1_459' title='bbox 3143 2539 3294 2594; x_wconf 81' lang='lat' dir='ltr'><strong>illum</strong></span> <span class='ocrx_word' id='word_1_460' title='bbox 3323 2541 3646 2609; x_wconf 78' lang='lat' dir='ltr'><strong>benorilice,</strong></span> <span class='ocrx_word' id='word_1_461' title='bbox 3675 2551 3740 2599; x_wconf 90' lang='lat' dir='ltr'><strong>ut</strong></span> 
     </span>
    </p>
   </div>
   <div class='ocr_carea' id='block_1_67' title="bbox 2158 2625 3734 2703">
    <p class='ocr_par' dir='ltr' id='par_1_67' title="bbox 2158 2625 3734 2703">
     <span class='ocr_line' id='line_1_67' title="bbox 2158 2625 3734 2703; baseline 0.005 -22"><span class='ocrx_word' id='word_1_462' title='bbox 2158 2627 2456 2681; x_wconf 81' lang='lat' dir='ltr'><strong>maximum</strong></span> <span class='ocrx_word' id='word_1_463' title='bbox 2515 2625 2762 2692; x_wconf 86' lang='lat' dir='ltr'><strong>Patrem,</strong></span> <span class='ocrx_word' id='word_1_464' title='bbox 2815 2629 3067 2683; x_wconf 84' lang='lat' dir='ltr'><strong>studeant</strong></span> <span class='ocrx_word' id='word_1_465' title='bbox 3139 2632 3386 2701; x_wconf 82' lang='lat' dir='ltr'><strong>sepelire,</strong></span> <span class='ocrx_word' id='word_1_466' title='bbox 3463 2641 3517 2686; x_wconf 90' lang='lat' dir='ltr'><strong>et</strong></span> <span class='ocrx_word' id='word_1_467' title='bbox 3569 2649 3734 2703; x_wconf 80' lang='lat' dir='ltr'><strong>quem</strong></span> 
     </span>
    </p>
   </div>
   <div class='ocr_carea' id='block_1_68' title="bbox 2157 2718 3735 2792">
    <p class='ocr_par' dir='ltr' id='par_1_68' title="bbox 2157 2718 3735 2792">
     <span class='ocr_line' id='line_1_68' title="bbox 2157 2718 3735 2792; baseline 0.004 -20"><span class='ocrx_word' id='word_1_468' title='bbox 2157 2718 2472 2787; x_wconf 74' lang='lat' dir='ltr'><strong>episcopum</strong></span> <span class='ocrx_word' id='word_1_469' title='bbox 2503 2733 2752 2772; x_wconf 87' lang='lat' dir='ltr'><strong>meruere</strong></span> <span class='ocrx_word' id='word_1_470' title='bbox 2772 2721 3062 2786; x_wconf 78' lang='lat' dir='ltr'><strong>viventem,</strong></span> <span class='ocrx_word' id='word_1_471' title='bbox 3085 2729 3210 2789; x_wconf 91' lang='lat' dir='ltr'><strong>post</strong></span> <span class='ocrx_word' id='word_1_472' title='bbox 3228 2732 3482 2786; x_wconf 87' lang='lat' dir='ltr'><strong>mortem,</strong></span> <span class='ocrx_word' id='word_1_473' title='bbox 3504 2723 3735 2792; x_wconf 85' lang='lat' dir='ltr'><strong>dignum</strong></span> 
     </span>
    </p>
   </div>
   <div class='ocr_carea' id='block_1_69' title="bbox 2156 2799 3736 2879">
    <p class='ocr_par' dir='ltr' id='par_1_69' title="bbox 2156 2799 3736 2879">
     <span class='ocr_line' id='line_1_69' title="bbox 2156 2799 3736 2879; baseline 0.004 -18"><span class='ocrx_word' id='word_1_474' title='bbox 2156 2816 2446 2878; x_wconf 87' lang='lat' dir='ltr'><strong>patronum</strong></span> <span class='ocrx_word' id='word_1_475' title='bbox 2481 2823 2540 2862; x_wconf 88' lang='lat' dir='ltr'><strong>se</strong></span> <span class='ocrx_word' id='word_1_476' title='bbox 2590 2807 2788 2862; x_wconf 88' lang='lat' dir='ltr'><strong>habere</strong></span> <span class='ocrx_word' id='word_1_477' title='bbox 2825 2799 3112 2879; x_wconf 87' lang='lat' dir='ltr'><strong>gaudeant.</strong></span> <span class='ocrx_word' id='word_1_478' title='bbox 3172 2809 3238 2864; x_wconf 83' lang='lat' dir='ltr'><strong>Et</strong></span> <span class='ocrx_word' id='word_1_479' title='bbox 3291 2813 3491 2867; x_wconf 77' lang='lat' dir='ltr'><strong>reversi</strong></span> <span class='ocrx_word' id='word_1_480' title='bbox 3552 2814 3736 2869; x_wconf 89' lang='lat' dir='ltr'><strong>nuntii</strong></span> 
     </span>
    </p>
   </div>
   <div class='ocr_carea' id='block_1_70' title="bbox 2130 2898 3429 2970">
    <p class='ocr_par' dir='ltr' id='par_1_70' title="bbox 2130 2898 3429 2970">
     <span class='ocr_line' id='line_1_70' title="bbox 2130 2898 3429 2970; baseline -0.002 -15"><span class='ocrx_word' id='word_1_481' title='bbox 2130 2953 2132 2955; x_wconf 71' lang='grc'><strong>,</strong></span> <span class='ocrx_word' id='word_1_482' title='bbox 2157 2914 2279 2969; x_wconf 67' lang='lat' dir='ltr'><strong>quae</strong></span> <span class='ocrx_word' id='word_1_483' title='bbox 2303 2898 2588 2952; x_wconf 89' lang='lat' dir='ltr'><strong>audierant</strong></span> <span class='ocrx_word' id='word_1_484' title='bbox 2609 2898 2720 2968; x_wconf 84' lang='lat' dir='ltr'><strong>regi</strong></span> <span class='ocrx_word' id='word_1_485' title='bbox 2750 2912 2850 2952; x_wconf 84' lang='lat' dir='ltr'><strong>suo</strong></span> <span class='ocrx_word' id='word_1_486' title='bbox 2885 2898 3124 2953; x_wconf 86' lang='lat' dir='ltr'><strong>detulere</strong></span> <span class='ocrx_word' id='word_1_487' title='bbox 3148 2915 3429 2970; x_wconf 86' lang='lat' dir='ltr'><strong>responsa.</strong></span> 
     </span>
    </p>
   </div>
   <div class='ocr_carea' id='block_1_71' title="bbox 2228 2985 3737 3051">
    <p class='ocr_par' dir='ltr' id='par_1_71' title="bbox 2228 2985 3737 3051">
     <span class='ocr_line' id='line_1_71' title="bbox 2228 2985 3737 3051; baseline 0.005 -11"><span class='ocrx_word' id='word_1_488' title='bbox 2228 2985 2331 3051; x_wconf 87' lang='lat' dir='ltr'><strong>Qui</strong></span> <span class='ocrx_word' id='word_1_489' title='bbox 2386 2986 2567 3040; x_wconf 89' lang='lat' dir='ltr'><strong>statim</strong></span> <span class='ocrx_word' id='word_1_490' title='bbox 2621 2987 2723 3039; x_wconf 90' lang='lat' dir='ltr'><strong>sub</strong></span> <span class='ocrx_word' id='word_1_491' title='bbox 2772 2986 3048 3041; x_wconf 87' lang='lat' dir='ltr'><strong>celeritate</strong></span> <span class='ocrx_word' id='word_1_492' title='bbox 3101 2986 3229 3043; x_wconf 79' lang='lat' dir='ltr'><strong>fecit</strong></span> <span class='ocrx_word' id='word_1_493' title='bbox 3276 2989 3622 3046; x_wconf 85' lang='lat' dir='ltr'><strong>Christianos</strong></span> <span class='ocrx_word' id='word_1_494' title='bbox 3680 2993 3737 3046; x_wconf 83' lang='lat' dir='ltr'><strong>in</strong></span> 
     </span>
    </p>
   </div>
   <div class='ocr_carea' id='block_1_72' title="bbox 2130 3058 3740 3151">
    <p class='ocr_par' dir='ltr' id='par_1_72' title="bbox 2130 3058 3740 3151">
     <span class='ocr_line' id='line_1_72' title="bbox 2130 3058 3740 3151; baseline 0.004 -23"><span class='ocrx_word' id='word_1_495' title='bbox 2130 3132 2131 3136; x_wconf 31' lang='grc' dir='ltr'><strong>η</strong></span> <span class='ocrx_word' id='word_1_496' title='bbox 2159 3091 2328 3134; x_wconf 86' lang='lat' dir='ltr'><strong>unum</strong></span> <span class='ocrx_word' id='word_1_497' title='bbox 2355 3075 2646 3140; x_wconf 85' lang='lat' dir='ltr'><strong>convenire</strong></span> <span class='ocrx_word' id='word_1_498' title='bbox 2675 3076 2875 3141; x_wconf 89' lang='lat' dir='ltr'><strong>locum,</strong></span> <span class='ocrx_word' id='word_1_499' title='bbox 2907 3058 3148 3146; x_wconf 39' lang='lat' dir='ltr'><strong>ut&#39;digna</strong></span> <span class='ocrx_word' id='word_1_500' title='bbox 3178 3088 3546 3151; x_wconf 73' lang='lat' dir='ltr'><strong>praepararer</strong></span> <span class='ocrx_word' id='word_1_501' title='bbox 3569 3080 3740 3134; x_wconf 85' lang='lat' dir='ltr'><strong>obse-</strong></span> 
     </span>
    </p>
   </div>
   <div class='ocr_carea' id='block_1_73' title="bbox 2083 3305 2131 3358">
    <p class='ocr_par' dir='ltr' id='par_1_73' title="bbox 2083 3305 2131 3358">
     <span class='ocr_line' id='line_1_73' title="bbox 2083 3305 2131 3358; baseline 0 -2"><span class='ocrx_word' id='word_1_502' title='bbox 2083 3305 2131 3358; x_wconf 68' lang='grc' dir='ltr'><strong>(ἲ</strong></span> 
     </span>
    </p>
   </div>
   <div class='ocr_carea' id='block_1_74' title="bbox 2158 3154 3736 3243">
    <p class='ocr_par' dir='ltr' id='par_1_74' title="bbox 2158 3154 3736 3243">
     <span class='ocr_line' id='line_1_74' title="bbox 2158 3154 3736 3243; baseline 0.001 -25"><span class='ocrx_word' id='word_1_503' title='bbox 2158 3165 2308 3235; x_wconf 90' lang='lat' dir='ltr'><strong>quia,</strong></span> <span class='ocrx_word' id='word_1_504' title='bbox 2328 3158 2459 3218; x_wconf 82' lang='lat' dir='ltr'><strong>cum</strong></span> <span class='ocrx_word' id='word_1_505' title='bbox 2502 3179 2715 3243; x_wconf 89' lang='lat' dir='ltr'><strong>summa</strong></span> <span class='ocrx_word' id='word_1_506' title='bbox 2744 3164 3112 3230; x_wconf 86' lang='lat' dir='ltr'><strong>veneratione,</strong></span> <span class='ocrx_word' id='word_1_507' title='bbox 3141 3180 3241 3236; x_wconf 84' lang='lat' dir='ltr'><strong>suo</strong></span> <span class='ocrx_word' id='word_1_508' title='bbox 3272 3154 3736 3222; x_wconf 73' lang='lat' dir='ltr'><strong>arcliimandritae.</strong></span> 
     </span>
    </p>
   </div>
   <div class='ocr_carea' id='block_1_75' title="bbox 2158 3249 3743 3340">
    <p class='ocr_par' dir='ltr' id='par_1_75' title="bbox 2158 3249 3743 3340">
     <span class='ocr_line' id='line_1_75' title="bbox 2158 3249 3743 3340; baseline 0.003 -33"><span class='ocrx_word' id='word_1_509' title='bbox 2158 3255 2328 3334; x_wconf 86' lang='lat' dir='ltr'><strong>Quale</strong></span> <span class='ocrx_word' id='word_1_510' title='bbox 2350 3255 2660 3328; x_wconf 76' lang='lat' dir='ltr'><strong>gaudium?</strong></span> <span class='ocrx_word' id='word_1_511' title='bbox 2689 3254 2869 3324; x_wconf 89' lang='lat' dir='ltr'><strong>qualis</strong></span> <span class='ocrx_word' id='word_1_512' title='bbox 2912 3253 3108 3340; x_wconf 38' lang='lat' dir='ltr'><strong>lmtitia‘</strong></span> <span class='ocrx_word' id='word_1_513' title='bbox 3129 3249 3568 3311; x_wconf 86' lang='lat' dir='ltr'><strong>Christianorum</strong></span> <span class='ocrx_word' id='word_1_514' title='bbox 3605 3265 3743 3334; x_wconf 81' lang='lat' dir='ltr'><strong>tunc</strong></span> 
     </span>
    </p>
   </div>
   <div class='ocr_carea' id='block_1_76' title="bbox 2158 3344 3742 3418">
    <p class='ocr_par' dir='ltr' id='par_1_76' title="bbox 2158 3344 3742 3418">
     <span class='ocr_line' id='line_1_76' title="bbox 2158 3344 3742 3418; baseline 0.002 -19"><span class='ocrx_word' id='word_1_515' title='bbox 2158 3346 2473 3414; x_wconf 78' lang='lat' dir='ltr'><strong>possederat</strong></span> <span class='ocrx_word' id='word_1_516' title='bbox 2513 3345 2678 3398; x_wconf 90' lang='lat' dir='ltr'><strong>corda</strong></span> <span class='ocrx_word' id='word_1_517' title='bbox 2699 3344 2722 3396; x_wconf 66' lang='grc' dir='ltr'><em>ἲ</em></span> <span class='ocrx_word' id='word_1_518' title='bbox 2743 3344 2876 3409; x_wconf 92' lang='lat' dir='ltr'><strong>Quis</strong></span> <span class='ocrx_word' id='word_1_519' title='bbox 2917 3347 3058 3416; x_wconf 86' lang='lat' dir='ltr'><strong>stylo</strong></span> <span class='ocrx_word' id='word_1_520' title='bbox 3101 3354 3286 3416; x_wconf 90' lang='lat' dir='ltr'><strong>posset</strong></span> <span class='ocrx_word' id='word_1_521' title='bbox 3315 3348 3583 3402; x_wconf 76' lang='lat' dir='ltr'><strong>exarare?</strong></span> <span class='ocrx_word' id='word_1_522' title='bbox 3609 3349 3742 3418; x_wconf 82' lang='lat' dir='ltr'><strong>quis</strong></span> 
     </span>
    </p>
   </div>
   <div class='ocr_carea' id='block_1_77' title="bbox 2129 3431 3740 3504">
    <p class='ocr_par' dir='ltr' id='par_1_77' title="bbox 2129 3431 3740 3504">
     <span class='ocr_line' id='line_1_77' title="bbox 2129 3431 3740 3504; baseline 0.004 -19"><span class='ocrx_word' id='word_1_523' title='bbox 2129 3432 2442 3486; x_wconf 77' lang='lat' dir='ltr'><strong>hominum</strong></span> <span class='ocrx_word' id='word_1_524' title='bbox 2485 3432 2688 3486; x_wconf 85' lang='lat' dir='ltr'><strong>valeret</strong></span> <span class='ocrx_word' id='word_1_525' title='bbox 2732 3431 2977 3502; x_wconf 79' lang='lat' dir='ltr'><strong>proferre</strong></span> <span class='ocrx_word' id='word_1_526' title='bbox 3033 3433 3260 3504; x_wconf 81' lang='lat' dir='ltr'><strong>lingua?</strong></span> <span class='ocrx_word' id='word_1_527' title='bbox 3290 3433 3538 3490; x_wconf 87' lang='lat' dir='ltr'><strong>Insonuit</strong></span> <span class='ocrx_word' id='word_1_528' title='bbox 3590 3445 3740 3492; x_wconf 85' lang='lat' dir='ltr'><strong>terra</strong></span> 
     </span>
    </p>
   </div>
   <div class='ocr_carea' id='block_1_78' title="bbox 2126 3523 3743 3597">
    <p class='ocr_par' dir='ltr' id='par_1_78' title="bbox 2126 3523 3743 3597">
     <span class='ocr_line' id='line_1_78' title="bbox 2126 3523 3743 3597; baseline 0.004 -21"><span class='ocrx_word' id='word_1_529' title='bbox 2126 3523 2355 3582; x_wconf 58' lang='lat' dir='ltr'><strong>,horum</strong></span> <span class='ocrx_word' id='word_1_530' title='bbox 2385 3523 2619 3594; x_wconf 86' lang='lat' dir='ltr'><strong>gaudio;</strong></span> <span class='ocrx_word' id='word_1_531' title='bbox 2665 3525 2772 3577; x_wconf 88' lang='lat' dir='ltr'><strong>alta</strong></span> <span class='ocrx_word' id='word_1_532' title='bbox 2811 3524 3074 3578; x_wconf 73' lang='lat' dir='ltr'><strong>cmlorum</strong></span> <span class='ocrx_word' id='word_1_533' title='bbox 3125 3540 3388 3595; x_wconf 83' lang='lat' dir='ltr'><strong>responsa</strong></span> <span class='ocrx_word' id='word_1_534' title='bbox 3436 3536 3743 3597; x_wconf 87' lang='lat' dir='ltr'><strong>potuerunt</strong></span> 
     </span>
    </p>
   </div>
   <div class='ocr_carea' id='block_1_79' title="bbox 2159 3613 3742 3686">
    <p class='ocr_par' dir='ltr' id='par_1_79' title="bbox 2159 3613 3742 3686">
     <span class='ocr_line' id='line_1_79' title="bbox 2159 3613 3742 3686; baseline 0.002 -19"><span class='ocrx_word' id='word_1_535' title='bbox 2159 3614 2287 3667; x_wconf 90' lang='lat' dir='ltr'><strong>dare</strong></span> <span class='ocrx_word' id='word_1_536' title='bbox 2313 3613 2506 3672; x_wconf 89' lang='lat' dir='ltr'><strong>horum</strong></span> <span class='ocrx_word' id='word_1_537' title='bbox 2533 3613 2785 3683; x_wconf 91' lang='lat' dir='ltr'><strong>tripudio.</strong></span> <span class='ocrx_word' id='word_1_538' title='bbox 2819 3613 3047 3682; x_wconf 77' lang='lat' dir='ltr'><strong>Quanta:</strong></span> <span class='ocrx_word' id='word_1_539' title='bbox 3071 3615 3324 3686; x_wconf 55' lang='lat' dir='ltr'><strong>lacryma’.</strong></span> <span class='ocrx_word' id='word_1_540' title='bbox 3354 3616 3539 3671; x_wconf 60' lang='lat' dir='ltr'><strong>latitia</strong></span> <span class='ocrx_word' id='word_1_541' title='bbox 3563 3617 3742 3686; x_wconf 65' lang='lat' dir='ltr'><strong>plena:</strong></span> 
     </span>
    </p>
   </div>
   <div class='ocr_carea' id='block_1_80' title="bbox 2162 3704 3743 3777">
    <p class='ocr_par' dir='ltr' id='par_1_80' title="bbox 2162 3704 3743 3777">
     <span class='ocr_line' id='line_1_80' title="bbox 2162 3704 3743 3777; baseline 0.001 -18"><span class='ocrx_word' id='word_1_542' title='bbox 2162 3721 2326 3774; x_wconf 89' lang='lat' dir='ltr'><strong>genas</strong></span> <span class='ocrx_word' id='word_1_543' title='bbox 2353 3706 2695 3775; x_wconf 81' lang='lat' dir='ltr'><strong>snﬂ&#39;uderunt</strong></span> <span class='ocrx_word' id='word_1_544' title='bbox 2714 3704 3189 3769; x_wconf 79' lang='lat' dir='ltr'><strong>Christianorum?</strong></span> <span class='ocrx_word' id='word_1_545' title='bbox 3211 3723 3333 3776; x_wconf 70' lang='lat' dir='ltr'><strong>qua:</strong></span> <span class='ocrx_word' id='word_1_546' title='bbox 3365 3708 3520 3777; x_wconf 84' lang='lat' dir='ltr'><strong>copia</strong></span> <span class='ocrx_word' id='word_1_547' title='bbox 3549 3712 3743 3776; x_wconf 78' lang='lat' dir='ltr'><strong>posset</strong></span> 
     </span>
    </p>
   </div>
   <div class='ocr_carea' id='block_1_81' title="bbox 2163 3785 3740 3866">
    <p class='ocr_par' dir='ltr' id='par_1_81' title="bbox 2163 3785 3740 3866">
     <span class='ocr_line' id='line_1_81' title="bbox 2163 3785 3740 3866; baseline 0.003 -19"><span class='ocrx_word' id='word_1_548' title='bbox 2163 3785 2774 3849; x_wconf 65' lang='lat' dir='ltr'><strong>enarrarOverborum?</strong></span> <span class='ocrx_word' id='word_1_549' title='bbox 2799 3793 2930 3848; x_wconf 84' lang='lat' dir='ltr'><strong>Post</strong></span> <span class='ocrx_word' id='word_1_550' title='bbox 2962 3810 3114 3849; x_wconf 85' lang='lat' dir='ltr'><strong>mare</strong></span> <span class='ocrx_word' id='word_1_551' title='bbox 3158 3795 3404 3859; x_wconf 81' lang='lat' dir='ltr'><strong>Rubrum</strong></span> <span class='ocrx_word' id='word_1_552' title='bbox 3441 3797 3606 3852; x_wconf 84' lang='lat' dir='ltr'><strong>siccis</strong></span> <span class='ocrx_word' id='word_1_553' title='bbox 3639 3812 3740 3866; x_wconf 82' lang='lat' dir='ltr'><strong>pc-</strong></span> 
     </span>
    </p>
   </div>
   <div class='ocr_carea' id='block_1_82' title="bbox 2164 3883 3739 3959">
    <p class='ocr_par' dir='ltr' id='par_1_82' title="bbox 2164 3883 3739 3959">
     <span class='ocr_line' id='line_1_82' title="bbox 2164 3883 3739 3959; baseline 0.003 -21"><span class='ocrx_word' id='word_1_554' title='bbox 2164 3885 2322 3938; x_wconf 80' lang='lat' dir='ltr'><strong>dibus</strong></span> <span class='ocrx_word' id='word_1_555' title='bbox 2345 3883 2768 3959; x_wconf 82' lang='lat' dir='ltr'><strong>transvadatum,</strong></span> <span class='ocrx_word' id='word_1_556' title='bbox 2792 3891 2915 3952; x_wconf 91' lang='lat' dir='ltr'><strong>post</strong></span> <span class='ocrx_word' id='word_1_557' title='bbox 2936 3883 3340 3959; x_wconf 87' lang='lat' dir='ltr'><strong>immersionom</strong></span> <span class='ocrx_word' id='word_1_558' title='bbox 3365 3884 3739 3952; x_wconf 83' lang='lat' dir='ltr'><strong>inimicorum.</strong></span> 
     </span>
    </p>
   </div>
   <div class='ocr_carea' id='block_1_83' title="bbox 2167 3955 3738 4042">
    <p class='ocr_par' dir='ltr' id='par_1_83' title="bbox 2167 3955 3738 4042">
     <span class='ocr_line' id='line_1_83' title="bbox 2167 3955 3738 4042; baseline 0.006 -17"><span class='ocrx_word' id='word_1_559' title='bbox 2167 3955 2513 4027; x_wconf 62' lang='lat' dir='ltr'><strong>Hebraeorum</strong></span> <span class='ocrx_word' id='word_1_560' title='bbox 2547 3973 2780 4042; x_wconf 91' lang='lat' dir='ltr'><strong>populus</strong></span> <span class='ocrx_word' id='word_1_561' title='bbox 2822 3973 3053 4026; x_wconf 86' lang='lat' dir='ltr'><strong>canebat</strong></span> <span class='ocrx_word' id='word_1_562' title='bbox 3103 3955 3333 4028; x_wconf 85' lang='lat' dir='ltr'><strong>Domino</strong></span> <span class='ocrx_word' id='word_1_563' title='bbox 3380 3975 3567 4031; x_wconf 81' lang='lat' dir='ltr'><strong>laudes</strong></span> <span class='ocrx_word' id='word_1_564' title='bbox 3610 3993 3738 4034; x_wconf 82' lang='lat' dir='ltr'><strong>cum</strong></span> 
     </span>
    </p>
   </div>
   <div class='ocr_carea' id='block_1_84' title="bbox 2169 4063 3742 4137">
    <p class='ocr_par' dir='ltr' id='par_1_84' title="bbox 2169 4063 3742 4137">
     <span class='ocr_line' id='line_1_84' title="bbox 2169 4063 3742 4137; baseline 0.006 -20"><span class='ocrx_word' id='word_1_565' title='bbox 2169 4079 2361 4133; x_wconf 87' lang='lat' dir='ltr'><strong>magna</strong></span> <span class='ocrx_word' id='word_1_566' title='bbox 2392 4063 2596 4128; x_wconf 71' lang='lat' dir='ltr'><strong>lmtitia,</strong></span> <span class='ocrx_word' id='word_1_567' title='bbox 2624 4078 2923 4133; x_wconf 88' lang='lat' dir='ltr'><strong>eorumque</strong></span> <span class='ocrx_word' id='word_1_568' title='bbox 2949 4064 3043 4119; x_wconf 84' lang='lat' dir='ltr'><strong>lilii</strong></span> <span class='ocrx_word' id='word_1_569' title='bbox 3087 4074 3211 4135; x_wconf 88' lang='lat' dir='ltr'><strong>post</strong></span> <span class='ocrx_word' id='word_1_570' title='bbox 3243 4067 3609 4137; x_wconf 78' lang='lat' dir='ltr'><strong>captivitatem</strong></span> <span class='ocrx_word' id='word_1_571' title='bbox 3637 4070 3742 4126; x_wconf 33' lang='lat' dir='ltr'><strong>Bas</strong></span> 
     </span>
    </p>
   </div>
   <div class='ocr_carea' id='block_1_85' title="bbox 2169 4154 3739 4228">
    <p class='ocr_par' dir='ltr' id='par_1_85' title="bbox 2169 4154 3739 4228">
     <span class='ocr_line' id='line_1_85' title="bbox 2169 4154 3739 4228; baseline 0.004 -18"><span class='ocrx_word' id='word_1_572' title='bbox 2169 4156 2492 4227; x_wconf 75' lang='lat' dir='ltr'><strong>bylonicam,</strong></span> <span class='ocrx_word' id='word_1_573' title='bbox 2515 4155 2629 4210; x_wconf 88' lang='lat' dir='ltr'><strong>visa</strong></span> <span class='ocrx_word' id='word_1_574' title='bbox 2663 4154 3021 4223; x_wconf 83' lang='lat' dir='ltr'><strong>Hierusalem,</strong></span> <span class='ocrx_word' id='word_1_575' title='bbox 3052 4175 3246 4228; x_wconf 82' lang='lat' dir='ltr'><strong>magno</strong></span> <span class='ocrx_word' id='word_1_576' title='bbox 3268 4161 3606 4219; x_wconf 78' lang='lat' dir='ltr'><strong>exsultantes</strong></span> <span class='ocrx_word' id='word_1_577' title='bbox 3635 4164 3739 4226; x_wconf 74' lang='lat' dir='ltr'><strong>tri-</strong></span> 
     </span>
    </p>
   </div>
   <div class='ocr_carea' id='block_1_86' title="bbox 2170 4245 3738 4324">
    <p class='ocr_par' dir='ltr' id='par_1_86' title="bbox 2170 4245 3738 4324">
     <span class='ocr_line' id='line_1_86' title="bbox 2170 4245 3738 4324; baseline 0.008 -25"><span class='ocrx_word' id='word_1_578' title='bbox 2170 4247 2351 4317; x_wconf 88' lang='lat' dir='ltr'><strong>pudio.</strong></span> <span class='ocrx_word' id='word_1_579' title='bbox 2384 4245 2489 4301; x_wconf 89' lang='lat' dir='ltr'><strong>Sed</strong></span> <span class='ocrx_word' id='word_1_580' title='bbox 2512 4246 2602 4300; x_wconf 78' lang='lat' dir='ltr'><strong>vix</strong></span> <span class='ocrx_word' id='word_1_581' title='bbox 2634 4247 2957 4317; x_wconf 63' lang='lat' dir='ltr'><strong>aequiparari</strong></span> <span class='ocrx_word' id='word_1_582' title='bbox 2987 4259 3167 4320; x_wconf 87' lang='lat' dir='ltr'><strong>potest</strong></span> <span class='ocrx_word' id='word_1_583' title='bbox 3196 4252 3393 4306; x_wconf 90' lang='lat' dir='ltr'><strong>borum</strong></span> <span class='ocrx_word' id='word_1_584' title='bbox 3417 4254 3618 4324; x_wconf 87' lang='lat' dir='ltr'><strong>gaudio</strong></span> <span class='ocrx_word' id='word_1_585' title='bbox 3640 4272 3738 4311; x_wconf 84' lang='lat' dir='ltr'><strong>ca-</strong></span> 
     </span>
    </p>
   </div>
   <div class='ocr_carea' id='block_1_87' title="bbox 2170 4337 3739 4421">
    <p class='ocr_par' dir='ltr' id='par_1_87' title="bbox 2170 4337 3739 4421">
     <span class='ocr_line' id='line_1_87' title="bbox 2170 4337 3739 4421; baseline 0.006 -28"><span class='ocrx_word' id='word_1_586' title='bbox 2170 4339 2413 4393; x_wconf 91' lang='lat' dir='ltr'><strong>nentium</strong></span> <span class='ocrx_word' id='word_1_587' title='bbox 2434 4346 2488 4392; x_wconf 93' lang='lat' dir='ltr'><strong>et</strong></span> <span class='ocrx_word' id='word_1_588' title='bbox 2509 4337 2854 4406; x_wconf 88' lang='lat' dir='ltr'><strong>psallentium</strong></span> <span class='ocrx_word' id='word_1_589' title='bbox 2887 4338 3141 4407; x_wconf 75' lang='lat' dir='ltr'><strong>Domino,</strong></span> <span class='ocrx_word' id='word_1_590' title='bbox 3172 4342 3227 4396; x_wconf 93' lang='lat' dir='ltr'><strong>in</strong></span> <span class='ocrx_word' id='word_1_591' title='bbox 3259 4344 3433 4417; x_wconf 82' lang='lat' dir='ltr'><strong>sancti</strong></span> <span class='ocrx_word' id='word_1_592' title='bbox 3458 4347 3739 4421; x_wconf 71' lang='lat' dir='ltr'><strong>martyris</strong></span> 
     </span>
    </p>
   </div>
   <div class='ocr_carea' id='block_1_88' title="bbox 503 4419 3740 4504">
    <p class='ocr_par' dir='ltr' id='par_1_88' title="bbox 503 4419 3740 4504">
     <span class='ocr_line' id='line_1_88' title="bbox 503 4419 3740 4504; baseline 0.003 -25"><span class='ocrx_word' id='word_1_593' title='bbox 503 4426 630 4479; x_wconf 81' lang='lat' dir='ltr'><strong>licet</strong></span> <span class='ocrx_word' id='word_1_594' title='bbox 674 4423 1019 4486; x_wconf 76' lang='lat' dir='ltr'><strong>Christianis,</strong></span> <span class='ocrx_word' id='word_1_595' title='bbox 1047 4469 1051 4473; x_wconf 90' lang='lat'><strong>.</strong></span> <span class='ocrx_word' id='word_1_596' title='bbox 1083 4436 1183 4475; x_wconf 89' lang='lat' dir='ltr'><strong>nec</strong></span> <span class='ocrx_word' id='word_1_597' title='bbox 1240 4435 1348 4474; x_wconf 89' lang='lat' dir='ltr'><strong>non</strong></span> <span class='ocrx_word' id='word_1_598' title='bbox 1405 4429 1461 4474; x_wconf 91' lang='lat' dir='ltr'><strong>et</strong></span> <span class='ocrx_word' id='word_1_599' title='bbox 1519 4419 1754 4475; x_wconf 90' lang='lat' dir='ltr'><strong>inimicis</strong></span> <span class='ocrx_word' id='word_1_600' title='bbox 1823 4419 2069 4489; x_wconf 88' lang='lat' dir='ltr'><strong>reprobis</strong></span> <span class='ocrx_word' id='word_1_601' title='bbox 2167 4427 2372 4482; x_wconf 82' lang='lat' dir='ltr'><strong>Christi</strong></span> <span class='ocrx_word' id='word_1_602' title='bbox 2398 4428 2719 4497; x_wconf 71' lang='lat' dir='ltr'><strong>patronique</strong></span> <span class='ocrx_word' id='word_1_603' title='bbox 2753 4427 2838 4482; x_wconf 89' lang='lat' dir='ltr'><strong>sui</strong></span> <span class='ocrx_word' id='word_1_604' title='bbox 2859 4430 3144 4499; x_wconf 86' lang='lat' dir='ltr'><strong>obsequio.</strong></span> <span class='ocrx_word' id='word_1_605' title='bbox 3172 4430 3305 4497; x_wconf 70' lang='lat' dir='ltr'><strong>Qua:</strong></span> <span class='ocrx_word' id='word_1_606' title='bbox 3333 4432 3474 4500; x_wconf 82' lang='lat' dir='ltr'><strong>laus,</strong></span> <span class='ocrx_word' id='word_1_607' title='bbox 3503 4419 3589 4488; x_wconf 82' lang='lat' dir='ltr'><strong>vel</strong></span> <span class='ocrx_word' id='word_1_608' title='bbox 3616 4450 3740 4504; x_wconf 71' lang='lat' dir='ltr'><strong>qua</strong></span> 
     </span>
    </p>
   </div>
   <div class='ocr_carea' id='block_1_89' title="bbox 504 4507 3738 4592">
    <p class='ocr_par' dir='ltr' id='par_1_89' title="bbox 504 4507 3738 4592">
     <span class='ocr_line' id='line_1_89' title="bbox 504 4507 3738 4592; baseline 0.004 -25"><span class='ocrx_word' id='word_1_609' title='bbox 504 4512 762 4585; x_wconf 85' lang='lat' dir='ltr'><strong>paganis,</strong></span> <span class='ocrx_word' id='word_1_610' title='bbox 821 4528 929 4580; x_wconf 80' lang='lat' dir='ltr'><strong>qua</strong></span> <span class='ocrx_word' id='word_1_611' title='bbox 983 4513 1189 4580; x_wconf 70' lang='lat' dir='ltr'><strong>gloria,</strong></span> <span class='ocrx_word' id='word_1_612' title='bbox 1259 4527 1368 4580; x_wconf 81' lang='lat' dir='ltr'><strong>qua</strong></span> <span class='ocrx_word' id='word_1_613' title='bbox 1401 4511 1597 4572; x_wconf 58' lang='grc' dir='ltr'><strong>,λειω</strong></span> <span class='ocrx_word' id='word_1_614' title='bbox 1663 4511 1887 4580; x_wconf 71' lang='grc' dir='ltr'><strong>δρὶΐὶιιιε</strong></span> <span class='ocrx_word' id='word_1_615' title='bbox 1915 4575 1918 4578; x_wconf 75' lang='grc'>,</span> <span class='ocrx_word' id='word_1_616' title='bbox 1951 4512 2071 4581; x_wconf 74' lang='lat' dir='ltr'><strong>eius</strong></span> <span class='ocrx_word' id='word_1_617' title='bbox 2166 4519 2417 4588; x_wconf 81' lang='lat' dir='ltr'><strong>jubilatio</strong></span> <span class='ocrx_word' id='word_1_618' title='bbox 2443 4518 2621 4588; x_wconf 91' lang='lat' dir='ltr'><strong>potuit</strong></span> <span class='ocrx_word' id='word_1_619' title='bbox 2664 4520 2891 4590; x_wconf 86' lang='lat' dir='ltr'><strong>antiquo</strong></span> <span class='ocrx_word' id='word_1_620' title='bbox 2946 4521 3147 4590; x_wconf 90' lang='lat' dir='ltr'><strong>populo</strong></span> <span class='ocrx_word' id='word_1_621' title='bbox 3183 4521 3360 4591; x_wconf 89' lang='lat' dir='ltr'><strong>major</strong></span> <span class='ocrx_word' id='word_1_622' title='bbox 3409 4507 3530 4576; x_wconf 80' lang='lat' dir='ltr'><strong>esse</strong></span> <span class='ocrx_word' id='word_1_623' title='bbox 3571 4539 3738 4592; x_wconf 82' lang='lat' dir='ltr'><strong>quam</strong></span> 
     </span>
    </p>
   </div>
   <div class='ocr_carea' id='block_1_90' title="bbox 506 4600 2059 4681">
    <p class='ocr_par' dir='ltr' id='par_1_90' title="bbox 506 4600 2059 4674">
     <span class='ocr_line' id='line_1_90' title="bbox 506 4600 2059 4674; baseline -0.001 -17"><span class='ocrx_word' id='word_1_624' title='bbox 506 4602 837 4674; x_wconf 79' lang='lat' dir='ltr'><strong>martyribus</strong></span> <span class='ocrx_word' id='word_1_625' title='bbox 892 4600 1095 4655; x_wconf 88' lang='lat' dir='ltr'><strong>sanctis</strong></span> <span class='ocrx_word' id='word_1_626' title='bbox 1128 4600 1445 4668; x_wconf 76' lang='lat' dir='ltr'><strong>adjunctus,</strong></span> <span class='ocrx_word' id='word_1_627' title='bbox 1478 4602 1533 4655; x_wconf 89' lang='lat' dir='ltr'><strong>in</strong></span> <span class='ocrx_word' id='word_1_628' title='bbox 1565 4602 1773 4662; x_wconf 69' lang='lat' dir='ltr'><strong>omlesti</strong></span> <span class='ocrx_word' id='word_1_629' title='bbox 1828 4602 1952 4668; x_wconf 80' lang='lat' dir='ltr'><strong>sede</strong></span> <span class='ocrx_word' id='word_1_630' title='bbox 2001 4602 2059 4656; x_wconf 87' lang='lat' dir='ltr'><strong>sil</strong></span> 
     </span>
    </p>
   </div>
   <div class='ocr_carea' id='block_1_91' title="bbox 2160 4600 3740 4681">
    <p class='ocr_par' dir='ltr' id='par_1_91' title="bbox 2171 4603 3740 4680">
     <span class='ocr_line' id='line_1_91' title="bbox 2171 4603 3740 4680; baseline 0.004 -15"><span class='ocrx_word' id='word_1_631' title='bbox 2171 4611 2432 4668; x_wconf 86' lang='lat' dir='ltr'><strong>moderno</strong></span> <span class='ocrx_word' id='word_1_632' title='bbox 2464 4610 2592 4664; x_wconf 86' lang='lat' dir='ltr'><strong>huic</strong></span> <span class='ocrx_word' id='word_1_633' title='bbox 2635 4609 2736 4664; x_wconf 80' lang='lat' dir='ltr'><strong>fuit</strong></span> <span class='ocrx_word' id='word_1_634' title='bbox 2780 4611 2834 4664; x_wconf 92' lang='lat' dir='ltr'><strong>in</strong></span> <span class='ocrx_word' id='word_1_635' title='bbox 2882 4611 2975 4664; x_wconf 76' lang='lat' dir='ltr'><strong>tali</strong></span> <span class='ocrx_word' id='word_1_636' title='bbox 3014 4603 3286 4680; x_wconf 66' lang='lat' dir='ltr'><strong>martyre?</strong></span> <span class='ocrx_word' id='word_1_637' title='bbox 3334 4607 3495 4666; x_wconf 82' lang='lat' dir='ltr'><strong>Forte</strong></span> <span class='ocrx_word' id='word_1_638' title='bbox 3530 4612 3740 4671; x_wconf 76' lang='lat' dir='ltr'><strong>videres</strong></span> 
     </span>
    </p>
   </div>
   <div class='ocr_carea' id='block_1_92' title="bbox 508 4684 3741 4769">
    <p class='ocr_par' dir='ltr' id='par_1_92' title="bbox 508 4684 3741 4769">
     <span class='ocr_line' id='line_1_92' title="bbox 508 4684 3741 4769; baseline 0.004 -23"><span class='ocrx_word' id='word_1_639' title='bbox 508 4692 993 4751; x_wconf 71' lang='lat' dir='ltr'><strong>collocatus.Nam</strong></span> <span class='ocrx_word' id='word_1_640' title='bbox 1026 4693 1286 4757; x_wconf 16' lang='lat' dir='ltr'><strong>(membra</strong></span> <span class='ocrx_word' id='word_1_641' title='bbox 1326 4691 1533 4750; x_wconf 81' lang='lat' dir='ltr'><strong>Christi</strong></span> <span class='ocrx_word' id='word_1_642' title='bbox 1568 4695 2075 4763; x_wconf 44' lang='lat' dir='ltr'><strong>martyrisdelruns</strong></span> <span class='ocrx_word' id='word_1_643' title='bbox 2175 4685 2402 4755; x_wconf 73' lang='lat' dir='ltr'><strong>alterum</strong></span> <span class='ocrx_word' id='word_1_644' title='bbox 2436 4697 2602 4756; x_wconf 81' lang='lat' dir='ltr'><strong>Jacob</strong></span> <span class='ocrx_word' id='word_1_645' title='bbox 2634 4713 2666 4754; x_wconf 83' lang='lat' dir='ltr'><strong>a</strong></span> <span class='ocrx_word' id='word_1_646' title='bbox 2709 4701 2834 4755; x_wconf 80' lang='lat' dir='ltr'><strong>ﬁliis</strong></span> <span class='ocrx_word' id='word_1_647' title='bbox 2871 4699 3108 4769; x_wconf 84' lang='lat' dir='ltr'><strong>sepeliri,</strong></span> <span class='ocrx_word' id='word_1_648' title='bbox 3155 4699 3434 4768; x_wconf 86' lang='lat' dir='ltr'><strong>conditum</strong></span> <span class='ocrx_word' id='word_1_649' title='bbox 3481 4684 3741 4759; x_wconf 43' lang='lat' dir='ltr'><strong>aromatis</strong></span> 
     </span>
    </p>
   </div>
   <div class='ocr_carea' id='block_1_93' title="bbox 506 4779 3738 4870">
    <p class='ocr_par' dir='ltr' id='par_1_93' title="bbox 506 4779 3738 4870">
     <span class='ocr_line' id='line_1_93' title="bbox 506 4779 3738 4870; baseline 0.002 -30"><span class='ocrx_word' id='word_1_650' title='bbox 506 4796 627 4842; x_wconf 88' lang='lat' dir='ltr'><strong>cata</strong></span> <span class='ocrx_word' id='word_1_651' title='bbox 663 4783 890 4856; x_wconf 87' lang='lat' dir='ltr'><strong>gentiles</strong></span> <span class='ocrx_word' id='word_1_652' title='bbox 912 4782 1300 4850; x_wconf 89' lang='lat' dir='ltr'><strong>disposuerunt</strong></span> <span class='ocrx_word' id='word_1_653' title='bbox 1326 4779 1699 4839; x_wconf 84' lang='lat' dir='ltr'><strong>sordidissimo</strong></span> <span class='ocrx_word' id='word_1_654' title='bbox 1725 4783 2075 4851; x_wconf 34' lang='lat' dir='ltr'><strong>loco,,eqno-</strong></span> <span class='ocrx_word' id='word_1_655' title='bbox 2176 4789 2276 4843; x_wconf 91' lang='lat' dir='ltr'><strong>bus</strong></span> <span class='ocrx_word' id='word_1_656' title='bbox 2323 4787 2473 4847; x_wconf 82' lang='lat' dir='ltr'><strong>(Ceu.</strong></span> <span class='ocrx_word' id='word_1_657' title='bbox 2527 4792 2601 4856; x_wconf 82' lang='grc' dir='ltr'><strong>ι),</strong></span> <span class='ocrx_word' id='word_1_658' title='bbox 2649 4788 2854 4857; x_wconf 83' lang='lat' dir='ltr'><strong>pariter</strong></span> <span class='ocrx_word' id='word_1_659' title='bbox 2914 4789 2982 4842; x_wconf 88' lang='lat' dir='ltr'><strong>ab</strong></span> <span class='ocrx_word' id='word_1_660' title='bbox 3035 4788 3310 4855; x_wconf 84' lang='lat' dir='ltr'><strong>omnibus,</strong></span> <span class='ocrx_word' id='word_1_661' title='bbox 3349 4790 3738 4870; x_wconf 34' lang='lat' dir='ltr'><strong>quasihipsum</strong></span> 
     </span>
    </p>
   </div>
   <div class='ocr_carea' id='block_1_94' title="bbox 507 4871 2078 4945">
    <p class='ocr_par' dir='ltr' id='par_1_94' title="bbox 507 4871 2078 4945">
     <span class='ocr_line' id='line_1_94' title="bbox 507 4871 2078 4945; baseline -0.002 -15"><span class='ocrx_word' id='word_1_662' title='bbox 507 4893 660 4945; x_wconf 23' lang='lat' dir='ltr'><strong>rum,</strong></span> <span class='ocrx_word' id='word_1_663' title='bbox 701 4875 962 4930; x_wconf 82' lang='lat' dir='ltr'><strong>inenlcari</strong></span> <span class='ocrx_word' id='word_1_664' title='bbox 1031 4871 1288 4942; x_wconf 83' lang='lat' dir='ltr'><strong>pedibus,</strong></span> <span class='ocrx_word' id='word_1_665' title='bbox 1350 4872 1506 4941; x_wconf 75' lang='lat' dir='ltr'><strong>juxta</strong></span> <span class='ocrx_word' id='word_1_666' title='bbox 1561 4872 1719 4931; x_wconf 63' lang='lat' dir='ltr'><strong>.illud</strong></span> <span class='ocrx_word' id='word_1_667' title='bbox 1758 4890 1770 4926; x_wconf 90' lang='lat'><strong>:</strong></span> <span class='ocrx_word' id='word_1_668' title='bbox 1812 4872 2078 4938; x_wconf 58' lang='lat' dir='ltr'><strong>ﬂemoria</strong></span> 
     </span>
    </p>
   </div>
   <div class='ocr_carea' id='block_1_95' title="bbox 509 4961 2076 5033">
    <p class='ocr_par' dir='ltr' id='par_1_95' title="bbox 509 4961 2076 5033">
     <span class='ocr_line' id='line_1_95' title="bbox 509 4961 2076 5033; baseline -0.001 -16"><span class='ocrx_word' id='word_1_669' title='bbox 509 4965 657 5017; x_wconf 73' lang='lat' dir='ltr'><strong>illius</strong></span> <span class='ocrx_word' id='word_1_670' title='bbox 682 4973 857 5033; x_wconf 83' lang='lat' dir='ltr'><strong>pereat</strong></span> <span class='ocrx_word' id='word_1_671' title='bbox 886 4964 949 5017; x_wconf 86' lang='lat' dir='ltr'><strong>de</strong></span> <span class='ocrx_word' id='word_1_672' title='bbox 982 4962 1120 5016; x_wconf 81' lang='lat' dir='ltr'><strong>terra</strong></span> <span class='ocrx_word' id='word_1_673' title='bbox 1153 4961 1273 5033; x_wconf 85' lang='lat' dir='ltr'><strong>(Job</strong></span> <span class='ocrx_word' id='word_1_674' title='bbox 1317 4963 1502 5030; x_wconf 77' lang='lat' dir='ltr'><strong>xvm);</strong></span> <span class='ocrx_word' id='word_1_675' title='bbox 1538 4978 1606 5022; x_wconf 80' lang='lat' dir='ltr'><strong>ne</strong></span> <span class='ocrx_word' id='word_1_676' title='bbox 1635 4961 1926 5016; x_wconf 88' lang='lat' dir='ltr'><strong>Christiani</strong></span> <span class='ocrx_word' id='word_1_677' title='bbox 1953 4978 2076 5016; x_wconf 91' lang='lat' dir='ltr'><strong>eum</strong></span> 
     </span>
    </p>
   </div>
   <div class='ocr_carea' id='block_1_96' title="bbox 511 5049 2075 5122">
    <p class='ocr_par' dir='ltr' id='par_1_96' title="bbox 511 5049 2075 5122">
     <span class='ocr_line' id='line_1_96' title="bbox 511 5049 2075 5122; baseline 0.006 -15"><span class='ocrx_word' id='word_1_678' title='bbox 511 5053 614 5107; x_wconf 72' lang='lat' dir='ltr'><strong>sibi</strong></span> <span class='ocrx_word' id='word_1_679' title='bbox 647 5062 947 5122; x_wconf 72' lang='lat' dir='ltr'><strong>martyrem</strong></span> <span class='ocrx_word' id='word_1_680' title='bbox 981 5053 1188 5121; x_wconf 85' lang='lat' dir='ltr'><strong>possint</strong></span> <span class='ocrx_word' id='word_1_681' title='bbox 1233 5052 1466 5109; x_wconf 58' lang='lat' dir='ltr'><strong>habere.</strong></span> <span class='ocrx_word' id='word_1_682' title='bbox 1489 5049 2075 5116; x_wconf 48' lang='lat' dir='ltr'><strong>Sed...DomimIs&#39;0m-</strong></span> 
     </span>
    </p>
   </div>
   <div class='ocr_carea' id='block_1_97' title="bbox 513 5139 2076 5222">
    <p class='ocr_par' dir='ltr' id='par_1_97' title="bbox 513 5139 2076 5222">
     <span class='ocr_line' id='line_1_97' title="bbox 513 5139 2076 5222; baseline 0 -28"><span class='ocrx_word' id='word_1_683' title='bbox 513 5140 689 5204; x_wconf 87' lang='lat' dir='ltr'><strong>nium,</strong></span> <span class='ocrx_word' id='word_1_684' title='bbox 725 5139 977 5195; x_wconf 78' lang='lat' dir='ltr'><strong>euinibil</strong></span> <span class='ocrx_word' id='word_1_685' title='bbox 1003 5141 1449 5222; x_wconf 74' lang='lat' dir='ltr'><strong>est.in1possibile</strong></span> <span class='ocrx_word' id='word_1_686' title='bbox 1465 5182 1484 5207; x_wconf 14' lang='grc' dir='ltr'><strong>,Α</strong></span> <span class='ocrx_word' id='word_1_687' title='bbox 1517 5139 1750 5208; x_wconf 75' lang='lat' dir='ltr'><strong>subjecit</strong></span> <span class='ocrx_word' id='word_1_688' title='bbox 1777 5139 1853 5193; x_wconf 80' lang='lat' dir='ltr'><strong>illi</strong></span> <span class='ocrx_word' id='word_1_689' title='bbox 1887 5155 2076 5210; x_wconf 86' lang='lat' dir='ltr'><strong>omnes</strong></span> 
     </span>
    </p>
   </div>
   <div class='ocr_carea' id='block_1_98' title="bbox 514 5232 2074 5304">
    <p class='ocr_par' dir='ltr' id='par_1_98' title="bbox 514 5232 2074 5304">
     <span class='ocr_line' id='line_1_98' title="bbox 514 5232 2074 5304; baseline -0.001 -17"><span class='ocrx_word' id='word_1_690' title='bbox 514 5232 732 5296; x_wconf 61' lang='lat' dir='ltr'><strong>hostes,</strong></span> <span class='ocrx_word' id='word_1_691' title='bbox 748 5240 814 5289; x_wconf 79' lang='lat' dir='ltr'><strong>ut</strong></span> <span class='ocrx_word' id='word_1_692' title='bbox 853 5232 1111 5286; x_wconf 85' lang='lat' dir='ltr'><strong>conderet</strong></span> <span class='ocrx_word' id='word_1_693' title='bbox 1136 5235 1530 5304; x_wconf 46' lang='lat' dir='ltr'><strong>.ecchsiamjn</strong></span> <span class='ocrx_word' id='word_1_694' title='bbox 1569 5233 1698 5302; x_wconf 56' lang='lat' dir='ltr'><strong>ejus.</strong></span> <span class='ocrx_word' id='word_1_695' title='bbox 1725 5233 1982 5299; x_wconf 86' lang='lat' dir='ltr'><strong>nomine;</strong></span> <span class='ocrx_word' id='word_1_696' title='bbox 2021 5232 2074 5286; x_wconf 89' lang='lat' dir='ltr'><strong>in</strong></span> 
     </span>
    </p>
   </div>
   <div class='ocr_carea' id='block_1_99' title="bbox 512 5323 2073 5396">
    <p class='ocr_par' dir='ltr' id='par_1_99' title="bbox 512 5323 2073 5396">
     <span class='ocr_line' id='line_1_99' title="bbox 512 5323 2073 5396; baseline 0.001 -17"><span class='ocrx_word' id='word_1_697' title='bbox 512 5340 648 5396; x_wconf 86' lang='lat' dir='ltr'><strong>qua-</strong></span> <span class='ocrx_word' id='word_1_698' title='bbox 672 5324 824 5378; x_wconf 73' lang='lat' dir='ltr'><strong>lienet</strong></span> <span class='ocrx_word' id='word_1_699' title='bbox 871 5324 988 5394; x_wconf 91' lang='lat' dir='ltr'><strong>ipse</strong></span> <span class='ocrx_word' id='word_1_700' title='bbox 1031 5323 1214 5377; x_wconf 82' lang='lat' dir='ltr'><strong>hostia</strong></span> <span class='ocrx_word' id='word_1_701' title='bbox 1248 5323 1370 5379; x_wconf 88' lang='lat' dir='ltr'><strong>viva</strong></span> <span class='ocrx_word' id='word_1_702' title='bbox 1403 5326 1487 5385; x_wconf 70' lang='lat' dir='ltr'><strong>.in.</strong></span> <span class='ocrx_word' id='word_1_703' title='bbox 1517 5325 1844 5389; x_wconf 71' lang='lat' dir='ltr'><strong>sacriﬁcium</strong></span> <span class='ocrx_word' id='word_1_704' title='bbox 1897 5325 2073 5381; x_wconf 85' lang='lat' dir='ltr'><strong>laudis</strong></span> 
     </span>
    </p>
   </div>
   <div class='ocr_carea' id='block_1_100' title="bbox 475 5427 809 5487">
    <p class='ocr_par' dir='ltr' id='par_1_100' title="bbox 475 5427 809 5487">
     <span class='ocr_line' id='line_1_100' title="bbox 475 5427 809 5487; baseline -0.003 -15"><span class='ocrx_word' id='word_1_705' title='bbox 475 5462 477 5464; x_wconf 87' lang='lat'><strong>.</strong></span> <span class='ocrx_word' id='word_1_706' title='bbox 518 5427 809 5487; x_wconf 58' lang='lat' dir='ltr'><strong>perpetuae.</strong></span> 
     </span>
    </p>
   </div>
   <div class='ocr_carea' id='block_1_101' title="bbox 519 5504 2073 5576">
    <p class='ocr_par' dir='ltr' id='par_1_101' title="bbox 519 5504 2073 5576">
     <span class='ocr_line' id='line_1_101' title="bbox 519 5504 2073 5576; baseline -0.001 -11"><span class='ocrx_word' id='word_1_707' title='bbox 519 5515 523 5520; x_wconf 80' lang='grc'><strong>’</strong></span> <span class='ocrx_word' id='word_1_708' title='bbox 595 5508 662 5564; x_wconf 87' lang='lat' dir='ltr'><strong>Ut</strong></span> <span class='ocrx_word' id='word_1_709' title='bbox 681 5518 858 5574; x_wconf 79' lang='lat' dir='ltr'><strong>autem</strong></span> <span class='ocrx_word' id='word_1_710' title='bbox 887 5507 1068 5564; x_wconf 90' lang='lat' dir='ltr'><strong>conati</strong></span> <span class='ocrx_word' id='word_1_711' title='bbox 1097 5514 1227 5560; x_wconf 89' lang='lat' dir='ltr'><strong>sunt</strong></span> <span class='ocrx_word' id='word_1_712' title='bbox 1248 5505 1422 5560; x_wconf 85' lang='lat' dir='ltr'><strong>sancti</strong></span> <span class='ocrx_word' id='word_1_713' title='bbox 1450 5504 1963 5576; x_wconf 76' lang='lat' dir='ltr'><strong>martyrismembra</strong></span> <span class='ocrx_word' id='word_1_714' title='bbox 1994 5509 2073 5563; x_wconf 90' lang='lat' dir='ltr'><strong>le-</strong></span> 
     </span>
    </p>
   </div>
   <div class='ocr_carea' id='block_1_102' title="bbox 519 5596 2078 5674">
    <p class='ocr_par' dir='ltr' id='par_1_102' title="bbox 519 5596 2078 5674">
     <span class='ocr_line' id='line_1_102' title="bbox 519 5596 2078 5674; baseline -0.002 -19"><span class='ocrx_word' id='word_1_715' title='bbox 519 5614 649 5656; x_wconf 84' lang='lat' dir='ltr'><strong>vare</strong></span> <span class='ocrx_word' id='word_1_716' title='bbox 678 5602 746 5656; x_wconf 86' lang='lat' dir='ltr'><strong>de</strong></span> <span class='ocrx_word' id='word_1_717' title='bbox 775 5611 948 5661; x_wconf 86' lang='lat' dir='ltr'><strong>terra.</strong></span> <span class='ocrx_word' id='word_1_718' title='bbox 979 5599 1124 5655; x_wconf 88' lang='lat' dir='ltr'><strong>Deus</strong></span> <span class='ocrx_word' id='word_1_719' title='bbox 1169 5597 1488 5668; x_wconf 79' lang='lat' dir='ltr'><strong>ponderavit</strong></span> <span class='ocrx_word' id='word_1_720' title='bbox 1523 5596 1618 5650; x_wconf 86' lang='lat' dir='ltr'><strong>illa</strong></span> <span class='ocrx_word' id='word_1_721' title='bbox 1657 5597 1815 5666; x_wconf 66' lang='lat' dir='ltr'><strong>quasi</strong></span> <span class='ocrx_word' id='word_1_722' title='bbox 1844 5598 2078 5674; x_wconf 78' lang='lat' dir='ltr'><strong>maxima</strong></span> 
     </span>
    </p>
   </div>
   <div class='ocr_carea' id='block_1_103' title="bbox 521 5685 2080 5758">
    <p class='ocr_par' dir='ltr' id='par_1_103' title="bbox 521 5685 2080 5758">
     <span class='ocr_line' id='line_1_103' title="bbox 521 5685 2080 5758; baseline -0.004 -11"><span class='ocrx_word' id='word_1_723' title='bbox 521 5693 788 5748; x_wconf 83' lang='lat' dir='ltr'><strong>montium</strong></span> <span class='ocrx_word' id='word_1_724' title='bbox 819 5693 1196 5756; x_wconf 78' lang='lat' dir='ltr'><strong>fundamenta;</strong></span> <span class='ocrx_word' id='word_1_725' title='bbox 1231 5698 1285 5744; x_wconf 89' lang='lat' dir='ltr'><strong>et</strong></span> <span class='ocrx_word' id='word_1_726' title='bbox 1328 5705 1427 5743; x_wconf 90' lang='lat' dir='ltr'><strong>nec</strong></span> <span class='ocrx_word' id='word_1_727' title='bbox 1471 5688 1754 5744; x_wconf 85' lang='lat' dir='ltr'><strong>minimum</strong></span> <span class='ocrx_word' id='word_1_728' title='bbox 1788 5685 2080 5758; x_wconf 80' lang='lat' dir='ltr'><strong>digitorum</strong></span> 
     </span>
    </p>
   </div>
   <div class='ocr_carea' id='block_1_104' title="bbox 525 5775 2080 5850">
    <p class='ocr_par' dir='ltr' id='par_1_104' title="bbox 525 5775 2080 5850">
     <span class='ocr_line' id='line_1_104' title="bbox 525 5775 2080 5850; baseline 0 -19"><span class='ocrx_word' id='word_1_729' title='bbox 525 5787 825 5835; x_wconf 78' lang='lat' dir='ltr'><strong>membrum</strong></span> <span class='ocrx_word' id='word_1_730' title='bbox 841 5781 953 5834; x_wconf 91' lang='lat' dir='ltr'><strong>ullo</strong></span> <span class='ocrx_word' id='word_1_731' title='bbox 971 5787 1182 5850; x_wconf 84' lang='lat' dir='ltr'><strong>poterat</strong></span> <span class='ocrx_word' id='word_1_732' title='bbox 1198 5775 1428 5840; x_wconf 69' lang='lat' dir='ltr'><strong>artificio</strong></span> <span class='ocrx_word' id='word_1_733' title='bbox 1450 5777 1626 5831; x_wconf 89' lang='lat' dir='ltr'><strong>levare</strong></span> <span class='ocrx_word' id='word_1_734' title='bbox 1647 5777 1862 5846; x_wconf 82' lang='lat' dir='ltr'><strong>gentilis</strong></span> <span class='ocrx_word' id='word_1_735' title='bbox 1879 5785 2080 5833; x_wconf 82' lang='lat' dir='ltr'><strong>turma.</strong></span> 
     </span>
    </p>
   </div>
   <div class='ocr_carea' id='block_1_105' title="bbox 2171 4874 3736 4965">
    <p class='ocr_par' dir='ltr' id='par_1_105' title="bbox 2171 4874 3736 4965">
     <span class='ocr_line' id='line_1_105' title="bbox 2171 4874 3736 4965; baseline 0.007 -34"><span class='ocrx_word' id='word_1_736' title='bbox 2171 4875 2447 4934; x_wconf 88' lang='lat' dir='ltr'><strong>Christum</strong></span> <span class='ocrx_word' id='word_1_737' title='bbox 2469 4893 2500 4929; x_wconf 90' lang='lat' dir='ltr'><strong>a</strong></span> <span class='ocrx_word' id='word_1_738' title='bbox 2521 4875 2720 4946; x_wconf 80' lang='lat' dir='ltr'><strong>Joseph</strong></span> <span class='ocrx_word' id='word_1_739' title='bbox 2741 4885 2797 4930; x_wconf 87' lang='lat' dir='ltr'><strong>et</strong></span> <span class='ocrx_word' id='word_1_740' title='bbox 2815 4874 3108 4932; x_wconf 85' lang='lat' dir='ltr'><strong>Nicodemo</strong></span> <span class='ocrx_word' id='word_1_741' title='bbox 3127 4879 3576 4965; x_wconf 62' lang='lat' dir='ltr'><strong>tumultu-iacuit.</strong></span> <span class='ocrx_word' id='word_1_742' title='bbox 3597 4884 3736 4941; x_wconf 76' lang='lat' dir='ltr'><strong>stt‘.</strong></span> 
     </span>
    </p>
   </div>
   <div class='ocr_carea' id='block_1_106' title="bbox 2194 5038 3738 5123">
    <p class='ocr_par' dir='ltr' id='par_1_106' title="bbox 2194 5038 3738 5123">
     <span class='ocr_line' id='line_1_106' title="bbox 2194 5038 3738 5123; baseline 0.009 -23"><span class='ocrx_word' id='word_1_743' title='bbox 2194 5038 2198 5042; x_wconf 67' lang='grc'><em>’</em></span> <span class='ocrx_word' id='word_1_744' title='bbox 2243 5046 2411 5117; x_wconf 79' lang='lat' dir='ltr'><strong>Igitur</strong></span> <span class='ocrx_word' id='word_1_745' title='bbox 2438 5063 2562 5102; x_wconf 90' lang='lat' dir='ltr'><strong>cum</strong></span> <span class='ocrx_word' id='word_1_746' title='bbox 2591 5049 2936 5106; x_wconf 90' lang='lat' dir='ltr'><strong>convenisset</strong></span> <span class='ocrx_word' id='word_1_747' title='bbox 2959 5054 3190 5123; x_wconf 88' lang='lat' dir='ltr'><strong>populus</strong></span> <span class='ocrx_word' id='word_1_748' title='bbox 3212 5054 3582 5122; x_wconf 85' lang='lat' dir='ltr'><strong>Christianus,</strong></span> <span class='ocrx_word' id='word_1_749' title='bbox 3610 5072 3738 5114; x_wconf 84' lang='lat' dir='ltr'><strong>cum</strong></span> 
     </span>
    </p>
   </div>
   <div class='ocr_carea' id='block_1_107' title="bbox 2138 5139 3741 5218">
    <p class='ocr_par' dir='ltr' id='par_1_107' title="bbox 2138 5139 3741 5218">
     <span class='ocr_line' id='line_1_107' title="bbox 2138 5139 3741 5218; baseline 0.006 -25"><span class='ocrx_word' id='word_1_750' title='bbox 2138 5139 2404 5200; x_wconf 45' lang='lat' dir='ltr'><strong>,maxima</strong></span> <span class='ocrx_word' id='word_1_751' title='bbox 2463 5141 2806 5197; x_wconf 88' lang='lat' dir='ltr'><strong>veneratione</strong></span> <span class='ocrx_word' id='word_1_752' title='bbox 2866 5143 3105 5201; x_wconf 89' lang='lat' dir='ltr'><strong>levantes</strong></span> <span class='ocrx_word' id='word_1_753' title='bbox 3169 5147 3416 5201; x_wconf 81' lang='lat' dir='ltr'><strong>membra</strong></span> <span class='ocrx_word' id='word_1_754' title='bbox 3481 5149 3741 5218; x_wconf 74' lang='lat' dir='ltr'><strong>martyris</strong></span> 
     </span>
    </p>
   </div>
   <div class='ocr_carea' id='block_1_108' title="bbox 2171 5224 3741 5304">
    <p class='ocr_par' dir='ltr' id='par_1_108' title="bbox 2171 5224 3741 5304">
     <span class='ocr_line' id='line_1_108' title="bbox 2171 5224 3741 5304; baseline 0.008 -20"><span class='ocrx_word' id='word_1_755' title='bbox 2171 5231 2372 5284; x_wconf 81' lang='lat' dir='ltr'><strong>Christi</strong></span> <span class='ocrx_word' id='word_1_756' title='bbox 2415 5224 2722 5299; x_wconf 86' lang='lat' dir='ltr'><strong>Tiemonis,</strong></span> <span class='ocrx_word' id='word_1_757' title='bbox 2784 5245 3064 5304; x_wconf 85' lang='lat' dir='ltr'><strong>portantes</strong></span> <span class='ocrx_word' id='word_1_758' title='bbox 3088 5238 3142 5292; x_wconf 89' lang='lat' dir='ltr'><strong>in</strong></span> <span class='ocrx_word' id='word_1_759' title='bbox 3189 5236 3513 5303; x_wconf 80' lang='lat' dir='ltr'><strong>ecclesiam,</strong></span> <span class='ocrx_word' id='word_1_760' title='bbox 3562 5239 3741 5297; x_wconf 86' lang='lat' dir='ltr'><strong>tribus</strong></span> 
     </span>
    </p>
   </div>
   <div class='ocr_carea' id='block_1_109' title="bbox 2170 5315 3743 5400">
    <p class='ocr_par' dir='ltr' id='par_1_109' title="bbox 2170 5315 3743 5400">
     <span class='ocr_line' id='line_1_109' title="bbox 2170 5315 3743 5400; baseline 0.008 -23"><span class='ocrx_word' id='word_1_761' title='bbox 2170 5323 2360 5377; x_wconf 90' lang='lat' dir='ltr'><strong>diebus</strong></span> <span class='ocrx_word' id='word_1_762' title='bbox 2407 5331 2460 5377; x_wconf 94' lang='lat' dir='ltr'><strong>et</strong></span> <span class='ocrx_word' id='word_1_763' title='bbox 2503 5325 2677 5379; x_wconf 88' lang='lat' dir='ltr'><strong>tribus</strong></span> <span class='ocrx_word' id='word_1_764' title='bbox 2723 5329 2974 5382; x_wconf 89' lang='lat' dir='ltr'><strong>noctibus</strong></span> <span class='ocrx_word' id='word_1_765' title='bbox 3021 5328 3235 5400; x_wconf 80' lang='lat' dir='ltr'><strong>vigilias</strong></span> <span class='ocrx_word' id='word_1_766' title='bbox 3279 5327 3637 5400; x_wconf 84' lang='lat' dir='ltr'><strong>celebrantes,</strong></span> <span class='ocrx_word' id='word_1_767' title='bbox 3673 5315 3743 5389; x_wconf 68' lang='lat' dir='ltr'><strong>ac</strong></span> 
     </span>
    </p>
   </div>
   <div class='ocr_carea' id='block_1_110' title="bbox 2170 5398 3742 5492">
    <p class='ocr_par' dir='ltr' id='par_1_110' title="bbox 2170 5398 3742 5492">
     <span class='ocr_line' id='line_1_110' title="bbox 2170 5398 3742 5492; baseline 0.006 -24"><span class='ocrx_word' id='word_1_768' title='bbox 2170 5414 2387 5490; x_wconf 87' lang='lat' dir='ltr'><strong>demum</strong></span> <span class='ocrx_word' id='word_1_769' title='bbox 2435 5415 2600 5485; x_wconf 89' lang='lat' dir='ltr'><strong>digno</strong></span> <span class='ocrx_word' id='word_1_770' title='bbox 2642 5417 2846 5472; x_wconf 87' lang='lat' dir='ltr'><strong>honore</strong></span> <span class='ocrx_word' id='word_1_771' title='bbox 2889 5398 3221 5485; x_wconf 79' lang='lat' dir='ltr'><strong>sepelierunt</strong></span> <span class='ocrx_word' id='word_1_772' title='bbox 3265 5432 3393 5473; x_wconf 90' lang='lat' dir='ltr'><strong>cum</strong></span> <span class='ocrx_word' id='word_1_773' title='bbox 3430 5398 3648 5492; x_wconf 44' lang='lat' dir='ltr'><strong>hyalinis</strong></span> <span class='ocrx_word' id='word_1_774' title='bbox 3684 5433 3742 5478; x_wconf 89' lang='lat' dir='ltr'><strong>et</strong></span> 
     </span>
    </p>
   </div>
   <div class='ocr_carea' id='block_1_111' title="bbox 2169 5498 3736 5582">
    <p class='ocr_par' dir='ltr' id='par_1_111' title="bbox 2169 5498 3736 5582">
     <span class='ocr_line' id='line_1_111' title="bbox 2169 5498 3736 5582; baseline 0.006 -24"><span class='ocrx_word' id='word_1_775' title='bbox 2169 5506 2442 5560; x_wconf 87' lang='lat' dir='ltr'><strong>laudibus.</strong></span> <span class='ocrx_word' id='word_1_776' title='bbox 2495 5505 2616 5575; x_wconf 87' lang='lat' dir='ltr'><strong>Ipso</strong></span> <span class='ocrx_word' id='word_1_777' title='bbox 2642 5506 3114 5582; x_wconf 72' lang='lat' dir='ltr'><strong>depositionisdie</strong></span> <span class='ocrx_word' id='word_1_778' title='bbox 3149 5515 3204 5561; x_wconf 89' lang='lat' dir='ltr'><strong>et</strong></span> <span class='ocrx_word' id='word_1_779' title='bbox 3247 5498 3612 5582; x_wconf 18' lang='lat' dir='ltr'><strong>deincepsjad</strong></span> <span class='ocrx_word' id='word_1_780' title='bbox 3649 5503 3736 5568; x_wconf 79' lang='lat' dir='ltr'><strong>se-</strong></span> 
     </span>
    </p>
   </div>
   <div class='ocr_carea' id='block_1_112' title="bbox 2173 5577 3741 5670">
    <p class='ocr_par' dir='ltr' id='par_1_112' title="bbox 2173 5577 3741 5670">
     <span class='ocr_line' id='line_1_112' title="bbox 2173 5577 3741 5670; baseline 0.006 -22"><span class='ocrx_word' id='word_1_781' title='bbox 2173 5596 2422 5664; x_wconf 86' lang='lat' dir='ltr'><strong>pulcrum</strong></span> <span class='ocrx_word' id='word_1_782' title='bbox 2448 5597 2592 5650; x_wconf 90' lang='lat' dir='ltr'><strong>illius</strong></span> <span class='ocrx_word' id='word_1_783' title='bbox 2617 5578 3035 5670; x_wconf 18' lang='lat' dir='ltr'><strong>ﬁebant&#39;crebra</strong></span> <span class='ocrx_word' id='word_1_784' title='bbox 3056 5598 3316 5654; x_wconf 78' lang='lat' dir='ltr'><strong>miracula</strong></span> <span class='ocrx_word' id='word_1_785' title='bbox 3346 5577 3457 5656; x_wconf 60' lang='lat' dir='ltr'><strong>non</strong></span> <span class='ocrx_word' id='word_1_786' title='bbox 3482 5577 3659 5656; x_wconf 68' lang='lat' dir='ltr'><strong>solum</strong></span> <span class='ocrx_word' id='word_1_787' title='bbox 3683 5603 3741 5657; x_wconf 79' lang='lat' dir='ltr'><strong>in</strong></span> 
     </span>
    </p>
   </div>
   <div class='ocr_carea' id='block_1_113' title="bbox 2173 5683 3741 5762">
    <p class='ocr_par' dir='ltr' id='par_1_113' title="bbox 2173 5683 3741 5762">
     <span class='ocr_line' id='line_1_113' title="bbox 2173 5683 3741 5762; baseline 0.007 -26"><span class='ocrx_word' id='word_1_788' title='bbox 2173 5683 2519 5753; x_wconf 87' lang='lat' dir='ltr'><strong>Christianis,</strong></span> <span class='ocrx_word' id='word_1_789' title='bbox 2553 5687 2646 5740; x_wconf 86' lang='lat' dir='ltr'><strong>sed</strong></span> <span class='ocrx_word' id='word_1_790' title='bbox 2676 5687 2843 5740; x_wconf 89' lang='lat' dir='ltr'><strong>etiam</strong></span> <span class='ocrx_word' id='word_1_791' title='bbox 2873 5686 2925 5740; x_wconf 91' lang='lat' dir='ltr'><strong>in</strong></span> <span class='ocrx_word' id='word_1_792' title='bbox 2955 5689 3182 5757; x_wconf 81' lang='lat' dir='ltr'><strong>paganis</strong></span> <span class='ocrx_word' id='word_1_793' title='bbox 3209 5683 3364 5762; x_wconf 86' lang='lat' dir='ltr'><strong>ipsis,</strong></span> <span class='ocrx_word' id='word_1_794' title='bbox 3388 5688 3484 5762; x_wconf 80' lang='lat' dir='ltr'><strong>qui</strong></span> <span class='ocrx_word' id='word_1_795' title='bbox 3507 5687 3636 5762; x_wconf 73' lang='lat' dir='ltr'><strong>eum</strong></span> <span class='ocrx_word' id='word_1_796' title='bbox 3673 5706 3741 5746; x_wconf 77' lang='lat' dir='ltr'><strong>ex</strong></span> 
     </span>
    </p>
   </div>
   <div class='ocr_carea' id='block_1_114' title="bbox 2178 5757 3742 5850">
    <p class='ocr_par' dir='ltr' id='par_1_114' title="bbox 2178 5757 3742 5850">
     <span class='ocr_line' id='line_1_114' title="bbox 2178 5757 3742 5850; baseline 0.006 -23"><span class='ocrx_word' id='word_1_797' title='bbox 2178 5782 2307 5832; x_wconf 88' lang='lat' dir='ltr'><strong>tunc</strong></span> <span class='ocrx_word' id='word_1_798' title='bbox 2333 5785 2660 5831; x_wconf 77' lang='lat' dir='ltr'><strong>venerantur</strong></span> <span class='ocrx_word' id='word_1_799' title='bbox 2703 5776 2944 5845; x_wconf 79' lang='lat' dir='ltr'><strong>quotidie</strong></span> <span class='ocrx_word' id='word_1_800' title='bbox 2994 5777 3163 5850; x_wconf 69' lang='lat'><strong>(469).</strong></span> <span class='ocrx_word' id='word_1_801' title='bbox 3440 5757 3742 5838; x_wconf 70' lang='lat' dir='ltr'><strong>autem</strong></span> 
     </span>
    </p>
   </div>
   <div class='ocr_carea' id='block_1_115' title="bbox 597 5875 3742 5982">
    <p class='ocr_par' dir='ltr' id='par_1_115' title="bbox 597 5875 3742 5982">
     <span class='ocr_line' id='line_1_115' title="bbox 597 5875 3742 5982; baseline 0.006 -51"><span class='ocrx_word' id='word_1_802' title='bbox 597 5887 744 5960; x_wconf 65' lang='lat' dir='ltr'><strong>(ton)</strong></span> <span class='ocrx_word' id='word_1_803' title='bbox 782 5887 903 5945; x_wconf 82' lang='lat' dir='ltr'><strong>iniit</strong></span> <span class='ocrx_word' id='word_1_804' title='bbox 931 5887 1118 5946; x_wconf 85' lang='lat' dir='ltr'><strong>Tiemo</strong></span> <span class='ocrx_word' id='word_1_805' title='bbox 1153 5885 1638 5958; x_wconf 75' lang='lat' dir='ltr'><strong>peregrinationem</strong></span> <span class='ocrx_word' id='word_1_806' title='bbox 1674 5901 1816 5939; x_wconf 90' lang='lat' dir='ltr'><strong>anno</strong></span> <span class='ocrx_word' id='word_1_807' title='bbox 1854 5883 2014 5953; x_wconf 75' lang='grc'>1100,</span> <span class='ocrx_word' id='word_1_808' title='bbox 2055 5894 2188 5941; x_wconf 88' lang='lat' dir='ltr'><strong>teste</strong></span> <span class='ocrx_word' id='word_1_809' title='bbox 2220 5885 2428 5948; x_wconf 86' lang='lat' dir='ltr'><strong>Othone</strong></span> <span class='ocrx_word' id='word_1_810' title='bbox 2460 5889 2716 5963; x_wconf 85' lang='lat' dir='ltr'><strong>Frising.,</strong></span> <span class='ocrx_word' id='word_1_811' title='bbox 2751 5891 2846 5949; x_wconf 89' lang='lat' dir='ltr'><strong>lib.</strong></span> <span class='ocrx_word' id='word_1_812' title='bbox 2894 5875 2990 5948; x_wconf 66' lang='lat' dir='ltr'><strong>vn.</strong></span> <span class='ocrx_word' id='word_1_813' title='bbox 3037 5893 3195 5973; x_wconf 75' lang='lat' dir='ltr'><strong>Anno</strong></span> <span class='ocrx_word' id='word_1_814' title='bbox 3234 5893 3742 5982; x_wconf 51' lang='lat' dir='ltr'><strong>“quam”</strong></span> 
     </span>
    </p>
   </div>
  </div>
