3944 6396
516 494 616 550 9ῧῖ

537 625 1553 659 W

1476 488 1559 539 AD
1595 484 1818 541 OPERA
1863 483 1919 536 S.
1957 479 2279 542 GREGf‘lill
2320 474 2756 531 AI’PENDICES.

3640 466 3753 521 908

1561 608 3745 646 ...Μ-*⁸.-

1612 773 1907 864 VITA
1976 773 2080 855 Β.
2154 764 2666 855 ANSELMI
2732 877 2737 882 η

1771 922 2107 1010 LUCENS'is
2143 947 2471 1015 EPISCOPI,

515 1121 565 1181 Λ
594 1120 661 1181 Β.
694 1119 818 1197 (Sic
858 1118 1015 1177 enim
1040 1114 1326 1195 sevocat)
1370 1114 1766 1194 presbytero,
1826 1106 2245 1187 ejusdemque
2289 1104 2350 1164 S.
2390 1096 2681 1197 Pastoris
2705 1095 2775 1156 in
2823 1096 3268 1197 spiritualibus
3302 1098 3437 1161 fllio
3518 1098 3749 1159 ravitci

894 1215 1273 1294 conscripta.
1310 1213 1427 1277 Cui
1458 1207 1841 1291 quamplura
1869 1207 1995 1270 alia
2022 1206 2306 1267 eiusdem
2337 1206 2398 1266 S.
2441 1198 2563 1262 viri
2599 1195 2910 1257 miracula
2936 1196 3382 1263 adnectuntur.

1941 1375 2332 1392 ῤ-

583 1523 801 1578 Devotis
821 1510 1182 1591 quorumdam
1213 1519 1462 1589 precibus
1507 1518 1774 1572 instanter
1819 1515 2082 1587 cogimur,
2112 1518 2159 1574 Α
2185 1517 2277 1571 illo
2322 1514 2664 1585 postmodum
2712 1515 2962 1585 religiose
3004 1519 3368 1569 consecratus.
3398 1507 3590 1580 lgitur,
3622 1507 3763 1565 dun

514 1624 577 1669 ut
599 1612 770 1667 Vitam
797 1610 1124 1666 sanctissimi
1148 1609 1323 1664 Patris
1348 1604 1803 1663 nostriLucensis
1821 1606 2078 1676 episcopi,

523 1702 728 1758 domini
778 1702 1064 1767 Anselmi,
1114 1698 1280 1769 quam
1330 1707 1626 1768 praesentes
1666 1696 1904 1752 vidimus
1951 1704 2005 1751 et
2050 1688 2103 1750 a'

515 1793 717 1863 pariter
740 1790 1203 1847 commorantibus
1223 1789 1452 1843 fideliter
1477 1787 1806 1857 accepimus,
1828 1771 2083 1856 compen-

517 1883 674 1936 dioso
726 1882 1058 1951 explicemus
1096 1880 1315 1946 labore;
1347 1893 1470 1950 quae
1514 1886 1595 1932 tot
1624 1886 1768 1933 certe
1806 1893 1872 1931 ac
1921 1877 2109 1932 tantis'

517 1970 774 2038 praeclara
805 1969 958 2024 fulsit
996 1969 1306 2035 virtutibus,
1336 1976 1394 2022 ut
1419 1965 1642 2021 minime
1667 1981 1765 2020 nos
1795 1966 1863 2019 ad
1897 1964 2084 2034 injun-

518 2069 666 2114 ctum
692 2061 796 2115 tale
828 2059 1106 2130 negotium
1147 2058 1498 2113 sufﬁciamus.
1526 2051 1723 2126 Atqui,
1761 2056 1891 2111 dum
1918 2071 2085 2111 vene-

521 2151 689 2205 rabile
739 2150 1069 2205 desiderium
1121 2149 1336 2203 illorum
1395 2148 1776 2221 perpendimus
1801 2188 1816 2211 ,
1867 2146 2085 2200 tametsi

522 2255 632 2292 non
671 2240 986 2304 sufﬁcimus,
1033 2250 1311 2308 utcunque
1342 2246 1565 2303 tamen,
1610 2238 1757 2307 quod
1804 2244 2083 2305 expetunt,

527 2329 840 2398 incipimus.
891 2326 1163 2392 Quoniam
1193 2326 1441 2380 fidelibus
1470 2325 1682 2378 cunctis
1708 2323 1828 2377 fidei
1869 2332 2089 2392 praestat

525 2420 926 2472 firmamentum
991 2424 1046 2470 et
1103 2431 1273 2470 cornu
1327 2415 1554 2480 salutis;
1606 2414 2087 2470 cxcommunicatis

523 2520 700 2564 autem
744 2508 1143 2572 confusionem,
1193 2506 1594 2572 verecundiam,
1625 2505 2005 2561 detrimentum
2034 2514 2088 2562 et

523 2597 837 2665 perniciem.

594 2688 639 2737 A
664 2684 894 2753 pueritia
919 2684 1148 2753 qualiter
1171 2684 1389 2751 vixerit,
1417 2694 1533 2738 tum
1562 2684 1690 2753 quia
1713 2685 1942 2754 pleniter
1977 2699 2088 2739 non

526 2775 801 2841 novimus,
828 2784 940 2828 tum
968 2773 1097 2842 quia
1131 2775 1355 2829 reticere
1377 2774 1866 2843 impraesentiarum
1916 2773 2088 2829 satius

2180 1606 2457 1675 aliquanto
2487 1614 2745 1674 tempore,
2785 1619 2893 1659 non
2940 1604 3108 1658 semel
3131 1611 3224 1656 aut
3256 1601 3374 1665 bis,
3428 1599 3526 1655 sed
3558 1597 3765 1668 saepius

2181 1709 2305 1749 cum
2323 1695 2513 1749 eodem
2536 1693 2954 1765 religiosissimo
2975 1692 3286 1746 ordinatore
3308 1704 3408 1744 suo
3429 1696 3763 1750 moraretur.

2180 1784 2347 1838 vitam
2378 1783 2499 1852 ejus
2533 1782 2902 1838 consideravit
2936 1778 3281 1836 ineﬂ‘abiliter
3320 1776 3647 1840 mirabilem,
3694 1789 3767 1829 ac

2182 1873 2504 1927 mirabiliter
2543 1870 2892 1926 ineffabilem.
2935 1869 3094 1936 Quia,
3120 1883 3247 1924 cum
3287 1867 3356 1922 de
3403 1865 3663 1921 omnibus
3709 1871 3769 1919 et

2120 1959 2127 1965 ’
2184 1959 2416 2031 singulis
2450 1960 2650 2015 finibus
2670 1959 2858 2015 saeculi
2884 1958 3037 2014 ﬁeret
3060 1958 3129 2012 ad
3151 1972 3274 2012 eum
3299 1970 3625 2020 concursus,
3657 1954 3768 2008 rite

2184 2047 2437 2102 omnibus
2460 2046 2739 2103 satisfecit.
2774 2047 2981 2103 Veritas
3002 2061 3132 2101 vero
3154 2055 3209 2101 et
3244 2044 3450 2100 iustitia
3477 2056 3768 2112 nunquam

2183 2138 2263 2191 ori
2295 2136 2415 2207 ejus
2440 2136 2612 2192 defuit
2641 2138 2808 2204 :imo,
2841 2138 2988 2208 quod
3018 2136 3193 2207 magis
3213 2145 3297 2191 est
3339 2135 3678 2198 mirandum,
3708 2133 3769 2186 in

2186 2227 2321 2297 ipsis
2376 2229 2729 2285 saecularibus
2773 2228 3002 2299 negotiis
3039 2227 3237 2297 saepius
3270 2225 3507 2282 exce.:.lt
3555 2232 3768 2289 mente,

2186 2316 2486 2370 exhilarato
2512 2316 2707 2385 spiritu
2749 2330 2851 2371 suo
2874 2316 3084 2372 caelesti
3121 2315 3611 2385 contemplatione;
3643 2312 3770 2382 qui,

2186 2404 2232 2460 si
2257 2407 2501 2475 privatus
2524 2406 2794 2460 interdum
2831 2405 3121 2470 exstiterit,
3153 2404 3578 2459 revelationibus
3595 2402 3771 2456 etiam

2184 2496 2384 2551 divinis
2423 2496 2757 2566 jucundatus
2800 2504 2883 2551 est
2926 2505 2980 2551 et
3016 2494 3375 2551 confortatus.
3438 2491 3635 2562 Hujus,
3683 2491 3774 2545 in-

2184 2598 2371 2653 quam,
2394 2584 2621 2653 vestigia
2647 2584 2779 2638 dum
2804 2583 3030 2653 exsequi
3056 2581 3325 2637 ferventer
3357 2580 3651 2645 desiderat,
3679 2579 3772 2632 in-

2187 2672 2318 2742 cipit
2360 2673 2607 2727 oblivisci
2635 2673 2921 2739 mundum,
2956 2688 3022 2727 ac
3060 2672 3191 2727 totis
3227 2671 3440 2725 viribus
3483 2668 3686 2723 mentis
3717 2674 3776 2722 et

2189 2763 2460 2831 corporis,
2505 2763 2592 2817 die
2631 2777 2696 2817 ac
2725 2771 2884 2818 nocte
2906 2763 3186 2832 suspirare
3218 2761 3271 2815 in
3295 2759 3489 2826 Deum,
3512 2758 3775 2839 commit-

526 2866 883 2931 mstimamus,
913 2865 1392 2934 praetermittimus.
1425 2864 1737 2920 Studiosum
1772 2871 1953 2919 tamen
1975 2864 2090 2933 jam
2125 2831 2163 2885 Β
2192 2861 2310 2908 lens
2355 2868 2415 2908 se
2461 2869 2571 2907 non
2610 2853 2786 2909 SOlllm
2829 2854 3064 2909 385mm?
3101 2852 3341 2920 ιθοῑὶοηίι
3372 2866 3565 2907 Verum
3600 2850 3773 2906 cum

524 2963 659 3009 tunc
681 2954 735 3007 in
756 2952 1097 3009 scholasticis
1126 2952 1288 3007 etiam
1309 2952 1549 3022 legendis
1582 2952 1735 3007 libris
1762 2951 1950 3017 fuisse,
1974 2951 2093 3021 ipso

529 3042 730 3111 saepius
755 3039 1039 3107 referente,
1064 3043 1449 3110 cognovimus;
1482 3041 1625 3111 quod
1646 3048 1700 3095 et
1717 3038 1795 3095 rei
1819 3039 2095 3094 evidenter

529 3128 779 3198 probavit
806 3126 1062 3192 effectus;
1088 3128 1216 3195 quia
1242 3128 1299 3180 in
1325 3136 1440 3181 arte
1469 3127 1819 3196 grammatica
1845 3134 1902 3180 et
1929 3126 2096 3181 diale-

534 3222 672 3274 ctica
700 3218 905 3273 exstitit
946 3217 1156 3286 peritus
1205 3216 1374 3287 (472).
1423 3214 1563 3270 Dum
1609 3224 1791 3270 autem
1827 3215 2098 3270 videretur

526 3312 643 3381 jam
670 3310 923 3373 idoneus,
968 3322 1163 3375 nempe
1204 3305 1437 3372 meritis,
1482 3304 1729 3360 moribus
1772 3320 1838 3359 ac
1872 3304 2097 3361 scientia

533 3399 766 3466 dignus,
822 3395 959 3449 utin
994 3395 1252 3448 honorem
1307 3393 1691 3448 sublimaretur
1735 3394 2096 3461 episcopatus,

531 3482 1300 3539 mittitura‘rcverendissimc
1333 3496 1471 3551 papa
1515 3480 1822 3535 Alexandro
1847 3478 1995 3549 (475)
2031 3480 2101 3533 ad

532 3589 737 3643 regem,
767 3574 894 3627 dato
927 3572 1029 3627 sibi
1058 3572 1276 3637 comite,
1315 3568 1569 3640 religioso
1607 3569 1861 3639 episcopo
1884 3566 1941 3622 S.
1967 3566 2102 3622 Ruf-

536 3664 677 3728 finze,
722 3662 941 3717 nomine
999 3661 1331 3732 Meginardo.
1382 3658 1489 3714 Sed
1541 3659 1670 3729 quia
1707 3659 1820 3728 jam
1858 3652 2102 3727 perfecte

536 3760 777 3819 coeperat
826 3752 1030 3815 odisse,
1084 3759 1145 3804 ut
1192 3749 1340 3804 sacri
1389 3747 1612 3799 ordines
1654 3745 2009 3799 ecclesiastici
2069 3759 2103 3799 ι

536 3838 889 3897 saecularibus
919 3838 1180 3892 darentur
1229 3833 1607 3904 potestatibus,
1657 3847 1980 3902 quacunque
2019 3832 2104 3886 vel

537 3929 823 3987 occasione
860 3928 944 3982 vel
982 3926 1191 3981 ratione
1232 3924 1424 3994 potuit,
1468 3922 1674 3992 absque
1712 3920 1989 3991 dignitatis
2021 3920 2106 3975 in-

536 4019 798 4073 vestitura
822 4016 1101 4079 discessit;
1128 4028 1440 4082 quanquam
1467 4026 1531 4065 ea
1557 4011 1853 4085 intentione
1872 4008 2105 4065 domnus

536 4124 675 4180 papa
711 4107 862 4161 illum
919 4105 1196 4159 direxerit.
1226 4101 1335 4155 Nec
1374 4102 1595 4155 mirum.
1647 4099 1751 4166 Qui
1784 4100 1927 4155 enim
1979 4116 2106 4171 cpe-

536 4207 691 4251 ratus
738 4204 823 4249 est
868 4201 1054 4263 postea
1095 4206 1193 4261 per
1232 4205 1356 4244 eum
1394 4189 1564 4243 multa
1614 4188 1779 4257 Deus,
1831 4189 2108 4244 catholicae

539 4286 691 4338 illum
725 4282 977 4338 elcctioni
1001 4280 1317 4335 reservavit.
1356 4277 1469 4333 Rex
1492 4284 1673 4333 autem
1704 4277 1863 4349 quasi
1886 4279 2111 4347 despec-

540 4382 656 4425 tum
681 4387 739 4425 se
762 4370 952 4437 doluit,
972 4376 1025 4424 et
1046 4367 1242 4438 regalis
1282 4366 1496 4437 imperii
1538 4375 1798 4437 tanquam
1854 4382 2110 4437 magnum

543 4458 923 4512 detrimentum
943 4457 1254 4524 deploravit.
1471 4473 1474 4476 ~
1957 4446 1963 4453 ‘
2006 4452 2015 4455 -

516 4582 519 4585 ‹
620 4544 880 4599 Defuncto
918 4544 1096 4611 itaque
1136 4545 1391 4612 praedicto
1430 4560 1568 4613 papa
1611 4544 1914 4599 Alexandro
1940 4544 2109 4615 (474),

547 4639 675 4690 dum
701 4627 1076 4689 sanctissimus
1101 4633 1396 4703 Gregorius
1421 4632 1507 4687 Vl]
1530 4634 1587 4687 in
1613 4633 1914 4688 Romanum
1936 4635 2114 4701 ponti-

545 4725 702 4778 ﬁcem
737 4721 971 4791 Spiritus
996 4723 1169 4777 sancti
1194 4705 1558 4791 instigatione,
1592 4736 1655 4774 ac
1684 4728 1811 4773 voto
1838 4708 2113 4773 communi

545 4812 866 4867 clericorum
891 4818 945 4864 et
986 4810 1270 4876 laicorum,
1314 4810 1407 4863 diu
1432 4810 1691 4875 renitens,
1721 4794 1865 4871 esset
1889 4808 2111 4873 electus,

547 4912 609 4955 ut
650 4911 963 4971 sequeretur
994 4916 1120 4955 cum
1167 4901 1270 4954 iste
1313 4900 1368 4951 in
1424 4899 1696 4960 omnibus,
1738 4897 1793 4951 in
1837 4896 2112 4951 Lucanam

552 4985 847 5040 Eeclesiam
876 4998 960 5042 est
1005 4996 1058 5049 et
1092 4989 1207 5058 ipse
1238 4987 1442 5042 electus
1487 4984 1793 5053 episcopus,
1839 4992 2000 5054 atque
2046 4985 2114 5039 ab

625 5094 773 5196 (ξιξ)
808 5094 1015 5151 Recitat
1058 5100 1174 5153 lucc
1208 5099 1405 5153 Baron.
1443 5106 1573 5151 tom.
1619 5096 1709 5164 XI,
1757 5112 1901 5151 anno
1954 5097 2110 5165 1073,

557 5178 775 5300 "'(1'73)
800 5203 1206 5312 'Alexan'deréll,
1227 5233 1442 5312 pontif.,
1476 5235 1568 5312 qui
1591 5244 1644 5312 e_t
1678 5235 1794 5312 ipse
1818 5244 1976 5290 antea
1998 5235 2112 5312 epi-

558 5313 756 5420 si’cOpus
799 5299 1061 5355 Lucensis
1107 5300 1320 5361 fuerat,
1370 5310 1424 5353 et
1472 5299 1715 5357 Anselmi
1762 5319 1957 5359 nomen
2014 5299 2112 5359 lia-

603 5378 773 5423 uerat.

2190 2946 2461 3000 continuae
2482 2942 2757 2999 afﬂictioni
2786 2943 2914 3015 (475
2945 2943 2985 3013 ).

2263 3034 2331 3088 Et
2367 3035 2722 3104 perscrutatis
2764 3034 3104 3089 diversarum
3154 3035 3540 3090 auctoritatum
3589 3032 3773 3096 libris,

2195 3120 2386 3191 incipit
2413 3122 2579 3175 vitam
2607 3137 2764 3177 suam
2804 3121 3185 3191 perditissima:
3210 3111 3596 3177 “damnationis
3617 3119 3766 3174 aesti-

2195 3223 2366 3274 mare,
2413 3217 2575 3279 atque
2613 3210 2819 3279 accepti
2863 3196 3175 3264 ministerii
3199 3208 3552 3280 dignitatem,
3606 3202 3779 3277 grave

2196 3297 2380 3351 oneris
2428 3298 2752 3366 periculum,
2787 3313 2898 3352 non
2933 3298 3162 3369 honoris
3202 3299 3461 3369 gaudium
3504 3297 3773 3368 cogitare.

2195 3383 2332 3441 Illud
2364 3400 2493 3439 vero
2516 3394 2639 3440 ante
2667 3384 2850 3442 omnia
2889 3396 3160 3453 metuens,
3201 3386 3347 3456 quod
3381 3394 3506 3456 post
3537 3385 3778 3440 catholi-

2197 3470 2318 3530 cam
2343 3474 2661 3531 electionem
2681 3476 2749 3531 de
2782 3492 2947 3551 manu
2968 3477 3114 3548 regis
3138 3476 3402 3531 annulum
3426 3473 3694 3544 suscepit,
3723 3483 3778 3529 et

2196 3562 2522 3631 pastoralem
2554 3561 3002 3624 baculum.'Nam
3040 3563 3253 3619 irritum
3283 3578 3508 3632 prorsus
3529 3563 3780 3617 aestima-

2197 3648 2277 3702 vit
2323 3649 2586 3717 quidquid
2629 3658 2884 3718 cperatus
2925 3660 3030 3717 est,
3063 3652 3223 3721 quasi
3268 3652 3593 3706 auctoritate
3625 3652 3781 3707 illius

2202 3736 2582 3793 abominabilis
2629 3737 3002 3803 investiturte;
3049 3739 3145 3792 sed
3173 3749 3228 3793 et
3267 3739 3503 3794 domnus
3538 3754 3685 3808 papa
3708 3739 3781 3801 {id

2201 3829 2379 3882 solum
2409 3829 2699 3899 aliquando
2724 3831 3050 3898 vituperavit
3073 3831 3127 3884 in
3157 3831 3308 3909 illo.

2273 3917 2548 3987 Disposuit
2565 3934 2695 3990 ergo
2735 3922 2998 3977 orationis
3023 3936 3209 3989 causa,
3235 3932 3550 3977 sanctorum
3593 3922 3784 3993 aliqua

2202 4008 2425 4063 visitare
2454 4009 2665 4075 limina,
2688 4018 2743 4063 et
2773 4011 3143 4067 nescientibus
3169 4012 3262 4082 qui
3291 4028 3422 4068 cum
3465 4012 3587 4083 ipso
3620 4022 3782 4069 erant

2133 4138 2175 4195 C
2205 4099 2517 4195 parentibus
2544 4101 2904 4195 acifldelibus,
2945 4103 3005 4158 ﬁt
3038 4105 3219 4195 subito
3243 4105 3545 4160 monachus
3575 4108 3782 4195 regulae

2216 4187 2272 4243 S.
2298 4188 2568 4245 Benedicti
2601 4189 2748 4261 (476)
2780 4192 3074 4262 subjectus.
3107 4191 3213 4260 Qui
3232 4208 3356 4248 non
3378 4201 3506 4263 post
3528 4194 3728 4260 multa,
3750 4212 3779 4248 a

2211 4279 2526 4346 beatissimo
2572 4296 2708 4350 papa
2754 4280 3015 4353 Gregorio
3072 4284 3276 4339 invitus
3326 4292 3615 4338 revocatur
3645 4302 3674 4363 ς
3725 4287 3779 4339 iu

2211 4369 2368 4436 cujus
2412 4370 2574 4435 etiam
2621 4386 2863 4438 manum,
2900 4372 3162 4442 quidquid
3207 4388 3240 4427 a
3296 4388 3421 4443 rege
3454 4383 3779 4443 acceperat,

2205 4459 2385 4513 reddit
2410 4469 2463 4514 et
2487 4460 2706 4527 refutat,
2737 4464 3027 4531 omnisque
3054 4464 3203 4517 datio
3226 4465 3424 4533 regalis
3456 4465 3513 4518 in
3538 4465 3633 4518 illo
3652 4481 3781 4520 eva-

2214 4554 2422 4599 cuatur.
2470 4546 2589 4614 Ipse
2632 4562 2763 4601 vero
2804 4550 2859 4601 in
2908 4549 3297 4616 plenitudinem
3346 4550 3645 4619 dignitatis,
3694 4553 3779 4605 vi:

2212 4631 2399 4685 relicto
2424 4632 2526 4685 sibi
2544 4632 2727 4686 habitu
2757 4633 2905 4703 (477)
2924 4636 3246 4702 monastico,
3269 4645 3625 4693 restauratur.
3640 4637 3779 4694 Nam

2212 4726 2266 4771 ct
2305 4719 2454 4772 illum
2495 4720 2814 4775 subtrahere
2846 4722 2948 4776 sibi
3001 4724 3234 4781 domnus
3272 4741 3409 4795 papa
3445 4726 3776 4783 minabatur.

2212 4807 2439 4873 Quanta:
2477 4808 2640 4878 igitur
2679 4809 2935 4879 abinccps
2959 4812 3236 4882 religionis
3260 4813 3442 4881 fuerit,
3467 4831 3566 4870 nec
3593 4816 3778 4888 lingua

2213 4906 2388 4965 potest
2408 4897 2628 4963 referre,
2652 4914 2753 4953 nec
2774 4915 2969 4955 manus
2986 4903 3272 4959 scribendo
3291 4905 3430 4961 valet
3449 4921 3511 4961 ex
3519 4908 3775 4975 primerc.

2213 4984 2460 5039 Monachi
2490 4987 2691 5055 pariter
2718 4996 2773 5043 et
2807 4990 3054 5045 canonici
3075 4992 3241 5048 vitam
3271 5003 3324 5049 et
3347 4994 3592 5049 ordinem
3613 5009 3754 5048 cena

2212 5110 2417 5149 venena
2440 5098 3007 5178 mortisamarissima.
3033 5104 3197 5178 Cibos
3216 5120 3435 5178 quoque
3454 5104 3778 5178 delicatissi-

2212 5169 2608 5240 mosquoniam
2633 5169 2863 5226 habebat
2888 5187 3104 5240 exosos,
3134 5169 3263 5228 dum
3295 5190 3328 5228 a
3345 5169 3772 5229 circumseden-

2211 5233 2464 5292 dentibus
2510 5252 2724 5292 sumere
2763 5250 3064 5305 cogeretur,
3091 5233 3497 5305 infirmitatem,
3543 5251 3643 5296 aut
3680 5259 3772 5297 vo-

2212 5310 2353 5378 tum,
2372 5313 2468 5378 aut
2485 5306 2643 5359 aliam
2667 5306 2963 5378 quamlibet
2986 5309 3324 5378 occasionem
3348 5309 3576 5378 honeste
3602 5311 3773 5377 finxit.

2212 5382 2271 5425 ut
2321 5373 2700 5443 desideratam'
2722 5377 3035 5431 observaret
3078 5377 3475 5443 castimoniam,
3507 5388 3564 5434 et
3592 5373 3775 5439 comi;

628 5438 773 5527 (ηρ
805 5436 1015 5491 Recitat
1046 5436 1161 5527 haec
1183 5433 1328 5498 Bar.,
1354 5443 1487 5488 tom.
1512 5433 1581 5500 Χ,
1606 5450 1749 5490 anno
1770 5437 1926 5503 1075,
1957 5456 2106 5493 num.
2141 5446 2186 5498 D
2210 5442 2461 5521 vantibus
2489 5459 2596 5527 non
2619 5445 2835 5499 afferret
2854 5445 3150 5527 tristitiam.
3179 5464 3198 5495 ι
3229 5443 3354 5501 Haec
3373 5433 3557 5504 tamen
3592 5433 3774 5506 omnia

560 5504 646 5570 60,
681 5504 767 5560 (il;

630 5574 777 5645 (με)
829 5573 960 5645 Post
990 5642 1003 5645 _
1028 5574 1167 5645 hac
1197 5579 1497 5640 sequuntur
1557 5571 1667 5645 ista
1718 5573 1876 5645 apud
1909 5572 2107 5645 Baron.

566 5658 587 5722 ε
620 5640 960 5722 Nam'szeeuli
980 5641 1352 5722 blandimenta
1382 5649 1434 5694 et
1459 5642 1700 5722 carparis
1724 5642 1965 5722 delicias,
1990 5643 2112 5710 qui-

563 5706 995 5786 bus-gaudebant
1026 5710 1289 5786 homines,
1317 5710 1429 5786 ipse
1465 5706 1568 5786 sibi
1587 5711 1698 5779 jam
1729 5718 1856 5766 tunc
1889 5706 2113 5766 coniter-

564 5777 632 5827 tit
671 5777 725 5831 in
778 5786 1138 5845 tormentum,
1187 5780 1544 5833 abominanda
1588 5777 1815 5849 qumque
1854 5790 2111 5849 tanquam

2214 5508 2267 5561 in
2298 5513 2611 5629 apographo
2634 5522 2825 5568 nostro
2853 5512 2996 5566 infra
3024 5524 3357 5583 comparent.

2279 5578 2333 5647 (ιι
2370 5580 2422 5649 6)
2454 5579 2601 5646 Bar.,
2640 5591 2694 5635 et
2721 5580 3143 5636 Cluniacensium
3191 5599 3357 5639 consut

2213 5578 2434 5696 mit-76f
2454 5578 2601 5646 Bar.,
2640 5591 2694 5635 et
2721 5578 3167 5636 Cluniacensium-
3191 5587 3553 5664 consuetudini
3604 5589 3775 5658 subje-

2304 5662 2350 5698 8.

2286 5714 2431 5784 (477)
2463 5714 2587 5769 Bar.
2635 5723 2836 5770 mutato
2892 5727 3094 5774 tantum
3157 5722 3367 5777 habitu'
3427 5724 3524 5779 sed
3579 5728 3774 5780 rectius

2166 5793 2170 5797 ‘
2214 5786 2486 5851 exemplar
2512 5796 2776 5837 nostrum.
