3944 6374
100 484 203 537 ειυς)

994 480 1272 536 ΑΡΡΕΝΙ).
1315 479 1398 536 lii.
1444 512 1508 519 —
1543 476 1971 534 MONl'MENTA
2011 476 2466 533 GliEGORIANA.

3234 476 3338 527 910

102 576 533 665 baturexptere.
561 596 803 651 Conatur
827 594 989 648 etiam
1015 594 1195 648 modis
1225 594 1498 658 omnibus,
1528 603 1587 646 ut
1612 592 1683 648 sit
1712 597 1754 650 Α
1783 607 1980 661 aquam
2009 590 2271 659 angustiae
2298 591 2351 643 in
2383 587 2805 650 damnationem,
2842 600 3003 656 quam
3038 584 3218 637 vinum
3247 584 3340 641 lte-

100 701 298 741 servus
319 686 564 756 prudens
591 694 645 741 et
669 685 840 740 fidelis
870 684 1086 755 (Matth.
1112 684 1261 754 xxv),
1309 690 1369 757 ut
1413 683 1467 737 in
1503 699 1678 738 messe

102 776 325 832 Domini
362 792 476 831 non
520 776 826 832 inveniatur
855 770 1088 839 otiosus,
1131 788 1232 827 nec
1263 773 1559 828 abscondat
1586 789 1679 842 pe-

101 865 323 921 cuniam
349 863 571 920 Domini
596 866 710 931 sui;
735 880 946 929 verum,
979 873 1039 918 ut
1064 864 1237 933 possit
1260 863 1547 918 revertenti
1569 863 1677 917 Do-
1723 925 1727 929 _

102 956 253 1010 mino
303 956 631 1011 ﬁducialiter
661 969 967 1018 occurrere,
1019 953 1206 1008 dicens
1238 970 1251 1005 :
1288 952 1527 1020 Domine,
1553 969 1679 1008 ecce

102 1054 347 1099 innatam
387 1047 563 1099 decem
587 1030 735 1097 nmo;
761 1044 1039 1114 acquisivit
1073 1043 1225 1113 (Luc.
1268 1043 1401 1114 tux).

165 1133 215 1191 1⁸⁵
216 1136 262 1192 it
293 1151 429 1207 ergo
452 1136 600 1190 verbi
630 1135 722 1190 Dei
745 1135 1067 1205 praedicator
1085 1136 1355 1205 egregius,
1384 1134 1679 1189 instructor
1716 1122 1717 1125 ¹

102 1226 391 1296 religionis
416 1226 725 1296 praecipuus
749 1243 763 1291 ;
792 1232 940 1279 amat
983 1208 1189 1278 clerum
1227 1233 1553 1285 reverenter.
1583 1226 1682 1280 do-

103 1323 298 1387 cetque
325 1318 622 1385 sapienter,
655 1325 1018 1385 cunctumque
1040 1317 1299 1386 populum
1334 1317 1553 1371 instruit
1582 1318 1677 1372 dc-

105 1414 309 1461 ocnter.
345 1404 529 1476 thue
574 1406 808 1461 breviter
851 1406 1191 1471 concludam,
1227 1408 1463 1460 omnibus
1504 1409 1679 1461 omnia

102 1492 280 1565 {actm
324 1504 432 1561 est,
470 1504 551 1550 utv
572 1495 775 1550 omnes
791 1495 1133 1551 lucrifaceret
1162 1495 1215 1566 (Ι
1244 1496 1365 1551 Cor.
1400 1498 1498 1566 ut).
1531 1496 1676 1553 Dite-

102 1586 272 1640 eesim
311 1601 472 1641 suam
502 1587 784 1655 diligenter
823 1578 1035 1653 circuit,
1060 1587 1224 1642 vitam
1251 1589 1517 1655 omnium,
1543 1605 1680 1657 prae-

102 1675 294 1729 sertim
338 1676 666 1730 clericorum
696 1676 1016 1745 dignoscere
1048 1677 1262 1747 gliscit;
1295 1686 1369 1742 et,
1396 1686 1457 1732 ut
1500 1674 1703 1735 omnis.

103 1768 341 1821 clericus
367 1767 454 1820 sui
476 1767 714 1821 nominis
736 1781 958 1836 compos
984 1768 1202 1832 existat,
1218 1776 1441 1837 patezne
1472 1778 1673 1835 monet,

104 1856 454 1927 multumque
473 1856 760 1911 desiderat.
781 1855 873 1911 Sic
896 1856 1041 1911 enim
1060 1859 1466 1915 eruditissimus
1487 1860 1678 1915 doctor

106 1943 478 2018 Hieronymus
507 1947 674 2001 vitam
704 1947 1019 2002 describens
1045 1949 1390 2015 clericorum,
1416 1950 1510 2015 ait,
1535 1952 1678 2020 quod

104 2052 134 2090 a
188 2045 340 2093 sorte
386 2037 481 2092 Dei
526 2037 758 2092 clericus
801 2038 1001 2092 dicitur
1037 2055 1051 2089 :
1098 2039 1305 2094 scilicet
1348 2050 1426 2106 ut,
1472 2041 1681 2110 abiecto

106 2129 295 2183 mundi
321 2128 490 2198 hujus
514 2129 917 2197 impedimento,
948 2129 1085 2183 nihil
1108 2139 1303 2198 pneter
1341 2130 1510 2185 Deum
1558 2148 1678 2186 sor-

106 2218 292 2272 tiatur.

173 2308 363 2363 Primo
398 2310 561 2379 igitur
587 2311 883 2365 canonicos
938 2311 1181 2366 ecclesize
1209 2308 1431 2381 majoris
1466 2312 1519 2365 in
1551 2312 1683 2366 civi-

106 2408 212 2453 tate
236 2398 486 2467 Lueana,
512 2417 635 2471 quae
662 2410 745 2456 est
780 2402 835 2455 in
860 2402 1069 2456 honore
1094 2399 1421 2458 sanctissimi
1444 2403 1683 2472 episcOpi

105 2501 159 2544 et
199 2490 537 2546 confessoris
573 2491 789 2546 Martini
826 2493 1091 2556 dedicata,
1126 2493 1415 2547 mitissime
1439 2494 1684 2563 aggredi-

107 2592 214 2646 tur,
241 2591 456 2648 monet,
488 2582 761 2635 blanditur
786 2590 840 2635 et
870 2582 1060 2635 suadet
1093 2591 1152 2635 ut
1186 2597 1348 2651 opere
1377 2590 1681 2646 exerceant,

106 2673 247 2742 quod
282 2674 507 2727 nomine
530 2672 806 2726 dicuntur.
830 2670 1142 2726 Canonicus
1167 2673 1311 2726 enim
1336 2672 1492 2741 quasi
1527 2689 1683 2742 regu-

106 2763 235 2816 laris
261 2764 468 2818 dicitur
493 2783 504 2817 :
531 2772 697 2832 utque
719 2763 1021 2832 regularem
1046 2772 1207 2833 agant
1232 2764 1417 2829 vitam,
1443 2763 1684 2818 studiose

108 2854 369 2921 praedicat
395 2862 450 2908 et
495 2862 765 2923 precatur.
800 2851 1046 2921 Cumque
1072 2852 1276 2907 diutius
1302 2851 1408 2907 illis
1437 2853 1680 2916 instaret,

110 2942 363 3011 idemque
418 2940 726 3011 frequenter
787 2941 1087 3010 instigaret,
1145 2941 1406 3011 indignati
1462 2942 1685 2995 tandem

110 3042 255 3096 sunt,
294 3047 365 3086 ac
397 3041 599 3085 temere
638 3031 801 3085 nimis
845 3031 1260 3099 responderunt.
1291 3030 1360 3084 At
1401 3031 1508 3096 ille,
1547 3032 1689 3085 sicut

111 3120 267 3175 Pater
305 3124 434 3191 pius
466 3132 520 3176 et
552 3130 888 3185 mansuetus,
925 3121 1155 3189 benigne
1198 3122 1384 3175 omnia
1434 3122 1683 3190 suscipit,

1782 680 1912 735 titia:
1945 680 2000 733 in
2051 679 2425 734 salvationem.
2471 676 2671 746 Optant
2714 688 2976 745 pauperes
3009 673 3188 743 potius
3222 686 3342 728 esse

1780 771 1980 825 diaboli
2004 785 2170 838 quam
2191 769 2383 823 divites
2407 766 2629 822 Christi.
2955 786 2959 791 η

1850 858 2147 914 Praadtctus
2166 869 2345 912 autem
2366 857 2563 927 praesul
2584 865 2639 910 et
2667 864 2852 925 pastor
2872 852 3340 922 diligentissimus.

1780 950 1971 1008 nolens
2000 964 2131 1004 oves
2173 948 2277 1003 sibi
2305 948 2629 1026 commissas
2657 945 2851 1015 perire,
2874 953 2989 998 tum
3012 944 3197 1009 minis,
3224 951 3339 997 tum

1779 1042 2160 1098 blandimentis
2204 1055 2299 1096 eos
2349 1039 2675 1110 aggreditur.
2722 1036 2823 1091 Cui
2853 1036 3346 1091 dum.resisterent

1780 1134 1875 1200 illi,
1929 1143 2002 1201 et,
2055 1140 2319 1205 quantum
2376 1137 2687 1200 potuerunt.
2738 1127 3185 1206 contradicercnt,
3232 1126 3342 1193 jam

1778 1234 1926 1293 tunc,
1951 1226 2135 1292 credo,
2177 1227 2404 1280 nimium
2463 1219 2556 1280 sed
2578 1218 2825 1272 inaniter
2848 1215 3104 1287 fatigatus
3136 1231 3349 1270 cessas-

1779 1324 1880 1382 set,
1908 1317 2013 1371 nisi
2036 1318 2181 1386 quod
2210 1317 2398 1377 beatus
2428 1331 2563 1385 papa
2585 1315 2692 1369 Leo
2720 1306 2812 1368 i.\'.
2845 1306 2948 1361 sub
2970 1307 3187 1359 decreto
3216 1319 3350 1359 ana-

1779 1409 2031 1463 thematis
2073 1419 2337 1463 statuerat
2382 1418 2442 1462 ut
2490 1408 2731 1477 ejusdem
2785 1395 3032 1461 ecclesia!
3096 1393 3348 1449 canoniCi

1778 1499 1946 1569 vitam
1977 1505 2197 1569 agerent
2235 1511 2599 1563 communem,
2636 1506 2689 1550 et
2720 1497 2964 1550 viverent
3004 1486 3346 1565 reguimilt‘l-

1776 1590 1947 1659 Cujus
1970 1589 2168 1644 decreti
2194 1589 2407 1658 quoties
2456 1587 2592 1642 vidit
2624 1597 2716 1641 aut
2765 1588 3081 1641 recordatus
3105 1595 3187 1641 est
3212 1603 3345 1656 prte—

1778 1690 2014 1749 ceptum,
2051 1681 2285 1749 expavit,
2310 1694 2409 1754 nec
2435 1688 2614 1733 tacere
2644 1693 2810 1732 ausus
2835 1677 2953 1730 fuit.

1845 1770 2055 1824 Accidit
2092 1770 2255 1840 igitur
2294 1768 2439 1840 (478)
2465 1776 2524 1822 ut
2542 1768 2784 1823 eamdem
2818 1768 2886 1822 ad
2919 1767 3187 1822 civitatem
3220 1784 3347 1822 san-

1778 1859 2054 1914 ctissimus
2100 1876 2236 1929 papa
2268 1859 2561 1928 Gregorius
2593 1858 2683 1912 VII
2709 1859 2935 1925 veniret,
2973 1860 3345 1929 perlatumque

1780 1960 1859 2005 est
1888 1951 1954 2005 ad
1985 1950 2161 2020 ipsum
2187 1950 2326 2004 idem
2359 1950 2487 2003 illud
2519 1950 2796 2019 negotium
2826 1970 2840 2005 :
2877 1952 2970 2020 qui
3004 1967 3131 2005 mox
3158 1952 3349 2021 incipit

1781 2052 2006 2112 paterno
2037 2042 2161 2095 illos
2198 2040 2433 2110 primum
2459 2039 2652 2093 aﬂ‘ectu
2679 2041 2991 2106 admonere,
3021 2057 3085 2095 ac
3111 2041 3289 2096 dicere
3330 2062 3346 2096 :

1781 2133 2050 2200 Quoniam
2087 2131 2315 2186 Romani
2362 2130 2633 2200 pontiﬁcis
2676 2131 2889 2185 decreta
2934 2133 3209 2200 praaterire
3239 2150 3349 2189 non

1781 2226 1934 2296 licet,
1964 2232 2119 2293 rogat
2152 2238 2247 2277 eos
2300 2232 2353 2276 et
2389 2223 2579 2276 suadet
2610 2223 2858 2293 benigne,
2894 2231 3161 2292 quatenus
3201 2224 3350 2278 salu-

1728 2359 1736 2367 .
1780 2314 2033 2370 berrimis
2061 2313 2316 2375 obediant
2352 2312 2602 2375 decretis,
2628 2321 2684 2366 ct
2706 2314 3140 2368 reverendissimi
3171 2311 3348 2367 Patris

1782 2410 2148 2473 exsequantur
2170 2402 2535 2465 voluntatem;
2564 2417 2661 2456 nec
2684 2402 2958 2456 semelaut
2976 2403 3078 2469 bis,
3101 2403 3190 2457 sed
3207 2419 3349 2472 sape

1784 2510 1847 2547 ac
1878 2495 2130 2558 multum,
2167 2492 2460 2560 aliquando
2496 2507 2621 2546 cum
2647 2492 2833 2545 eodem
2859 2501 3047 2545 sancto
3072 2493 3347 2560 episcopo,

1784 2584 2053 2639 interdum
2090 2583 2208 2637 sine
2242 2583 2360 2651 ipso
2399 2579 2695 2651 alloquitur
2727 2580 2868 2644 illos,
2902 2589 3017 2634 tum
3047 2581 3205 2645 dure,
3232 2590 3347 2636 tum

1785 2675 1997 2741 blande,
2025 2672 2305 2743 proferens
2328 2672 2409 2726 eis
2433 2671 2741 2741 Seripturas
2765 2680 3002 2737 sanctas,
3026 2680 3081 2725 et
3109 2673 3349 2726 auctori-

1784 2774 1921 2820 tates
1949 2764 2316 2829 authenticas;
2342 2763 2416 2815 illi
2438 2777 2586 2828 vero,
2644 2762 2746 2816 etsi
2783 2762 3057 2816 humiliter
3107 2778 3163 2817 se
3192 2763 3349 2818 beata

1784 2856 2111 2926 quandoque
2150 2855 2357 2909 monita
2391 2855 2666 2908 tinxerunt
2704 2853 2911 2919 audire,
2947 2851 3132 2907 omnia
3170 2862 3350 2909 tamen

1786 2938 2037 3004 absentes
2067 2948 2449 3017 depravarunt.
2706 2953 2716 2961 '
3069 2997 3079 3005 ,

1857 3040 2135 3096 Vocantur
2169 3040 2404 3109 denique
2443 3038 2510 3093 ad
2547 3038 2727 3093 sedem
2767 3038 3140 3107 apostolicam,
3171 3037 3354 3105 ibique

1788 3132 2188 3200 eonspiratores
2217 3130 2271 3181 in
2297 3129 2576 3197 proprium
2618 3128 2932 3197 episcopum
2982 3137 3037 3180 et
3064 3127 3351 3181 insidiato-

112 3225 209 3265 ηερ
231 3220 419 3265 tamen
441 3212 583 3265 vinci
620 3225 652 3264 a
682 3210 826 3263 malo
850 3210 1029 3274 vellet.
1056 3210 1147 3264 sed
1190 3211 1245 3264 in
1286 3212 1431 3266 bono
1466 3212 1682 3265 vincere
1710 3233 1750 3287 ο
1785 3238 1872 3277 res
1899 3219 2094 3274 detecti
2136 3226 2281 3272 sunt.
2329 3216 2561 3271 Prolatis
2606 3232 2735 3287 ergo
2764 3216 3083 3281 canonibus,
3118 3226 3171 3271 et
3214 3217 3354 3271 lecto

111 3302 313 3355 malum
354 3302 533 3357 studet
564 3301 734 3373 (Rom.
776 3299 897 3371 xu).
946 3300 1222 3355 Promittit
1269 3301 1523 3372 denique,
1560 3310 1683 3357 tan-

110 3406 273 3459 quam
297 3392 438 3445 alter
462 3390 636 3445 l‘actus
656 3390 1100 3459 religiosissimus
1122 3390 1409 3460 episc0pus
1431 3390 1687 3460 Augusti-

113 3498 235 3547 nus,
269 3492 331 3536 ut
372 3483 537 3535 vitam
569 3482 693 3535 cum
740 3481 847 3535 illis
885 3489 1103 3551 peragat
1144 3496 1507 3535 communem.
1542 3482 1685 3535 Nihil

112 3581 307 3641 praeter
334 3572 458 3626 illos
483 3572 782 3642 proprium,
807 3586 996 3625 verum
1022 3572 1204 3625 omnia
1241 3573 1403 3625 simul
1433 3574 1685 3627 vultcum

116 3663 247 3734 ipsis
276 3664 481 3719 habere
521 3663 862 3728 communia;
894 3663 1009 3716 vult
1047 3661 1182 3719 eiiici
1212 3678 1435 3733 pauper,
1467 3674 1526 3717 ut
1551 3665 1687 3718 divi-

115 3764 195 3809 tes
224 3756 350 3810 illos
380 3754 545 3809 iaciat
577 3755 631 3808 in
676 3753 895 3809 Christo
935 3753 989 3821 (ι
1032 3753 1154 3808 Cor.
1189 3754 1248 3821 ι),
1286 3757 1433 3809 omni
1465 3757 1688 3810 omnino

115 3846 425 3910 conamine,
459 3854 572 3899 tum
597 3844 967 3914 spiritualiter,
1004 3854 1117 3898 tum
1144 3846 1477 3900 seculariter
1500 3848 1688 3901 nititur

113 3952 207 3992 eos
231 3937 473 4004 allicere:

185 4027 385 4083 invitat
416 4027 630 4083 tandem
662 4027 745 4083 sui
786 4028 949 4086 studii
978 4028 1294 4098 adiutricem
1325 4028 1685 4083 marehionis-

92 4148 95 4153 »
118 4135 232 4173 sam
257 4120 320 4173 D.
352 4120 666 4172 Mathildam
693 4120 936 4174 moribus
958 4135 1021 4174 ac
1047 4135 1239 4189 genere
1270 4120 1687 4184 nobilissimam,

116 4226 236 4280 qua:
270 4194 572 4281 spiritualis
604 4220 657 4265 et
692 4211 1099 4281 religiosissima
1138 4212 1432 4266 inocculto
1463 4214 1687 4267 smcula-

118 4317 229 4359 rem
254 4310 371 4365 aut,
400 4309 460 4355 ut
480 4302 660 4356 verius
687 4302 884 4365 dicam,
912 4302 1200 4355 militarem
1230 4302 1421 4369 agebat
1442 4302 1607 4354 vitam
1633 4303 1688 4355 in

120 4392 441 4458 manifesto;
467 4392 546 4446 sic
576 4402 755 4446 tamen
797 4393 1132 4461 spiritualem
1170 4392 1401 4446 habebat
1432 4407 1496 4447 ac
1520 4408 1689 4446 Stern-

120 4485 308 4551 larem,
339 4496 399 4545 ut
435 4495 487 4539 ct
532 4485 677 4539 illam
710 4485 765 4538 in
796 4485 1037 4551 Christo,
1079 4494 1133 4539 et
1167 4485 1325 4539 istam
1360 4482 1560 4539 iaceret
1591 4500 1689 4554 pro

120 4575 355 4632 Christo.
395 4576 527 4643 Qua:
556 4593 683 4632 vero
708 4577 1011 4641 saecularis,
1046 4577 1162 4631 hinc
1208 4575 1430 4644 majoris
1478 4576 1552 4629 illi
1589 4574 1689 4629 fuit
1722 4558 1764 4609 Π

122 4669 387 4738 angustiae
416 4684 481 4722 ac
507 4668 735 4733 laboris;
762 4668 855 4720 sed
880 4675 934 4719 et
970 4667 1140 4719 multo
1168 4665 1357 4733 pluris,
1383 4680 1561 4734 spero,
1596 4682 1683 4719 re-

123 4760 454 4814 tributionis.
492 4759 583 4811 Illa
611 4758 809 4812 etenim
839 4755 1130 4809 voluntatis
1164 4754 1265 4807 fuit
1285 4756 1546 4822 preprim;
1583 4755 1683 4809 ista

123 4850 339 4915 quidem
368 4848 704 4902 obedientiae.
734 4846 791 4900 Si
813 4846 942 4917 quid
965 4861 1093 4916 ergo
1129 4846 1291 4900 habet
1321 4845 1435 4913 ipsa
1465 4846 1683 4913 ingenii,

124 4938 166 4993 si
201 4939 332 5009 quid
376 4939 652 5007 sapientiae
679 4938 764 4992 vel
798 4937 1033 5002 consilii,
1088 4937 1140 4990 id
1164 4936 1350 4990 effudit
1375 4937 1476 4989 hoc
1506 4935 1559 4987 in
1592 4950 1685 4988 ne-

126 5030 267 5098 gotio
286 5030 553 5083 hilariter.
570 5029 735 5100 Igitur
757 5016 1041 5125 praedictos
1066 5028 1357 5098 alloquitur
1376 5026 1687 5089 canonicos,

127 5130 237 5175 tum
268 5121 652 5184 communiter,
678 5117 808 5173 tum'
835 5121 1211 5190 singulariter;
1239 5120 1447 5183 incitat,
1476 5117 1697 5187 instigat

128 5228 238 5279 eos,
262 5211 540 5269 confortat
560 5219 719 5280 atque
741 5210 969 5278 spondet
990 5208 1243 5263 Ecclesiae
1264 5219 1611 5277 augmentum
1643 5218 1697 5261 et

131 5302 430 5363 honorem;
467 5302 599 5371 ipsis
628 5314 842 5371 quoque
887 5298 1253 5361 commodum,
1283 5307 1391 5350 tam
1428 5298 1481 5350 in
1513 5296 1696 5351 futuro

129 5406 289 5460 quam
334 5392 840 5460 impraesentiarum.
878 5388 1150 5442 Promittit
1176 5389 1335 5442 etiam
1382 5386 1696 5453 parentibus

133 5499 373 5552 ipsorum
407 5482 625 5535 divitias
648 5491 703 5536 et
724 5483 992 5542 honores;
1029 5489 1297 5548 quatenus
1321 5477 1405 5530 vel
1427 5476 1506 5528 sic
1531 5483 1695 5527 attra-

132 5577 257 5632 Lere
291 5574 471 5647 possit
511 5574 811 5627 voluntates
859 5571 1092 5624 illorum.
1144 5567 1214 5621 At
1242 5568 1316 5620 illi
1353 5564 1551 5621 saeculo
1597 5579 1693 5616 ne-

135 5683 293 5723 uuam
353 5663 632 5727 excmcati,
681 5671 944 5731 respuunt
992 5659 1174 5713 omnia
1223 5677 1235 5710 :
1283 5657 1492 5724 eligunt
1520 5654 1695 5723 magis

203 5840 350 5911 (£78)
389 5837 597 5890 Recitat
635 5837 745 5889 ha‘c
776 5833 1085 5893 Bar.,anno
1134 5830 1283 5887 107i.
1312 5841 1462 5887 num,
1489 5824 1577 5889 46,
1607 5825 1692 5901 i7.

1786 3310 2024 3380 capitulo
2071 3307 2245 3363 sancti
2292 3306 2547 3378 martyris
2602 3314 2655 3360 et
2700 3304 2938 3375 episcopi
2980 3304 3223 3371 Fabiani,
3261 3304 3356 3374 qui

1786 3402 2190 3471 conspiratores
2233 3407 2287 3454 et
2326 3398 2671 3453 insidiatores
2706 3412 2932 3452 suorum
2976 3397 3355 3466 episc0porum

1786 3494 1952 3547 curiae
1980 3491 2269 3545 tradendos
2309 3489 2562 3549 instituit.
2583 3488 2790 3555 ju‘dieio
2814 3489 2982 3541 totius
3029 3493 3228 3539 sancue
3261 3501 3355 3555 sy-

1786 3582 1912 3636 nodi
1942 3580 2105 3635 etiam
2135 3579 2236 3648 ipsi
2260 3578 2423 3632 curia:
2445 3577 2747 3631 traduntur.
2778 3574 2928 3628 Tunc
2951 3574 3121 3628 ﬁdelis
3142 3582 3197 3627 et
3223 3587 3355 3643 pru-

1786 3673 1921 3727 dens
1945 3669 2343 3725 marchionissa
2388 3666 2643 3721 Mathilda
2684 3680 2872 3720 servos
2914 3663 3034 3720 illos
3057 3666 3355 3743 appellans,

1786 3765 1844 3818 in
1883 3763 2200 3818 servitutem
2229 3761 2395 3823 curia:
2418 3758 2631 3815 vocavit
2657 3754 2771 3812 eos.
2811 3755 2986 3823 Quam
3033 3757 3103 3810 ob
3134 3772 3356 3812 causam

1788 3855 2001 3918 tristes,
2068 3859 2427 3921 prtuterquam
2470 3847 2616 3903 credi
2657 3841 2851 3915 potest,
2889 3846 3053 3899 etiam
3099 3846 3359 3900 adverSus

1789 3947 1959 4016 ipsam
1988 3985 2003 4009 ,
2047 3950 2315 4013 quotquot
2368 3948 2697 4009 potuerunt,
2745 3936 3059 4005 conspirare
3114 3936 3363 3994 fecerunt

1789 4032 1958 4103 (479).
2006 4031 2393 4085 Convenerunt
2437 4041 2566 4099 ergo
2610 4028 2963 4097 quamplures
3013 4027 3209 4082 iterum
3244 4030 3361 4098 cpi-

1790 4126 1938 4195 seopi
1985 4123 2127 4195 apud
2168 4121 2224 4177 S.
2269 4120 2582 4185 Genesium,
2615 4121 2759 4190 quod
2792 4120 2967 4189 (Ban,
3010 4118 3287 4189 Castrum)
3325 4137 3358 4175 a

1790 4218 2006 4272 civitate
2052 4214 2266 4268 Lucana
2300 4227 2409 4266 non
2454 4212 2684 4265 multum
2714 4211 2907 4275 distat;
2941 4210 3083 4264 inter
3112 4224 3250 4278 quos
3271 4224 3358 4263 re—

1790 4307 2214 4363 verendissimus
2245 4304 2563 4359 Albanensis
2585 4303 2889 4372 episcopus,
2908 4301 3135 4359 nomine
3164 4298 3357 4355 Petrus

1791 4398 2007 4469 (lgneus
2051 4395 2428 4465 cognomento),
2459 4394 2629 4448 vicem
2669 4392 2729 4445 D.
2780 4407 2933 4462 papae
2984 4392 3191 4463 agebat.
3253 4390 3358 4458 Qui

1790 4506 1913 4545 cum
1946 4472 2133 4543 eodem
2180 4484 2411 4540 Lucensi
2451 4484 2704 4555 episcopo
2750 4482 2807 4538 S.
2844 4483 3120 4547 Anselmo,
3152 4491 3359 4538 etcum

1792 4579 2015 4649 reliquis
2048 4578 2300 4632 omnibus
2331 4575 2729 4645 conspiratores
2766 4575 2888 4629 illos
2922 4574 3361 4631 excommunica-

1794 4671 1888 4725 vit.
1944 4668 2117 4730 Unde.
2170 4666 2521 4720 insolabiliter
2565 4664 2641 4717 illi
2692 4664 2935 4719 dolentes
2982 4672 3036 4717 et
3074 4660 3389 4733 indignati,'

1795 4771 1963 4816 totam
2002 4759 2271 4813 civitatem
2301 4754 2566 4809 malitiose
2596 4762 3026 4819 commoverunt,
3049 4752 3169 4806 freti
3199 4752 3357 4804 auxi—

1794 4851 1868 4903 lio
1894 4844 2244 4917 perditissimi
2284 4842 2521 4897 hominis
2564 4843 2835 4912 quondam
2871 4840 2998 4895 dicti
3028 4838 3172 4908 regis
3215 4835 3362 4891 Hen-

1794 4939 1915 5005 rici,
1957 4935 2754 5007 religiosissimumepiscopum
2796 4944 2825 4983 a
2871 4928 3086 4983 civitate
3142 4927 3360 4995 repule—

1792 5037 1948 5093 runt,
1981 5027 2074 5081 sed
2103 5034 2157 5080 et
2184 5024 2450 5095 prmdicta:
2470 5020 2703 5074 dominae
2744 5016 2971 5071 rebelles
2993 5015 3209 5085 penitus
3231 5016 3361 5073 facti

1795 5130 1941 5175 sunt.
1981 5096 2155 5187 liuius
2184 5116 2367 5183 utique
2388 5109 2804 5182 conspirationis
2835 5106 3072 5179 praefata:
3106 5116 3269 5179 caput
3307 5117 3364 5162 et

1795 5210 2043 5280 princeps
2071 5206 2170 5259 fuit
2210 5204 2427 5272 quidam
2472 5201 2692 5256 nomine
2730 5200 2944 5265 Petrus,
2976 5199 3110 5252 falsa
3152 5197 3363 5267 profes-

1797 5300 1949 5353 sione
1971 5295 2287 5357 canonicos,
2312 5292 2502 5347 ordine
2542 5290 2907 5347 damnationis
2930 5303 3044 5342 suae
3072 5289 3361 5343 subdiaco-

1799 5402 1923 5449 nus.
1955 5394 2134 5438 mente
2158 5383 2445 5453 superbus,
2486 5381 2828 5437 incontinens
2867 5378 3134 5443 moribus,
3181 5379 3360 5431 verbis
3406 5365 3413 5371 ’

1799 5486 2017 5546 procax,
2050 5490 2278 5544 corpore
2310 5469 2723 5539 incompositus,
2743 5467 2826 5521 vir
2848 5468 3170 5537 sanguiuum
3199 5474 3252 5517 et
3272 5462 3358 5516 fo-

1799 5580 1914 5619 mes
1939 5564 2181 5617 omnium
2212 5560 2614 5629 spurcitiarum.
2649 5555 2751 5623 Qui
2779 5566 2997 5626 propter
3024 5552 3358 5607 immensita-

1798 5661 1904 5707 tem
1936 5651 2151 5706 malitia}
2184 5664 2294 5702 sua:
2327 5646 2502 5701 iactus
2532 5656 2615 5701 est
2648 5646 2827 5700 subito
2862 5650 3152 5695 contumax
3182 5649 3359 5709 praeco
3397 5682 3400 5686 λ

1892 5824 2017 5893 479)
2051 5822 2261 5875 Recitat
2284 5823 2395 5877 lucc
2424 5822 2643 5883 Darem,
2670 5819 2773 5869 loc.
2803 5816 2916 5878 cit.,
2946 5827 3094 5864 num.
3131 5811 3217 5863 48.
