3944 6382
141 602 232 657 913

994 593 1276 650 APPEND.
1316 595 1400 650 lll.
1441 628 1504 636 —
1543 595 1970 668 MONLMENTA
2009 592 2465 658 CllEthlll.\.\'.\.

3238 599 3336 650 514

142 721 256 767 runt
301 726 491 781 prima;
534 711 679 766 sedis
699 711 1032 779 episcopum,
1080 709 1222 777 quod
1262 725 1291 762 a
1327 709 1540 764 szeculis
1577 725 1684 761 non
1716 715 1756 766 Α
1786 725 1919 777 papa
1945 708 2201 776 Gregorio
2236 709 2286 760 ia
2318 709 2589 760 civitatem
2630 705 2944 773 Augustam,
2980 707 3137 760 etiam
3163 708 3334 775 ipsum

141 812 217 857 est
253 802 516 856 auditum.
546 801 694 856 Fecit
720 801 974 867 deinceps
1013 799 1335 868 legationem
1370 798 1420 851 in
1457 797 1682 861 Italiam,

139 891 370 945 eamdem
394 890 674 944 allirmans
695 888 1168 958 praesumptionem
1190 902 1283 956 per
1310 887 1686 940 schismaticos

139 981 234 1034 sibi
268 980 560 1048 complices
583 981 886 1048 episcopos.
920 976 1093 1047 Hujus
1129 976 1410 1046 legationis
1434 976 1568 1030 lator
1587 975 1688 1029 fuit

139 1071 346 1140 quidam
375 1071 524 1140 (481)
567 1069 911 1123 Eberhardns
943 1069 1180 1134 nomine,
1209 1066 1538 1122 Teutonicus
1586 1085 1671 1121 na-

140 1163 293 1226 tione,
320 1160 466 1213 Illius
502 1159 705 1224 smculi,
758 1159 951 1212 bamus
992 1157 1212 1222 diaboli,
1247 1157 1490 1210 inventor
1510 1159 1688 1212 omnis

139 1248 240 1304 fere
264 1249 547 1302 mendacii.
579 1247 675 1302 llic
698 1247 945 1301 circuivit
969 1257 1022 1300 et
1049 1246 1439 1315 perambulavit
1467 1253 1684 1310 terram,

139 1337 558 1392 utschismatica
604 1352 792 1390 omnes
819 1336 1141 1389 interficeret
1178 1333 1464 1406 [inliceret]
1508 1344 1690 1390 conta-

138 1425 322 1497 gione;
366 1426 565 1480 multos
598 1434 764 1490 certe,
811 1425 901 1494 qui
953 1433 1170 1493 propter
1209 1425 1548 1478 interdictum
1591 1424 1687 1476 do-

138 1515 261 1568 mini
288 1530 459 1583 papa),
506 1515 691 1570 divino
725 1515 794 1568 ab
833 1515 1007 1568 ollicio
1040 1523 1404 1579 cessaverant,
1460 1514 1572 1582 ipse
1607 1515 1686 1566 in-

138 1604 388 1658 terdictus
427 1614 479 1658 et
508 1605 726 1672 vinculo
749 1605 1070 1672 perditionis
1094 1603 1314 1672 ligatus,
1345 1601 1583 1656 inaudita
1608 1613 1684 1656 te-

138 1694 376 1748 meritate
416 1711 478 1748 ac
516 1695 768 1762 superbia
813 1693 1212 1756 reconciliavit,
1247 1703 1300 1746 et
1328 1709 1390 1746 ex
1419 1703 1567 1762 parte
1594 1694 1687 1747 do-

139 1783 262 1836 mini
295 1784 380 1837 sui
418 1784 557 1853 regis
594 1792 652 1836 ut
684 1783 917 1836 ollicium
948 1799 1094 1836 more
1139 1783 1303 1850 priori
1335 1783 1684 1846 celebrarent,

140 1872 344 1925 indixit.
1318 1872 1319 1875 “

202 1959 335 2014 Cum
390 1960 554 2030 igitur
601 1959 947 2014 dissimulare
989 1960 1222 2029 amplius
1254 1960 1387 2014 tanti
1435 1960 1688 2013 facinoris

139 2049 392 2103 malitiam
422 2065 532 2103 non
577 2058 762 2118 posset
808 2049 1159 2116 apostolicus,
1207 2047 1694 2103 excommunicavit

138 2144 240 2190 tam
272 2138 454 2206 ipsum
490 2152 654 2205 quam
677 2151 866 2190 omnes
891 2137 1062 2204 ipsius
1092 2136 1352 2203 fautores,
1379 2145 1539 2205 atque
1573 2151 1690 2190 om-

142 2241 256 2279 nem
284 2226 390 2280 sibi
412 2225 616 2296 regiam
655 2225 970 2295 dignitatem
1015 2226 1311 2290 interdixit,
1347 2234 1402 2279 et
1429 2226 1694 2294 obligatos

139 2313 238 2368 sibi
264 2314 624 2369 sacramentis
650 2315 718 2368 ab
751 2315 897 2368 omni
928 2314 1109 2370 debito
1135 2314 1406 2369 tidelitatis
1445 2314 1692 2376 absolvit,

139 2403 282 2472 quia,
335 2404 485 2472 quod
532 2402 897 2458 verecundum
949 2405 1112 2458 etiam
1152 2403 1461 2467 estdicere,
1505 2410 1696 2471 praater

141 2492 445 2548 haereticam
467 2509 632 2562 quam
669 2493 1071 2562 praelihavimus
1112 2494 1346 2562 culpam,
1392 2492 1614 2546 aderant
1642 2492 1694 2543 in

141 2592 323 2638 sancto
357 2583 591 2637 concilio
639 2582 817 2637 nuntii
863 2582 1008 2636 illius
1033 2581 1113 2636 sic
1154 2583 1416 2638 audentes
1460 2581 1692 2635 latrare:

141 2671 392 2742 Prwcipit
420 2673 662 2725 dominus
697 2680 871 2724 noster
899 2686 989 2724 rea:
1039 2679 1096 2723 ut
1131 2670 1302 2722 sedem
1335 2671 1696 2740 apostolicam,

140 2770 410 2830 papatum,
444 2769 619 2829 utpote
639 2776 812 2824 suum,
836 2760 1096 2824 dimittas,
1122 2776 1211 2813 nec
1237 2759 1405 2812 locum
1429 2758 1563 2812 hunc
1585 2776 1702 2811 san-

142 2859 276 2904 ctum
304 2849 449 2904 ultra
476 2849 750 2918 impedias.
784 2842 924 2904 Proh
956 2847 1132 2902 nefas!
1165 2857 1220 2903 et
1246 2863 1279 2902 ο
1312 2848 1699 2903 exsecrabilem

144 2939 499 2995 infelicissimi
551 2940 807 3000 hominis
837 2939 1228 2993 temeritatem!
1269 2954 1337 2992 cn
1389 2953 1513 2993 ecce
1549 2955 1700 2996 suum

145 3043 260 3082 esse
293 3028 447 3094 dicit,
504 3029 651 3096 quod
688 3029 791 3082 soli
842 3029 1210 3097 apostolorum
1264 3027 1494 3097 principi
1544 3027 1701 3081 Petro

145 3116 392 3174 Christus
444 3117 708 3173 Dominus
747 3119 1041 3173 commisit.
1097 3109 1207 3172 Nec
1255 3117 1434 3172 subito
1486 3118 1700 3186 quidem

145 3208 437 3274 commisit,
460 3224 646 3264 verum
670 3211 850 3274 tertio,
879 3219 1168 3278 anteQnam
1215 3209 1589 3272 committeret,
1623 3211 1703 3262 iu-

147 3299 436 3370 lerrogavit
464 3319 476 3355 :
511 3299 714 3368 Simon,
741 3301 1010 3371 inquiens,
1037 3318 1182 3355 antas
1220 3302 1334 3355 me?
1359 3300 1536 3371 (Joan.
1567 3306 1700 3371 χχι.)

146 3385 260 3442 Νοιι
294 3399 554 3458 tanquam
595 3390 709 3459 ipse
739 3391 1030 3458 ignoraret,
1068 3391 1162 3444 sed
1192 3399 1250 3442 ut
1276 3389 1473 3446 futuris
1498 3398 1703 3463 tempa-

145 3476 294 3531 ribus
317 3479 715 3546 providentiam
749 3478 1120 3548 praasignaret,
1151 3493 1218 3531 ne
1243 3478 1352 3532 cito
1372 3487 1427 3533 et
1458 3481 1702 3548 praecipi-

146 3573 321 3620 tanter
367 3567 592 3622 cuilibet
643 3583 775 3622 cura
805 3568 1229 3632 committeretur
1274 3568 1597 3622 animarum.
1625 3566 1701 3619 llli

145 3670 273 3726 ergo
304 3665 427 3725 post
457 3657 670 3711 tertiam
695 3657 914 3712 tandem
955 3657 1039 3711 sui
1066 3658 1268 3711 amoris
1311 3665 1512 3714 certam
1538 3672 1701 3726 spon-

78 3758 84 3762 '
147 3746 378 3813 sionem,
414 3745 598 3812 Pasce,
647 3746 846 3816 inquit,
888 3763 1002 3820 om
1039 3763 1177 3799 meas
1203 3745 1411 3815 (lbid.).
1450 3745 1567 3802 Non
1617 3762 1702 3800 rc-

146 3850 286 3904 gem,
334 3851 447 3890 non
495 3836 872 3907 imperatorem
899 3878 913 3902 ,
968 3845 1061 3891 aut
1102 3836 1339 3905 aliquam
1387 3836 1706 3892 Christianae

147 3925 502 3993 professionis
551 3928 915 3983 conditionem
963 3927 1190 3996 excepit,
1224 3935 1415 3996 praeter
1453 3941 1576 3979 cum
1613 3927 1706 3994 qui

148 4030 325 4082 suam,
351 4032 430 4082 se,
456 4032 612 4072 ovem
652 4017 1017 4088 abnegavcrit.
1045 4017 1211 4086 Igitur
1249 4031 1410 4085 quem
1433 4017 1515 4069 sui
1538 4003 1706 4071 solius

142 4104 352 4171 judicio
389 4106 663 4170 Dominus,
696 4109 1011 4173 reservavit,
1054 4108 1140 4161 hic
1187 4121 1296 4160 non
1343 4107 1517 4161 solum
1559 4106 1704 4174 judi—

148 4208 292 4258 care,
325 4210 514 4248 verum
540 4195 703 4248 etiam
739 4211 892 4247 suum
919 4197 1097 4248 dicere
1128 4203 1201 4259 et,
1223 4204 1486 4263 quantum
1511 4196 1562 4246 in
1591 4197 1708 4262 ipso

148 4291 251 4347 est,
287 4283 453 4338 audet
497 4282 772 4337 damnare.
817 4281 992 4348 Quam
1030 4282 1101 4335 ob
1142 4296 1365 4335 causam
1411 4280 1590 4333 omnis
1620 4281 1707 4331 illa

151 4383 342 4428 sancta
389 4373 650 4444 synodus,
673 4373 798 4441 jure
819 4372 1111 4442 indignata,
1161 4370 1447 4424 anathema
1478 4369 1552 4422 illi
1575 4384 1704 4422 cou-

150 4465 354 4519 clamat
383 4471 545 4532 atque
568 4463 867 4517 continuat.

221 4554 395 4626 Igitur
419 4568 526 4607 non
562 4561 684 4622 post
709 4553 900 4617 multa,
941 4552 1081 4606 idem
1111 4548 1592 4604 revereudissimus
1619 4563 1710 4616 pa-

1787 799 1841 850 in
1880 814 2177 851 commune.
2210 797 2376 850 totius
2427 797 2576 865 regni
2627 798 2910 849 consilium
2943 807 3064 850 ante
3103 797 3335 862 judicent

1789 889 2052 942 univcrsm
2079 889 2495 942 clwistianitatis
2523 887 2842 951 adorarent;
2867 887 3250 948 desiderantes,
3282 898 3339 939 ut

1787 980 2104 1034 auctoritate
2155 979 2469 1047 apostolica,
2503 986 2597 1030 aut
2639 979 2978 1030 emendatum
3016 979 3338 1031 eumdemet

1787 1071 2092 1124 absolutum
2140 1079 2541 1138 recuperarent,
2575 1077 2686 1133 aut,
2720 1070 2835 1136 ipso
2858 1069 3001 1134 juste
3033 1068 3336 1134 reprobiito,

1788 1161 1952 1214 alitttn
2001 1162 2054 1215 in
2101 1162 2320 1215 (Ibrislo
2373 1162 2645 1228 eligerent.
2695 1161 2765 1213 Λι
2813 1160 2922 1225 ille,
2960 1169 3247 1212 accusante
3283 1176 3341 1210 se

1787 1253 2119 1307 conscientia
2149 1269 2267 1317 sua,
2296 1263 2540 1304 Stillt‘lllltt
2585 1263 2906 1303 conventum
2932 1243 3036 1302 ιιοιι
3065 1234 3348 1317 exspecta;

1787 1345 1891 1404 vit;
1923 1343 2014 1396 sed
2041 1342 2185 1396 venit
2211 1342 2422 1394 obviam
2452 1342 2648 1394 domno
2679 1355 2827 1408 papze
2859 1340 2909 1393 in
2940 1340 3133 1406 Oppido
3159 1339 3340 1390 (Lanu-

1789 1433 1891 1496 εἰς),
1924 1431 2236 1484 humiliatus
2281 1446 2452 1496 usque
2475 1429 2538 1480 ad
2571 1429 2728 1495 pedes
2755 1428 2892 1494 ejus,
2933 1437 2982 1478 ct
3007 1428 3143 1478 facta
3185 1442 3309 1478 sccu
3337 1459 3340 1462 -

1788 1521 1943 1574 ritate
1990 1521 2188 1573 domno
2219 1534 2365 1586 pap:e
2397 1533 2490 1584 per
2527 1527 2886 1575 sacraim-nta,
2937 1524 3088 1582 prout
3127 1515 3236 1581 ipse
3263 1515 3341 1565 iii--

1789 1619 1980 1675 gnatus
2004 1619 2089 1660 est
2138 1609 2443 1675 prgecipere,
2477 1606 2832 1673 praesentibus
2873 1606 3139 1671 t-|‘.l.~t'npi5
3165 1613 3214 1656 et
3246 1604 3336 1654 ξιιμ

1790 1697 2020 1760 Iratilms,
2048 1705 2206 1764 atque
2245 1696 2517 1749 comitissa
2543 1694 2814 1757 .‘Jalliilda,
2841 1705 2891 1746 et
2922 1695 3018 1745 Adi
3038 1695 3157 1746 letia
3186 1693 3343 1762 [Ade-

1791 1788 1913 1849 laia,
1973 1800 2068 1837 seu
2111 1784 2424 1845 Adelbcida,
2478 1800 2596 1849 quae
2636 1783 2908 1835 comitissa
2938 1781 3092 1851 erat],
3118 1781 3345 1848 aliisque

1791 1872 2066 1939 pluribus;
2096 1871 2253 1923 tertia
2301 1872 2518 1924 detnum
2543 1871 2628 1922 die
2665 1881 2747 1922 est
2779 1871 3086 1928 absolutus;
3137 1884 3345 1920 verum-

1791 1960 2040 2013 tamenin
2070 1974 2292 2026 regnum
2324 1975 2431 2011 non
2467 1969 2549 2012 est
2572 1960 2870 2013 restitutus.

1864 2049 2046 2117 Itaque
2077 2049 2142 2100 ad
2187 2049 2365 2117 priora
2412 2049 2606 2101 iterum
2659 2049 2958 2116 regreditur
3004 2049 3252 2112 consilia,
3279 2051 3344 2102 ad

1791 2138 2378 2192 excommunicatorum
2418 2152 2667 2206 perversa
2710 2136 3100 2198 conventicula,
3129 2147 3180 2190 ct
3205 2140 3344 2204 quod

1789 2228 2140 2297 jurejurando
2171 2227 2508 2297 promiserat,
2544 2227 2690 2280 brevi
2731 2237 2968 2293 tempore
3006 2227 3342 2279 observabat.

1793 2318 1925 2372 Nam
1961 2319 2100 2372 infra
2131 2318 2457 2389 quindecim,
2490 2327 2542 2370 ut
2575 2319 2787 2386 opinor,
2829 2318 2964 2381 dies,
2993 2333 3115 2371 eum
3144 2318 3200 2370 Β.
3231 2321 3343 2387 epi-

1793 2425 1990 2477 scopus
2011 2408 2298 2464 Anselmus
2327 2409 2646 2477 legationem
2677 2409 2882 2461 domini
2905 2422 3054 2477 papze
3091 2425 3196 2461 una
3215 2394 3347 2461 leum

1793 2498 2202 2568 religiosissime
2246 2496 2788 2564 "OSllelISlt‘piscupo
2829 2496 3069 2550 Ccrardo
3095 2497 3346 2550 Mediola-
3410 2566 3413 2570 _

1796 2605 1923 2642 num
1970 2587 2219 2649 deferret,
2273 2587 2513 2654 impediti
2553 2596 2674 2638 sunt
2731 2605 2759 2636 a
2794 2586 3056 2638 militibus
3086 2586 3250 2644 illius.
3299 2597 3350 2638 et

1797 2687 1984 2745 captus
2013 2687 2094 2730 est
2123 2675 2424 2730 "ostiensis
2457 2677 2774 2744 episcopus;
2805 2687 3049 2748 sanctum
3090 2693 3216 2727 vero
3246 2678 3348 2728 Λιι-

1797 2769 2023 2822 selmum
2051 2782 2390 2835 nequaquam
2419 2767 2535 2818 ausi
2564 2775 2688 2818 stitit
2718 2775 2954 2831 tangere,
2986 2766 3238 2832 quoniam
3265 2767 3344 2816 in-

1799 2857 1989 2927 digena
2018 2855 2138 2920 fuit,
2165 2864 2218 2908 et
2247 2853 2444 2907 nobilis
2471 2853 2755 2920 prosapite.
2788 2851 2904 2920 Ipse
2930 2863 3108 2905 autem
3134 2853 3272 2906 ultro
3294 2868 3352 2904 se

1798 2944 2115 3014 capiendum
2161 2943 2454 3012 ingerebat,
2484 2943 2668 2994 dicens
2714 2943 2856 3009 quod
2889 2959 2916 2993 a
2944 2945 3090 2995 socio
3126 2943 3348 3010 legatio-

1801 3035 1884 3087 nis
1913 3019 2018 3088 non
2041 3032 2358 3097 discederet,
2381 3040 2472 3084 aut
2495 3032 2666 3096 illum,
2700 3033 2970 3099 inquiens,
3001 3033 3350 3101 dimitterent,

1803 3135 1893 3179 aut
1922 3141 1978 3179 se
2000 3133 2216 3192 captum
2255 3138 2377 3176 cum
2427 3122 2542 3189 ipso
2568 3131 2826 3176 tenerent.
2879 3123 2941 3173 At
2970 3123 3073 3174 illis
3101 3123 3200 3174 hoc
3246 3139 3351 3174 non

1803 3213 2272 3282 praesumentibus,
2303 3211 2472 3262 tristis
2520 3210 2801 3272 abscessit,
2831 3210 3035 3273 volens,
3067 3211 3110 3263 si
3151 3221 3349 3278 posset,

1730 3344 1769 3398 Ο
1805 3320 1901 3372 pro
1939 3303 2100 3356 fratre
2149 3317 2304 3355 suam
2347 3300 2517 3369 ipsius
2565 3300 2799 3353 animam
2854 3301 3227 3368 ponerepllatc
3271 3314 3356 3355 est

1802 3393 1945 3446 enim
1979 3391 2236 3461 perfectio
2263 3391 2564 3453 cbaritatis,
2593 3391 2706 3444 haec
2735 3407 2942 3444 summa
2971 3392 3274 3446 dilectionis
3300 3404 3357 3446 ut

1803 3482 2036 3533 animam
2060 3495 2212 3532 suam
2241 3489 2405 3548 ponat
2429 3481 2553 3547 quis
2581 3495 2677 3546 pro
2701 3481 2890 3533 amicis
2917 3481 3221 3549 suis(Joan.
3244 3485 3352 3548 xv);

1803 3570 1979 3623 solent
2020 3569 2129 3632 alii,
2170 3577 2316 3622 tanta
2361 3568 2413 3618 in
2456 3569 2796 3629 necessitate,
2820 3569 3075 3622 simulare
3105 3570 3268 3623 multa
3305 3588 3358 3624 nc

1803 3657 2174 3720 dissimulare;
2202 3655 2412 3708 mentiri
2439 3656 2680 3723 quidam,
2715 3666 2762 3709 et
2796 3657 3070 3725 pcrjnrare
3098 3659 3312 3728 plurimi
3342 3682 3352 3711 :

1806 3748 1895 3801 hic
1925 3757 2101 3800 autem
2149 3761 2244 3799 nec
2275 3761 2384 3797 uno
2411 3746 2573 3800 verbo
2621 3746 2981 3798 siumlationis
3024 3765 3351 3816 (pic-mquam

1808 3835 2150 3909 [quidquam]
2177 3836 2432 3890 simulare
2454 3835 2618 3888 voluit
2641 3853 2654 3898 ;
2684 3835 2826 3902 quod
2861 3837 2992 3888 bene
3018 3837 3230 3904 quidem
3271 3853 3357 3903 po.-

1809 3930 1926 3993 tuil,
1953 3927 2182 3984 sicutab
2210 3926 2358 3994 ipsis,
2397 3926 2488 3992 qui
2532 3926 2671 3992 capti
2721 3934 2865 3986 sunt,
2896 3925 3233 3992 postmodum
3256 3939 3355 3976 az.-

1807 4017 2060 4070 divimus.
2106 4012 2200 4068 llis
2231 4013 2418 4080 utique
2445 4027 2506 4065 ac
2534 4011 2801 4065 similibus
2832 4012 3015 4064 multis
3037 4011 3184 4063 irrita
3218 4008 3356 4065 facta

1809 4112 1932 4157 sunt
1957 4103 2082 4157 dicti
2107 4101 2233 4154 olim
2263 4099 2403 4169 regis
2432 4097 2664 4152 lleim-ici
2701 4107 3054 4152 sacramenta.
3197 4159 3200 4164 ν

1879 4191 2106 4259 Eligitur
2148 4188 2360 4241 interim
2391 4189 2440 4239 in
2478 4185 2720 4254 partibus
2765 4182 3074 4235 Teutonicis
3109 4197 3213 4236 oux
3247 4181 3356 4235 llo-

1809 4279 2041 4345 dulphus
2067 4277 2121 4330 iu
2147 4290 2324 4342 regem
2356 4275 2420 4326 ad
2458 4271 2846 4326 defendendam
2877 4270 3152 4323 catholicze
3175 4268 3358 4322 Eccle-

1810 4365 1903 4416 si;e
1941 4364 2236 4424 unitatem;
2289 4369 2508 4428 propter
2540 4360 2684 4427 quod
2725 4358 2894 4428 magis
2924 4358 3197 4426 magisque
3221 4358 3359 4410 iudi<

1811 4462 2004 4522 gnatus
2048 4449 2352 4511 lleinricus,
2386 4456 2565 4515 spreto
2601 4446 2826 4500 consilio
2855 4455 2906 4501 ct
2934 4445 3134 4498 auxilio
3178 4444 3360 4496 domui

1811 4557 1978 4611 papae,
2030 4540 2081 4592 in
2142 4553 2332 4591 omnes
2380 4536 2688 4591 Catholicos
2742 4535 3105 4588 debacchatur
3157 4531 3356 4600 inique.

151 4624 372 4712 pa,vpcr
396 4656 558 4711 quem
585 4640 876 4696 restaurari
905 4647 1182 4708 coeperunt
1203 4638 1384 4692 omnia
1398 4638 1522 4707 jura
1551 4651 1713 4690 cano—
1744 4645 1787 4698 1)
1812 4631 2022 4684 Mortuo
2051 4639 2227 4683 autem
2253 4628 2307 4680 in
2350 4627 2450 4680 ﬁde
2480 4627 2741 4681 catholica
2775 4642 2896 4694 rege
2939 4624 3242 4691 ltodulpbo,
3269 4637 3363 4673 au-

153 4732 299 4796 nica,
327 4745 502 4798 usque
530 4730 597 4783 ad
621 4731 799 4798 ipsum
835 4742 1058 4796 prorsus
1087 4741 1224 4794 pene
1254 4727 1470 4791 abolita,
1497 4734 1720 4795 rogatur

106 4801 112 4806 ’
153 4835 181 4871 a
206 4816 627 4887 quampluribus
667 4816 819 4885 regni
845 4813 1199 4884 principibus,
1244 4815 1540 4882 praesertim
1572 4831 1602 4867 a
1623 4829 1714 4868 co-

153 4907 371 4962 mitissa
423 4904 1069 4973 Mathildaconfortatus,
1117 4917 1236 4970 qua:
1272 4911 1400 4957 tunc
1424 4904 1711 4956 maximam

153 5006 369 5069 partem
394 4995 612 5065 regebat
644 4993 826 5060 Italiae,
853 5003 1121 5064 quatenus
1158 4991 1212 5043 in
1242 5000 1419 5060 partes
1461 4992 1717 5046 Teutoni-

152 5105 270 5155 cas,
300 5087 375 5142 ob
416 5101 757 5142 communem
806 5085 994 5140 matris
1041 5081 1290 5136 Ecclesia:
1317 5086 1714 5149 necessitatem,

152 5179 492 5236 descendere
525 5179 857 5246 dignaretur.
891 5173 971 5226 llli
1008 5171 1208 5226 etenim
1239 5182 1455 5241 propter
1488 5174 1720 5226 insolen-

157 5268 292 5321 tiam
319 5282 481 5322 suam
508 5274 562 5320 et
577 5264 894 5340 anathema,
919 5259 1232 5314 Heinricum
1258 5274 1434 5329 regem
1457 5268 1513 5312 et
1535 5259 1717 5312 domi»

155 5371 290 5408 num
339 5355 767 5426 'abrogaVerunt;
799 5351 1076 5423 quietiam
1112 5349 1310 5418 pariter
1341 5347 1718 5416 convenientes

157 5454 460 5514 coegerunt
476 5462 624 5511 cum,
646 5443 1032 5514 ut,repudiatis
1057 5438 1381 5494 consiliariis
1400 5435 1719 5503 iniquitatis,

159 5533 420 5602 privatim
455 5533 570 5599 ipse
599 5535 834 5600 quodam
870 5534 924 5586 in
948 5528 1168 5586 castello
1199 5532 1458 5588 maneret,
1494 5537 1561 5575 ne
1586 5523 1724 5575 mul-

160 5632 248 5678 tos
275 5623 430 5692 lepra
483 5621 569 5674 sui
613 5625 969 5678 anathematis
1021 5617 1430 5674 contaminaret.
1474 5614 1726 5669 Decreve-

160 5722 287 5767 rant
340 5711 490 5766 enim
546 5711 687 5776 apud
730 5727 789 5766 se
835 5722 911 5776 ut,
937 5711 1197 5766 accersito
1225 5705 1499 5760 humiliter
1536 5716 1724 5761 sancto

236 5881 393 5949 (-58!)
423 5879 647 5938 Comes,
674 5877 735 5930 de
756 5893 860 5944 quo
882 5875 1102 5941 ’l‘uaron”
1128 5896 1267 5930 anno
1297 5875 1445 5930 1076.
1465 5888 1611 5926 num.
1641 5872 1721 5924 lli.

1812 4722 1900 4775 det
1941 4721 2046 4785 ille,
2098 4718 2242 4788 quod
2289 4716 2646 4786 potentissimi
2693 4715 2821 4768 olim
2858 4715 3226 4780 imperatores,
3254 4707 3366 4759 sive

1815 4812 1887 4865 illi
1919 4810 2174 4872 haeretici,
2200 4819 2290 4862 aut
2332 4817 2607 4875 apostatm,
2631 4806 2711 4857 vel
2742 4804 2901 4856 etiam
2947 4797 3134 4866 pagani
3164 4805 3386 4876 essent,—

1816 4918 2093 4972 nunquam
2131 4905 2619 4969 prmsumpscrunt;
2661 4893 2838 4952 audet,
2880 4889 3120 4954 inquam,
3147 4881 3363 4936 convo.

1817 4971 1954 5049 catis
1982 4993 2187 5059 aliquot
2211 4985 2478 5042 hazrcticis
2513 4979 2802 5048 episcopis,
2836 4976 3044 5026 vivente
3072 4989 3206 5040 papa
3237 4971 3367 5024 Gre.-

1818 5085 1989 5154 gorio,
2036 5081 2123 5133 cui
2152 5077 2406 5130 obcdicns
2453 5071 2625 5123 factus
2666 5076 2748 5123 est
2796 5067 2957 5118 etiam
2993 5061 3366 5131 jurejurando,

1822 5151 1966 5226 nullo
1996 5170 2176 5222 habito
2196 5161 2486 5217 universali
2512 5159 2758 5219 concilio,
2788 5157 2989 5223 absque
3015 5151 3238 5220 judicio,
3267 5165 3367 5199 au-

1817 5262 1905 5314 det
1934 5268 2077 5312 certc
2112 5257 2165 5307 in
2190 5267 2382 5322 papam
2420 5251 2614 5318 eligere
2643 5248 2963 5307 Wibcrtum,
2999 5242 3364 5295 llavelmatem
3410 5312 3412 5314 _

1818 5348 2088 5418 quondam
2118 5345 2452 5412 episcopum,
2487 5350 2614 5392 tunc
2643 5347 2825 5389 autem
2858 5333 3040 5387 multis
3077 5330 3187 5402 jam
3207 5324 3368 5418 annis

1819 5407 2361 5489 iixcommunicatum.
2386 5426 2541 5492 cujus
2567 5423 2816 5489 superius
2845 5419 3098 5482 aliquam,
3131 5408 3222 5460 sed
3241 5407 3365 5459 bre-

1823 5527 1978 5587 viter,
2005 5515 2569 5575 commemoratimiem
2605 5511 2846 5562 fecimus.

1895 5616 1998 5667 Sed
2033 5612 2155 5679 quis
2193 5609 2258 5661 ad
2285 5608 2398 5659 bsic
2427 5615 2533 5656 tam
2564 5603 2790 5654 idoneus
2826 5608 2987 5663 quam
3019 5591 3125 5652 hic,
3160 5586 3272 5679 qui,
3299 5583 3367 5635 ab

1826 5706 1956 5772 ipsis
1979 5675 2258 5755 cunabulis
2294 5695 2482 5764 spiritu
2523 5704 2669 5755 super
2683 5689 2782 5738 Μιυ
2810 5685 3061 5752 repletus,
3095 5675 3222 5729 nihil
3253 5685 3366 5726 me-
