3944 6414
1432 38 1937 65 ·⁴¹’,¹¹‹6“τδ-ηιν-“
2004 60 2019 63 -
2070 60 2103 63 κέ

540 578 636 632 9ἱὸ

1502 567 1584 621 ΑΒ
1622 566 1846 620 orem
1885 565 1940 620 s.
1966 558 2305 643 VGlll-JCORll
2341 542 2808 615 ammonens.

3726 54 3882 197 "1

3654 554 3766 609 916

540 688 811 743 dilabatur
844 672 1033 752 praeter
1052 681 1339 736 elationem
1359 687 1413 732 et
1444 679 1771 748 superbiam.
1805 676 1901 732 llic
1926 689 2082 730 nam-
2113 673 2157 728 Α
2184 666 2495 736 sericordia,
2527 684 2635 723 non
2668 668 2896 725 nimium
2931 666 3239 722 detrimenti
3265 655 3544 722 sustinuit.
3573 664 3761 728 Tunc.

539 795 647 850 que
669 820 685 845 ,
736 778 920 854 nobis.
943 772 1308 837 cernentibus,
1359 784 1573 825 omnem
1636 766 1992 822 obedientiam
2033 772 2087 819 et

539 853 928 936 subiectionem
949 864 1149 918 domno
1168 860 1355 915 nostro
1374 872 1525 929 papa:
1543 854 1803 926 Gregorio
1825 853 2084 918 exhibuit;

539 956 635 1011 sed
653 963 709 1011 et
732 955 848 1025 ipse
875 969 999 1009 cum
1040 954 1246 1008 honore
1268 952 1417 1005 illum
1441 965 1505 1004 ac
1543 948 1827 1005 dilectiOne
1849 945 1905 1000 in
1933 959 2089 1000 sacro

540 1046 895 1103 Lateranensi
924 1046 1122 1117 palatio
1164 1044 1366 1114 recepit
1401 1038 1657 1112 hospitio,
1688 1051 1741 1094 et
1783 1039 2089 1109 proximum

541 1135 698 1189 illum
744 1151 776 1189 a
803 1134 1038 1189 dexteris
1067 1133 1179 1188 suis
1208 1133 1263 1186 in
1304 1139 1492 1185 sancto
1540 1129 1728 1184 habuit
1753 1128 2003 1192 concilio,
2037 1143 2080 1181 θ

541 1222 777 1290 primum
807 1222 862 1275 in
889 1215 1159 1286 omnibus,
1186 1220 1384 1289 quibus
1404 1219 1561 1288 digne
1582 1217 1843 1287 oportuit;
1869 1230 2078 1284 speran.

543 1322 732 1364 verum
778 1324 899 1363 esse
929 1309 1073 1378 quod
1103 1306 1501 1377 perditissimus
1530 1306 1821 1361 simulavit.
1858 1303 1951 1358 llle
1994 1319 2062 1357 au

542 1405 652 1451 tem
684 1410 792 1450 non
824 1404 954 1472 post
974 1396 1142 1449 multa
1161 1410 1255 1463 per
1282 1393 1586 1463 superbiam
1611 1392 1797 1447 incidit
1824 1392 1877 1445 in
1901 1390 2060 1444 inobe

542 1484 825 1559 dientiam,
864 1484 1039 1541 factus
1082 1483 1283 1552 pariter
1316 1478 1585 1551 perjurus,
1618 1481 1712 1535 sed
1740 1489 1793 1534 et
1826 1478 2089 1549 parricida

540 1571 759 1626 tandem
807 1571 1047 1639 iniquus,
1077 1572 1201 1639 quia
1229 1570 1443 1625 Patrem
1471 1579 1718 1625 sanctum
1752 1569 1818 1622 ad
1864 1576 2109 1622 mortem

544 1667 828 1728 usque'est
852 1669 1183 1727 persecutus.
1217 1657 1421 1723 Talem,
1458 1659 1699 1726 inquam,
1728 1665 1835 1710 tam
1861 1657 2089 1726 justum,

532 1762 655 1822 itam
681 1763 949 1820 sanctum,
982 1770 1107 1811 cum
1149 1754 1262 1809 suis
1287 1749 1588 1808 fautoribus
1618 1754 1686 1806 in'
1704 1767 1897 1821 papam
1921 1752 2093 1805 elevat

534 1842 851 1930 .Heinricus.
884 1843 1054 1898 Roma
1091 1859 1200 1897 non
1250 1843 1534 1912 quaaritur,
1556 1857 1655 1895 nec
1680 1840 1957 1895 Romanus
2001 1847 2093 1892 aut

544 1932 727 1986 clerus
766 1940 861 1985 aut
888 1931 1136 1999 populus.
1166 1928 1317 1983 Unus
1363 1930 1578 1998 quidem
1603 1927 1774 1992 all‘uit,
1800 1926 1956 1995 Hugo
1996 1942 2094 1980 no-

2190 761 2432 829 inquam,
2488 757 2722 813 hominis
2762 757 3037 827 ingenium
3078 764 3132 811 et
3176 757 3519 826 sapientiam,
3565 765 3764 827 utpote

2190 850 2360 904 sancti
2398 847 2636 917 episcopi
2670 844 2911 901 Anselmi
2954 846 3189 919 laudare
3213 862 3421 915 posses.
3469 846 3600 901 Nam
3641 848 3762 919 etsi

2190 937 2341 991 navis
2368 915 2522 991 fortis
2555 915 2611 988 et
2652 935 2790 988 bene
2820 934 3117 1003 composita
3160 916 3262 1000 est,
3308 944 3591 1005 nautaaque
3619 915 3769 1006 pro-

2188 1027 2405 1091 dentes,
2450 1024 2606 1079 facile
2652 1032 2834 1078 tamen
2882 1022 3261 1093 periclitatur,.
3290 1023 3396 1077 nisi
3440 1009 3661 1093 Sapiens
3701 1034 3763 1077 et

2189 1114 2606 1191 validusfuerit
2650 1102 2994 1185 gubernator.
3040 1112 3133 1168 llla
3194 1129 3292 1183 pro
3325 1114 3520 1183 pietate
3559 1102 3765 1173 matris

2190 1206 2602 1268 sollicitabatur;
2637 1204 2727 1257 ille
2768 1202 3103 1272 gubernandi
3148 1210 3318 1256 artem
3360 1203 3757 1257 meditabatur.

2142 1300 2147 1305 ‘
2187 1295 2281 1349 Illa
2319 1300 2637 1364 potestatem
2687 1291 2998 1357 exercebat;
3033 1290 3123 1345 ille
3169 1291 3405 1360 regebat.
3462 1289 3577 1357 illa,
3610 1304 3762 1360 prae-

2187 1393 2436 1453 ceptum;
2477 1392 2532 1451 et
2558 1383 2647 1437 ille
2674 1382 2819 1436 dedit
2860 1381 3166 1436 consilium.
3210 1381 3515 1436 Excellebat
3562 1392 3758 1437 tanien

2190 1475 2279 1528 ille
2335 1475 2390 1527 in
2449 1473 2733 1535 omnibus;
2779 1470 2907 1541 quia
2945 1458 3262 1525 obedierunt
3305 1471 3576 1525 sanctitati
3636 1486 3763 1527 sum

2190 1573 2299 1616 tam
2356 1563 2506 1635 ipsa,
2548 1575 2719 1631 quam
2789 1560 2878 1637 sui
2940 1574 3160 1625 omnes;
3204 1558 3325 1627 plus
3364 1567 3546 1617 tamen
3609 1560 3782 1628 ipsa,

2189 1651 2298 1712 Nec
2323 1651 2540 1705 mirum.
2572 1650 2719 1704 Adeo
2746 1648 2892 1703 enim
2918 1648 3144 1717 singulis
3167 1662 3263 1716 per
3287 1647 3499 1716 singula
3525 1648 3760 1716 provide

2192 1755 2255 1793 ac
2299 1738 2569 1808 sapienter
2610 1738 2928 1791 consiliatus
2966 1744 3079 1799 est,
3119 1744 3178 1788 ut
3218 1742 3272 1788 et
3308 1734 3450 1789 dicto
3478 1734 3760 1809 quondam

2192 1827 2324 1896 regi,
2350 1826 2668 1894 cunctisque
2693 1824 2990 1892 majoribus
3008 1838 3072 1877 ac
3095 1823 3414 1885 minoribus,
3429 1837 3566 1891 pene
3586 1822 3764 1876 totius

2191 1915 2355 1970 Italiae
2381 1915 2495 1970 sola
2520 1915 2715 1968 domus
2737 1913 2829 1966 illa
2853 1913 3146 1976 resisteret,
3177 1910 3430 1980 iniuriam
3457 1911 3548 1965 Dei
3570 1927 3765 1967 suam—

545 2022 714 2087 mine,
746 2021 1017 2076 Candidus
1046 2020 1284 2085 nomine,
1316 2019 1641 2089 nigerrimus
1676 2026 1874 2082 mente,
1915 2018 2093 2072 cardi-

2203 2021 2301 2074 que
2338 2004 2653 2067 vindicaret,
2696 2002 2956 2055 honorem
2986 2000 3274 2066 obtineret,
3308 2007 3373 2064 et,
3400 2000 3626 2069 gratiam
3660 1999 3773 2057 Dci'
3828 1994 3835 2000 ’

548 2110 690 2163 nalis
717 2110 867 2174 olim,
906 2109 999 2163 sed
1027 2108 1229 2162 dudum
1248 2107 1359 2175 jam
1383 2121 1479 2175 pro
1500 2105 1615 2159 suis
1644 2106 1934 2161 sceleribus
1952 2105 2098 2175 justo

545 2196 1047 2251 excommunicatus
1066 2203 1119 2249 et
1144 2194 1402 2262 abiectus.
1428 2192 1526 2251 ilic
1559 2194 1847 2249 damnatus
1874 2193 2098 2246 damna-

546 2291 687 2349 tum,
730 2283 1316 2352 periurus‘perjurum,
1359 2282 1625 2351 parricida
1667 2281 1850 2335 laudat
1870 2280 2097 2351 parrici-

552 2370 698 2440 dam.
730 2369 787 2422 In
810 2370 931 2424 loco
952 2368 1219 2437 siquidem
1248 2368 1470 2422 horrido
1497 2377 1551 2422 et
1572 2368 1887 2437 asperrimo,
1917 2367 1971 2420 in
1994 2383 2100 2421 me-

552 2456 661 2511 diis
689 2457 954 2511 nivalibus
990 2456 1236 2525 Alpibus,
1262 2456 1354 2510 ubi
1383 2455 1554 2511 fames
1584 2457 1800 2511 assidua
1841 2465 1895 2511 et
1929 2455 2100 2527 frigus

550 2560 687 2614 pene
710 2561 921 2615 semper
948 2546 1292 2610 continuum;
1335 2546 1487 2600 locus
1527 2546 1641 2616 ipse
1672 2546 1832 2601 .vicus
1880 2554 1979 2613 est,
2003 2562 2099 2615 pro

553 2635 788 2700 civitate,
830 2635 924 2703 qui
962 2634 1333 2689 Brixanerium
1386 2645 1632 2701 vocatur,
1675 2634 1953 2689 altissimis
1996 2636 2102 2688 eir-

553 2720 839 2775 cumdatus
889 2722 1145 2791 sc0pulis,
1174 2722 1264 2775 ubi
1292 2722 1453 2776 etiam
1500 2722 1587 2775 vix
1608 2736 1805 2777 nomen
1832 2723 2103 2777 obtinetur

540 2808 1001 2863 lchristianitatis.
1030 2807 1144 2873 llic,
1176 2809 1487 2879 principalis
1523 2810 1764 2864 ecclesia:
1791 2810 2097 2881 privilegia;

553 2895 664 2959 hic,
688 2895 887 2949 summi
910 2897 1206 2950 sacerdotis
1222 2896 1376 2965 jura;
1407 2897 1515 2962 hic,
1547 2906 1856 2955 sanctorum
1882 2897 2099 2952 Patrum

552 2983 835 3047 instituta;
861 2984 973 3048 hic,
999 2986 1180 3038 omnia
1226 2996 1554 3040 evacuantur
1579 2988 1840 3042 canonica
1868 2988 2101 3053 decreta,

554 3072 835 3139 nimirum,
861 3074 907 3128 si
931 3074 1024 3143 qui
1054 3085 1304 3144 rogarent
1337 3086 1405 3143 ut,
1434 3077 1600 3131 alium
1635 3077 1785 3151 cmlis
1809 3078 2106 3147 imponeret

558 3157 748 3229 Deum,
770 3173 1028 3233 quantum
1060 3166 1113 3219 in
1142 3166 1262 3235 ipso
1278 3175 1424 3231 erat,
1463 3163 1692 3233 aestimo,
1726 3166 1927 3221 faceret
1945 3175 2105 3237 atque

556 3251 918 3327 confirmaret.
947 3252 1081 3323 Nam
1104 3269 1203 3309 nec
1224 3256 1445 3310 omnino
1465 3271 1665 3310 novum
1683 3266 1765 3310 est
1791 3255 2100 3325 aucupium,
2128 3291 2169 3348 Ο

554 3341 697 3411 quod
731 3342 872 3411 agit;
905 3358 935 3397 a
965 3344 1193 3412 pueritia
1217 3345 1412 3415 quippe
1438 3361 1535 3400 sua
1560 3347 1639 3401 sic
1663 3346 1867 3400 didicit.
2014 3417 2017 3419 _

622 3422 908 3485 Enimvero
933 3432 1060 3485 dum
1089 3422 1410 3505 venerabilis
1438 3450 1575 3503 papa
1608 3434 1911 3489 Alexander
1933 3451 2100 3489 cano-

557 3520 677 3575 nice
700 3520 891 3577 fuisset
916 3523 1044 3576 olim
1073 3522 1293 3588 electus,
1322 3525 1437 3593 ipse
1470 3520 1729 3579 Cadolum
1762 3525 2101 3598 [Cadalouni]

557 3608 902 3666 Parmensem
925 3613 1234 3683 episcopum
1259 3613 1315 3667 in
1334 3613 1645 3686 Teutonicis
1673 3615 1915 3683 partibus
1943 3632 2103 3669 supra

558 3713 753 3767 papam
799 3700 975 3769 elegit,
1018 3701 1351 3770 Romamque
1395 3702 1619 3766 direxit;
1651 3702 1746 3770 qui
1793 3703 2102 3755 diuturnam

559 3767 909 3851 discordiam,
934 3787 1179 3856 bellaque
1206 3767 1372 3849 multa
1397 3767 1686 3841 commisit:
1729 3787 1864 3842 Huic
1891 3789 2107 3845 nefariae

558 3873 961 3942 praesumptioni
996 3884 1164 3928 mater
1194 3874 1362 3942 ipsius
1395 3874 1570 3942 Agnes
1595 3875 1906 3943 imperatrix
1939 3877 2106 3931 inter-

558 3961 695 4029 fuit;
726 3977 867 4034 quaa,
912 3962 1084 4015 sancti
1115 3960 1349 4030 Spiritus
1381 3961 1733 4016 illustratione
1765 3973 2126 4032 compuncta,_

560 4051 703 4121 apud
728 4052 904 4120 ipsum
929 4066 1122 4122 papam
1150 4049 1512 4104 Alexandrum
1541 4049 1929 4107 confessionem
1960 4062 2108 4121 post-

561 4141 781 4196 modum
802 4140 944 4207 fecit,
985 4138 1353 4211 pmnitentiam
1396 4140 1616 4208 accepit.
1655 4139 1754 4194 Cui
1779 4141 1832 4195 id
1866 4157 1974 4210 pra“:
2006 4158 2109 4197 cae.

475 4280 479 4289 ε
564 4231 694 4285 teris
739 4230 1037 4301 iniunctum
1083 4238 1185 4298 est,
1243 4238 1510 4299 quatenus
1556 4229 1739 4286 Romae
1786 4241 2104 4299 moraretur,

568 4319 750 4388 ibique
776 4331 964 4376 sancto
1007 4322 1164 4375 Petro
1200 4321 1417 4391 vigiliis,
1447 4322 1776 4377 orationibus
1796 4330 1852 4377 et
1888 4323 2107 4393 jejuniis

568 4405 918 4470 satisfaceret,
950 4424 1013 4461 ac
1036 4410 1310 4476 prodesset
1336 4408 1588 4465 Ecclesiae
1613 4412 1854 4466 consiliis
1876 4421 1929 4467 et
1955 4414 2108 4466 auxi-

566 4495 676 4559 liis,
699 4503 860 4564 prout
888 4495 1105 4548 valeret.
1142 4496 1231 4550 llle
1265 4506 1441 4552 autem
1468 4499 1523 4554 in
1547 4515 1645 4554 sua
1665 4515 1991 4569 per-manens
2013 4502 2109 4555 de-

2198 2110 2305 2148 ιοιι
2336 2093 2623 2165 amitteret.
2661 2089 2925 2145 Nimirum
2959 2089 3071 2144 suis
3102 2089 3152 2143 id
3183 2089 3391 2144 meritis
3413 2092 3765 2165 impetratum

2196 2194 2297 2253 est,
2329 2193 2390 2239 ut
2418 2182 2705 2240 laudabilis
2729 2182 2819 2235 illa
2844 2189 2898 2234 et
2930 2180 3162 2250 gloriosa
3194 2194 3290 2249 per
3337 2189 3549 2234 exteras
3591 2180 3765 2233 etiam

2199 2282 2369 2327 terras
2392 2271 2797 2341 praedicaretur.
2827 2258 3059 2333 Quidni?
3107 2266 3199 2321 Illa
3228 2267 3374 2321 enim
3410 2267 3665 2321 nobiliter
3706 2276 3770 2321 et

2199 2362 2503 2431 magniﬁce,
2532 2358 2749 2414 insolito
2778 2357 3064 2411 mulierum
3086 2371 3256 2420 more,
3287 2356 3409 2425 plus
3427 2356 3569 2421 dico,
3590 2372 3769 2425 quam

2200 2452 2426 2507 viriliter
2466 2450 2687 2520 agebat;
2719 2448 2927 2502 nullum
2971 2446 3083 2501 fere
3115 2446 3416 2515 periculum
3461 2447 3763 2500 metuebat.

2199 2541 2461 2607 Quisnam
2490 2546 2767 2610 potentum
2816 2552 3056 2607 unquam
3097 2552 3279 2600 suum,
3308 2545 3369 2590 ut
3389 2534 3501 2601 illa,
3535 2535 3772 2591 deduxit

2199 2628 2533 2684 exercitum?
2571 2626 2931 2684 Recesserunt
2965 2635 3139 2681 tamen
3171 2626 3239 2680 ab
3268 2626 3357 2679 illa
3386 2625 3603 2695 plurimi
3630 2642 3770 2680 suo-

2200 2735 2343 2783 rum,
2374 2727 2429 2773 et
2452 2719 2699 2772 abierunt
2725 2726 3040 2771 retrorsum.
3078 2715 3319 2784 Separati
3342 2723 3488 2780 sunt,
3514 2716 3763 2784 inquam,

2201 2807 2443 2871 anobis;
2478 2805 2608 2876 quia
2648 2820 2755 2859 non
2797 2813 3044 2859 erantex
3089 2805 3266 2857 nobis.
3311 2802 3447 2857 Nam
3480 2812 3534 2857 et
3580 2804 3767 2879 angeli

2187 2897 2417 2967 quidam
2448 2895 2517 2950 de
2547 2895 2685 2951 coelo
2712 2895 3048 2960 deciderunt,
3094 2895 3215 2949 aliis
3252 2894 3333 2949 sic
3366 2894 3764 2957 corroboratis,

2202 2995 2270 3040 ut
2299 2985 2491 3039 cadere
2520 2984 2751 3062 amplius
2778 2978 2889 3061 non
2923 2985 3183 3038 valerent.
3229 2983 3580 3039 Corroborati
3631 2992 3770 3039 sunt
3806 3018 3809 3019 ν

2202 3066 2357 3139 ρι’ὴὶ,
2387 3074 2481 3143 qui
2510 3080 2944 3142 permanserunt,
2968 3080 3084 3126 tum
3108 3086 3174 3126 ex
3197 3071 3479 3148 dulcedine
3506 3081 3765 3141 pastorae

2203 3163 2271 3219 lis
2292 3162 2588 3233 sapientia},
2618 3169 2731 3224 tum
2758 3177 2826 3217 ex
2857 3161 3230 3229 benevolentia
3261 3169 3316 3216 ct
3345 3161 3617 3217 hilaritate
3647 3171 3767 3216 tam

2204 3252 2575 3309 desiderabilis
2596 3260 2874 3325 matronae.
3288 3292 3295 3299 .

2269 3340 2402 3395 Nam
2423 3342 2672 3411 egregius
2700 3339 2788 3394 ille
2813 3345 2996 3409 pastor
3038 3346 3096 3392 et
3134 3338 3325 3392 doctor
3367 3337 3455 3392 die
3490 3345 3767 3407 noctuque

2199 3431 2371 3486 adfuit
2397 3431 2521 3497 illis,
2544 3429 2915 3500 spiritualibus
2930 3426 3191 3484 doctrinis
3204 3435 3259 3481 et
3278 3423 3764 3489 admonitionibus;

2191 3520 2329 3574 illud
2348 3519 2581 3573 maxime
2608 3517 2748 3577 inter
2769 3524 2959 3589 cmtera
2986 3514 3270 3583 replicans,
3283 3524 3343 3567 ut
3357 3512 3426 3567 ab
3445 3526 3768 3581 excommu-

2200 3610 2393 3662 nicatis
2415 3623 2472 3662 se
2491 3592 2874 3669 observarent,
2900 3604 3157 3672 quoniam
3184 3603 3230 3657 si
3252 3602 3376 3671 quis
3397 3617 3521 3657 cum
3542 3617 3767 3657 excom-

2201 3698 2489 3751 munientis
2528 3682 2932 3764 participasset,
2978 3692 3103 3756 nisi,
3150 3698 3371 3758 accepta
3416 3691 3766 3765 poenitentia,

2200 3788 2436 3856 primum
2463 3785 2848 3848 absolveretur,
2882 3781 3086 3834 nullam
3109 3794 3234 3833 cum
3266 3776 3491 3847 reliquis
3514 3791 3767 3831 commu-

2203 3878 2419 3931 nionem
2443 3873 2856 3943 haberepotuit.
2899 3869 3144 3925 Perfecto
3183 3868 3372 3942 utique
3411 3866 3537 3934 odio
3575 3865 3769 3925 oderat
3807 3884 3812 3887 ·

2201 3964 2721 4036 excommunicatos;
2752 3961 2904 4015 unde
2928 3971 2983 4014 et
3015 3958 3276 4014 sollicitus
3308 3956 3510 4010 multos
3536 3969 3636 4010 sua
3657 3954 3767 4008 do-

2204 4056 2374 4109 ctrina
2404 4054 2671 4125 reddidit;
2710 4050 2975 4122 plurimos
3002 4066 3033 4104 a
3071 4048 3352 4120 tyrannide
3394 4053 3540 4101 tanta
3577 4047 3770 4116 prohi-

2202 4146 2338 4210 buit,
2363 4144 2627 4215 quosdam
2655 4143 2816 4197 etiam
2847 4141 3063 4211 penitus
3089 4138 3368 4194 convertit.
3395 4136 3504 4206 ipsi
3530 4137 3770 4206 denique

2203 4237 2472 4306 quondam
2497 4236 2640 4291 dicto
2661 4234 2770 4306 regi
2796 4231 3269 4306 commonitorium
3295 4228 3548 4295 dictavit;
3579 4237 3636 4282 et
3652 4227 3770 4282 bte—

2205 4305 2534 4377 reSiarcham
2557 4322 2753 4394 ipsum,
2772 4305 2972 4374 sanctae
2994 4318 3137 4373 sedis
3155 4317 3412 4370 Romante
3432 4315 3768 4379 invasorem,

2204 4408 2746 4477 Wibertum‘scriptis
2777 4404 3109 4465 salutaribus
3129 4402 3480 4458 commonuit.

2274 4500 2413 4566 Quid
2458 4497 2713 4552 tandem?
2750 4494 2981 4548 Romam
3029 4494 3167 4547 sicut
3206 4492 3449 4559 incmpit,
3502 4499 3772 4560 tyrannus

566 4584 801 4641 testabili
822 4584 1493 4653 pertinacia,Wiberticum
1517 4589 1746 4644 adorans
1764 4590 2107 4654 dzemonium,
2141 4612 2187 4664 υ
2210 4591 2298 4645 ille
2326 4587 2547 4653 invadit,
2585 4586 2759 4640 tribus
2788 4584 2935 4639 illam
2973 4582 3131 4637 annis
3167 4582 3479 4652 impugnat:
3514 4582 3769 4649 quamvis

564 4676 885 4731 admonetur
940 4690 1129 4728 rursus
1171 4675 1238 4736 ab
1286 4674 1576 4742 apoStolico
1621 4677 1815 4739 allecto,
1862 4688 2085 4746 paterno

568 4766 751 4819 missis
772 4764 840 4819 ad
870 4779 995 4819 eum
1027 4764 1289 4832 episcopis
1318 4764 1607 4818 Albanensi
1630 4773 1685 4818 et
1715 4765 1988 4819 Paduano.
2022 4769 2111 4821 At-

568 4852 684 4917 qui,
728 4853 856 4906 dum
890 4868 998 4907 non
1039 4852 1372 4918 emendatur,
1410 4867 1625 4906 rursum
1660 4852 2111 4921 periculosissime

571 4943 1078 4997 cxcommunicatur.

641 5026 735 5081 Ille
760 5042 889 5097 ergo
925 5034 1240 5101 quasinovo
1261 5032 1556 5105 tyrannidis
1587 5047 1850 5102 aucupio,
1883 5042 2011 5088 tunc
2030 5033 2113 5087 in-

571 5117 713 5188 cepit
759 5119 1133 5175 universarum
1174 5126 1525 5183 ecclesiarum
1551 5133 1659 5179 tam
1704 5126 1902 5195 praedia
1950 5142 2111 5195 quam

571 5223 764 5264 omnes
807 5223 942 5278 pene
982 5211 1266 5266 thesauros
1292 5228 1476 5268 earum
1515 5216 1775 5271 militibus
1806 5216 2110 5285 dispertiri;

572 5312 731 5368 quos,
760 5306 817 5353 et
847 5312 1034 5353 omnes
1066 5300 1204 5367 parti
1225 5314 1337 5352 suae
1364 5302 1675 5369 agglutinat,
1695 5312 1888 5372 praeter
1928 5306 2114 5361 admo-

569 5387 699 5441 dum
725 5403 945 5458 paucos,
981 5403 1117 5458 quos
1147 5387 1438 5441 reservavit
1469 5388 1571 5441 sibi
1609 5389 1887 5457 Dominus,
1912 5402 1972 5447 ut
2004 5409 2113 5449 non

573 5485 856 5531 curvarent
880 5491 1053 5545 genua
1086 5488 1269 5528 coram
1292 5472 1437 5527 Baal.
1987 5489 1990 5493 ’

640 5564 874 5619 Collecto
887 5564 1052 5634 igitur
1067 5562 1304 5618 exercitu
1320 5561 1544 5617 Romam
1564 5563 1750 5630 tendit,
1762 5572 1921 5634 atque
1940 5566 2114 5633 primo

577 5664 703 5705 mox
726 5651 971 5721 ingreSsu
994 5666 1207 5707 omnem
1230 5649 1465 5727 furorem
1496 5666 1654 5705 suum
1677 5651 1730 5706 in
1751 5649 2112 5723 supradictam

573 5736 840 5793 dominam
869 5737 1175 5796 Mathildam
1206 5741 1495 5807 convertit;
1538 5740 1694 5795 villas
1735 5741 1988 5807 incendit,
2022 5758 2114 5797 ca-

571 5822 725 5877 stella
755 5824 918 5879 diruit
942 5846 954 5881 :
980 5844 1100 5895 qua:
1133 5838 1329 5896 tamen,
1373 5830 1552 5887 divina
1593 5843 1654 5884 se
1673 5838 1985 5900 protegente
2012 5832 2112 5886 mi-

2210 4680 2426 4734 demum
2453 4672 2725 4746 periurus,
2751 4681 2807 4728 et
2840 4671 3067 4742 pecunia
3092 4671 3214 4740 plus
3245 4685 3407 4740 quam
3430 4670 3638 4724 viribus
3668 4678 3772 4724 aut

2212 4766 2471 4838 sapientia
2508 4773 2792 4835 expugnat.
2842 4763 3035 4832 Fitque
3064 4762 3206 4817 beati
3249 4760 3391 4816 Petri
3433 4771 3620 4817 sancta
3655 4761 3768 4817 Ec-

2212 4857 2376 4912 clesia
2414 4854 2701 4923 impiorum
2745 4854 3015 4908 latronum
3063 4853 3321 4921 spelunca
3362 4850 3581 4923 (Matth.
3623 4852 3766 4919 ιιι).

2216 4944 2323 4999 Sed
2337 4942 2563 4998 necdum
2587 4949 2753 4997 totam
2774 4940 2992 5012 quidem
3014 4938 3241 4995 Romam
3260 4939 3457 4995 devicit
3497 4938 3767 5013 Quoniam

2214 5035 2272 5088 in
2304 5033 2537 5098 castello,
2561 5034 2702 5103 quod
2725 5030 3010 5087 Crescentii
3031 5029 3249 5093 dicitur,
3278 5027 3772 5084 reverendissimus

2214 5139 2349 5194 papa
2370 5123 2673 5192 Gregorius
2719 5110 3035 5193 permansit.
3080 5117 3504 5172 Permanserunt
3551 5130 3773 5185 quoque

2212 5230 2313 5268 nec
2333 5212 2566 5282 corrupti
2592 5228 2693 5267 nec
2715 5213 2943 5283 decepti,
2981 5218 3075 5265 aut
3093 5206 3288 5263 devicti
3316 5204 3625 5261 nobiliores
3639 5206 3772 5275 qui-

2211 5305 2334 5360 dam
2381 5301 2646 5368 Romani,
2702 5302 2874 5373 magis
2923 5300 3141 5355 obedire
3180 5297 3292 5351 Deo
3345 5310 3511 5364 quam
3561 5294 3774 5355 hom‘ini

2213 5394 2352 5465 (Act.
2375 5392 2427 5462 v)
2454 5392 2727 5462 cupientes
2757 5390 3027 5445 heretico.

2280 5480 2446 5546 igitur
2468 5486 2808 5535 accrescente
2837 5480 2950 5529 tam
2977 5473 3142 5542 impia
3170 5463 3546 5529 haereticorum
3585 5488 3776 5543 perse—

2212 5574 2446 5634 cutione,
2477 5569 2735 5624 invitatus
2774 5566 2843 5619 ab
2865 5563 3161 5633 apostolico
3183 5563 3299 5617 viro
3337 5563 3447 5619 dux
3486 5562 3699 5634 Apuliae
3719 5576 3779 5620 et

2215 5653 2475 5712 Calabriae
2501 5657 2791 5719 Robertns,
2829 5651 3057 5723 Romam
3093 5651 3396 5719 festinavit;
3440 5660 3569 5709 ante
3610 5653 3777 5722 cujus

2216 5744 2500 5798 adventum
2525 5742 2835 5807 Heinricus,
2871 5740 3011 5795 Urbe
3034 5742 3236 5807 relicta,
3275 5741 3441 5812 fugit;
3471 5757 3640 5811 quam
3661 5758 3777 5796 una

2214 5830 2299 5884 die
2321 5845 2482 5885 manu
2502 5837 2707 5884 armata
2728 5829 2831 5883 dux
2860 5831 3079 5887 fidenter
3098 5831 3442 5903 expugnavit,
3457 5829 3777 5886 dominum-

3620 6266 3821 6313 ῤ’..
3830 6284 3881 6313 :-
