3944 6392
203 599 313 655 2117

1086 594 1369 651 ΑΡΡΕΝυ.
1409 594 1492 649 Ill.
1534 628 1599 636 —
1639 592 2064 650 MONL'MENTA
2102 600 2550 657 GitECOlil.\.\'.i.

3319 610 3421 660 υιὸ

206 729 319 783 que
347 728 542 783 papam
572 712 638 766 de
683 712 934 783 angustia
969 712 1136 766 turris
1169 711 1222 764 in
1254 711 1589 764 latitudinem
1627 708 1766 762 sacri
1799 708 1841 762 Δ
1867 725 2131 778 pauperes
2165 724 2426 767 venerunt
2454 730 2514 768 ac
2543 715 2763 779 divites;
2794 717 2906 784 qui,
2941 717 3068 771 dum
3101 735 3132 771 a
3172 719 3422 786 praedicta

206 805 396 874 palatii
420 803 803 857 Laterauensis
829 818 953 858 cum
991 817 1186 872 magno
1209 797 1485 872 triumpho
1524 813 1576 857 et
1604 804 1771 872 gloria

207 893 443 948 reduxit.
481 891 690 962 itaque,
735 892 965 961 peractis
993 891 1066 945 ibi
1095 891 1302 960 aliquot
1328 891 1540 956 diebus,
1591 891 1770 945 Saler-

204 999 346 1036 num
376 983 581 1052 pariter
621 989 994 1051 perrexerunt,
1018 981 1112 1037 ubi
1135 989 1189 1036 et
1217 981 1595 1036 sanctissimus
1636 996 1771 1049 papa

206 1072 500 1141 emigravit
547 1073 614 1126 ad
654 1070 953 1126 Christum.
997 1069 1131 1125 Nam
1178 1072 1460 1138 miracula,
1510 1086 1630 1140 qua:
1679 1087 1773 1140 per

203 1178 340 1217 eum
367 1172 621 1231 operatus
653 1170 737 1217 est
775 1161 1057 1228 Dominus,
1101 1162 1205 1218 alia
1253 1162 1468 1233 quidem
1517 1162 1768 1225 vidimus,

207 1254 322 1306 alia
353 1254 422 1306 ab
445 1252 652 1307 idoneis
679 1253 906 1308 testibus
935 1253 1259 1322 audivimus,
1289 1267 1518 1323 quorum
1555 1267 1662 1306 non
1692 1260 1776 1306 (εει

207 1343 374 1398 modo
402 1342 614 1398 dicendi
651 1343 822 1398 locus.
856 1343 1061 1413 Fugato
1097 1357 1228 1414 ergo
1263 1343 1332 1397 ab
1353 1341 1494 1398 Urbe
1521 1340 1774 1396 ilcinrico

203 1434 268 1487 in
292 1431 619 1489 Teutonicas
649 1444 829 1502 partes
857 1435 1037 1488 statim
1071 1432 1186 1502 ipse
1230 1435 1470 1500 revertit,
1493 1432 1775 1490 concitatis

202 1523 446 1594 primum
479 1523 731 1578 omnibus
759 1505 893 1592 pene
916 1521 1286 1593 Longobardis
1319 1523 1606 1578 adversum
1632 1537 1774 1590 prie-

202 1610 380 1668 fatam
419 1614 716 1678 dominam,
759 1624 812 1668 et
850 1614 1110 1668 adversus
1153 1623 1400 1668 sanctum
1441 1613 1774 1675 provisorem

201 1703 353 1772 ejus,
383 1702 478 1756 sed
502 1712 555 1755 et
583 1703 842 1756 adversus
868 1717 1081 1757 onmem
1122 1701 1444 1758 catholicam
1491 1703 1771 1754 unitatem.

280 1789 392 1845 Nec
425 1790 596 1845 multa
637 1800 768 1866 post‘
787 1807 912 1846 ecce
959 1791 1245 1846 coadunati
1276 1800 1404 1847 sunt
1450 1789 1686 1858 episcopi
1724 1796 1779 1843 ct

203 1881 561 1937 marehiones
584 1896 707 1935 cum
729 1881 850 1936 aliis
875 1883 1081 1948 multis,
1110 1881 1204 1950 qui
1247 1895 1442 1950 magno
1484 1879 1686 1948 impetu
1725 1889 1779 1934 et

1873 800 2146 856 comitissa
2178 804 2371 857 vellent
2398 805 2598 874 aliquid
2624 815 2718 860 aut
2742 807 3038 875 acquirere,
3073 817 3166 862 aut
3192 811 3425 878 acquisi-

1873 900 1986 946 tum
2018 894 2264 948 securius
2287 895 2548 962 obtinere,
2582 912 2805 950 munera
2835 896 2933 951 sibi
2967 898 3234 952 interdum
3263 916 3425 968 gran-

1871 980 1981 1044 dia,
2021 982 2287 1038 interdum
2320 985 2683 1054 promiserunt
2707 987 2795 1042 aiii
2827 989 3060 1058 majora;
3090 989 3288 1057 quibus
3319 989 3423 1052 ille,
3501 1026 3507 1031 -

1872 1071 2120 1139 quamvis
2177 1089 2381 1144 pauper
2431 1076 2567 1144 ipse,
2629 1085 2792 1145 atque
2845 1086 3062 1147 egentes
3114 1079 3199 1132 sui
3248 1089 3429 1134 essent

1871 1173 2079 1228 omnes,
2123 1162 2294 1218 iratus
2338 1164 2631 1233 respondit,
2663 1166 2804 1220 dona
2836 1168 3058 1236 respuit,
3101 1168 3428 1237 adiutorium

1873 1252 2195 1309 contradixit
2221 1273 2233 1308 :
2259 1256 2404 1326 quod
2431 1255 2478 1310 si
2502 1255 2668 1325 gratis
2691 1257 3077 1324 postulassent,
3101 1257 3263 1313 citius
3287 1267 3430 1312 certe

1875 1340 2270 1411 impetrassent.
2298 1345 2387 1399 Ait
2413 1351 2558 1416 enim
2588 1365 2600 1400 :
2634 1366 2650 1397 ι
2682 1346 2737 1400 Si
2769 1356 2849 1401 cst
2874 1346 3134 1417 injustum
3166 1350 3310 1416 quod
3333 1365 3428 1402 ex-

1873 1442 2082 1502 petunt,
2116 1450 2209 1488 ero
2243 1437 2532 1506 particeps,
2562 1439 2670 1492 imo
2692 1447 2882 1495 auctor
2901 1454 3089 1494 eorum
3114 1440 3427 1508 injustitiw;

1876 1521 1960 1576 sin
1992 1533 2172 1578 autem
2201 1524 2407 1594 justum
2441 1536 2542 1592 est,
2571 1543 2696 1584 reus
2723 1545 2836 1596 ero,
2869 1530 2915 1585 si
2953 1529 3216 1598 justitiam
3246 1531 3432 1584 vendi-

1876 1611 2024 1666 dero.
2060 1631 2075 1662 ι
2112 1612 2264 1678 Quod
2296 1615 2340 1668 si
2362 1625 2538 1671 mente
2571 1619 2738 1687 aliqui
2768 1633 3016 1687 perversa
3042 1620 3297 1675 divinitus
3319 1619 3431 1673 for-

1878 1715 1978 1754 san
2005 1702 2276 1766 exczecati,
2309 1712 2402 1758 aut
2433 1705 2655 1759 avaritia
2691 1707 2871 1761 saeculi
2916 1709 3215 1775 perniciose
3257 1709 3434 1778 impli-

1878 1789 2004 1854 cati,
2032 1791 2311 1847 catbolicaa
2340 1801 2393 1846 et
2437 1794 2744 1862 apostolicae
2787 1796 3099 1850 restiterunt
3133 1797 3431 1862 sontentiai,

1877 1879 2006 1933 dum
2032 1896 2216 1937 secum
2248 1883 2560 1938 ratiocinari
2601 1896 2880 1954 cmperunt
2903 1928 2916 1952 ,
2961 1887 3138 1940 subito
3168 1889 3297 1943 satis
3335 1891 3434 1942 ob-

205 1971 399 2028 furore
423 1972 604 2028 subito
629 1979 828 2026 terram
855 1974 1172 2027 invaserunt
1195 1972 1440 2042 ejusdem
1466 1971 1776 2032 comitissa),
1812 2011 1854 2063 Β
1881 1977 2220 2035 mutuerunt;
2253 1971 2380 2039 quia
2418 1972 2692 2040 sapientia:
2737 1973 2879 2029 illius
2905 1976 3155 2030 resistere
3188 1993 3295 2029 non
3335 1993 3436 2045 po—

206 2073 471 2134 putantes
494 2071 664 2116 totam
711 2063 854 2116 illico
888 2078 999 2117 SUtB
1041 2062 1228 2117 ditioui
1265 2063 1574 2131 subjugare.
1629 2059 1780 2112 Tunc

209 2168 344 2222 ergo
412 2156 719 2222 congregati
766 2163 892 2207 sunt
945 2162 999 2206 et
1044 2153 1214 2206 nostri
1275 2151 1541 2220 siquidem
1587 2149 1774 2217 pauci;

207 2241 474 2310 quoniam
511 2257 617 2295 una
663 2241 748 2295 vix
788 2243 874 2296 die
916 2242 1125 2310 prmseii
1176 2241 1301 2295 facti
1345 2250 1507 2308 sunt;
1566 2256 1779 2294 verum-

209 2343 398 2388 tamen
424 2333 906 2389 nimis-conl‘ortati
947 2345 1105 2400 sunt;
1148 2335 1276 2403 quia
1318 2333 1568 2388 dominus
1600 2339 1780 2384 noster

212 2432 442 2478 sanctus
502 2423 788 2479 Ansclmus
847 2425 1131 2493 episcopus
1186 2439 1341 2479 suam
1391 2423 1471 2476 eis
1526 2422 1780 2476 benedic-

212 2513 422 2567 tionem
480 2531 576 2583 per
637 2525 879 2569 nostram
924 2516 1119 2570 direxit
1167 2517 1525 2583 parvitatem:
1569 2514 1671 2565 hoc
1725 2513 1777 2565 in

213 2601 487 2654 mandatis
540 2603 809 2671 praecipue
855 2601 1241 2656 commendans
1290 2602 1445 2656 nobis
1481 2610 1540 2655 ut
1595 2601 1641 2655 si
1687 2599 1780 2667 qui

213 2705 340 2743 cum
363 2691 846 2746 excommunicatis
861 2691 1369 2756 communicassent,
1387 2690 1639 2759 primitus
1661 2690 1782 2744 illos

213 2784 643 2850 absolveremus,
692 2792 747 2837 et
795 2792 924 2838 tunc
976 2784 1175 2852 pariter
1225 2799 1414 2838 omnes
1463 2781 1782 2837 auctoritate

213 2873 516 2940 apostolica
561 2881 614 2926 et
659 2887 756 2926 sua
792 2871 1250 2936 benediceremus,
1288 2871 1619 2924 instruentes
1663 2884 1779 2945 eos,

214 2975 329 3028 quo
363 2969 522 3029 pacto
545 2972 719 3027 quave
755 2958 1050 3013 intentione
1087 2959 1344 3013 deberent
1375 2951 1633 3028 piignare,
1672 2958 1779 3014 sic-

215 3063 326 3118 que
351 3049 406 3101 in
431 3049 806 3103 remissionem
837 3049 1080 3104 omnium
1115 3058 1460 3118 peccatorum
1485 3066 1675 3105 eorum
1699 3050 1782 3103 in-

214 3139 416 3194 stantis
439 3138 566 3193 belli
597 3141 1056 3195 committeremus
1080 3141 1398 3208 periculum.

287 3226 458 3283 Facto
482 3229 662 3297 itaque
688 3243 982 3299 congressu
1013 3231 1273 3286 citissime
1297 3232 1459 3286 dorsa
1480 3232 1664 3286 hostes
1691 3231 1782 3286 de-

1880 2068 2119 2125 tuerunt,
2148 2061 2257 2114 imo
2299 2060 2662 2129 eloquentiam
2711 2063 2946 2118 hominis
2980 2072 3182 2118 tantam
3225 2073 3439 2134 tamque

1879 2147 2250 2229 rationabilem
2274 2147 2452 2202 mirati
2467 2157 2610 2203 sunt.
2624 2147 2850 2204 Omnem
2869 2152 3010 2204 enim
3035 2168 3244 2206 sacram
3261 2153 3440 2224 Scrip-

1881 2245 2059 2292 turam
2083 2237 2194 2295 fere
2217 2243 2526 2297 memoriter
2547 2244 2723 2303 novit(
2731 2242 2909 2314 itaut);
2927 2243 3053 2313 quid
3079 2243 3294 2314 singuli,
3311 2247 3441 2313 quid

1879 2345 2068 2385 omnes
2100 2332 2166 2386 de
2199 2334 2390 2402 quavis
2414 2350 2579 2391 causa
2604 2337 2776 2392 sancti
2801 2337 3134 2406 expositorcs
3156 2340 3437 2405 sentirent,

1882 2435 2026 2485 mox,
2061 2429 2122 2475 ut
2144 2421 2527 2492 interrogares,
2558 2426 2924 2493 responderet.
2951 2425 3116 2480 Multa
3138 2427 3238 2481 sibi
3271 2429 3443 2483 sacris

1880 2523 1945 2561 ex
1991 2507 2285 2578 Scripturis
2314 2511 2572 2566 divinitus
2607 2515 2850 2581 exposita
2882 2518 3260 2584 cognovimus,
3301 2533 3440 2585 quo-

1881 2613 2001 2651 rum
2037 2599 2214 2667 aliqua
2242 2599 2310 2652 ab
2351 2599 2468 2669 ipso
2496 2601 2756 2656 habemus
2785 2603 3002 2670 scripta,
3035 2604 3213 2670 aliqua
3242 2605 3441 2657 retine-

1881 2703 2004 2742 mus
2031 2687 2087 2743 in
2122 2691 2401 2744 memoria.
2454 2690 2651 2745 Multos
2682 2691 2890 2746 libellos
2924 2692 3159 2761 propriis
3188 2693 3442 2746 manibus

1883 2778 2205 2846 conscripsit
2237 2778 2405 2849 (482).
2455 2781 2861 2849 Apologeticum
2897 2796 3064 2834 imum
3107 2781 3333 2835 diversis
3374 2796 3440 2834 ex

1881 2877 2192 2921 sanctorum
2223 2867 2444 2922 Patrum
2483 2869 2848 2922 voluminibus
2874 2870 3201 2936 compilavit,
3243 2871 3444 2938 quibus

1881 2955 2064 3009 domui
2091 2970 2240 3026 papae
2260 2955 2604 3022 sententiain,
2626 2965 2678 3011 et
2699 2957 2950 3011 universa
2972 2959 3089 3026 ejus
3115 2958 3253 3013 facta
3281 2968 3441 3028 atque

1883 3053 2144 3114 praecepta
2171 3045 2446 3100 canonicis
2473 3045 2780 3101 defenderet
2814 3046 3115 3102 rationibus
3148 3057 3201 3102 et
3241 3064 3439 3117 appro—

1883 3135 2038 3189 baret
2083 3135 2399 3191 orthodoxis
2447 3136 2880 3190 auctoritatibus.
2921 3135 2978 3190 in
3007 3136 3442 3193 Lamentationes

1883 3224 2128 3280 Ieremia:
2157 3225 2604 3281 dilucidissimam
2646 3225 2772 3281 fecit
2796 3228 3206 3296 expositionem.
3239 3228 3441 3283 Psalte-

214 3317 448 3383 derunt;
501 3330 554 3372 et
593 3327 783 3384 captus
833 3327 916 3374 est
957 3335 1083 3374 mox
1119 3319 1430 3374 Parmensis
1472 3319 1778 3388 episcopus,
1805 3320 1852 3377 (ι
1885 3316 2024 3369 rium
2049 3330 2265 3384 quoque
2289 3323 2477 3384 ragatu
2502 3315 2950 3371 benedictissimze
2977 3316 3068 3370 Dei
3103 3318 3308 3371 ancilla:
3331 3318 3443 3371 Ma—

214 3415 273 3461 et
303 3407 513 3462 nobiles
538 3408 711 3473 multi,
740 3409 976 3463 minores
1007 3425 1134 3462 vero
1159 3410 1364 3477 absque
1389 3423 1648 3471 numero;
1687 3407 1780 3459 sed

215 3504 272 3549 et
303 3504 646 3549 mortuorum
664 3512 773 3550 non
797 3505 879 3552 est
904 3498 1152 3550 inventus
1174 3513 1450 3551 numerus.
1481 3497 1552 3550 De
1579 3497 1781 3550 nostris

214 3589 401 3636 autem
432 3589 542 3638 tres
579 3583 778 3638 mortui
817 3593 961 3649 sunt,
994 3595 1047 3639 et
1071 3586 1332 3640 vulnerati
1363 3586 1546 3654 pauci;
1583 3602 1689 3654 qua
1726 3586 1778 3638 in

213 3685 276 3724 re
309 3668 540 3741 gloriam
571 3669 684 3738 Dei,
729 3681 782 3725 et
817 3673 1067 3727 virtutem
1103 3673 1490 3729 benedictionis
1533 3689 1783 3727 reveren-

213 3762 434 3817 dissimi
468 3763 714 3830 praesulis
747 3764 926 3818 ﬁdeles
970 3781 1160 3820 omnes
1205 3782 1497 3836 agnoscere
1535 3767 1779 3834 potestis.

215 3849 435 3902 Abhinc
457 3850 600 3902 enim
618 3850 842 3904 confusa
858 3861 984 3905 sunt
1007 3853 1380 3907 hatreticorum
1405 3854 1781 3916 conciliabula,

213 3946 273 3993 et
302 3937 569 3992 declinata
592 3945 675 3993 est
701 3939 861 3995 nimis
887 3941 1025 3994 elata
1046 3957 1234 3996 eorum
1265 3941 1568 3995 insolentia.
1603 3941 1783 3996 Gavisi

214 4038 409 4085 autem
429 4037 485 4083 et
510 4029 796 4085 confortati
825 4040 948 4086 sunt
971 4047 1157 4086 omnes
1179 4031 1462 4098 Catholici,
1488 4031 1785 4102 praesert'm

215 4119 420 4176 domus
450 4120 560 4181 illa,
585 4137 747 4190 quam
776 4121 831 4176 S.
859 4121 1017 4176 Pater
1043 4133 1226 4177 noster
1254 4123 1545 4179 Ansclmus
1577 4123 1787 4192 episco-

215 4225 325 4281 pus
351 4209 783 4278 inexsuperatam
814 4220 1001 4279 postea
1027 4213 1335 4275 custodivit,
1365 4228 1428 4267 ac
1463 4213 1517 4266 in
1551 4213 1654 4266 ﬁde
1697 4229 1787 4266 ca-

217 4298 424 4356 tholica
463 4308 863 4368 permanentem
907 4300 1218 4354 reservavit.
1250 4299 1315 4353 Et
1364 4300 1537 4355 factus
1578 4309 1661 4354 est
1699 4300 1786 4352 ille

219 4389 391 4444 unius
419 4388 548 4444 olim
588 4388 823 4444 civitatis
865 4388 1168 4459 episcopus,
1217 4390 1532 4444 innocenter
1569 4389 1785 4458 quidem

216 4476 502 4545 expulsus,
557 4478 850 4532 multarum
895 4478 1173 4533 civitatum
1223 4479 1416 4546 prazsul
1447 4479 1782 4548 magniﬁcus.

216 4564 364 4623 Nam
407 4569 729 4636 potestatem
774 4569 824 4623 ei
866 4577 920 4623 et
949 4568 1119 4623 vicem
1171 4584 1323 4622 suam
1368 4569 1599 4623 domnus
1650 4585 1788 4638 papa

1884 3404 2064 3456 thildte
2084 3404 2334 3471 exposuit
2359 3404 2804 3467 luculentissimc,
2830 3405 3060 3456 breviter
3080 3405 3317 3473 quidem,
3347 3406 3441 3459 sed

1883 3491 2086 3544 utiliter
2116 3507 2285 3559 usque
2307 3491 2455 3544 illum
2485 3493 2536 3544 in
2575 3492 2776 3550 locum,
2804 3493 2891 3544 ubi
2919 3493 2994 3545 ait
3023 3511 3034 3545 :
3067 3493 3438 3546 ch'diximus

1883 3583 2022 3634 vobis
2053 3583 2107 3634 in
2133 3582 2336 3636 nomine
2360 3582 2570 3635 Domini
2594 3578 2745 3650 (Psal
2795 3580 3037 3653 cxxvtu).
3073 3581 3149 3636 lbi
3172 3583 3440 3652 siquidem

1883 3672 2048 3726 vitam
2097 3682 2150 3725 et
2199 3672 2587 3740 expositionem
2633 3671 2833 3738 ﬁnivit,
2877 3673 3142 3742 nobisque
3187 3675 3442 3730 omnibus

1887 3761 2018 3814 alter
2044 3761 2347 3830 patriarcha
2380 3759 2546 3815 Jacob
2567 3760 2871 3826 benedixit;
2909 3762 3173 3831 cujus,’ut
3191 3765 3444 3818 omnibus

1887 3861 2070 3908 notum
2103 3860 2202 3917 est,
2231 3853 2540 3906 universam
2564 3850 2617 3903 in
2652 3849 2860 3906 italiam
2886 3852 3186 3907 benedictio
3216 3853 3441 3905 descen-

1843 3943 1982 3996 ‘dit.
2037 3942 2092 3996 ln
2146 3943 2322 4011 ipsum
2380 3943 2578 3998 etenim
2613 3953 2666 3998 et
2720 3960 2813 4013 per
2863 3944 3037 4009 ipsum
3092 3943 3325 3994 hmretici
3380 3958 3443 3994 ae

1887 4031 2218 4087 scliisntatici
2273 4033 2363 4087 alii
2425 4043 2827 4098 convertuntur,
2879 4032 2968 4084 alii
3019 4031 3441 4096 confunduntur,

1887 4140 2117 4194 quorum
2149 4141 2272 4178 mox
2317 4125 2502 4177 dentes
2552 4122 2969 4194 confringuntur
3013 4123 3272 4191 ipsorum,
3315 4123 3445 4177 dum

1889 4215 2057 4282 ipsius
2088 4213 2296 4266 Domini
2325 4212 2500 4265 verbis
2525 4211 2881 4281 respondetur
2909 4212 2988 4266 eis
3025 4199 3035 4264 ἐ
3083 4211 3221 4265 chi
3246 4212 3442 4270 rident,

1889 4302 2062 4353 claudi
2122 4299 2414 4366 ambulant,
2470 4299 2620 4354 surdi
2671 4302 2925 4365 audiunt,
2977 4301 3108 4351 muti
3162 4298 3444 4366 (aquantur

1890 4389 2104 4460 (Matth.
2134 4393 2232 4459 XI).
2841 4459 2845 4462 .

1961 4482 2034 4537 De
2080 4483 2401 4537 abstinentia
2453 4496 2579 4535 vero
2633 4481 2777 4535 illius
2817 4479 2946 4548 quid
2993 4479 3202 4533 (licam?
3246 4479 3445 4534 Omnes

1893 4569 2002 4624 fere
2035 4572 2183 4624 cibos
2212 4570 2399 4621 habuit
2429 4577 2685 4636 tanquam
2732 4582 2949 4631 cxosos,
2985 4569 3146 4621 etiam
3173 4569 3443 4622 delicatis-

217 4631 502 4714 commisit
533 4674 627 4726 per
650 4671 864 4712 omnem
898 4657 1350 4728 Longobardiam,
1395 4659 1484 4713 ubi
1525 4631 1787 4713 Catholici
1820 4631 1864 4687 θ
1890 4661 2093 4712 simos:
2132 4671 2252 4724 quae
2287 4631 2555 4724 praedicta-
2588 4656 2759 4724 ipsius
2794 4657 2847 4709 in
2887 4656 3107 4710 Christo
3165 4657 3270 4710 tilia
3307 4671 3446 4721 εει-νε

219 4763 340 4803 non
374 4747 714 4801 haberentur
761 4748 1021 4817 episcopi,
1076 4747 1169 4818 qui
1199 4757 1327 4803 tunc
1377 4747 1788 4805 inveniebantur

219 4844 374 4891 certe
397 4837 679 4891 rarissimi.

299 4925 642 4982 Concurrunt
671 4928 850 4998 itaque
873 4931 941 4996 ad
969 4931 1148 5001 ipsum
1169 4933 1238 4989 ab
1271 4932 1524 4990 omnibus
1546 4931 1788 4999 partibus

223 5014 618 5087 Longobardiae
647 5016 912 5090 quotquot
930 5023 1102 5075 zelum
1126 5023 1325 5077 habent
1346 5023 1466 5078 ﬁdei
1488 5021 1783 5076 catholicae.

220 5101 308 5160 lbi
335 5106 758 5160 benedictionem
798 5107 1082 5172 Catholici,
1129 5109 1522 5165 absolutionem
1565 5123 1786 5164 excom-

173 5263 183 5271 .
225 5196 514 5261 municati,
546 5197 638 5250 sed
678 5199 942 5262 conversi,
981 5200 1253 5268 accipiunt
1285 5222 1295 5257 :
1331 5204 1400 5256 ibi
1427 5204 1683 5264 chrisma,
1715 5201 1787 5254 ibi

224 5302 417 5342 sacros
468 5288 684 5343 ordines
713 5289 1032 5357 exquirunt;
1085 5291 1193 5345 illic
1241 5294 1463 5348 desolati
1515 5294 1785 5358 solatium,

227 5377 524 5432 inconsulti
574 5379 880 5445 consilium,
913 5382 1141 5436 consulti
1192 5385 1443 5452 gaudium
1488 5385 1784 5438 inveniunt.

226 5466 388 5540 Apud
419 5469 596 5538 ipsum
635 5472 894 5539 quidquid
925 5489 1152 5543 usquam
1200 5473 1350 5527 dubii”
1377 5484 1479 5540 est,
1521 5476 1786 5543 sapienter

229 5557 509 5613 diiiinitur.
566 5557 819 5626 Ejusdem
852 5577 1060 5631 semper
1090 5562 1367 5632 gravitatis
1396 5574 1450 5618 et
1479 5563 1789 5618 reverentiae

229 5647 523 5716 remritur,
589 5661 687 5699 nec
739 5651 908 5714 pretio
955 5661 1046 5705 aut
1094 5651 1343 5720 precibus
1404 5652 1783 5719 corrumpitur.

231 5736 386 5791 Multi
412 5752 555 5807 saepe
577 5735 645 5790 ad
676 5736 824 5790 illum
856 5742 1015 5795 modo
1041 5741 1267 5805 nobiles,
1299 5743 1461 5794 modo
1507 5741 1788 5816 ignobiles,

1889 4749 1989 4801 sibi
2012 4747 2321 4816 exquisivit,
2350 4763 2456 4802 non
2488 4748 2631 4807 diro,
2678 4764 2786 4800 non
2823 4746 3186 4810 manducavit,
3225 4745 3315 4799 sed
3359 4746 3446 4797 vix

1885 4838 2136 4903 gustavit.
2170 4837 2375 4890 Cuncta
2406 4837 2588 4890 saeculi
2621 4835 2985 4890 blandimenta
3011 4844 3062 4887 et
3085 4833 3329 4901 corporis
3355 4833 3448 4888 de-

1889 4931 2060 4992 licius,
2089 4928 2284 4998 quibus
2312 4928 2544 4998 gaudent
2588 4927 2852 4988 homines,
2898 4925 3008 4990 ipse
3050 4923 3151 4976 sibi
3182 4927 3449 4977 convertit

1891 5021 1945 5075 in
1982 5027 2330 5082 tormentum,
2365 5017 2726 5071 abominando
2759 5013 2987 5082 singula,
3023 5021 3278 5082 tanquam
3304 5031 3447 5082 quae-

1890 5111 2018 5164 libet
2063 5120 2288 5162 venena.
2337 5106 2498 5159 Cibos
2544 5118 2760 5172 quoque
2783 5101 3075 5169 appositos,
3112 5103 3240 5155 dum
3269 5118 3298 5153 a
3337 5102 3447 5152 eir-

1891 5197 2325 5253 cumsedcntibus
2357 5193 2620 5247 interdum
2654 5207 2867 5246 sumere
2895 5205 3191 5262 cogeretur,
3222 5189 3449 5240 malum-

1889 5296 2073 5349 tatem,
2099 5291 2191 5336 aut
2217 5290 2423 5346 votum,
2445 5280 2528 5334 vel
2553 5279 2848 5348 quamlibet
2869 5280 3204 5335 occasionem
3229 5277 3448 5330 honeste

1891 5374 2078 5437 tinxit;
2119 5379 2197 5436 ut,
2236 5379 2288 5425 et
2313 5371 2671 5426 desideratam
2712 5371 3020 5425 observaret
3049 5370 3446 5428 castimoniam,

1893 5474 1943 5516 et
1969 5462 2381 5516 mrivivantibus
2411 5477 2519 5515 non
2544 5460 2765 5512 inferret
2794 5457 3085 5512 tristitiam.
3110 5457 3327 5518 Vinum,
3346 5457 3440 5508 sic-

1895 5563 1954 5607 ut
1986 5555 2173 5608 beatus
2198 5554 2273 5606 ait
2323 5552 2702 5618 Hieronymus,
2753 5546 2864 5602 fere
2887 5556 2948 5601 ut
2992 5562 3253 5600 venenum
3292 5545 3443 5610 fugit.

1900 5644 2038 5708 Vidi,
2086 5645 2336 5711 inquam,
2381 5639 2523 5709 quod
2571 5647 2625 5691 et
2674 5639 2868 5694 tacitus
2904 5637 3102 5698 notavi,
3157 5644 3214 5688 ut
3251 5634 3303 5684 ir.
3357 5648 3445 5682 ore

1897 5751 2163 5807 sumptam
2191 5734 2504 5797 buccellam,
2538 5732 2699 5786 nollet
2738 5728 3005 5791 dentibus,
3037 5724 3176 5777 sicut
3197 5728 3277 5774 est
3297 5734 3434 5771 cotu-

305 5913 456 5982 {i8t’s
494 5915 838 5974 Edidithunc
865 5914 1058 5968 librum
1084 5915 1470 5983 apologeticum
1510 5915 1566 5965 it.
1599 5913 1858 5969 Henricus
1883 5916 2132 5968 Cauistus
2158 5920 2286 5962 tom.
2327 5907 2385 5956 Η
2417 5907 2594 5970 Ᾱιῖῐιει.
2625 5913 2766 5954 locvt-
