3944 6398
507 422 604 470 εῗξεθ

505 535 684 585 munis
722 537 999 591 hominum
1027 546 1379 606 consuetudo,
1408 552 1716 614 masticare,
1744 573 1809 608 ue
1832 558 1918 611 alit

500 620 838 677 dulcedinem
865 639 1099 696 caperet,
1131 633 1221 684 sed
1248 637 1480 690 molliter
1525 650 1723 696 tactam
1755 657 1808 699 et
1844 649 2076 705 breviter

499 714 794 780 involutam
820 723 1176 789 consumpsit.

569 802 671 857 Per
695 815 862 860 totam
897 827 1036 878 sarpe
1065 828 1306 868 mensam
1336 833 1440 870 non
1476 820 1635 884 bibit;
1665 839 1875 888 verum,
1919 827 1963 881 si
1988 844 2073 882 ar-

497 895 712 950 dentius
762 903 1090 971 quandoqn:-
1131 906 1250 960 sitis
1300 909 1564 977 incubuit,
1619 915 1765 968 circa
1819 933 2072 988 vesperas

498 984 731 1040 fortasse
792 991 1062 1046 modicum
1131 1011 1285 1065 aquze
1343 1002 1593 1068 privatim
1649 1005 1850 1076 hausit.
1936 1006 2069 1063 Nam

494 1086 542 1126 et
580 1078 630 1127 in
684 1078 795 1144 ipsa
845 1097 1004 1149 aqua,
1035 1095 1191 1150 prurit
1250 1105 1461 1142 mecum
1515 1108 1656 1160 Sll‘p.“
1708 1095 1924 1150 loculus
1965 1108 2067 1164 est,

494 1168 631 1233 gulze
686 1181 1118 1241 gastrunargiam
1178 1182 1486 1244 πιςῐὶιεκιγὶῑ,
1552 1183 1804 1252 laqueum
1867 1188 2067 1253 timuit,

493 1257 720 1326 ideoque
745 1263 957 1329 parcius
990 1265 1433 1335 deliliavit.Quod
1469 1273 1512 1324 si
1547 1261 1752 1327 natura!
1776 1278 2068 1330 necessitas

492 1363 596 1399 non
647 1363 878 1416 cogeret,
924 1355 1209 1420 insomnis,
1268 1370 1318 1411 ut
1375 1363 1588 1428 opinor,
1635 1366 1781 1417 omni
1828 1375 2066 1433 tempore

489 1455 848 1505 permaneret.
904 1445 1078 1499 Nocte
1120 1459 1227 1503 tota
1273 1463 1359 1506 aut
1406 1455 1552 1523 legit,
1584 1465 1672 1508 aut
1700 1457 1938 1525 scripsit,
1975 1468 2066 1511 aut

487 1533 691 1595 oravit;
740 1545 810 1595 et,
859 1539 900 1588 si
935 1538 1125 1594 fortius
1164 1543 1433 1597 insisteret
1469 1563 1713 1606 somnus,
1744 1559 1892 1602 stans
1936 1551 2064 1603 dor-

488 1622 688 1675 mitavit
713 1643 723 1680 :
752 1629 892 1693 quoi
923 1630 965 1680 si
991 1631 1274 1684 delicatius
1302 1635 1590 1696 interdum,
1612 1639 1662 1690 in
1688 1655 1860 1708 genua
1892 1656 2063 1708 usque.

485 1717 806 1779 provolutus
851 1720 1125 1774 dormivit.
1184 1723 1237 1775 lu
1275 1727 1412 1778 lecto
1476 1729 1694 1796 quidem
1761 1732 2059 1799 rarissime,

399 1872 401 1874 η
484 1803 585 1856 nisi
617 1821 826 1860 summa
859 1805 1086 1878 cogente
1117 1819 1440 1869 verecundia
1465 1819 1546 1870 vel
1582 1821 1931 1882 necessitate;
1963 1841 2060 1878 nec

479 1895 618 1947 idem
658 1898 805 1952 horis
840 1903 1137 1968 productis.
1173 1907 1265 1958 sed
1299 1910 1456 1976 quasi
1501 1913 1811 1965 momentis.
1857 1911 2054 1966 Paulo—
2094 1902 2133 1954 Β

423 1985 444 2012 "
480 1986 661 2040 ruinas
686 1989 798 2055 jam
836 1992 1006 2059 ipsam
1032 1995 1300 2051 devicerat
1344 2010 1592 2055 naturam
1631 2012 1682 2054 ul
1713 2021 1817 2056 non
1839 2004 1949 2070 jam
1979 2007 2058 2057 vi-

475 2076 696 2132 deretur
725 2098 941 2151 corpus,
981 2088 1074 2139 sed
1111 2093 1267 2156 quasi
1312 2094 1535 2160 spiritus
1569 2104 1730 2148 lotus.
1781 2095 1918 2150 Vere
1962 2115 2056 2164 po—

477 2169 682 2223 luimus
727 2173 778 2224 iu
824 2175 914 2227 illo
959 2175 1310 2248 Evangelium
1367 2184 1492 2247 hoc,
1546 2201 1608 2238 ae
1653 2185 1768 2255 [pro
1807 2186 1978 2258 velut]
2009 2189 2053 2241 si

475 2262 829 2327 corporaliter
871 2281 1183 2334 agnoscere,
1215 2272 1340 2340 quia
1379 2291 1478 2326 non
1517 2276 1568 2326 in
1612 2277 1722 2328 solo
1754 2295 1886 2344 pnite
1933 2279 2054 2330 ririt

475 2349 646 2412 homo,
676 2354 766 2403 sed
795 2354 846 2405 in
878 2360 1019 2408 omni
1055 2361 1204 2412 rerlvo
1231 2364 1326 2414 Dei
1354 2363 1572 2426 (.llnuli.
1601 2369 1693 2432 ιγ).
1741 2366 1896 2430 Nam,
1923 2367 2051 2420 dum

475 2453 688 2492 omnem
735 2442 838 2494 sibi
892 2442 1002 2497 fere
1035 2448 1234 2510 victum
1292 2451 1659 2516 Suhtrahcret,
1705 2457 1826 2522 plus
1871 2465 2052 2508 tamen

471 2529 1028 2588 omnibuslaboravit.
1074 2536 1270 2592 Venias
1294 2541 1360 2593 de
1385 2551 1562 2607 nncte,
1605 2554 1694 2596 aut
1730 2546 1773 2597 si
1801 2545 2050 2612 privatim

471 2621 668 2684 ptisttit,
699 2621 751 2673 in
775 2623 860 2676 die
889 2622 1016 2677 fecit
1048 2615 1364 2693 permultas.
1395 2632 1472 2685 Ad
1503 2634 1716 2686 tertiam
1745 2651 1917 2702 usque
1941 2645 2052 2690 sta-

470 2708 555 2762 bat
603 2711 1060 2780 frerpientissime.
1104 2717 1159 2771 lu
1201 2723 1589 2776 consecrandis
1637 2739 1763 2777 vero
1806 2726 2051 2783 ecclesiis

465 2803 550 2853 \‘cl
586 2804 815 2868 altat-iis,
856 2809 1012 2874 quasi
1047 2809 1240 2876 plenus
1289 2812 1504 2880 spiritu,
1545 2814 1824 2870 infremuit
1860 2826 2006 2871 totus
2036 2835 2045 2869 :

469 2891 593 2958 quia
642 2892 868 2946 ferventi
913 2911 1129 2964 semper
1172 2900 1478 2955 devotionis
1532 2919 1737 2967 amore,
1787 2906 2049 2974 quidquid

466 2991 580 3033 erat
609 2983 1040 3039 ecclesiasticum
1080 2990 1301 3056 peregit.
1335 2989 1668 3046 Mirabamnr
1691 3008 1882 3047 omnes
1921 2995 2049 3049 sub-

465 3071 675 3127 tilitatis
697 3074 814 3142 ejus
836 3076 1298 3147 inexsuperabiles
1321 3083 1484 3145 vires,
1500 3085 1627 3152 quia
1656 3086 1811 3141 nobis
1833 3089 2048 3157 penitus

465 3165 790 3234 penitusque
822 3167 1000 3230 lassis,
1032 3170 1181 3222 solus
1209 3171 1508 3235 laborabat.
1657 3231 1667 3240 ,

538 3253 603 3308 ιί
634 3266 812 3311 autem
843 3259 1132 3311 missarum
1164 3261 1230 3314 ad
1258 3263 1518 3318 solemnia
1549 3275 1769 3320 ventum
1795 3279 1896 3332 est,
1923 3286 2049 3324 con-

403 3390 408 3395 .
466 3346 646 3399 festini
681 3356 821 3401 totus
848 3349 1101 3419 lacrvmis
1129 3352 1399 3406 manabat.
1431 3352 1654 3408 Librum
1687 3358 1864 3412 ubivis
1899 3358 2046 3429 [ubi-

467 3435 708 3506 cunque]
744 3437 960 3504 reperit,
1014 3440 1195 3491 statim
1251 3443 1579 3507 perscrutari
1637 3439 2050 3514 diligentissime

467 3523 708 3590 studuit;
763 3534 820 3579 ut
849 3527 1112 3596 quidquid
1139 3529 1331 3584 diebus
1378 3541 1637 3602 tanquam
1683 3539 2048 3604 percurrendo

468 3625 734 3682 carperet,
761 3615 812 3668 id
844 3618 1095 3672 noctibus
1125 3621 1352 3688 pleniter
1389 3625 1709 3678 ruminaret.
1747 3627 1803 3678 Si
1831 3629 2050 3695 quando

468 3685 522 3756 in
548 3703 908 3772 expeditione,
935 3706 1310 3779 sicutsaepins,
1337 3719 1429 3765 aut
1459 3711 1511 3763 iu
1539 3710 1728 3766 itinere
1757 3712 1896 3779 fuit,
1924 3715 2050 3770 licet

470 3793 701 3848 multum
752 3792 1042 3864 fatigatus,
1081 3814 1188 3851 non
1243 3807 1422 3862 tamen
1468 3810 1562 3854 aut
1615 3801 1795 3855 cibum
1848 3805 2048 3861 idcirco

468 3883 671 3937 lautius
702 3887 957 3954 sumpsit,
983 3897 1076 3940 aut
1109 3888 1161 3940 in
1200 3889 1338 3943 lecto
1363 3889 1588 3957 quievit.
1643 3889 1882 3946 Summa:
1927 3896 2047 3963 ejus

466 3973 692 4036 delicire,
721 3983 813 4027 aut
843 3973 1054 4029 fructus
1095 3975 1315 4031 fuerunt
1339 3987 1432 4030 aut
1459 3979 1656 4032 herba}.
1685 3977 1913 4036 Omnem
1961 3985 2044 4037 vi-

468 4072 576 4116 tam
600 4071 650 4116 et
680 4065 1142 4118 conversationem
1176 4080 1328 4118 suam
1349 4104 1363 4129 ,
1397 4075 1660 4134 quantum
1686 4068 1876 4137 potuit,
1923 4071 2049 4124 abs-

471 4153 681 4217 condit;
739 4153 852 4207 sive
877 4153 977 4208 fuit
1019 4171 1144 4208 eum
1192 4157 1345 4209 hoste
1380 4156 1433 4208 in
1464 4171 1675 4227 campo,
1701 4159 1814 4213 sive
1861 4161 2044 4230 priva-

467 4244 564 4297 tim
604 4244 657 4296 in
706 4244 887 4307 domo,
939 4243 1138 4297 lectum
1200 4260 1360 4301 suum
1410 4247 1620 4301 modica
1674 4249 2047 4306 circumdabat

469 4333 698 4397 cortina,
730 4333 925 4402 ibique.
954 4331 1035 4404 [ut
1069 4332 1165 4403 ibi]
1188 4333 1337 4387 solus
1359 4335 1440 4389 vel
1470 4335 1686 4406 legeret,
1719 4339 1800 4392 vel
1837 4342 2046 4395 scribe-

468 4430 569 4475 ret.
628 4423 673 4474 Λ
733 4423 910 4475 media
963 4438 1175 4490 semper
1230 4433 1405 4490 nocte,
1464 4426 1721 4487 sicutait
1778 4427 2045 4499 Propheta

1481 437 1568 488 an
1607 439 1833 494 orum
1876 448 1929 498 s.
1971 423 2294 506 unuaum
2335 458 2754 516 arrexruces

3655 481 3775 534 920

1924 577 2067 627 luam
2102 570 2141 622 Α
2168 579 2216 620 et
2245 570 2297 621 in
2324 575 2575 635 cameris,
2605 576 2744 629 inter
2780 595 3007 648 quzeque
3062 587 3326 654 colloquia
3378 592 3458 643 vel
3500 593 3770 656 consilia,

2177 668 2270 710 aut
2303 662 2615 727 praedicavit
2661 675 2752 717 aut
2800 669 3051 735 quaslibet
3105 673 3242 727 bona
3289 679 3448 732 verba
3504 684 3768 748 protulit.

2175 747 2327 810 Quod
2354 765 2512 802 suum
2547 752 2771 808 fideliter
2796 759 2965 811 secuti
2993 769 3120 814 sunt
3147 766 3467 832 consilium,
3491 771 3638 826 sicut
3675 773 3773 827 eis

2175 839 2451 904 praedixit,
2479 841 2557 892 sic
2593 852 2645 894 et
2678 845 2874 913 saepius
2911 847 3017 902 illis
3054 853 3251 906 evenit.
3290 852 3343 906 Si
3397 872 3503 910 non
3560 874 3771 915 ouuies

2175 941 2398 993 prorsus
2426 933 2708 996 convertit,
2750 935 3014 990 fideliores
3059 949 3235 994 tamen
3289 944 3470 1011 plures
3524 945 3638 999 Deo
3689 963 3768 1001 ac

2173 1015 2405 1070 dominm
2435 1019 2674 1086 ipsorum
2709 1027 3021 1079 reservavit.
3072 1026 3272 1084 Omnes
3317 1048 3442 1084 vero
3485 1049 3515 1086 a
3562 1035 3768 1089 multis

2174 1122 2313 1174 sa‘ps-
2367 1110 2659 1165 sceleribus
2708 1117 2968 1178 coercuit,
3027 1128 3213 1172 contra
3268 1122 3550 1178 luerclicos
3603 1135 3767 1180 stare

2173 1194 2316 1258 fecit,
2347 1207 2541 1266 prmter
2566 1201 2704 1255 ﬁlios
2728 1207 3072 1259 tenebrarum
3103 1225 3421 1279 perpaucos.

2242 1305 2541 1378 Religiosos
2570 1328 2759 1396 omnes
2791 1319 3150 1372 venerabatur
3177 1330 3234 1374 ut
3259 1321 3464 1388 Patres,
3492 1325 3763 1394 increpa-

2171 1395 2241 1445 \it
2273 1395 2680 1465 delinqui-utrs;
2710 1395 2772 1453 ret
2813 1403 3121 1458 lucri-ticum
3177 1407 3445 1462 hominem
3503 1413 3763 1469 secundo

2169 1494 2261 1537 aut
2287 1488 2443 1538 tertio
2472 1501 2800 1558 correptum,
2829 1495 2920 1546 sed
2965 1512 3071 1548 non
3104 1510 3428 1565 correctum,
3462 1503 3754 1559 devitavit.

2167 1574 2268 1628 I’er
2299 1579 2538 1646 singulas
2564 1581 2833 1638 lii-clesias
2859 1586 2911 1638 in
2947 1588 3094 1640 on'ini
3125 1605 3286 1657 supra
3337 1593 3493 1646 dicta:
3543 1598 3759 1664 saepius

2164 1666 2395 1722 dontinm
2447 1680 2585 1724 terra
2641 1675 2942 1742 regularem
2989 1679 3308 1733 clericorum
3336 1684 3418 1735 vel
3445 1689 3719 1742 monacho
3742 1717 3758 1727 -

2163 1770 2282 1807 rmn
2307 1761 2608 1835 composuit
2641 1763 2838 1826 vitam;
2877 1766 2966 1832 qui
2999 1776 3050 1818 et
3078 1769 3234 1820 malle
3261 1784 3319 1823 se
3366 1769 3543 1839 inquit
3586 1784 3648 1827 ut
3693 1793 3758 1828 in

2163 1843 2402 1898 Ecclesia
2455 1851 2636 1904 nullus
2687 1863 2830 1906 esset
2874 1857 2956 1907 vel
3008 1857 3241 1913 clericus
3283 1861 3367 1914 vel
3411 1866 3755 1928 monachus,

2160 1946 2322 1999 quam
2374 1934 2710 2005 irregularis,
2744 1949 2803 1993 ut
2829 1942 2899 1993 ita
2929 1943 3127 2008 dicam,
3178 1955 3232 1999 et
3265 1947 3623 2019 irreligiosus.
3689 1952 3756 2006 In

2158 2020 2356 2076 divinis
2384 2025 2647 2094 siquidem
2687 2031 2874 2083 ollis-iis
2919 2049 3028 2100 quo
3075 2030 3267 2089 aﬂectu
3311 2053 3485 2106 quave
3535 2043 3758 2095 contri—

2160 2111 2300 2163 tione
2328 2111 2509 2172 fuerit,
2536 2133 2640 2168 non
2670 2119 2874 2172 sullicio
2897 2119 3164 2186 deponere
3191 2122 3526 2199 [exponere].

2227 2215 2368 2269 Nihil
2420 2219 2470 2270 in
2516 2223 2745 2276 ecclesia
2793 2226 2969 2294 legere
3017 2231 3292 2296 permisit,
3324 2245 3516 2300 praeter
3550 2239 3754 2290 ortho-

2155 2308 2420 2363 doxorum
2464 2312 2684 2367 Patrum
2717 2318 3038 2386 scripturas,
3065 2323 3206 2375 sicut
3260 2339 3444 2381 sancta
3497 2332 3755 2399 priccipit

2157 2401 2471 2453 auctoritas.
2507 2401 2763 2458 Ordinem
2815 2416 2868 2460 et
2909 2411 3281 2477 concordiam,
3320 2423 3425 2468 tam
3466 2417 3520 2469 in
3573 2430 3750 2474 cantu

2154 2504 2316 2557 quam
2348 2491 2398 2542 in
2426 2493 2772 2559 lectionibus,
2809 2509 2971 2564 prout
3019 2503 3192 2554 sancti
3247 2502 3432 2558 Patres
3476 2514 3748 2571 statuere,

2153 2587 2384 2631 conatus
2415 2591 2498 2634 est
2523 2583 2833 2638 observare.
2863 2587 3184 2658 Apocrypha
3212 2595 3414 2658 omnia,
3440 2597 3582 2649 sicut
3610 2598 3752 2650 bea-

2154 2668 2396 2722 tissimus
2426 2686 2561 2740 papa
2588 2672 2698 2727 Leo
2719 2678 3023 2741 constituit,
3057 2680 3110 2732 in
3150 2679 3404 2736 Ecclesiae
3435 2701 3540 2738 non
3587 2702 3748 2742 recc.-

2152 2759 2227 2825 pit
2259 2758 2463 2825 officio;
2497 2777 2596 2830 pro
2619 2764 2849 2820 lectione
2873 2776 3051 2822 tamen
3078 2770 3330 2838 privatim
3358 2772 3413 2825 in
3439 2790 3626 2829 mensa
3654 2778 3744 2831 vel

2152 2834 2437 2901 collatione
2469 2866 2576 2903 non
2601 2855 2805 2920 respuit
2827 2858 3069 2910 omnino.
3695 2936 3698 2937 ν

2222 2953 2466 3011 Psalmos
2491 2961 2709 3026 quidem
2736 2971 2795 3014 ut
2824 2974 2980 3017 caute
3017 2981 3079 3020 ac
3130 2969 3426 3023 meditatim
3476 2984 3739 3028 cantare-

2151 3060 2273 3098 mus
2325 3051 2616 3118 prtecepit,
2674 3053 2917 3122 alioquin
2974 3071 3164 3125 aspere
3210 3060 3524 3129 increpavit.
3574 3066 3744 3121 Novit

2152 3131 2296 3188 Deus
2318 3139 2576 3204 quoniam
2598 3141 2821 3195 videbar
2849 3145 3095 3199 mihimet
3137 3151 3430 3218 aliquando
3469 3164 3740 3225 tanquam

2075 3216 2114 3270 C
2149 3225 2340 3292 plenus
2367 3228 2557 3296 spiiitu
2584 3246 2647 3284 ex
2678 3232 2848 3300 ipsius
2875 3247 3116 3303 aspectu,
3149 3249 3232 3302 et,
3265 3245 3420 3309 quasi
3464 3247 3569 3300 mei
3595 3249 3741 3301 obli-

2152 3325 2258 3378 tus,
2285 3317 2568 3371 videbatur
2587 3320 2675 3374 ille
2703 3322 2835 3375 mihi
2869 3324 3013 3376 velut
3057 3328 3297 3395 angelus.
3355 3328 3498 3385 Inter
3542 3333 3738 3392 divina

2152 3403 2405 3471 mysteria
2435 3421 2712 3476 nunquam
2739 3410 2821 3463 vel
2848 3428 2974 3466 raro
3004 3414 3243 3470 sedebat.
3291 3417 3583 3475 Missarum
3639 3439 3739 3478 so—

2151 3491 2350 3546 lemnia
2379 3509 2691 3564 nunquam,
2721 3509 2882 3568 prout
2937 3506 3218 3573 percipere
3265 3510 3561 3576 potuimus,
3613 3513 3739 3569 sine

2151 3582 2407 3652 laerymis
2432 3588 2684 3654 explevit.
2711 3590 2850 3643 Ante
2871 3594 3053 3646 omnia
3078 3611 3206 3648 vero
3237 3597 3290 3650 id
3325 3599 3486 3653 studii
3519 3617 3740 3670 semper

2153 3671 2341 3725 habmt
2375 3686 2646 3742 quatenus
2673 3680 2909 3748 primum
2951 3693 3270 3754 magistrum
3317 3704 3475 3744 suum
3534 3707 3735 3762 papam

2150 3759 2470 3832 Gregorium
2502 3765 2806 3824 imitaretur
2834 3771 2888 3825 in
2921 3775 3197 3842 omnibus,
3241 3779 3375 3833 adeo
3421 3789 3478 3834 ut
3524 3783 3737 3837 discre-

2150 3867 2278 3920 pare
2300 3855 2368 3907 ab
2405 3857 2496 3911 illo
2531 3875 2759 3927 prorsus
2805 3863 2970 3917 nollet
3017 3867 3179 3918 etiam
3223 3868 3274 3919 in
3324 3871 3527 3938 aliquo.
3581 3871 3736 3930 Illius

2151 3959 2363 4012 semper
2388 3949 2596 4002 meritis
2624 3952 2871 4005 attribuit
2901 3954 3162 4024 quidquid
3196 3958 3248 4010 in
3286 3959 3403 4027 ipso
3430 3959 3548 4014 fuit.

2222 4051 2357 4107 Dum
2386 4055 2548 4110 vitam
2578 4063 2958 4116 rememoravit
2974 4068 3327 4122 monasticam
3342 4079 3392 4122 et
3409 4071 3731 4138 solitariam,

2149 4159 2313 4214 quam
2359 4163 2416 4201 se
2468 4142 2661 4202 crebro
2723 4152 2937 4207 deflevit
2983 4156 3252 4222 amisisse,
3299 4161 3613 4215 consolatus
3671 4161 3731 4218 in

2148 4239 2337 4291 eodem
2365 4240 2628 4310 magistro
2655 4244 2888 4312 estquia
2915 4245 3174 4303 obediens
3216 4249 3316 4304 sibi
3363 4267 3536 4320 usque
3571 4255 3638 4307 ad
3674 4254 3730 4309 id

2150 4326 2325 4382 factus
2355 4338 2453 4382 est.
2507 4330 2598 4383 Ille
2620 4330 2745 4387 fons
2770 4343 2916 4399 erat;
2965 4336 3054 4391 hic
3097 4332 3255 4407 quasi
3281 4341 3428 4395 rivus
3457 4343 3632 4399 bonus
3658 4345 3730 4399 ab

2150 4419 2242 4473 illo
2271 4420 2486 4486 ﬂuebat,
2520 4430 2571 4474 et
2604 4423 2815 4477 aridam
2864 4425 3138 4495 irrigabat.
3189 4428 3278 4481 Ille
3337 4440 3517 4500 caput,
3549 4440 3726 4489 totum

469 4512 644 4582 (Psal.
668 4517 876 4581 cxvm),
905 4513 971 4566 ad
1003 4512 1234 4567 officium
1266 4518 1520 4585 surgebat
1558 4522 1906 4587 matutinale,
1941 4523 2041 4577 nisi

2163 4523 2350 4576 :orpus
2399 4510 2765 4578 gubernabat;
2825 4513 2956 4580 iste,
2998 4517 3154 4584 quasi
3204 4533 3398 4574 manus
3446 4522 3725 4591 studiosa,

401 4629 404 4631 λ
470 4620 595 4657 raro
629 4614 870 4672 parceret
891 4604 1152 4658 debilitati
1182 4605 1304 4658 lilia:
1342 4606 1444 4660 sibi
1488 4612 1810 4676 commissa,
1842 4614 2045 4667 scilicet

470 4694 718 4763 gloriosae
745 4694 975 4748 dominae
1003 4693 1296 4759 Mathildie;
1328 4712 1452 4750 nam
1477 4707 1652 4752 mater
1671 4701 1913 4766 omnium
1938 4703 2047 4754 vir-

472 4795 649 4838 tutum
673 4784 931 4838 discretio
968 4783 1225 4852 regnabat
1261 4786 1312 4838 in
1347 4786 1483 4855 ipso.
1522 4786 1566 4841 Ο
1620 4788 1827 4842 felicem
1878 4791 2046 4856 illam,

469 4875 554 4926 cui
587 4875 728 4938 talis,
757 4884 864 4927 tam
893 4874 1149 4942 providus
1171 4889 1382 4943 semper
1403 4877 1676 4932 assidebat
1701 4880 2047 4950 pmxlagOgiis,

471 4981 577 5020 non
611 4965 865 5033 tanquam
897 4963 1059 5017 homo
1109 4965 1386 5033 providus,
1414 4967 1505 5019 sed
1529 4977 1587 5020 ut
1621 4969 1830 5036 providi
1871 4972 2050 5051 consi-

471 5054 525 5106 lii
555 5053 808 5121 angelus!
840 5051 1153 5122 Nunquam,
1188 5065 1247 5108 ut
1282 5056 1536 5124 arbitror,
1562 5065 1772 5111 astante
1801 5059 1909 5124 illo,
1955 5072 2050 5115 aut

469 5143 786 5197 defraudata
809 5151 891 5196 est
912 5153 1006 5196 aut
1030 5144 1270 5213 decepta.

548 5231 678 5285 Mire
729 5233 1058 5298 mirandum,
1102 5234 1232 5287 dum
1280 5244 1447 5290 totam
1496 5239 1820 5309 quandoque
1877 5251 2044 5296 staret

472 5322 614 5374 diem
641 5337 762 5373 cum
794 5322 1143 5378 saecularibus
1170 5323 1222 5376 in
1248 5325 1491 5380 consiliis
1512 5327 1758 5395 plurimis
1779 5340 1833 5382 et
1862 5331 2042 5386 diver-

477 5413 573 5474 sis,
607 5427 712 5463 non
736 5417 820 5464 est
843 5421 1020 5465 mente
1065 5413 1422 5480 abalienatus,
1449 5415 1539 5469 sed
1561 5416 1803 5469 divinum
1831 5432 2052 5488 semper

480 5502 683 5568 aliquid
722 5503 870 5557 intus
928 5503 1168 5570 agitabat
1195 5513 1248 5557 et
1276 5494 1755 5576 contemplabatur
1780 5509 2041 5564 coelestia.

477 5591 669 5645 Milites
714 5593 908 5646 domus
934 5593 1098 5657 illius,
1131 5593 1345 5646 tametsi
1379 5595 1604 5651 nimium
1642 5599 1949 5662 saeculares,
1990 5600 2042 5653 in

477 5682 626 5736 illum
661 5692 840 5736 tamen
866 5692 1222 5749 respexerunt
1247 5699 1464 5749 omnes;
1515 5687 1634 5754 plus
1665 5689 1842 5757 ipsum
1880 5707 2042 5758 quam

480 5772 778 5825 naturalem
841 5769 1115 5825 dominam
1166 5782 1486 5828 metuentes.
1523 5773 1577 5827 In
1613 5778 2046 5843 expeditionibus

2149 4600 2294 4668 quod
2322 4599 2624 4669 injunctum
2660 4613 2763 4669 est,
2811 4608 3117 4676 peragebat.
3151 4606 3240 4663 Ille
3283 4610 3424 4664 sicut
3470 4612 3550 4664 sol
3603 4611 3728 4668 illu-

2152 4693 2377 4745 minavit
2441 4695 2662 4760 omnia;
2752 4695 2852 4750 iste
2919 4698 3065 4750 velut
3124 4698 3377 4766 splendor
3433 4702 3729 4760 declaravit

2154 4767 2388 4850 singula.
2457 4783 2549 4837 Ille
2607 4786 2849 4840 moriens
2897 4787 3114 4840 mitram
3164 4790 3356 4859 capitis
3405 4793 3488 4846 sui
3538 4802 3724 4850 trans-

2157 4874 2305 4926 misit
2337 4876 2424 4929 isti
2457 4886 2712 4944 tanquam
2738 4886 3060 4946 potestatem
3099 4895 3250 4934 suam
3285 4882 3482 4953 ligandi
3522 4892 3577 4938 et
3611 4886 3724 4940 sol-

2153 4965 2333 5030 vendi,
2361 4967 2519 5021 sedet
2541 4963 2823 5034 miracula,
2851 4969 3031 5034 credo,
3061 4967 3310 5026 faciendi.

2222 5054 2357 5108 Nam
2383 5071 2490 5109 non
2522 5057 2690 5110 multo
2713 5068 2853 5126 post,
2879 5062 3329 5128 cognoscentibus
3358 5063 3514 5117 nobis
3545 5064 3727 5121 omni-.-

2149 5148 2271 5210 bus,
2305 5161 2399 5215 per
2429 5146 2598 5215 ipsius
2621 5151 2906 5203 consilium
2930 5158 2983 5201 et
3011 5151 3167 5205 fidem
3191 5168 3440 5221 magnam
3463 5153 3723 5222 praelata

2146 5238 2392 5308 quasdam
2418 5237 2544 5292 fecit
2572 5238 2714 5292 Deus
2750 5253 2846 5307 per
2890 5241 3132 5294 eamdem
3174 5242 3388 5294 mitram
3427 5242 3719 5301 mirabilia.
3766 5235 3773 5244 ’

2146 5329 2289 5383 Inter
2315 5329 2419 5383 alia
2441 5329 2582 5381 enim
2630 5329 3116 5386 reverendissimus
3156 5330 3411 5388 dominus
3454 5331 3722 5404 Ubaldus,

2147 5420 2476 5475 Mantuanus
2507 5411 2715 5475 scilicet
2736 5421 3045 5491 episc0pus,
3070 5422 3252 5476 multis
3267 5423 3378 5492 jam
3412 5427 3574 5480 annis
3594 5443 3722 5497 gra-

2149 5512 2370 5566 vissime
2392 5513 2736 5580 spleneticus,
2763 5522 2876 5567 toto
2920 5527 3144 5582 corpore
3170 5515 3464 5581 ulceratus,
3491 5522 3724 5584 praeser-

2154 5602 2246 5655 tim
2307 5603 2360 5655 in
2419 5603 2703 5666 cruribus,
2758 5605 2837 5656 sic
2888 5611 2947 5656 ut
2993 5605 3080 5657 vix
3126 5607 3530 5674 quemodolibet
3577 5619 3724 5666 stare

2151 5700 2354 5758 posset,
2389 5693 2476 5744 vix
2510 5693 2668 5745 etiam
2700 5693 2878 5759 jacere
2901 5694 2980 5745 vel
3015 5696 3218 5758 sedere,
3247 5696 3338 5764 qui
3366 5704 3420 5750 et
3455 5700 3630 5755 multa
3667 5703 3724 5758 in

2153 5781 2392 5835 medicos
2448 5792 2760 5850 erogaverat
2809 5782 3047 5853 nihilque
3106 5785 3400 5853 profecerat
3473 5791 3726 5858 apposita
