3944 6380
232 428 334 483 ΩΙ

1108 415 1388 488 ᾸΡΡΙΞΝΒ.
1427 433 1511 487 111.
1553 464 1595 473 -
1656 431 2079 486 ΜΟΝΕΜΕΝΤΑ
2121 411 2570 485 ϐῐῖΕϐΟΒὶΑΝΑξ

3350 434 3446 472 (ωσι

3353 470 3449 488 ν-ὀ

234 543 425 596 eadem
453 551 637 604 nntra,
674 544 763 599 ubi
815 546 988 615 major
1035 547 1309 618 ingruerat
1355 537 1524 619 dolor,
1557 547 1793 617 pristina:
1822 549 1865 603 Α
1892 542 2133 596 occurrit.
2163 542 2274 595 tibi.
2318 560 2336 591 ι
2373 542 2527 606 Quod
2555 549 2613 594 ut
2641 540 2842 605 audivi,
2894 538 3018 595 max
3049 545 3260 611 expavi,
3297 555 3349 598 et
3383 548 3449 600 ah

235 629 482 684 ralditus
515 639 597 685 est
626 632 863 686 sanitati.

309 715 664 773 Beatissimae
695 720 875 788 itaque
898 722 1020 776 talis
1053 737 1118 776 ac
1141 731 1322 777 tantus
1342 723 1594 792 magister
1631 722 1796 774 mira-

231 805 362 857 cula
396 802 520 859 fecit
548 808 718 862 multa
751 811 906 864 vivus
934 819 987 864 et
1013 820 1276 865 mortuus.
1335 810 1483 865 Fecit
1532 811 1794 879 siquidem

229 902 291 944 ct
315 893 490 950 bonus
512 896 826 966 discipulus.
855 898 1124 968 Magister,
1156 901 1398 968 inquam,
1431 901 1483 952 in
1511 899 1648 962 Deo;
1707 900 1792 953 di-

229 983 482 1051 scipulus
511 986 564 1038 in
595 984 738 1052 Deo;
761 996 814 1041 et
844 989 895 1040 in
926 987 1239 1042 beatissimo
1262 989 1519 1058 magistro
1560 989 1705 1052 facit,
1736 997 1795 1042 ut

227 1073 460 1139 dicitur,
488 1077 640 1143 plura
672 1077 988 1145 discipulus.
1021 1077 1130 1132 Nec
1150 1084 1162 1096 '
1183 1081 1401 1134 mirum.
1453 1078 1614 1132 Plura
1648 1079 1794 1131 enim

229 1161 435 1216 Petrus
474 1163 615 1229 fecit,
640 1181 802 1234 quam
829 1166 1110 1234 Christus;
1167 1184 1274 1222 non
1305 1169 1551 1237 equidem
1580 1168 1793 1237 prepria

229 1251 459 1316 virtute,
494 1253 585 1306 sed
617 1255 742 1322 quia
771 1256 1042 1325 abnegans
1068 1258 1414 1326 semetipsum
1454 1266 1670 1312 secutus
1712 1265 1795 1309 est

226 1338 540 1406 Christum,
558 1342 697 1396 sicut
718 1352 772 1397 et
798 1344 885 1398 hic
905 1344 1059 1399 Pater
1086 1354 1267 1400 noster
1291 1348 1607 1400 venerabilis
1626 1344 1794 1414 milia

229 1428 393 1494 pium
433 1429 672 1486 imitatus
701 1442 784 1494 est
811 1434 866 1486 in
910 1429 1163 1487 Omnibus
1211 1435 1547 1503 magistrum,
1599 1435 1795 1488 multas

228 1527 496 1583 operatur
523 1520 768 1574 virtutes.
805 1521 956 1575 Multi
1001 1523 1145 1576 enim
1191 1531 1316 1576 sunt
1357 1537 1588 1591 quorum
1627 1523 1793 1574 vitam

227 1608 490 1666 novimus
516 1611 943 1677 sanctissimam;
1006 1613 1098 1680 qui
1124 1621 1176 1666 et
1201 1613 1438 1682 requiem
1481 1628 1606 1666 vere
1651 1611 1793 1665 obti-

229 1705 373 1749 nent
402 1694 804 1768 sempiternam,
831 1703 923 1756 sed
964 1703 1347 1756 miraculorum
1389 1718 1493 1757 non
1548 1702 1795 1756 ostende-

225 1795 368 1840 runt
398 1788 670 1844 virtutem.
709 1790 806 1846 llic
832 1801 1010 1846 autem
1049 1808 1156 1846 non
1209 1802 1413 1846 tantum
1461 1793 1584 1862 quia
1627 1791 1792 1844 vitam

1893 634 2042 688 omni
2090 633 2341 701 deinceps
2399 647 2561 701 prava
2613 632 2968 701 cogitatione,
3012 635 3308 701 prsesertim
3361 638 3450 690 illo

1892 732 2171 794 prasente,
2207 724 2486 779 studebam
2523 739 2610 778 me
2659 739 2928 778 coercere.
2983 724 3125 778 Inter
3157 726 3448 782 missarum

1891 819 2107 888 quidem
2144 826 2359 872 sanctas
2403 818 2813 882 celebrationes,
2857 818 2984 872 talia
3038 819 3268 872 maxime
3315 835 3450 873 eon-

1892 909 2065 962 suevit
2102 908 2313 973 videre;
2363 907 2457 976 qui
2481 907 2642 960 etiam
2672 907 2724 960 id
2761 923 2972 975 semper
2997 909 3156 961 studii
3185 909 3369 962 habuit
3392 919 3452 963 ut

1890 1000 2128 1069 quotidie
2157 999 2351 1053 missas
2374 999 2685 1053 celebraret.
2733 998 2820 1062 At,
2877 998 2922 1052 si
2974 999 3060 1052 die
3109 1001 3286 1068 aliqua
3342 1016 3450 1054 non

1893 1091 2198 1156 celebravit,
2220 1092 2364 1159 quod
2395 1091 2672 1144 rarissime
2704 1098 2878 1142 tatnen
2915 1090 3099 1158 aliquo
3129 1091 3322 1144 accidit
3346 1091 3450 1144 im-

1891 1183 2215 1252 pedimento,
2246 1191 2354 1236 tota
2379 1183 2465 1236 die
2487 1183 2576 1234 illa
2608 1181 2814 1235 tristior
2847 1189 3041 1233 eratet
3077 1182 3228 1250 quasi
3274 1184 3452 1250 gravis

1889 1275 2242 1342 pernimium;
2288 1274 2427 1326 sicut
2453 1280 2506 1325 et
2527 1273 2673 1325 illam
2699 1287 2914 1340 quoque
2936 1281 3164 1335 noctem,
3192 1272 3317 1324 dum
3364 1273 3450 1324 ni—

1892 1367 2016 1420 miis
2045 1381 2111 1420 ex
2139 1365 2334 1435 vigiliis
2355 1373 2573 1418 coactus
2602 1364 2858 1416 dormivit
2881 1363 3296 1431 aliquantulum,
3325 1379 3450 1433 gra-

1891 1473 2011 1511 vem
2035 1467 2088 1511 et
2113 1458 2403 1526 inquietam
2429 1455 2745 1524 deploravit.

1966 1546 2070 1600 V'll.
2099 1547 2470 1600 Revelationes
2492 1561 2706 1615 quoque
2732 1546 2890 1612 digne
2920 1546 3298 1603 memorandas
3325 1546 3455 1600 vidit

1894 1637 2219 1705 saepissime;
2249 1652 2480 1703 quarum
2515 1636 2724 1704 aliquas
2749 1635 2878 1686 libet
2917 1634 3147 1686 breviter
3196 1635 3455 1701 perstrin-

1895 1745 2034 1800 gere.
2084 1728 2326 1792 Quodam
2377 1728 2520 1780 enim
2580 1736 2862 1794 tempore,
2922 1726 3048 1778 dum
3106 1725 3159 1776 in
3227 1726 3454 1778 ecclesia

1897 1820 1952 1872 S.
1982 1819 2132 1872 Pauli
2157 1819 2207 1870 in
2232 1817 2504 1871 territorio
2549 1816 2862 1878 Mantuano,
2897 1816 3049 1883 juxta
3100 1816 3452 1883 episcopium,

225 1875 368 1976 93°"
387 1879 711 1976 religiosam
740 1881 850 1935 imo
882 1885 1006 1976 quia
1045 1885 1251 1938 ﬁdelem
1301 1885 1502 1952 Ρθνθῧίί
1544 1883 1792 1936 "home"-
1825 1869 1866 1921 Β
1892 1918 2234 1964 consecraret
2259 1908 2525 1976 quoddam
2553 1907 2720 1959 altare
2759 1908 2823 1958 ad
2857 1907 3116 1958 honorem
3155 1905 3210 1958 S.
3256 1905 3453 1970 Mariae,

222 1967 648 2041 tiam,perfecto
669 1986 883 2039 quoque
903 1973 1025 2025 odio
1047 1982 1252 2042 partem
1277 1974 1464 2027 odiens
1483 1989 1795 2027 excommu-

224 2057 539 2111 nicatorum
587 2068 641 2112 et
694 2061 954 2114 unitatem
1007 2063 1237 2132 diligens
1288 2072 1448 2132 atque
1497 2063 1791 2118 defendens

220 2145 673 2214 Catholicorum,
716 2151 992 2205 miraculis
1039 2153 1298 2221 approbat
1343 2155 1487 2223 quod
1544 2170 1792 2208 sermone

219 2235 478 2291 docebat.
507 2237 706 2294 Omnes
729 2255 858 2310 ergo
886 2242 975 2310 qui
1009 2242 1060 2294 in
1097 2243 1301 2296 unitate
1333 2245 1597 2298 catholica
1652 2257 1790 2314 prze-

220 2327 402 2397 ceptis
425 2329 607 2383 domui
629 2346 778 2400 papa:
802 2331 1040 2402 Gregorii
1071 2333 1329 2386 hactenus
1357 2335 1634 2397 obedistis,
1662 2351 1792 2402 gau-

218 2420 355 2474 dete
375 2429 426 2474 et
459 2422 750 2486 exsultate,
778 2431 940 2490 atque
961 2423 1193 2492 his,vqui
1224 2431 1514 2476 retrorsum
1543 2425 1792 2477 abierunt

218 2519 281 2563 et
314 2511 539 2582 vestigia
587 2513 825 2566 veritatis
863 2513 1283 2581 dereliquerunt,
1334 2522 1393 2567 ut
1433 2514 1586 2568 factis
1631 2517 1790 2569 modo

217 2601 452 2654 credant
471 2602 652 2667 dicite,
673 2602 816 2670 quod
847 2604 1024 2656 verbis
1053 2604 1180 2655 olim
1201 2604 1437 2658 noluere.

298 2690 347 2743 1.·
377 2691 621 2746 Vidimus
649 2702 939 2761 praesentes
969 2695 1023 2747 in
1057 2696 1166 2748 vita
1194 2695 1366 2763 ipsius
1395 2696 1786 2750 subdiaconum

217 2782 369 2850 ejus,
393 2783 612 2836 nomine
633 2782 946 2848 Tentonem,
971 2785 1061 2853 qui
1091 2786 1332 2840 infirmos
1366 2801 1576 2855 semper
1625 2787 1791 2841 habeo

220 2873 320 2925 bat
358 2873 575 2938 oculos;
632 2873 747 2942 qui,
771 2875 871 2928 etsi
905 2884 1097 2942 praeter
1131 2877 1345 2929 solitum
1384 2878 1515 2946 quid
1553 2877 1789 2947 vigilavit

220 2962 520 3028 interdum,
543 2972 636 3016 aut
669 2965 800 3018 bibit
835 2964 972 3018 forte
1013 2966 1218 3030 vinum,
1263 2969 1354 3020 diu
1410 2969 1662 3035 postridie
1700 2969 1785 3021 vix

219 3053 525 3122 quidquam
551 3054 723 3121 potuit
745 3054 941 3118 videre,
960 3055 1131 3124 legere
1147 3071 1271 3109 vero
1296 3072 1518 3124 prorsus
1541 3059 1785 3126 aliquan—

1895 2003 2024 2054 vidit
2047 2002 2216 2070 ipsam
2249 1999 2522 2067 corporeis
2547 1997 2718 2051 oculis
2770 1996 2824 2048 in
2883 1996 3068 2048 eodem
3119 1997 3270 2049 altari
3319 1997 3458 2048 inter

1891 2097 2006 2165 ipsa
2021 2083 2287 2149 solemnia
2312 2090 2757 2146 consecrationis.

1963 2184 2096 2237 V'lll.
2127 2183 2246 2235 Alio
2273 2196 2488 2250 quoque
2521 2190 2762 2250 tempore
2805 2178 2858 2230 in
2890 2175 3271 2228 Purificationc
3311 2190 3459 2236 c;us-

1891 2279 2011 2331 dem
2045 2275 2292 2345 gloriosae
2322 2271 2556 2341 Virginis
2592 2268 2791 2333 Marize,
2818 2269 2945 2321 dum
2972 2266 3175 2320 tardior
3205 2265 3269 2317 ad
3291 2265 3459 2317 cccle-

1890 2368 2024 2420 siam
2055 2367 2279 2432 veniret.
2307 2362 2650 2418 cantantibus
2667 2362 2780 2428 jam
2806 2357 3018 2412 clericis
3061 2355 3453 2418 invitatoriam,

1891 2455 1980 2506 ubi
2007 2455 2098 2515 ait,
2123 2453 2404 2504 occurrens
2424 2452 2529 2503 Deo
2553 2466 2646 2502 tuo
2666 2489 2680 2512 ,
2710 2448 2838 2500 vidit
2872 2445 3094 2498 intranti
3150 2445 3254 2498 sibi
3301 2444 3461 2498 Clu'iv.

1889 2553 2028 2598 stum
2057 2543 2239 2595 venire
2264 2541 2317 2593 in
2362 2554 2670 2604 occursum.

1958 2632 2048 2686 1x.
2074 2633 2250 2686 Altera
2276 2645 2404 2684 vero
2425 2630 2540 2684 vice
2565 2629 2818 2697 quadam,
2846 2626 2974 2680 dum
2999 2624 3053 2677 in
3086 2639 3279 2693 magna
3306 2638 3458 2676 com-

1889 2725 2179 2795 punctione
2207 2722 2386 2777 cordis
2420 2730 2476 2775 et
2533 2721 2893 2789 lacrymarum
2947 2717 3262 2770 decantaret
3313 2715 3458 2782 psal-

1889 2832 2037 2870 mum
2065 2830 2255 2878 LXXXI,
2281 2822 2486 2882 utpote,
2522 2811 2752 2873 Incliun,
2789 2809 3006 2860 Domine
3027 2849 3042 2870 ,
3065 2822 3250 2873 _aurem
3291 2815 3458 2869 tuam,

1888 2907 2056 2959 sensit
2083 2904 2366 2955 Dominum
2391 2902 2456 2953 ad
2480 2916 2537 2954 se
2562 2900 2968 2959 inclinatum,et
2993 2905 3251 2963 tanquam
3273 2909 3460 2946 aurem

1886 2995 2137 3048 adhibere
2160 2993 2224 3045 ad
2251 2990 2687 3045 auscultandum.
2723 2987 2886 3039 Multa
2911 2986 3108 3054 quippe
3129 2993 3182 3036 et
3207 2983 3310 3035 alia
3335 2983 3462 3035 fecit

1886 3093 2045 3152 atque
2075 3083 2225 3145 vidit,
2257 3082 2455 3150 quibus
2486 3080 2804 3134 festinantes
2835 3077 2995 3129 modo
3023 3074 3455 3141 supersedemus.

220 3143 460 3199 diunon
500 3145 688 3213 potuit.
743 3147 952 3215 Aquam
1006 3147 1204 3215 itaque,
1259 3163 1364 3216 qua
1418 3163 1610 3201 manus
1656 3165 1782 3201 snas

1957 3172 2258 3236 Postremo,
2287 3187 2452 3240 quam
2496 3170 2704 3224 felicem
2733 3167 2920 3221 fecerit
2947 3165 3129 3228 finem,
3160 3163 3312 3215 multi
3341 3163 3457 3229 cpi-

221 3235 460 3290 domnus
492 3237 774 3306 epiSeopus
809 3246 930 3306 post
953 3241 1274 3292 sacrificium
1322 3240 1509 3303 abluit,
1558 3241 1781 3309 accepit,

223 3326 416 3379 oculos
443 3327 572 3379 lavit
599 3335 650 3379 et
702 3343 862 3381 sanos
906 3329 1160 3396 abinceps
1191 3329 1397 3382 habuit.
1443 3329 1674 3398 Vigilare
1720 3346 1786 3384 ac

222 3415 404 3484 legere
428 3431 534 3469 non
572 3417 750 3472 minus
782 3418 937 3473 nobis
973 3419 1092 3473 aliis
1123 3421 1311 3488 potuit.

295 3501 360 3555 ll.
389 3502 645 3558 Similiter
664 3513 716 3558 et
738 3508 1013 3576 presbyter
1027 3509 1144 3576 ejus
1165 3509 1340 3574 Wido,
1363 3510 1535 3564 febres
1557 3499 1782 3578 patiens,

222 3610 424 3664 aquam
471 3597 762 3650 abletionis
816 3614 1073 3650 manuum
1114 3600 1232 3666 ejus
1273 3601 1496 3668 accepit,
1548 3600 1681 3652 bibit
1735 3607 1786 3650 et

221 3681 420 3742 evasit.
1004 3737 1008 3741 .

297 3773 542 3846 Illaltem
574 3773 810 3829 Joannes
833 3776 1097 3833 diaconus
1130 3795 1281 3842 suus,
1312 3780 1438 3833 dum
1484 3780 1624 3849 apud
1676 3778 1786 3833 Ille-

221 3862 503 3916 diolanum
528 3863 908 3930 infirmaretur,
933 3864 1204 3921 festinavit
1238 3869 1338 3922 sibi
1379 3871 1653 3933 mandare,
1685 3871 1787 3924 hoc

220 3952 432 4005 addens
465 3951 520 4003 in
553 3952 812 4035 legatione
845 3955 987 4022 quod
1032 3972 1156 4009 mox
1211 3959 1391 4012 audita
1442 3960 1612 4028 ipsius
1665 3976 1786 4028 pas-

219 4042 403 4106 sione,
427 4044 584 4096 vellet
613 4044 667 4097 in
693 4060 750 4098 se
781 4045 1033 4118 virtutem
1074 4049 1462 4104 benedictionis
1507 4067 1618 4103 sure
1663 4065 1785 4103 sen-

219 4131 357 4194 tire;
383 4129 690 4201 factumque
718 4143 818 4197 est,
847 4143 905 4187 ut
938 4136 1182 4202 credidit,
1208 4140 1387 4192 statim
1417 4140 1559 4193 enim
1588 4141 1782 4206 sensit;

218 4221 497 4288 pauloque
527 4231 649 4289 post
670 4223 895 4289 pleniter
916 4227 1104 4291 evasit,
1131 4244 1291 4296 quem
1317 4237 1370 4282 ct
1410 4225 1784 4301 presbyterum

218 4317 412 4380 postea
437 4310 576 4364 idem
597 4313 849 4369 dominus
873 4316 1158 4386 cpiscopus
1187 4321 1471 4374 ordinavit.

297 4399 386 4453 IV.
417 4401 589 4470 Supra
611 4403 808 4458 dictam
838 4421 1055 4476 quoque
1088 4409 1188 4461 sibi
1220 4411 1563 4462 commissam
1601 4411 1782 4475 filiam,

218 4491 434 4548 scilicet
469 4493 859 4548 nobilissimam
895 4494 1167 4549 dominam
1201 4497 1536 4562 Matbildam,
1561 4500 1786 4555 diversis
1818 4500 1861 4552 D

218 4597 369 4650 saepe
397 4584 464 4635 ab
495 4582 895 4636 infirmitatibus
924 4587 1133 4638 sanavit
1163 4588 1275 4640 sola
1306 4589 1693 4655 benedictione,
1712 4600 1784 4656 et,

218 4679 284 4724 ut
311 4670 423 4737 ipsa
458 4671 615 4728 nobis
644 4683 1000 4729 consueverat
1024 4676 1242 4743 referre,
1257 4680 1506 4733 virtutem
1536 4680 1788 4748 frequen-

216 4771 312 4814 ter
333 4760 400 4813 ab
430 4759 522 4814 illo
551 4762 719 4816 sensit
751 4764 916 4839 exire,
942 4765 1014 4819 ita
1046 4769 1196 4822 ut‘ad
1228 4778 1426 4821 tactum
1457 4769 1598 4821 illius
1633 4768 1782 4837 fuge-

217 4857 315 4904 ret
342 4851 520 4905 omnis
549 4859 678 4908 tunc
701 4852 1016 4910 incumbens
1050 4858 1288 4910 morbus.
1540 4905 1546 4912 .

300 4937 363 4992 ν.
389 4938 760 5010 Cogitationes
789 4919 1070 4998 honiinum
1097 4943 1370 4997 evidenter
1417 4945 1667 5015 cognovit
1707 4946 1788 4998 in-

218 5032 458 5097 terdum,
474 5033 712 5102 ipsisque
734 5034 1121 5105 cogitantibus:
1152 5055 1168 5084 ι
1183 5034 1272 5090 Sic
1293 5045 1346 5090 et
1365 5037 1462 5102 sic,
1487 5038 1680 5106 inquit,
1700 5038 1789 5091 tali

215 5120 380 5187 liora,
410 5125 614 5193 talique
639 5124 693 5178 in
723 5124 842 5179 loco
867 5125 1160 5195 cogitastis.
1200 5144 1218 5175 ι

302 5228 384 5284 Vl.
420 5229 600 5285 Testis
625 5232 757 5285 mihi
784 5232 923 5288 Deus
946 5242 1027 5288 est
1055 5232 1197 5302 quod
1227 5247 1334 5286 non
1374 5236 1784 5304 mentior,quia,

217 5321 352 5376 dum
387 5320 702 5376 scmelcum
730 5322 822 5374 illo
868 5325 933 5376 de
975 5325 1108 5379 meis
1165 5325 1416 5393 peccatis,
1465 5325 1604 5378 sicut
1651 5340 1790 5392 s:rpe

219 5414 418 5468 solitus
471 5428 646 5478 eram,
701 5411 1020 5478 conferrem,
1069 5415 1357 5484 quamdam
1416 5416 1784 5478 tentationem,

219 5525 328 5580 qua
356 5520 488 5564 tunc
515 5509 812 5590 ferventius
847 5526 933 5567 me
963 5515 1186 5581 spiritus
1228 5529 1459 5584 nequam
1493 5515 1789 5568 conabatur

220 5602 570 5671 impugnare,
598 5602 881 5657 confessus
901 5605 1033 5668 dixi;
1058 5615 1112 5659 et
1133 5607 1276 5674 ipse:
1300 5627 1316 5656 ι
1351 5606 1572 5669 Verum,
1592 5607 1786 5675 inquit,

217 5691 378 5762 dicis,
406 5691 540 5761 quia
571 5691 625 5744 in
661 5691 777 5760 ipso
797 5693 956 5747 etiam
988 5697 1286 5752 ministerio
1308 5698 1491 5752 altaris
1523 5698 1790 5752 interdum

1885 3262 2054 3331 scopi,
2088 3271 2140 3315 et
2163 3263 2344 3319 clerici
2378 3261 2775 3326 nobilioresun
2816 3256 2935 3309 laici
2982 3261 3274 3322 praesentes
3307 3253 3456 3304 vide-

1885 3362 2029 3406 runt.
2069 3353 2470 3404 Testamentum
2511 3365 2617 3401 non
2670 3348 2816 3408 fecit,
2868 3345 3015 3413 quia,
3047 3343 3189 3394 unde
3227 3341 3455 3403 faceret,

1886 3460 1989 3497 non
2017 3442 2220 3501 habuit,
2246 3440 2483 3492 imitatus
2507 3437 2666 3492 etiam
2695 3437 2747 3488 in
2783 3437 2886 3487 hoc
2912 3432 3260 3502 magistrum,
3295 3445 3455 3498 quem

1883 3546 2171 3600 pauperem
2213 3539 2268 3582 et
2315 3529 2369 3582 in
2424 3529 2620 3582 exsilio
2673 3527 2924 3579 novimus
2966 3523 3301 3577 defunctum.
3354 3519 3458 3584 Qui

1883 3622 2042 3673 etiam
2074 3621 2127 3674 in
2171 3621 2428 3674 extremis
2456 3620 2592 3682 suis,
2639 3619 2779 3672 sicut
2822 3617 2890 3684 ab
2945 3613 3115 3682 ipsius
3169 3610 3458 3679 capellanis

1885 3717 2190 3779 didicimus,
2223 3716 2496 3784 religionis
2519 3709 2833 3784 [teligiosis]
2868 3709 2997 3759 Post
3029 3705 3225 3764 omnia,
3260 3701 3454 3768 inquit,
3519 3746 3522 3751 .

1885 3807 2334 3875 dilcxijustiliam
2368 3815 2417 3858 et
2467 3805 2586 3856 odio
2637 3802 2795 3853 Imbui
2860 3798 3209 3866 iniquitatem,
3259 3792 3455 3844 ideirco

1886 3899 2083 3948 morior
2110 3898 2163 3946 in
2192 3894 2402 3946 exsilio.
2433 3892 2715 3960 Equidem,
2745 3889 2890 3958 quod
2933 3889 2985 3938 in
3015 3887 3121 3938 vita
3153 3900 3247 3938 sua
3282 3883 3452 3951 magi-

1885 3998 1996 4042 ster
2021 4003 2084 4040 ac
2110 3988 2408 4054 discipulus
2436 3987 2772 4048 docuerunt,
2802 3984 2908 4035 hoc
2950 3991 3003 4035 et
3031 3982 3090 4033 ‘in
3121 3996 3266 4032 more
3295 3977 3450 4044 quasi

1883 4086 2205 4130 testamento
2238 4077 2720 4130 confirmaverunt.
2788 4073 2911 4136 Ille,
2957 4088 3095 4140 quos
3141 4068 3452 4121 obedientes

1887 4171 1986 4224 sibi
2011 4171 2194 4224 vivens
2217 4170 2392 4223 adhuc
2417 4170 2707 4230 benedixit,
2727 4167 2964 4220 moriens
2989 4179 3200 4232 quoque
3226 4160 3453 4213 Dotnino

1884 4266 2133 4333 precibus
2162 4264 2588 4326 connuendavit;
2651 4258 3028 4312 lleinricianos
3062 4274 3189 4310 vero
3237 4257 3452 4325 penitus

1885 4357 2226 4424 penitusque,
2257 4354 2360 4407 nisi
2406 4360 2527 4420 post
2574 4366 2823 4418 magnam
2875 4349 3092 4402 demum
3145 4349 3453 4411 com‘ersio-

1887 4462 2007 4500 nem
2041 4456 2094 4497 et
2143 4443 2533 4512 pomitentiam,
2580 4441 2911 4510 reprobavit.
2961 4440 3059 4495 llic
3097 4440 3452 4509 puesentibus

1889 4537 2044 4590 nobis
2081 4536 2132 4586 in
2182 4533 2344 4585 verbo
2391 4531 2606 4585 Domini
2659 4533 2911 4601 praecepit
2949 4541 3006 4584 ut
3043 4532 3092 4583 in
3131 4531 3230 4584 fide
3260 4545 3321 4581 ac
3357 4529 3453 4579 do-

1887 4628 2058 4682 ctrina
2083 4624 2376 4677 beatissimi
2403 4641 2553 4694 papre
2582 4624 2823 4694 Gregorii
2849 4638 3276 4691 permaneamus.
3296 4619 3450 4684 Quod

1884 4726 1938 4770 et
1973 4731 2094 4768 eum
2123 4716 2497 4770 benedictione
2520 4716 2674 4770 nobis
2700 4714 2889 4767 indidit
2917 4721 2970 4765 et
2995 4713 3046 4764 in
3078 4700 3452 4766 remissionem

1885 4815 2226 4874 peccatorum
2265 4817 2577 4860 nostrorum
2602 4805 3012 4857 connncmlavit.

1958 4900 2024 4952 Χ.
2067 4901 2249 4954 Adfuit
2273 4901 2398 4953 huic
2427 4897 2784 4952 benedictioni
2807 4899 3050 4965 qmedam
3089 4903 3330 4949 matrona
3358 4913 3456 4952 no—

1890 4991 2034 5044 mine
2063 4991 2238 5052 Binta,
2268 4990 2462 5042 nobilis
2501 5003 2714 5056 genere,
2765 4989 2992 5040 nobilior
3036 4987 3229 5039 inclitis
3256 4988 3453 5054 indole,

1892 5080 2163 5145 animique
2217 5077 2518 5140 devotione,
2554 5095 2691 5132 uxor
2735 5077 3022 5140 clarissimi
3068 5078 3279 5130 comitis
3323 5077 3457 5130 Ber—

1895 5167 2064 5227 nardi,
2113 5181 2232 5232 qua:
2270 5166 2540 5220 insolitam
2591 5169 2644 5220 in
2675 5168 2846 5233 capite.
2887 5166 3187 5233 patiebatur
3227 5166 3455 5219 infirmi-

1893 5265 2076 5308 tatem.
2104 5255 2237 5309 Nam
2265 5266 2409 5311 tanta
2435 5259 2487 5310 in
2518 5258 2712 5309 vertice
2739 5255 2929 5323 capitis
2953 5255 3275 5326 fatigabatur
3305 5254 3459 5319 frigi-

1893 5347 2077 5410 dltate,
2106 5356 2164 5400 ut
2187 5348 2340 5416 quasi
2375 5347 2594 5415 glaciem
2641 5349 3034 5415 superpositam
3079 5347 3342 5400 :rstimare
3369 5349 3453 5401 in-

1895 5436 2101 5488 terdum
2137 5445 2350 5504 posset;
2402 5450 2564 5502 quam
2593 5435 2866 5490 calefactis
2893 5439 2956 5489 ad
3004 5437 3180 5503 ignem
3229 5436 3456 5501 pellibus

1894 5535 1985 5578 aut
2022 5525 2391 5594 pulvinaribus
2437 5540 2576 5593 szepe
2617 5527 2911 5578 conabatur
2947 5522 3246 5590 depellere;
3284 5524 3372 5575 sed
3403 5536 3457 5577 et

1897 5617 2119 5668 medicis
2156 5613 2441 5681 exquisitis
2491 5616 2756 5683 plurimis,
2812 5615 3009 5666 nullam
3052 5621 3337 5665 consecuta
3374 5623 3456 5664 est

1901 5706 2203 5758 Sanitatem.
2251 5703 2402 5767 Quod
2449 5706 2492 5758 si
2537 5705 2704 5772 frigus
2747 5719 2862 5755 eam
2915 5709 3214 5754 antvcutus
3259 5701 3454 5755 ibidem
