3944 6422
1620 50 1709 66 III-r-
1790 48 1851 65 ιιι-
1868 48 1891 63 ι.

539 500 643 553 9'23

541 719 645 756 non
670 712 921 773 cooperto
947 703 1226 770 diligenter
1261 702 1435 769 capite
1472 702 1769 755 vehementi
1801 703 2093 755 vexabatur

538 793 741 857 dolore,
769 796 835 845 nt
869 792 1023 859 quasi
1054 802 1318 844 vertentes
1364 791 1443 843 vel
1486 791 1791 845 exsilientes
1815 790 2000 844 oculus
2028 792 2094 843 ti-

540 892 729 946 meret,
765 893 817 936 et
846 892 1097 951 tanquam
1121 883 1411 936 contractis
1434 882 1553 935 colli
1608 880 1786 934 nervis
1820 890 1981 947 caput
2002 881 2095 933 Ile-

539 983 682 1026 ctcre
705 988 808 1025 non
834 982 1029 1040 posset.
1062 970 1202 1034 "me,
1234 973 1472 1039 inquam,
1498 981 1717 1025 venerat
1748 972 1836 1024 illo
1862 972 2094 1039 quadra—

538 1063 780 1131 gesimali
811 1072 1047 1130 tempore
1083 1062 1148 1115 ad
1182 1063 1450 1115 civitatem
1504 1060 1772 1114 Mantuam
1818 1062 1882 1115 ad
1927 1062 2097 1138 comi;

537 1153 726 1206 (issam
794 1151 1120 1214 Mathildam,
1185 1162 1243 1205 ut
1314 1161 1423 1204 tam
1491 1153 1809 1205 venerabilis
1858 1153 2095 1221 episcopi

537 1254 783 1299 sanctum
809 1252 861 1298 ct
880 1244 1251 1311 quotidianum
1270 1243 1478 1296 audiret
1496 1242 1746 1323 cilicium.
1774 1240 1925 1296 Unde
1950 1242 2095 1296 acci—

535 1333 610 1385 dit
638 1344 695 1386 ut
718 1335 770 1385 in
793 1334 1047 1386 extremis
1071 1333 1189 1399 ejus
1208 1333 1272 1385 ad
1302 1332 1747 1395 benedictionem,
1775 1349 1938 1400 quam
1962 1347 2127 1401 p:'te—.

535 1422 789 1487 diximus,
836 1424 994 1477 citius
1030 1422 1213 1474 multis
1257 1422 1377 1475 aliis
1419 1432 1741 1476 occurreret.
1776 1422 1925 1487 Qaue,
1969 1423 2097 1475 dum

535 1506 959 1565 benedictionem
996 1512 1063 1563 ab
1098 1512 1212 1579 ipso
1246 1511 1593 1570 deuotissima
1632 1518 1923 1579 expeteret,
1981 1526 2099 1564 ma-

535 1615 663 1653 num
693 1601 778 1653 ille
800 1601 960 1669 capiti
1006 1601 1124 1669 ejus
1156 1600 1431 1669 imposuit,
1460 1609 1511 1653 ct
1536 1601 1761 1668 expulso
1792 1615 1917 1654 mox
1952 1600 2101 1653 insa-

536 1692 699 1744 nabili
734 1691 949 1762 frigore,
983 1708 1216 1746 canerem
1254 1691 1341 1745 illa
1366 1690 1780 1744 saluberrinnnn
1810 1691 2026 1761 recepit,
2051 1706 2108 1757 et

532 1792 765 1835 exeunte
788 1783 983 1836 sudore
1000 1792 1159 1850 atque
1175 1781 1504 1850 aliquantula
1540 1781 1689 1835 sanie
1716 1797 1811 1850 per
1833 1782 2106 1835 auriculas

533 1872 672 1939 ejus,
707 1887 876 1939 usque
918 1872 981 1925 ad
1028 1880 1247 1924 octavas
1297 1869 1517 1924 Pascha:
1554 1871 1766 1925 sublata
1814 1879 1897 1924 est
1922 1870 2102 1924 omnis

490 1994 494 2001 ι
536 1960 753 2014 occasio
808 1960 1155 2013 inﬁrmitatis.
1228 1957 1442 2023 Quanta
1490 1952 1743 2027 d’einceps
1790 1957 1943 2026 signa
1991 1956 2101 2009 cla-

537 2049 751 2102 rissima
782 2049 923 2102 Deus
961 2066 1055 2117 per
1088 2050 1260 2117 ipsum
1295 2049 1365 2101 sit
1413 2055 1685 2115 Operatus,
1719 2046 1849 2115 quid
1872 2062 1989 2100 mea
2016 2063 2100 2100 re-

535 2134 639 2191 fert
670 2138 866 2201 dicere,
890 2138 1019 2190 dum
1055 2144 1265 2190 constet
1304 2134 1660 2204 perplurimos
1695 2134 2101 2205 przcsentialiter

535 2211 718 2281 oninia
741 2227 937 2279 vidisse
954 2226 977 2278 ?

607 2316 695 2370 XI.
724 2316 949 2386 Rogavit
986 2316 1184 2384 itaque,
1216 2315 1396 2383 quoad
1432 2314 1583 2378 vixit,
1621 2321 1888 2383 quatenus
1914 2312 1970 2366 in
2006 2328 2099 2366 ca-

537 2407 707 2476 pitulo
757 2404 1070 2458 monasterii
1121 2403 1177 2455 S.
1225 2402 1517 2467 Benedicti,
1553 2402 1695 2471 quod
1749 2402 1938 2455 est'in
1988 2401 2102 2469 ripa

535 2493 775 2547 ﬂuminis
807 2490 1047 2555 Eridani,
1082 2491 1186 2545 sub
1217 2492 1521 2549 obedientia
1551 2490 1692 2544 sacri
1728 2490 2103 2543 Cluniacensis

537 2581 791 2644 cmnobii,
821 2581 960 2633 unde
992 2582 1156 2632 frater
1181 2580 1293 2647 ipse
1318 2595 1380 2633 ac
1405 2579 1704 2632 monachus
1727 2577 1848 2641 fuit,
1870 2578 2105 2646 sepultu-

538 2684 612 2723 rae
653 2666 1338 2735 commemlarctur.(485);
1385 2675 1438 2720 et
1491 2682 1635 2730 cum,
1687 2664 2107 2721 concedentibus

536 2757 789 2827 episcopo
818 2765 979 2825 atque
1013 2755 1290 2810 comitissa
1331 2754 1646 2824 caeterisque
1690 2754 1963 2819 omnibus,
1992 2755 2104 2823 jam

537 2846 836 2901 deferretur
884 2830 958 2898 ad
1008 2842 1399 2899 monasterium
1451 2859 1668 2915 corpus,
1703 2843 1875 2897 adfuit
1925 2845 2105 2898 subito

541 2935 836 2991 Sutriensis
862 2950 1148 3003 cpiscopus
1171 2934 1387 2987 nomine
1409 2930 1612 2987 Bonizo
1641 2931 1819 3004 [Bsn.,
1839 2930 2105 2985 Sabincu-

539 3025 616 3079 sis
641 3009 1206 3093 epiSCOpus‘dominus
1246 3022 1553 3094 Domnizo],
1591 3039 1753 3093 quem
1793 3031 1848 3076 et
1873 3021 2109 3092 Spiritus

541 3122 761 3166 sanctus
792 3111 1092 3176 suscitavit,
1137 3119 1196 3164 ut
1233 3111 1493 3166 clamaret
1540 3111 1765 3181 dignum
1794 3126 1935 3175 esse,
1971 3112 2105 3165 utin

540 3204 814 3271 cpiscopio
837 3196 1123 3270 episcopus
1149 3202 1481 3269 sepeliretur.
1519 3220 1539 3253 ι
1568 3202 1761 3266 Tanta,
1794 3201 1988 3270 inquit,
2018 3202 2105 3254 lu-

540 3311 725 3360 cerna,
750 3309 856 3348 non
886 3298 1056 3361 decet,
1081 3304 1141 3349 ut
1170 3294 1549 3349 abscondatur.
1585 3290 1702 3361 Ipse
1730 3292 1908 3345 adhuc
1921 3291 2106 3345 vivens

540 3396 798 3455 tanquam
835 3386 1112 3457 indignum
1159 3401 1220 3440 se
1272 3384 1597 3450 humiliavit,
1646 3400 1744 3437 nos
1794 3391 1996 3448 autem,
2048 3391 2108 3436 ut

541 3491 667 3530 vere
690 3476 911 3546 dignum
933 3460 1170 3530 exaltare
1196 3483 1406 3543 Oportet
1431 3473 1725 3537 hominem,
1756 3486 1916 3540 quem
1941 3470 2108 3525 fuisse

542 3568 746 3623 scimus
768 3567 1191 3623 sanctissimum.
1225 3585 1244 3617 ι
1263 3564 1633 3619 Acclamatum
1656 3571 1739 3617 est
1765 3562 1903 3615 idem
1927 3561 2105 3615 statim

543 3660 613 3712 ab
646 3658 936 3722 universis,
963 3658 1278 3726 rapiturque
1306 3671 1336 3708 a
1364 3655 1755 3709 monachorum
1792 3651 2067 3722 obsequiis
2092 3670 2106 3717 ;

544 3736 599 3801 in
629 3748 965 3817 episcopium
1002 3745 1262 3810 defertur,
1308 3745 1489 3813 ibique
1509 3743 1887 3796 venerabiliter
1914 3742 2108 3811 sepeli-

546 3846 652 3891 tur.
684 3836 1011 3891 .‘iIirabamur
1039 3837 1147 3891 hoc
1176 3836 1333 3905 quasi
1376 3847 1631 3904 magnum
1667 3832 1842 3902 primo
1881 3832 2115 3889 miracu-

545 3928 680 3992 lum,
729 3927 1112 3991 nescientibus,
1154 3926 1300 3994 quod
1355 3924 1611 3992 abinceps
1648 3923 2112 3979 satismirabilius

543 4024 663 4073 erat
691 4015 951 4071 futurum.
1082 4074 1089 4078 ,
1194 4029 1198 4031 ‘

614 4090 749 4161 Nam
772 4118 823 4161 et
849 4107 897 4161 id
922 4123 1138 4178 quoque
1184 4117 1313 4161 tunc
1353 4104 1678 4169 notavimus,
1704 4104 1848 4173 quod
1881 4113 1934 4158 et
1958 4105 2112 4160 multi

545 4199 783 4266 episcopi
813 4208 867 4251 et
895 4200 1218 4263 cardinales,
1247 4213 1440 4269 magna
1469 4198 1630 4251 etiam
1654 4196 1941 4250 multitudo
1965 4198 2077 4251 mili
2102 4226 2112 4237 ο

548 4297 683 4352 tum,
706 4287 790 4341 die
815 4288 993 4343 obitus
1036 4288 1120 4342 sui
1154 4288 1400 4341 eamdem
1432 4289 1483 4340 in
1510 4287 1781 4340 civitatem
1831 4298 2108 4342 venerant.

513 4365 746 4432 ‘Adcrat
784 4379 1050 4447 siquidem
1099 4376 1495 4447 Magaloncnsis
1544 4376 1850 4444 episcopus,
1896 4377 2115 4431 nomine

548 4465 890 4532 Godcfridus,
946 4476 1000 4521 et
1050 4468 1373 4544 Benedictus
1424 4466 1744 4521 Mutinensis
1806 4467 2113 4536 episcopus,

1512 501 1603 566 ,ω
1639 501 1770 555 ori-3
1803 504 1861 554 ,Α
1902 502 1957 555 s.
2000 502 2322 558 eruamini
2361 505 2792 567 sermonem.

539 612 826 679 aliquando
854 612 1040 681 tetigit,
1071 612 1199 665 dum
1241 611 1467 665 fortasse
1499 613 1791 679 improvida
1821 612 2092 675 dormivit,
2123 615 2164 668 A

3658 517 3773 572 δξι

2265 614 2411 682 (484)
2456 613 2622 684 Igitur
2680 632 2824 669 anno
2886 611 3253 672 nearnationis
3321 618 3535 674 Domini
3588 625 3769 676 nostri

2191 700 2319 755 Jesu
2358 702 2558 757 Christi
2610 704 2764 772 1086,
2800 707 3143 776 episcopatus
3179 725 3304 763 vero
3342 711 3428 767 sui
3459 728 3607 767 anno
3638 730 3768 779 χιιι,

2194 790 2489 846 indictione
2508 808 2671 859 nona,
2706 794 2873 849 tlnitis
2890 796 3002 865 jam
3029 799 3190 852 annis
3213 809 3418 868 septem
3443 818 3773 859 excommu-

2195 877 2481 934 nicationis
2518 880 2754 936 Hcinrici
2778 885 3051 952 quondam
3080 887 3260 956 regis;
3307 899 3430 957 post
3469 894 3770 947 transitum

2194 978 2375 1023 autem
2401 969 2700 1026 felicissimi
2721 989 2873 1043 papa:
2898 973 3143 1045 Gregorii
3164 975 3274 1043 VII,
3301 992 3518 1034 menses
3543 996 3767 1045 novem,

2194 1058 2309 1112 dies
2356 1060 2542 1130 viginti
2588 1070 2719 1125 tres.
2751 1063 3074 1118 obdormivit
3095 1066 3147 1118 in
3173 1065 3400 1121 Domino
3437 1071 3773 1127 venerabilis

2195 1147 2445 1205 dominus
2466 1158 2522 1205 et
2541 1150 2700 1214 Pater
2722 1160 2908 1206 noster
2927 1154 3240 1222 Anselmus,‘
3265 1154 3529 1213 Lucensis
3548 1160 3774 1228 episeo-

2196 1253 2318 1306 pus,
2355 1255 2408 1292 χι
2454 1238 2679 1294 Kalend.
2711 1240 2930 1310 Aprilis,
2961 1243 3018 1296 in
3058 1245 3272 1300 civitate
3302 1245 3544 1316 Mantua,
3574 1252 3775 1319 praesi-

2197 1327 2355 1381 dente
2400 1330 2854 1408 revereiidissimo
2884 1333 3141 1404 episcopo
3183 1333 3411 1404 Ubaldo,
3466 1348 3632 1408 atque
3663 1340 3775 1395 do-

2198 1418 2439 1471 minante
2477 1420 2675 1475 ibidcm
2721 1418 3054 1477 nbbilissima
3085 1423 3223 1479 duce
3267 1439 3332 1481 ac
3370 1429 3776 1485 marcbionissa

2201 1506 2475 1561 Mathilda.
2843 1515 2847 1517 ‘

2272 1596 2384 1651 XII.
2424 1597 2605 1653 Tertia
2634 1600 2817 1670 itaque
2856 1610 3014 1658 nocte
3044 1610 3167 1672 post
3206 1604 3537 1659 sanctissimi
3590 1604 3779 1662 Patris

2202 1691 2563 1745 venerandam
2592 1693 2994 1759 dormitionem,
3037 1694 3283 1763 quaedam
3323 1704 3623 1763 contracta,
3647 1713 3780 1766 qua:

2205 1795 2315 1833 una
2349 1795 2562 1848 semper
2589 1796 2773 1849 manu,
2803 1790 2857 1837 et
2885 1783 3273 1851 posterioribus
3300 1798 3398 1851 per
3428 1794 3632 1839 terram
3656 1803 3781 1840 ser-

2207 1869 2364 1936 pebat
2378 1870 2558 1937 potius
2573 1885 2735 1938 quam
2756 1871 3102 1941 gradiebatur
3112 1865 3281 1940 (185);
3296 1888 3418 1941 quae
3428 1874 3592 1929 etiam
3611 1877 3668 1930 in
3680 1877 3783 1929 do-

2201 1974 2290 2012 mo
2310 1960 2518 2028 nepotis
2542 1959 2778 2031 episcopi
2799 1975 3000 2015 annum
3024 1977 3194 2014 unum
3215 1970 3269 2016 et
3289 1962 3429 2017 duos
3454 1978 3692 2031 menses,
3708 1983 3782 2021 ac

2199 2048 2480 2102 dimidium
2518 2059 2791 2106 manserat
2817 2051 2958 2120 apud
3000 2052 3242 2121 praedicti
3296 2052 3472 2110 Patris
3500 2057 3778 2122 tumbam,

2200 2138 2407 2193 meritis
2450 2139 2621 2209 ipsius
2667 2155 2798 2214 sana
2835 2149 3014 2195 erecta
3057 2150 3141 2197 est
3189 2142 3245 2197 in
3268 2144 3446 2214 prima
3487 2148 3669 2202 noctis
3692 2147 3782 2201 vi-

2200 2229 2346 2303 gilia.

2270 2317 2406 2373 XIII.
2438 2304 2696 2388 Sequenti
2732 2335 2861 2375 vero
2892 2320 3000 2386 die,
3024 2320 3168 2376 circa
3217 2324 3449 2390 tertiam,
3493 2333 3553 2379 ut
3589 2326 3779 2382 visum

2199 2417 2300 2473 est,
2335 2401 2547 2475 heram,
2591 2407 2764 2464 fertur
2791 2410 2938 2479 quod
2962 2412 3210 2480 quaedam
3253 2428 3285 2466 a
3323 2414 3603 2469 nativitate
3625 2432 3780 2471 caeca

2201 2497 2397 2553 ibidem
2423 2497 2582 2553 fuerit
2613 2499 2930 2566 illuminata,
2956 2516 3120 2569 quam
3157 2501 3456 2560 Brixiensis
3481 2504 3783 2559 comitatus

2202 2588 2433 2641 incolam
2467 2596 2599 2643 tunc
2627 2588 2961 2653 audivimus.

2270 2675 2409 2729 XIV.
2440 2676 2639 2737 Eodem
2677 2692 2875 2747 quippe
2903 2679 2989 2733 die
3009 2680 3168 2749 quasi
3196 2680 3330 2736 hora
3371 2692 3542 2750 sexta,
3567 2700 3783 2754 pauper

2202 2767 2423 2835 quidam
2481 2766 2537 2821 in
2591 2767 2828 2836 hospitio
2875 2783 3173 2838 pauperum
3230 2771 3468 2839 praedicti
3522 2775 3781 2842 praesulis

2203 2855 2499 2922 Mantuani,
2532 2856 2810 2927 aliquanto
2842 2865 3082 2926 tempore
3122 2858 3479 2932 eleemosynis
3497 2871 3779 2917 sustenta-

2208 2954 2314 3011 tus,
2343 2961 2374 3000 a
2403 2947 2624 3001 renibus
2649 2962 2821 3015 usque
2846 2961 3065 3013 curvus,
3094 2946 3163 3001 ad
3187 2948 3427 3016 ejusdem
3467 2952 3644 3007 sancti
3672 2942 3778 3006 Pa;

2206 3034 2304 3089 tris
2341 3035 2648 3103 sepulcrum
2673 3049 2859 3099 orans,
2892 3034 3073 3088 subito
3099 3049 3157 3089 se
3184 3050 3376 3089 sanum
3397 3038 3589 3093 erexit.

2274 3125 2390 3199 XV.
2416 3125 2712 3196 Divulgatis
2751 3126 2933 3195 itaque
2960 3125 3114 3196 longe
3138 3124 3581 3195 latequetalib‘us
3604 3130 3779 3184 mirae

2207 3216 2364 3279 culis,
2388 3229 2514 3269 ecce
2536 3214 2732 3269 mulier
2758 3215 3006 3283 quaedam
3026 3215 3092 3269 de
3111 3217 3353 3283 castello,
3370 3218 3515 3294 quod
3530 3217 3747 3288 Capitel

2206 3304 2318 3358 lum
2352 3304 2571 3369 dicitur,
2604 3320 2724 3373 qua:
2746 3303 2917 3358 visum
2961 3304 3176 3373 penitus
3204 3306 3479 3372 amiserat,
3510 3308 3679 3378 coepit
3698 3309 3781 3362 vi-

2206 3410 2327 3449 rum
2375 3394 2534 3449 suum
2574 3394 2815 3464 ﬂagitare
2866 3403 2927 3448 ut
2959 3393 3027 3448 ad
3068 3396 3243 3450 sancti
3277 3397 3380 3451 viri
3415 3414 3615 3468 corpus
3652 3402 3779 3456 eam

2206 3486 2540 3555 perduceret.
2568 3483 2663 3538 Illo
2687 3499 2816 3539 vero
2847 3494 3097 3555 negante,
3121 3485 3290 3540 frater
3319 3488 3437 3557 ejus
3463 3490 3783 3546 misericor-

2205 3573 2293 3627 dia
2330 3582 2533 3639 motus,
2574 3573 2888 3643 junctisque
2926 3574 3101 3628 bobus
3142 3575 3405 3643 plaustro,
3451 3579 3618 3648 erepit
3654 3594 3781 3637 ean.

2206 3660 2415 3716 deferre
2468 3661 2605 3729 Dum
2634 3669 2814 3717 autem
2858 3662 3070 3717 duobus
3102 3663 3378 3720 ’milliariis
3423 3667 3783 3735 perrexisset,

2208 3753 2429 3824 incuspit
2466 3754 2688 3810 arbores
2736 3762 2790 3808 et
2819 3741 3141 3824 plaustrum,
3168 3764 3223 3809 et
3248 3755 3433 3821 boves,
3470 3766 3784 3827 caeteraque

2203 3842 2315 3912 jam
2341 3842 2523 3897 omnia
2545 3842 2726 3897 videre
2750 3860 2764 3909 ;
2793 3857 2915 3911 qua:
2938 3840 3140 3912 gratias
3163 3841 3292 3908 Deo,
3330 3843 3557 3913 ejusque
3588 3855 3787 3899 sancto

2209 3930 2505 3985 confessori
2542 3945 2727 4000 agens,
2773 3938 2957 3984 votum
2998 3930 3064 3985 de
3085 3939 3396 3999 paupertate
3416 3948 3515 3986 sua
3550 3932 3784 4000 faciens,

2209 4021 2431 4075 domum
2466 4034 2683 4075 reversa
2707 4028 2809 4075 est.

2279 4109 2417 4164 XVI.
2447 4109 2542 4165 Die
2577 4125 2714 4165 nona
2745 4118 2863 4165 erat
2893 4110 2946 4165 in
2968 4110 3162 4166 eodem
3194 4120 3372 4167 castro
3399 4113 3503 4167 alia
3525 4115 3780 4183 quaedam

2210 4199 2462 4254 cruribus
2505 4214 2569 4254 ac
2614 4199 2836 4254 renibus
2866 4207 3167 4265 contracta,
3209 4216 3330 4269 qua:
3370 4203 3516 4255 nulla
3568 4218 3637 4258 ex
3682 4221 3782 4260 ne-

2212 4290 2483 4354 cessitate,
2506 4289 2705 4344 lectum
2728 4304 2889 4343 suum
2911 4304 3007 4358 per
3032 4304 3088 4344 se
3103 4291 3275 4360 potuit
3288 4291 3454 4346 exire.
3474 4289 3601 4348 Haec
3636 4294 3785 4364 apud

2213 4378 2383 4433 civem
2407 4378 2696 4448 quemdam
2730 4377 3103 4445 Mantaanum,
3127 4380 3222 4448 qui
3258 4388 3479 4435 venerat
3519 4381 3634 4447 illo,
3659 4398 3785 4452 pre-

2214 4469 2369 4525 cibus
2410 4469 2737 4538 impctravit,
2762 4468 2908 4539 quod
2951 4467 3258 4537 impositam
3301 4470 3543 4538 plaustro
3585 4486 3691 4526 suo
3715 4473 3787 4526 ad

549 4569 710 4626 atque
753 4560 1034 4614 Aribertus
1078 4556 1359 4627 Regiensis
1402 4559 1710 4626 episcopus,
1768 4565 1823 4610 et
1872 4557 2115 4625 ejusdem
2148 4561 2192 4614 D
2219 4561 2404 4615 urbem
2435 4559 2645 4625 detulit,
2666 4566 2721 4614 et
2745 4559 2813 4613 ad
2837 4559 3106 4614 tumulum
3123 4559 3295 4613 sancti
3317 4559 3565 4629 praesulis
3592 4560 3788 4617 hume-

549 4650 785 4704 civitatis
846 4650 1153 4718 episcopus,
1209 4647 1415 4702 scilicet
1468 4647 1811 4708 Mantuanus,
1876 4647 2115 4703 Ubaldus

549 4741 857 4807 vocitatus;
902 4739 993 4793 sed
1050 4748 1103 4792 et
1152 4739 1466 4804 Damianus,
1517 4739 1810 4793 cardinalis
1859 4739 2116 4796 Romamn

552 4829 826 4894 Ecclesim,
861 4830 955 4899 qui
985 4836 1038 4885 et
1075 4829 1239 4884 abbas
1274 4829 1693 4884 Nonantulensis
1719 4832 1972 4885 cmnobii.

622 4920 686 4974 Hi
719 4934 904 4974 omnes
929 4920 997 4972 ad
1040 4919 1365 4975 audiendam
1401 4920 1520 4987 ejus
1556 4922 1899 4988 sapientiam,
1926 4921 1994 4976 ad
2028 4937 2118 4976 ca-

553 5011 808 5081 piendum
853 5009 1023 5078 ipsius
1047 5010 1356 5075 consilium,
1386 5009 1526 5063 sicut
1548 5022 1690 5079 saepe
1720 5012 1822 5079 ipsi
1842 5027 1906 5066 ac
1939 5013 2119 5066 creteri

553 5101 817 5154 Catholici
840 5108 1251 5165 consueverant,
1276 5101 1631 5156 advenerunt.
1669 5099 1963 5156 Sutriensis
1985 5117 2122 5170 quo-

554 5206 661 5260 que
688 5191 859 5259 pridie
880 5198 1088 5244 tantum
1124 5186 1461 5255 recesserat;
1497 5192 1590 5246 sed
1636 5207 1763 5245 mox
1793 5200 1915 5261 post
1942 5200 2123 5246 trans-

556 5280 934 5351 migrationem
969 5281 1159 5349 ipsius,
1187 5279 1382 5334 eodem
1437 5280 1524 5334 die
1568 5281 1738 5337 adfuit
1761 5289 2120 5352 opportunus.

556 5368 672 5437 Isti,
708 5371 949 5439 inquam,
983 5379 1036 5423 et
1071 5371 1163 5423 alii
1197 5369 1538 5440 per-plurimi,
1574 5371 1808 5438 majores
1843 5388 1907 5426 ac
1947 5372 2126 5425 mino-

559 5475 648 5515 res
678 5460 990 5523 interfuere,
1035 5460 1129 5528 qui
1155 5469 1209 5514 et
1233 5461 1407 5530 ipsius
1442 5460 1732 5515 transitum
1756 5461 2025 5524 viderunt,
2079 5470 2133 5515 et

560 5551 705 5605 clara
756 5550 1018 5605 miracula
1053 5558 1176 5617 post
1215 5551 1423 5606 obitum
1445 5552 1565 5622 ejus
1600 5559 1892 5620 prasentcs
1925 5565 2127 5614 co;i.o-

560 5651 770 5697 VCI‘UIII.

634 5757 781 5822 (185)
816 5755 1107 5824 Sequentia
1152 5759 1340 5813 recitat
1370 5758 1518 5820 Bar.,
1572 5774 1715 5813 anno
1769 5758 1919 5823 1084i,
1957 5774 2008 5809 n.
2046 5758 2121 5808 l0.

634 5828 781 5892 (481)
812 5824 1016 5879 Recita
1047 5830 1154 5884 base
1185 5829 1329 5897 liam,
1357 5844 1498 5883 anno
1534 5829 1680 5893 13M,
1713 5847 1761 5881 n.
1795 5832 1843 5881 ε).

2218 4650 2294 4704 ris
2327 4649 2441 4704 suis
2492 4649 2760 4718 portavit:
2805 4664 2945 4720 quze,
2999 4650 3141 4705 facta
3191 4648 3467 4719 aliquanta
3516 4651 3785 4718 oratione,

2219 4741 2378 4812 paqu
2405 4748 2525 4810 post
2547 4752 2682 4795 sana
2713 4740 2967 4794 surrexit.

2286 4830 2447 4886 XVII.
2473 4830 2567 4889 Die
2609 4830 2914 4895 undecima,
2963 4829 3211 4899 quaedam
3248 4830 3413 4886 etiam
3442 4831 3509 4885 de
3542 4831 3786 4896 castello,

2218 4924 2364 4993 quod
2403 4920 2671 4978 Goudium
2707 4920 2924 4988 dicitur,
2960 4920 3241 4974 mensibus
3290 4928 3421 4974 tunc
3460 4921 3654 4991 viginti
3678 4919 3788 4989 pri-

2218 5021 2343 5067 vata
2373 5011 2687 5077 luminibus,
2712 5011 2879 5066 biduo
2915 5008 3101 5079 jejuna
3128 5008 3278 5078 juxta
3307 5024 3508 5079 corpus
3537 5020 3787 5064 sanctum

2220 5103 2527 5164 demorans,
2553 5101 2838 5169 pristinam
2862 5100 3130 5153 luminum
3161 5100 3462 5155 claritatem
3493 5100 3719 5168 recepit.

2291 5189 2474 5244 XVIII.
2500 5189 2595 5245 Die
2638 5190 2825 5261 quinta
2849 5190 3078 5256 decima,
3119 5191 3287 5246 altera
3330 5189 3581 5258 quaedam
3609 5189 3676 5244 de
3697 5205 3783 5244 ca-

2226 5281 2402 5345 stello,
2426 5289 2487 5334 ut
2531 5280 2751 5346 dicitur,
2779 5279 3009 5345 Lazese,
3057 5295 3221 5333 manu
3255 5288 3309 5332 et
3347 5278 3483 5347 pede
3511 5288 3790 5334 contracta

2228 5387 2321 5425 ore
2346 5379 2611 5438 conterto,
2647 5372 2836 5425 morbo
2861 5371 3064 5424 caduco
3097 5369 3414 5439 gravissime
3445 5378 3665 5437 vexata,
3691 5369 3793 5425 ibi-

2231 5462 2353 5516 dem
2392 5461 2705 5533 aliquandiu
2736 5460 2966 5531 patiens,
2997 5461 3210 5530 plenam
3234 5459 3576 5528 recuperavit
3589 5460 3795 5516 sanitas

2229 5566 2356 5610 tem.

2300 5645 2436 5699 XIX.
2487 5645 2581 5699 Die
2615 5652 2765 5699 sexta
2796 5642 3000 5697 decima
3053 5642 3243 5696 deinde
3290 5640 3603 5697 astantibus
3650 5643 3798 5698 nobis

2302 5760 2446 5829 (£35)
2474 5758 2683 5814 Recitat
2703 5755 2816 5811 haec
2838 5754 2983 5821 Bar.,
3020 5770 3161 5808 anno
3198 5751 3346 5819 l086,
3386 5769 3441 5809 n.
3477 5753 3563 5808 11.
