3944 6378
202 472 301 528 9'25

1069 478 1353 537 AI’I‘ISND.
1392 482 1477 537 IlI.
1516 515 1581 523 —
1620 486 1888 552 .‘IONUU
1910 487 2043 541 ΧΤᾹ
2085 488 2539 549 (ἱΙὶΕϐΟΙὶΙᾹΝΛ.

3314 498 3417 549 ΟΞἲὶ

199 585 398 653 pariter
440 601 568 641 cum
632 589 1022 659 gloriosissima
1075 593 1292 649 domina
1359 594 1631 661 Mathilda,
1698 610 1750 653 et
1779 607 1822 660 Α
1850 601 2067 655 vitatem
2100 601 2373 656 Mantuam
2415 612 2781 669 concurreret,
2818 605 3037 674 quidam
3071 605 3137 660 de
3170 607 3292 661 villa
3320 625 3417 660 no—

196 676 548 744 psallentibus
596 679 649 732 in
710 680 796 735 die
843 691 1032 735 sancto
1094 682 1408 751 Parasceve,
1466 688 1753 744 adveniens

195 767 435 833 quaedam
463 770 530 822 de
559 768 697 834 loco,
719 770 813 839 qui
839 770 1131 837 Colouiole,
1166 790 1287 843 quae
1307 777 1481 830 visum
1505 780 1751 847 perdide-

184 854 455 920 rat,ﬂens
483 866 539 911 et
568 859 798 927 ejulans,
842 861 1185 917 devotissime
1236 863 1438 920 faciens
1461 869 1664 931 venias,
1701 878 1753 923 et

192 952 311 1011 post
334 934 791 1018 aliquasurgens,
814 951 1002 1005 oculos
1032 953 1098 1006 ad
1121 961 1357 1023 tapetum
1384 958 1613 1025 sepulcri
1641 966 1749 1011 ter-

193 1032 280 1097 sit,
302 1035 590 1105 visumque
616 1039 833 1107 recepit.

257 1123 374 1178 XX.
399 1124 498 1180 Die
522 1128 728 1183 decima
751 1138 959 1195 octava,
978 1132 1172 1187 mulier
1190 1134 1351 1188 etiam
1375 1150 1481 1189 una
1509 1136 1749 1205 ejusdem

190 1212 425 1269 civitatis
474 1231 583 1271 non
619 1219 820 1289 ignem,
853 1220 1095 1276 dentium
1137 1224 1321 1279 dolore
1373 1242 1435 1281 ac
1481 1228 1756 1282 viscerum

192 1306 575 1375 torquebatur:
601 1324 721 1378 quas
739 1309 1056 1380 confugiens
1100 1314 1164 1368 ad
1194 1317 1432 1383 prtedicti
1469 1318 1748 1372 confesso-

191 1393 265 1448 ris
287 1397 620 1464 sepulcrum,
655 1414 785 1454 sana
808 1415 931 1453 mox
956 1390 1098 1455 facta
1115 1412 1217 1456 est.

256 1487 394 1542 XXI.
431 1489 612 1544 Altera
642 1493 844 1560 quaevis
877 1494 943 1547 de
966 1496 1178 1564 Oppido,
1227 1494 1368 1563 q'uod
1392 1482 1749 1553 Castellucule

146 1564 163 1587 δ’
190 1578 504 1646 appellatur,
530 1578 665 1633 adeo
682 1578 949 1656 infirmata
972 1591 1053 1635 est
1085 1591 1192 1636 uta
1224 1583 1361 1637 lecto
1383 1568 1612 1655 surgere
1640 1604 1748 1642 non

191 1674 368 1735 posset
420 1665 533 1720 ullo
564 1663 741 1721 modo.
772 1666 913 1732 Haec,
959 1671 1156 1724 auditis
1209 1681 1285 1725 tot
1334 1674 1630 1739 miraculis,
1653 1692 1748 1729 vo-

190 1764 296 1808 tum
331 1755 478 1822 fecit,
526 1758 795 1827 pauloque
841 1768 961 1827 post
990 1762 1177 1825 evasit,
1231 1774 1391 1831 atque
1442 1774 1629 1819 octava
1662 1767 1747 1819 die

190 1845 410 1915 pedibus
434 1848 552 1901 suis
585 1847 652 1901 ad
682 1847 851 1904 sancti
893 1849 992 1902 viri
1017 1851 1257 1905 tumbam
1289 1853 1529 1917 veniens,
1557 1864 1743 1909 votum

190 1945 417 2004 tpsamet
439 1938 718 2006 persolvit.

254 2024 413 2079 XXII.
441 2026 538 2080 Die
562 2027 816 2096 vigesima
839 2030 1031 2097 prima,
1060 2040 1176 2084 erat
1199 2031 1419 2100 insuper
1443 2034 1575 2087 civis
1600 2033 1746 2087 Man-

188 2120 401 2178 tuanus,
441 2116 558 2184 qui,
589 2119 995 2185 superveniente
1020 2120 1289 2190 albugine,
1320 2123 1479 2177 unius
1502 2126 1643 2179 oculi
1668 2126 1747 2178 vi—

187 2214 302 2252 sum
328 2201 605 2255 amiserat.
659 2202 822 2257 Multa
854 2205 1035 2275 itaque
1068 2207 1124 2260 in
1172 2209 1411 2265 medicos
1438 2213 1747 2280 expendens

189 2287 423 2357 nihilque
460 2290 766 2358 proficiens,
792 2293 859 2347 ad
891 2304 1075 2349 verum
1112 2296 1378 2351 medicum
1410 2299 1619 2362 salutis,
1651 2317 1745 2368 per

190 2375 373 2428 merita
394 2377 689 2444 supradicti
721 2380 967 2448 praesulis
996 2384 1323 2437 sanctissimi
1366 2384 1625 2454 confugit,
1663 2388 1742 2439 vi-

188 2479 415 2534 sumque
445 2470 800 2536 recuperavit.
1560 2468 1563 2471 ’

252 2554 437 2609 XXIII.
478 2555 577 2610 Die
622 2559 883 2627 vigesima
932 2561 1108 2625 tertia,
1143 2572 1267 2630 post
1293 2566 1409 2618 haec
1437 2580 1570 2633 puer
1602 2582 1745 2621 unus

187 2640 249 2695 de
272 2643 397 2697 villa
438 2642 916 2699 Vadumferratum
959 2650 1239 2716 appellata,
1288 2666 1449 2720 quem
1484 2653 1744 2708 arthetica

188 2728 468 2800 [at-tritica,
519 2732 727 2804 opinor]
756 2728 929 2789 officio
954 2736 1298 2793 brachiorum
1326 2741 1648 2809 privaverat,
1678 2743 1747 2797 ad

188 2817 324 2873 idem
354 2822 657 2875 oratorium
685 2822 913 2889 delatus,
948 2826 1231 2885 sanitatem
1261 2830 1480 2898 recepit.

255 2903 442 2961 XXIV.
471 2908 570 2962 Die
600 2908 859 2979 vigesima
888 2921 1104 2980 quarta,
1140 2914 1279 2969 alius
1322 2917 1485 2971 etiam
1516 2933 1650 2987 puer
1681 2919 1747 2973 de

186 2989 495 3061 Burbassic,
523 2996 729 3053 lumine
760 2998 999 3068 privatus
1041 3001 1347 3067 oculorum,
1378 3011 1432 3057 et
1455 3006 1613 3073 quasi
1649 3006 1747 3076 hy—

184 3080 444 3153 dropisim
491 3100 816 3155 perpessus,
866 3089 1172 3143 admonitus
1220 3106 1361 3159 smpe
1414 3092 1470 3145 in
1537 3096 1745 3149 somnis

152 3172 396 3245 .tandem
428 3175 499 3230 ad
524 3177 852 3233 sanctissimi
876 3177 1051 3234 Patris
1093 3181 1392 3249 patrocinia
1421 3181 1667 3253 confugit
1691 3193 1747 3238 et

185 3261 371 3316 evasit.
707 3275 710 3279 '
800 3274 805 3277 ⁷

251 3368 415 3424 XXV.
441 3370 541 3425 Die
567 3373 841 3444 trigesima
872 3371 1064 3445 prima,
1102 3376 1205 3432 fuit
1231 3381 1507 3452 presbyter
1541 3384 1608 3437 de
1631 3383 1745 3452 epi-

188 3469 406 3536 sc0patu
439 3460 707 3520 Brixiensi
741 3465 806 3520 de
857 3475 1035 3521 castro
1067 3469 1287 3535 nomine
1311 3469 1630 3543 Gorelcngo,
1657 3475 1748 3529 cui

190 3547 387 3602 malum
420 3550 498 3616 id,
540 3546 685 3621 quod
727 3568 825 3622 per
863 3556 1204 3624 antiphrasin
1256 3559 1507 3615 homines
1555 3562 1746 3614 bonum

189 3637 473 3705 appellant,
507 3640 667 3695 unius
696 3642 837 3696 oculi
868 3635 1047 3711 lumen
1070 3646 1381 3714 abstulerat,
1412 3650 1528 3719 qui,
1565 3651 1747 3705 audita

189 3732 461 3781 tantorum
512 3728 789 3799 signorum
832 3730 994 3797 fama,
1027 3733 1095 3787 ad
1136 3746 1384 3791 sanetum
1440 3739 1747 3808 sepulcrum

189 3819 516 3898 properavit,
542 3818 682 3874 facta
708 3836 833 3875 vero
868 3822 1063 3877 ibidem
1100 3812 1344 3880 oratione
1372 3844 1622 3884 reversus
1643 3837 1743 3895 est,

188 3909 241 3954 et
263 3905 458 3970 quavis
486 3907 784 3975 prurigine,
809 3909 938 3963 dum
969 3919 1085 3963 erat
1114 3912 1168 3964 in
1200 3913 1285 3967 via
1318 3914 1591 3984 incitatus,
1617 3933 1748 3973 ocu-

188 3987 297 4042 lum
321 3992 490 4061 digito
521 3992 753 4061 fricavit,
795 3998 1103 4067 apertisque
1138 4017 1265 4056 mox
1297 4005 1566 4073 palpebris
1605 4007 1750 4061 clare

188 4077 336 4133 vidit.
382 4080 683 4150 Regressus
733 4099 862 4153 ergo
912 4087 977 4140 ad
1011 4089 1303 4157 civitatem,
1333 4095 1533 4162 gratias
1563 4109 1747 4148 coram

189 4170 440 4224 omnibus
469 4178 577 4224 tam
607 4172 696 4241 pio
729 4175 912 4233 retulit
938 4180 1257 4246 patrocinio.

254 4277 443 4332 XXVI.
470 4278 637 4335 Nocte
671 4286 920 4353 sequenti
956 4282 1291 4355 trigesimum
1323 4286 1556 4355 primum
1581 4287 1745 4351 diem,

186 4370 434 4439 quadam
459 4379 638 4425 autem
671 4372 745 4445 de.
760 4374 981 4428 castello
1023 4375 1237 4433 nomine
1269 4375 1547 4441 Ma.atica,
1586 4377 1745 4446 juxta

188 4466 404 4526 portum
438 4458 730 4530 Lignacum
784 4463 837 4515 in
883 4463 1140 4537 comitatu
1177 4462 1493 4529 Veronensi,
1542 4466 1746 4520 habens

190 4546 465 4601 sinistram
502 4564 721 4617 manum
768 4549 1031 4615 clausam,
1086 4551 1179 4604 sed
1233 4559 1285 4605 et
1321 4560 1491 4605 totam
1538 4561 1742 4621 partem

172 4633 330 4691 .illam
364 4643 513 4704 gutta
544 4638 835 4708 paralytica
858 4639 1139 4715 perditam.
1172 4638 1315 4705 Ηιυρ,
1355 4642 1635 4709 trigesimo
1661 4642 1747 4695 die

190 4719 368 4774 obitus
391 4721 630 4788 ejusdem
659 4722 714 4775 S.
740 4727 1005 4792 praesulis,
1032 4726 1201 4796 ipsius
1217 4727 1282 4780 ad
1306 4729 1545 4782 tumbam
1564 4744 1749 4795 orans,

191 4821 320 4860 sana
345 4809 600 4874 surrexit.
904 4861 907 4864 .
1077 4859 1080 4863 .
1163 4809 1169 4815 ’

263 4914 470 4969 XXVII.
519 4915 599 4971 De
650 4918 907 4972 comitatu
961 4935 1175 4989 quoque
1232 4921 1635 4993 Mediolanensi,
1684 4928 1750 4981 de

192 5005 345 5073 plebe
390 5004 602 5061 RoSade
657 5006 874 5075 quidam
936 5009 1159 5064 claudus
1189 5012 1495 5080 advenerat,
1545 5018 1639 5085 qui
1695 5026 1748 5070 et

142 5162 145 5166 θ
194 5094 359 5146 multa
386 5094 498 5162 jam
521 5102 833 5149 sanctorum
865 5096 1053 5150 limina
1102 5099 1180 5151 sic
1209 5108 1518 5157 contractus
1548 5104 1752 5158 sanita-

150 5192 151 5195 ‘
193 5188 299 5234 tem
323 5193 580 5252 expetens
628 5186 906 5242 circuibat.
954 5186 1049 5241 llic
1096 5188 1161 5241 ad
1192 5200 1434 5244 sanctum
1484 5195 1750 5247 tumulum

194 5282 478 5335 proruens,
514 5275 815 5330 orationem
849 5276 1071 5341 faciens,
1094 5293 1265 5348 sanus
1288 5280 1548 5333 continuo
1577 5278 1752 5334 factus

198 5365 302 5411 est.
338 5381 343 5384 '
1073 5382 1077 5385 '

265 5467 498 5554 XXVIII.
524 5470 621 5526 Die
656 5457 933 5545 trigesimo
957 5495 1128 5546 nono,
1166 5482 1359 5535 accidit
1381 5480 1571 5535 deinde
1603 5485 1750 5550 quod

200 5555 254 5611 in
283 5560 574 5615 multorum
605 5565 777 5619 oculis
801 5568 1101 5634 jucundum
1126 5572 1228 5625 fuit
1247 5581 1299 5626 et
1328 5571 1590 5625 mirabile.
1620 5570 1751 5627 Nam

201 5647 253 5701 in
285 5649 503 5715 litaniis,
537 5667 659 5719 qua!
682 5651 1023 5723 Gregorianze
1046 5662 1397 5729 appellantur,
1434 5662 1563 5715 dum
1593 5661 1753 5715 innu-

204 5742 471 5798 merabilis
506 5741 786 5798 hominum
834 5746 1121 5813 multitudo.
1162 5751 1226 5804 ad
1259 5768 1417 5821 supra
1453 5752 1649 5806 dictam
1677 5754 1753 5805 ci-

1779 1945 1820 1998 B

1770 3271 1810 3326 C

1854 692 1999 745 mine
2046 691 2352 758 Fornicata,
2380 702 2432 748 et
2472 695 2597 760 alia,
2634 711 2754 764 qua:
2787 694 3001 749 Blittolo
3036 697 3253 761 dicitur,
3291 712 3415 752 cum

1852 785 2062 839 vexillis
2085 794 2140 839 et
2169 786 2496 839 sanctuariis
2557 785 2829 855 reliquiis]
2855 827 2870 853 ,
2902 787 3039 841 sicut
3076 794 3158 840 cst
3186 802 3417 841 consue—

1851 877 2001 941 tudo,
2036 875 2331 939 venientes,
2368 884 2422 928 ct
2456 891 2613 930 secus
2657 877 2799 930 viam
2848 876 3244 945 conspicientes
3298 892 3417 929 cer-

1851 981 1972 1019 vam
2004 980 2168 1020 unam
2204 981 2477 1035 magnam,
2526 966 2789 1020 admoniti
2832 984 2861 1020 a
2904 967 3137 1036 quodam
3172 965 3411 1035 ipsorum

1849 1061 2181 1128 presbytero,
2218 1057 2965 1125 cmperuntomnipotentiam
3005 1056 3099 1109 Dei
3142 1057 3410 1118 invocare,

1848 1157 2113 1217 quatenus
2135 1148 2342 1201 meritis
2362 1148 2686 1201 sanctissimi
2717 1148 2799 1201 sui
2823 1147 3138 1211 sacerdotis,
3162 1148 3226 1200 ad
3251 1163 3410 1216 quem

1848 1237 2037 1291 devote
2059 1237 2370 1305 pergebant,
2399 1237 2729 1304 illaesamque
2765 1237 2845 1290 eis
2877 1237 3048 1306 ipsam
3073 1237 3410 1299 concederet,

1786 1384 1789 1385 ν
1848 1327 1991 1395 quod
2015 1335 2068 1379 et
2105 1326 2183 1380 sic
2220 1326 2419 1380 factum
2457 1335 2559 1381 est.
2600 1326 2756 1391 Nam,
2789 1328 2943 1397 quasi
2970 1329 3069 1380 lixa
3094 1327 3234 1393 loco,
3266 1327 3415 1382 stetit

1848 1418 2050 1487 quieta.
2078 1416 2146 1469 At
2185 1417 2279 1483 illi,
2327 1417 2495 1470 misso
2522 1417 2576 1470 in
2619 1419 2969 1487 collum'ejus
2999 1419 3234 1487 quodam
3266 1418 3412 1472 funi-
3447 1463 3450 1466 .

1848 1509 1993 1572 culo,
2048 1508 2115 1560 ad
2167 1524 2337 1576 usque
2373 1508 2677 1575 sepulcrum
2730 1509 3022 1562 venerandi
3084 1507 3415 1561 confessoris

1847 1597 2295 1653 mansuetissime.
2310 1598 2695 1665 perduxerunt.
2735 1598 2933 1651 Factus
2966 1605 3048 1651 cst
3081 1597 3263 1665 itaque
3284 1598 3415 1651 inat-

1847 1687 2131 1741 stimabilis
2184 1689 2355 1741 turba:
2390 1704 2707 1742 concursus.
2750 1688 2852 1741 Alii
2902 1688 3038 1756 pilos
3075 1688 3263 1756 ipsius,
3294 1697 3415 1742 tau-

1845 1792 2005 1844 quam
2066 1776 2310 1831 veritatis
2364 1778 2643 1842 indicium,
2694 1787 3006 1847 rapuerunt.
3056 1779 3156 1830 Alii
3204 1788 3412 1832 tantmn

1845 1865 2026 1919 videre
2052 1866 2338 1933 cupierunt
2362 1885 2376 1931 ;
2402 1882 2592 1922 omnes
2619 1877 2801 1921 autem
2833 1868 3208 1937 :cquanimiter
3234 1869 3412 1922 mirati

1847 1965 1990 2008 sunt.
2050 1954 2184 2019 Sed,
2230 1956 2353 2024 quia
2411 1965 2527 2010 crat
2579 1959 2837 2027 gravida,
2891 1966 3091 2011 tantam
3148 1960 3414 2014 sustinere

1846 2061 2155 2115 pressnratn
2194 2063 2299 2099 non
2334 2048 2529 2116 potuit,
2560 2049 2626 2102 ad
2667 2049 2974 2117 sepulcrum
3008 2058 3185 2103 tamen
3223 2065 3411 2118 perve-

1845 2138 1943 2201 nit,
1974 2137 2156 2206 ibique
2204 2139 2529 2201 succubuit;
2568 2148 2621 2192 et
2674 2140 2833 2209 paulo
2870 2147 3012 2207 post,
3053 2141 3182 2194 dum
3235 2142 3413 2193 vivere.

1844 2242 1953 2280 non
1988 2236 2193 2296 posset,
2217 2229 2394 2281 occisa
2426 2225 2725 2297 cst;'cujus
2748 2245 2875 2284 caro
2901 2230 2954 2283 in
2987 2230 3411 2285 benedictionem

1843 2316 2085 2370 diversas
2120 2333 2213 2385 per
2240 2326 2424 2385 partes
2446 2319 2619 2372 divisa
2645 2327 2746 2383 est,
2776 2336 2898 2388 qua:
2945 2321 3129 2376 multis
3161 2306 3411 2375 certoin-

1844 2408 2015 2461 lirmis
2042 2408 2327 2477 pristinam
2361 2410 2591 2463 reddidit
2622 2411 2931 2464 sanitatem.
2965 2409 3068 2464 Sed
3096 2425 3202 2463 non
3230 2411 3412 2464 minus
3486 2468 3487 2471 η

1844 2498 2113 2551 laudabile
2144 2513 2206 2551 ac
2238 2499 2531 2568 gloriosum
2557 2509 2659 2561 est,
2698 2501 2841 2572 quod
2878 2500 3123 2569 sequitur
3151 2518 3163 2552 :

1915 2587 2328 2642 “evertentibus
2363 2589 2506 2643 enim
2548 2591 2749 2644 eisdem
2796 2600 2918 2659 post
2942 2591 3259 2658 completam
3290 2605 3412 2643 ora-

1846 2679 2070 2742 tionem,
2108 2679 2398 2748 quamdam
2436 2680 2501 2733 azl
2529 2696 2725 2749 aquam
2768 2688 3051 2755 venerunt,
3091 2685 3276 2748 qtmm;
3307 2678 3411 2731 nisi

1845 2770 2079 2839 navigio,
2118 2769 2349 2842 transire
2395 2787 2501 2823 non
2531 2779 2841 2839 potuerunt.
2888 2769 3155 2824 Utautcm
3184 2768 3412 2822 manife-

1845 2864 2120 2910 starentur
2149 2871 2311 2925 Opera
2347 2855 2463 2920 Dei,
2506 2857 2659 2910 navis
2689 2859 2913 2911 alteram
2970 2857 3024 2910 in
3053 2866 3258 2925 partem
3296 2865 3412 2907 tra-

1845 2946 2006 2999 ducta
2044 2955 2145 2999 est.
2195 2945 2295 2999 Diu
2336 2961 2465 3015 ergo
2498 2955 2872 3015 exspectantes
2916 2955 2970 3000 et
3017 2936 3412 3014 aliquantulum

1846 3035 2046 3097 tristes,
2069 3048 2135 3087 eo
2161 3034 2304 3102 quod
2333 3034 2507 3102 jejuni
2533 3044 2688 3088 erant
2715 3050 2777 3088 ac
2809 3033 3035 3104 fatigati,
3067 3034 3411 3088 recordantes
3501 3055 3504 3057 λ

1846 3122 2044 3191 prioris
2070 3122 2337 3186 miraculi,
2367 3116 2561 3176 iterum
2619 3122 3003 3176 invocaverunt
3033 3121 3201 3175 Deum
3238 3130 3293 3174 ut
3316 3138 3411 3189 per

1846 3213 2036 3265 merita
2081 3202 2162 3264 sui
2212 3212 2385 3264 sancti
2430 3209 2759 3268 confessoris
2807 3210 3411 3265 Anselmi'transeundi

1843 3302 1999 3357 daret
2038 3302 2345 3356 consilium.
2413 3301 2513 3356 Vix
2565 3303 2816 3372 precibus
2862 3301 3141 3370 completis
3202 3309 3254 3354 et
3286 3315 3412 3353 ecce

1844 3378 1999 3446 navis
2026 3392 2290 3447 dissoluta
2341 3392 2546 3461 absque
2576 3393 2724 3445 omni
2773 3392 2975 3459 remige
3002 3392 3150 3443 venit
3185 3391 3251 3443 ad
3291 3404 3405 3444 eos.

1844 3482 2057 3537 Gratias
2109 3483 2289 3551 itaque
2335 3480 2629 3534 referentes
2679 3479 2790 3532 Deo
2836 3480 3061 3548 ejusque
3109 3478 3411 3533 confessori

1845 3573 2211 3636 sanctissimo,
2243 3586 2433 3626 omnes
2488 3570 2823 3623 transierunt
2879 3568 3195 3633 incolumes,
3254 3569 3411 3637 cujus

1842 3676 1910 3727 ex
1936 3662 2255 3733 navisligno
2297 3659 2528 3715 diversis
2556 3660 2622 3714 de
2657 3659 2935 3713 doloribus
2974 3658 3287 3729 perplurimi
3325 3674 3411 3712 sa-

1846 3753 1957 3808 nati
1992 3762 2136 3829 sunt.

1917 3873 2107 3926 XXIX.
2150 3871 2318 3927 Nosse
2350 3872 2508 3925 etiam
2544 3871 2793 3924 volumus
2816 3878 3063 3925 sanctum
3087 3868 3412 3923 desiderium

1848 3972 2113 4028 vestrum,
2143 3963 2288 4031 quod
2324 3977 2430 4015 non
2476 3961 2691 4015 aliunde
2725 3960 3032 4023 didicimus,
3079 3974 3264 4011 verum
3310 3957 3411 4023 ipsi

1848 4054 2083 4108 vidimus
2110 4062 2163 4107 et
2190 4052 2438 4106 fecimus.
2479 4051 2606 4103 Erat
2631 4050 2683 4102 in
2715 4050 2994 4103 obsidione
3019 4046 3297 4114 cujusdam
3322 4060 3413 4097 ca-

1847 4143 1984 4197 stelli
2028 4140 2354 4203 veneranda,
2397 4153 2558 4205 quam
2591 4136 2960 4204 praediximus;
2991 4134 3288 4198 comitissa,
3320 4123 3412 4186 tibi

1847 4228 2187 4283 Teutonicas
2206 4226 2425 4295 quidam
2452 4225 2560 4279 ictu
2585 4233 2748 4292 petra:
2775 4225 3087 4279 vulneratus
3107 4230 3201 4276 'est
3240 4222 3294 4275 in
3319 4237 3414 4276 ca—

1844 4320 1989 4388 pite;
2012 4318 2106 4388 qui
2129 4317 2305 4371 triduo
2325 4324 2447 4385 post
2469 4315 2732 4369 deductus
2758 4323 2840 4369 est
2864 4321 3113 4367 nostrum
3140 4313 3196 4366 in
3231 4312 3416 4381 hospi-

1846 4410 2305 4477 tium,,quatenus
2344 4406 2416 4460 ibi
2457 4406 2734 4459 meliorem
2756 4420 2920 4474 quam
2955 4404 3095 4473 apud
3120 4404 3287 4458 laico‘s
3314 4403 3415 4457 ha-
3474 4414 3477 4415 '

1846 4500 1996 4554 berct
2027 4497 2487 4566 tranquillitatem.
2531 4494 2685 4551 IIunc
2705 4496 2897 4550 deinde
2926 4504 3096 4565 gutta,
3130 4510 3292 4563 quam
3319 4510 3414 4563 pa-

1781 4588 1824 4640 D
1850 4587 2050 4660 ralj'Sin
2097 4588 2289 4642 medici
2332 4595 2550 4652 vocant,
2590 4595 2700 4639 tam
2730 4585 3019 4640 crudeliter
3050 4584 3245 4637 invasit
3273 4579 3416 4648 quod

1776 4678 1782 4685 ι

1851 4694 2040 4734 amens
2061 4672 2277 4748 penitus
2306 4677 2480 4733 factus‘
2499 4686 2600 4741 est,
2627 4677 2761 4730 adeo
2784 4684 2845 4729 ut
2868 4672 3000 4727 nihil
3021 4685 3151 4726 sane
3170 4669 3438 4731 sentiret,
3474 4708 3485 4721 ,ι

1851 4769 2120 4823 neminem
2143 4776 2506 4840 cognosceret.
2548 4765 2731 4821 Vocati
2749 4777 2937 4817 sumus
2957 4759 3187 4826 denique
3207 4765 3261 4812 et
3292 4770 3427 4829 nos,

1851 4870 2121 4931 quatenus
2155 4860 2394 4929 injuncta
2426 4858 2475 4912 ei
2509 4852 2821 4924 poenitentia
2861 4849 3294 4904 communionem
3321 4848 3417 4901 da-

1852 4968 2055 5006 remus.
2101 4951 2205 5005 Sed
2242 4963 2415 5017 neqne
2460 4941 2772 5013 paenitentia
2802 4940 2930 5009 quid
2966 4948 3108 4993 esset
3139 4939 3417 5007 potuimus

1854 5042 1903 5095 ci
1928 5043 2278 5095 innotescere.
2302 5036 2604 5097 Postremo,
2631 5047 2729 5086 nec
2751 5032 2879 5101 quid
2906 5030 3048 5085 Deus
3072 5039 3215 5084 esset
3241 5030 3417 5098 potui-

1857 5147 1979 5185 mus
2017 5143 2140 5181 eum
2176 5125 2352 5179 facere
2386 5139 2698 5193 agnoscere,
2731 5132 2824 5177 aut
2852 5122 3016 5176 Deum
3062 5121 3142 5173 vel
3184 5120 3416 5186 aliquem

1850 5227 2164 5275 sanctorum
2193 5216 2464 5269 invocare.
2508 5214 2935 5269 Aistimabamus
2974 5210 3272 5265 certissime
3309 5207 3419 5260 da:-

1855 5311 2099 5365 monium
2122 5308 2272 5361 illum
2297 5308 2511 5361 habere.
2555 5305 2963 5361 Vociferahatur
2989 5301 3152 5361 enim,
3177 5306 3235 5349 ut
3259 5312 3416 5350 asso—

1853 5402 1968 5454 lent
1990 5399 2189 5463 insani,
2223 5398 2458 5452 clamore
2487 5396 2665 5450 valido
2693 5389 3117 5449 inconvenientia
3139 5387 3337 5449 multa;
3365 5397 3420 5439 et

1859 5490 1965 5545 nisi
1998 5496 2270 5544 teneretur
2297 5486 2576 5548 violenter,
2615 5499 2723 5538 non
2754 5484 2929 5537 solum
2960 5475 3296 5537 vestimenta,
3327 5489 3419 5526 ve-

1857 5596 1978 5635 rum
2012 5578 2174 5633 etiam
2212 5574 2585 5641 discerpsisset
2625 5572 2883 5624 membra.
2923 5564 3151 5617 Auditur
3182 5562 3418 5628 undique

1859 5673 2084 5730 clamor,
2112 5671 2407 5719 accurrunt
2428 5661 2665 5730 plurimi,
2699 5658 2789 5710 alii
2816 5657 3147 5723 plangentcs,
3183 5649 3271 5701 alii
3318 5650 3414 5701 aei-

1858 5747 2136 5813 mirantCs.
2180 5752 2496 5806 Audivimus
2531 5761 2743 5815 quoque
2779 5760 2875 5798 nos
2918 5744 2970 5795 in
3006 5751 3217 5793 camera
3249 5737 3415 5805 ipsius
