3944 6398
507 423 605 476 927
653 487 659 494 ,

506 531 756 602 dominae,
773 539 1168 603 lamentabilem
1193 549 1338 608 illius
1355 569 1561 624 vocem,
1580 575 1703 629 qua:
1723 563 1905 620 divino
1926 583 2074 622 com-

506 637 704 694 puncta
729 627 1008 701 instinctu,
1036 637 1111 692 ait
1142 641 1210 695 ad
1248 658 1334 698 me
1363 654 1421 700 ut
1451 627 1732 720 annulum,
1755 656 1848 724 qui
1876 657 1932 710 S.
1962 658 2072 712 An-

505 721 660 775 selmi
710 721 904 791 fuerat,
953 744 1112 797 quem
1170 733 1332 789 etiam
1369 738 1557 797 beatus
1595 759 1730 813 papa
1772 721 2071 819 iiregorius
2121 780 2127 787 ι

505 809 817 881 aliquandiu
846 818 1095 888 habebat,
1140 825 1196 878 in
1233 841 1371 896 aqua
1407 809 1850 907 Iavarein,-quam
1882 809 2071 898 biben-

503 900 650 969 dam,
677 904 781 959 sibi
805 905 972 980 [:egro
996 913 1276 992 nimirum]
1300 900 1658 993 por-rigorem,
1674 900 1899 999 sperans
1923 938 2068 1004 quod

501 992 712 1048 meritis
744 995 984 1065 ipsorum
1021 1003 1359 1066 liberaretur.
1414 992 1652 1086 surgens
1692 992 1841 1091 ergo,
1881 992 2066 1083 et-lac-

500 1089 656 1150 cepto
705 1088 926 1156 annulo,
955 1098 1164 1160 perrexi
1197 1099 1265 1154 ad
1304 1117 1450 1170 eum,
1499 1121 1659 1176 quem
1702 1111 1884 1169 inveni
1929 1119 2068 1175 miro

501 1175 663 1233 modo
688 1179 1093 1254 vociferantem,
1121 1204 1188 1265 ac
1210 1191 1450 1261 seipsum
1473 1197 1888 1270 discerpentem.

567 1263 705 1320 Nam
734 1269 861 1326 licet
890 1289 1014 1354 eum
1042 1263 1282 1351 quinque
1313 1284 1416 1340 viri
1453 1287 1620 1348 fortes
1651 1263 1916 1364 tenerent,
1958 1299 2068 1357 duo

495 1365 594 1419 per
637 1369 818 1424 crura,
862 1347 1078 1432 duoque
1113 1347 1211 1437 per
1236 1370 1478 1442 brachia,
1510 1387 1564 1432 et
1606 1396 1747 1437 unus
1778 1383 1831 1437 in
1868 1347 2060 1457 capite,

497 1441 803 1501 luctabatur
822 1458 997 1506 tamen
1023 1466 1237 1523 pectore
1262 1477 1326 1516 ac
1350 1475 1538 1522 ventre
1561 1471 1734 1540 magis
1753 1489 1918 1542 quam
1934 1441 2063 1534 ,οι-ιε-ζ

494 1531 698 1603 derem,
731 1540 837 1594 nisi
867 1557 1105 1612 praesens
1126 1551 1401 1610 vidissem.
1441 1557 1670 1630 Accepta
1695 1564 1875 1636 itaque
1897 1585 2060 1639 aqua,

492 1626 752 1681 annulum
775 1630 920 1686 intus
937 1633 993 1688 in
1017 1633 1236 1694 nomine
1256 1640 1467 1698 Domini
1489 1651 1791 1719 posuimus,
1805 1664 1860 1710 et
1877 1669 2079 1732 aperto,

489 1715 608 1782 ejus
635 1733 728 1772 ore
753 1720 808 1773 in
839 1739 1032 1794 magna
1061 1729 1315 1788 violentia
1337 1752 1460 1791 cum
1483 1742 1749 1799 cocleario
1772 1763 2061 1820 parumper

489 1821 615 1860 eum
653 1811 743 1864 vix
777 1814 952 1882 primo
980 1811 1314 1893 potavimus;
1342 1826 1434 1898 qui
1459 1847 1568 1887 non
1609 1838 1780 1892 multo
1813 1851 1934 1908 post
1962 1860 2057 1898 vo-

490 1897 632 1951 cavit
663 1915 749 1954 mc
800 1919 866 1958 ex
902 1910 1139 1977 nomine,
1185 1925 1346 1986 atque
1388 1919 1610 1992 incepit
1651 1941 1837 1982 vocem
1877 1947 2053 1989 meam

488 2003 801 2062 agnoscere,
827 2004 881 2051 et
905 2001 1215 2061 admonitus
1240 2011 1498 2066 continuo
1523 2013 1792 2072 invocavit
1835 2019 1890 2074 S.
1937 2022 2053 2078 An-

485 2078 744 2149 selmum;
781 2095 853 2149 et,
884 2096 942 2141 ut
963 2089 1197 2148 breviter
1225 2097 1422 2166 dicam,
1449 2112 1574 2172 post
1603 2121 1789 2174 unam,
1817 2118 1878 2163 ut
1905 2113 2052 2167 aesti-

485 2183 597 2235 mo,
627 2172 816 2228 horam
847 2180 1053 2236 meritis
1089 2195 1400 2251 sanctorum
1437 2194 1809 2252 confessorum
1836 2201 1925 2268 qui
1957 2218 2052 2258 eo-

484 2257 606 2323 dem
651 2263 946 2322 annulo‘in
991 2271 1174 2328 divino
1221 2279 1506 2336 utebantur
1552 2285 1744 2352 cilicio,
1791 2291 2054 2361 requievit

483 2353 924 2410 mansuetissime
943 2367 997 2412 et
1019 2360 1341 2430 loquebatur
1362 2378 1524 2424 recte.
1565 2371 1703 2428 Huic
1735 2392 1927 2448 nempe
1956 2382 2052 2435 mi-

480 2439 669 2492 racqu
699 2444 854 2497 multi
883 2447 1198 2520 intererant,
1245 2457 1339 2526 qui
1373 2474 1669 2528 prmsentes
1701 2465 1953 2523 viderunt
1996 2481 2050 2527 et

479 2528 787 2600 audierunt,
818 2546 978 2607 atque
1003 2543 1432 2604 misericordiam
1467 2550 1565 2608 Dei
1603 2554 1660 2608 in
1703 2557 1818 2613 suis
1846 2563 2048 2618 sanctis

479 2619 882 2682 confessoribus
910 2627 1366 2699 glorificaverunt.

550 2727 675 2787 Ilaec
706 2735 774 2789 de
814 2737 1129 2798 beatissimo
1154 2744 1315 2803 Patre
1341 2763 1407 2805 ac
1437 2761 1666 2820 patrono
1697 2767 1885 2815 nostro
1915 2777 2044 2816 san-

477 2828 568 2875 cto
610 2823 866 2881 Anselmo
905 2828 1137 2888 Lucensi
1183 2836 1438 2908 episcopo
1485 2857 1756 2912 perpauca
1805 2850 2042 2918 quidem,

474 2919 740 2980 quantum
771 2916 839 2971 ad
879 2917 1050 2987 ipsius
1093 2925 1305 2991 merita,
1337 2930 1430 2984 sed
1462 2935 1678 3001 vestris,
1723 2916 1901 3006 spero,
1943 2944 2046 3010 piis

473 3001 760 3059 desideriis
809 3009 1168 3080 proficientia,
1215 3031 1334 3102 ego
1365 3017 1425 3073 Β.
1474 3037 1725 3090 peccator
1756 3001 2046 3102 presbvter

476 3106 612 3168 suus
632 3093 698 3161 in
727 3098 1064 3168 poenitentia,
1095 3094 1219 3160 non“
1239 3107 1361 3163 dico
1396 3110 1562 3177 Illius,
1607 3115 1702 3168 sed
1739 3131 1946 3185 servus,
1975 3121 2043 3174 ab

474 3169 597 3252 ipso
619 3188 803 3244 multis
829 3205 956 3246 cum
980 3194 1325 3282 lacrymis..ad
1346 3169 1596 3260 eumdem
1630 3210 1874 3266 ordinem
1914 3169 2044 3282 pro-

425 3280 432 3286 '
472 3279 678 3341 motus,
730 3275 1124 3366 venerabiliter!
1153 3275 1307 3358 vobis
1356 3297 1732 3360 expetentibus
1784 3300 2042 3368 explicavi

470 3363 717 3422 devotus.
762 3368 957 3426 Precor
987 3362 1114 3450 vos,
1137 3388 1288 3434 orate
1316 3396 1413 3449 pro
1448 3399 1552 3438 me.

543 3474 676 3540 Qua:
724 3491 1010 3549 sequuntur
1053 3502 1087 3538 α
1120 3476 1493 3546 recentioribus
1549 3499 1844 3567 conscripta
1897 3503 2037 3568 sunt,

468 3563 609 3616 ciant
646 3566 746 3632 ipsi
783 3579 874 3620 aut
911 3573 1172 3648 uiderunt,
1201 3585 1294 3630 aut
1320 3596 1354 3632 a
1379 3574 1620 3647 ﬁdelibus
1650 3563 2042 3666 intellexerunt.

542 3671 710 3728 XXX.
752 3676 1177 3750 Quadragesimo
1200 3699 1346 3741 nono
1369 3688 1457 3743 die
1477 3705 1508 3743 a
1534 3695 1706 3747 sancti
1726 3696 1828 3769 viri
1857 3706 2036 3756 trans-

471 3761 574 3830 itu,
601 3765 713 3820 sole
731 3767 846 3836 jam
865 3773 1162 3842 occidente,
1194 3791 1286 3842 per
1316 3776 1579 3834 famulum
1603 3799 1763 3839 suum
1779 3767 2037 3857 dignatus

463 3863 556 3923 est
582 3854 844 3914 Dominus
873 3865 1155 3918 ostendere
1187 3874 1240 3919 et
1271 3866 1373 3921 hoc
1404 3870 1745 3949 miraculum.
1783 3854 1938 3933 venit
1969 3882 2036 3935 ad

468 3946 740 4000 tumulum
784 3952 1110 4008 sanctissimi
1144 3953 1321 4010 Patris
1345 3961 1516 4014 nostri
1556 3946 1802 4032 quaedam
1833 3969 1899 4023 de
1923 3959 2036 4040 epi-

467 4044 691 4103 scopatu
716 4038 1086 4110 Cremonensi,
1114 4045 1180 4100 de
1203 4062 1298 4101 ora
1323 4047 1411 4103 illa
1439 4066 1561 4121 qua:
1585 4055 1784 4112 dicitur
1803 4038 2030 4130 Cancer,

467 4124 555 4176 eui
583 4126 821 4182 albulum
853 4132 1015 4187 unius
1049 4135 1192 4188 oculi
1233 4137 1414 4192 lumen
1448 4143 1662 4211 penitus
1704 4149 2056 4221 abstulerat,

467 4210 620 4266 alteri
637 4230 763 4271 vero
781 4220 869 4274 vix
897 4221 950 4275 in
976 4223 1063 4289 die
1091 4225 1305 4297 videndi
1333 4210 1562 4288 facultas
1579 4246 1712 4290 erat.
1751 4237 1882 4303 Quae
1902 4258 2028 4297 ora-

467 4297 704 4356 tionibus
734 4307 1042 4376 aliquandiu
1072 4313 1348 4382 insistens,
1387 4320 1594 4377 meritis
1621 4327 1793 4379 sancti
1825 4344 2030 4396 praesu-

468 4385 535 4441 lis
559 4392 739 4444 caecati
770 4399 909 4449 oculi
935 4401 1232 4459 claritatem
1253 4397 1470 4479 recepit.
1510 4413 1676 4469 Alteri
1708 4385 1908 4486 autem,
1939 4423 2026 4476 cui

1475 443 1565 497 AD
1603 445 1825 504 OPERA
1867 453 1922 506 S.
1963 453 2287 515 GREGOIIII
2324 465 2757 534 APPENDICES.

3631 510 3736 564 928

2102 571 2149 626 Α
2172 577 2378 634 meritis
2406 580 2701 642 beatissimi
2723 592 2958 650 Ansclmi
2981 598 3222 668 pristinae
3243 609 3521 670 restitutus
3539 629 3623 673 est
3642 637 3734 677 sa-

2173 665 2325 721 nitati
2359 670 2446 725 die
2480 676 2929 750 quinquagesimo
2967 665 3138 758 ipsius
3173 695 3369 756 obitus.

2242 756 2458 816 XXXII.
2502 764 2750 826 Domina:
2787 756 3078 847 Mathildze,
3113 783 3352 846 Ubaldus
3407 793 3735 856 Mantuanus

2169 846 2476 920 episcopus,
2508 859 2762 926 gaudium
2789 873 2843 919 et
2865 846 3104 927 laetitiam
3143 876 3287 949 (686)
3383 873 3390 880 ’

2236 936 2506 1000 Immenso
2531 947 2799 1008 desiderio
2823 969 3003 1015 vestro
3037 964 3396 1027 desideratam
3416 957 3421 963 ’
3441 951 3734 1038 scribimus

2167 1023 2425 1086 laetitiam.
2468 1033 2592 1090 Fuit
2619 1044 2864 1108 quaedam
2885 1048 2951 1102 de
2971 1050 3257 1124 Capriana,
3281 1075 3421 1130 qum,
3445 1067 3594 1122 velut
3618 1072 3735 1125 ani-

2167 1119 2295 1184 mal,
2332 1125 2581 1182 manibus
2613 1139 2668 1184 et
2691 1135 2917 1200 pedibus
2940 1119 3422 1220 incedebantquam
3445 1155 3592 1213 Deus
3615 1175 3733 1214 om-

2162 1206 2415 1276 nipotens
2450 1230 2545 1283 per
2572 1221 2763 1277 merita
2790 1226 3118 1288 sanctissimi
3141 1235 3314 1295 Patris
3339 1248 3516 1300 nostri
3539 1252 3730 1317 erexit,
3769 1306 3773 1309 .

2163 1303 2217 1349 et
2240 1298 2307 1352 ad
2329 1301 2429 1355 iter
2454 1312 2656 1362 tantum
2678 1312 2852 1370 ofﬁcio
2873 1321 3087 1389 pedum,
3114 1327 3254 1383 sicut
3275 1332 3515 1392 hominis
3538 1298 3730 1396 natum;

2163 1388 2378 1454 expetit,
2411 1389 2514 1445 frui
2547 1404 2830 1457 concessit.

2234 1472 2467 1533 XXXIII.
2513 1481 2695 1542 Simile
2718 1491 2880 1548 etiam
2906 1499 3198 1556 remedium
3222 1507 3438 1563 cuidam
3463 1512 3530 1565 de
3554 1513 3729 1570 insula

2162 1559 2462 1634 Parmensi,
2496 1589 2617 1642 quae
2659 1588 2738 1632 est
2766 1579 2920 1648 juxta
2964 1598 3123 1655 caput
3159 1590 3444 1664 Parmulae,
3475 1601 3729 1658 similiter

2161 1652 2442 1712 incurvato
2463 1663 2709 1720 conferre
2731 1669 2982 1738 dignatus
3005 1686 3106 1731 est.

2230 1740 2464 1801 XXXIV.
2506 1748 2767 1810 Praeterea
2805 1773 2939 1826 puer
2979 1765 3199 1831 quidam
3236 1784 3302 1825 ae
3350 1773 3533 1830 Monte
3564 1778 3728 1835 Claro

2160 1844 2379 1886 manum
2429 1846 2482 1890 et
2517 1841 2706 1907 pedem
2763 1857 3101 1906 contractum
3148 1855 3396 1926 habebat,
3443 1866 3532 1918 cui
3583 1865 3728 1931 Deus

2135 1928 2449 1993 .utrumque
2479 1930 2728 1996 precibus
2769 1935 3066 1994 beatissimi
3106 1948 3353 2014 praesulis
3400 1951 3468 2006 ad
3520 1964 3725 2024 certum

2155 2023 2315 2064 usum
2359 2015 2608 2074 restituit.

2225 2097 2440 2156 XXXV.
2483 2103 2590 2162 Nec
2624 2124 2731 2164 non
2759 2118 2966 2170 muneri
2991 2119 3204 2176 cuidam
3238 2124 3304 2180 dc
3346 2126 3484 2196 loco,
3513 2131 3608 2199 qui
3637 2131 3725 2186 di-

2153 2187 2294 2242 citur
2319 2189 2499 2248 Insula
2525 2195 2702 2267 Ogem
2740 2200 2916 2272 [Bu.,
2951 2205 3161 2282 Egerii],
3199 2219 3320 2282 Qua;
3349 2187 3571 2274 manum
3601 2223 3728 2276 ‘ari-

2151 2274 2277 2330 dam
2309 2279 2559 2351 habebat,
2590 2301 2686 2356 per
2713 2291 2951 2358 ejusdem
2983 2274 3195 2364 patroni
3217 2274 3411 2359 -nostri
3455 2307 3724 2365 interces-

2151 2364 2358 2422 sionem
2388 2381 2566 2440 optata
2601 2377 2748 2434 salus
2785 2382 3016 2439 advenit.

2221 2453 2456 2512 XXXVI.
2497 2460 2722 2520 Cuidam
2752 2484 2965 2541 quoque
2982 2475 3165 2545 3puero
3195 2479 3262 2535 de
3297 2479 3511 2552 Ripalta
3539 2485 3722 2558 manu,

2149 2541 2384 2618 Rivalta]
2416 2549 2590 2605 visum
2620 2556 2870 2613 reddidit.

2218 2654 2480 2714 XXXVII.
2521 2661 2772 2728 Quaedam
2811 2670 3058 2730 similiter
3090 2677 3156 2733 de
3191 2681 3503 2752 episcopatu
3547 2686 3721 2743 Vero-

2147 2746 2323 2813 nensi,
2351 2763 2475 2802 cum
2493 2751 2604 2819 jam
2631 2753 2834 2812 civitati
2859 2772 3058 2820 nostra
3079 2746 3556 2842 appropinquaret,
3582 2794 3720 2833 ocu-

2147 2833 2324 2889 lorum
2358 2838 2654 2896 claritatem
2694 2849 2912 2917 recepit.

2217 2942 2501 3003 XXXVIII.
2543 2951 2771 3017 Quidam
2793 2958 2954 3013 etiam
2976 2960 3043 3016 de
3069 2961 3370 3024 Plevazano
3390 2971 3571 3044 [an.,
3595 2975 3722 3030 Plo-

2144 3033 2382 3109 vitano],
2411 3040 2566 3108 cujus
2595 3045 2832 3101 caleanei
2868 3051 3082 3108 natibus
3125 3033 3570 3130 indissolubiliter
3618 3069 3720 3121 ad-

2145 3123 2439 3196 haerebant,
2461 3133 2702 3199 pristinae
2735 3140 3019 3196 restitutus
3043 3154 3128 3203 est
3152 3150 3389 3216 sanitati,
3425 3168 3590 3221 quem
3614 3157 3717 3212 do-

2462 3198 2478 3199 ,
3091 3198 3096 3199 ,
3123 3201 3125 3203 ,
3157 3198 3389 3216 -_--_-_--,
3427 3198 3590 3221 ,ι-ν...
3615 3198 3686 3212 ..ν

2071 3198 2113 3254 C
2147 3216 2295 3270 mino
2342 3229 2396 3272 et
2452 3222 2706 3292 religioso
2754 3228 2868 3284 viro
2917 3230 3260 3302 Lugdunensi
3306 3243 3720 3318 archiepiscopo

2147 3308 2502 3383 ostendimus,
2526 3322 2579 3367 et
2604 3315 2781 3371 locum
2803 3319 3177 3395 denotavimus
3200 3329 3290 3383 ubi
3313 3333 3550 3389 caleanei
3579 3337 3715 3406 jun—

2144 3394 2213 3447 cti
2250 3391 2482 3455 fuerant.
2532 3402 2662 3468 Quae
2688 3407 2843 3461 multi
2863 3425 2928 3464 ex
2954 3393 3265 3486 episcOpatu
3295 3419 3489 3476 Brixiae
3521 3391 3716 3481 et'Ve-

2101 3556 2103 3558 η
2142 3499 2310 3552 rana},
2357 3482 2694 3562 diversisque
2737 3498 2858 3553 aliis
2897 3503 3164 3569 partibus,
3212 3509 3307 3576 qui
3348 3509 3719 3571 convenerant

2139 3587 2239 3641 pro
2269 3581 2614 3635 veneratione
2653 3584 2756 3638 viri
2793 3587 2852 3658 in
2879 3589 3058 3657 vigilia
3099 3591 3449 3654 Ascensionis
3494 3599 3715 3658 Domini

2140 3663 2383 3721 videntes
2406 3667 2544 3735 ﬁeri,
2576 3676 2822 3729 conversi
2849 3687 2975 3732 sunt
2999 3681 3068 3734 ad
3101 3680 3409 3752 Dominum,
3437 3689 3715 3746 abrenun«

2142 3754 2335 3811 tiantes
2369 3759 2582 3816 diabolo
2624 3775 2680 3820 et
2723 3770 3064 3837 sequacibus,
3123 3784 3176 3827 et
3201 3779 3606 3845 promittentes
3653 3798 3714 3838 se

2139 3847 2294 3914 prius
2321 3849 2389 3902 ad
2413 3851 2732 3910 effusionem
2769 3860 3050 3935 sanguinis
3077 3844 3447 3936 perventuros,
3480 3871 3525 3925 si
3555 3872 3713 3929 adid

2137 3937 2362 4004 periculi
2382 3939 2694 4021 devenirent
2713 3963 2875 4016 quam
2908 3952 2975 4006 ab
3001 3953 3101 4009 hac
3123 3955 3226 4011 fide
3245 3958 3554 4017 deficerent.
3586 3963 3713 4021 Ilarc

2135 4031 2314 4085 omnia
2346 4019 2620 4105 in'vigilia
2653 4038 3004 4098 Ascensionis
3031 4043 3264 4116 Domini,
3291 4061 3344 4104 et
3375 4052 3429 4105 in
3457 4061 3710 4124 sequenti

2134 4130 2295 4177 nocte
2322 4122 2463 4180 facta
2496 4137 2655 4195 sunt;
2678 4139 2732 4185 et
2752 4133 2921 4188 multa
2944 4135 3066 4202 alia,
3090 4152 3210 4207 quae
3229 4155 3339 4208 pra:
3359 4122 3710 4203 multitudine

2130 4214 2373 4276 invenire
2401 4232 2509 4270 non
2538 4221 2844 4290 potuimus;
2869 4239 3008 4293 quae,
3044 4227 3089 4280 si
3124 4229 3709 4318 invenerimus,.vobis

2130 4301 2630 4375 scribemus,(487).
2806 4315 2811 4326 '

2201 4410 2438 4464 XXXIX.
2481 4413 2610 4468 Erat
2645 4425 2905 4498 praeterea
2932 4404 3178 4489 quaedam
3219 4413 3286 4480 de
3328 4431 3572 4499 castello,
3616 4437 3702 4491 cui

465 4477 720 4533 meridies
745 4483 810 4535 ad
840 4485 1129 4542 videndum
1169 4504 1325 4549 antea
1362 4499 1446 4553 vix
1481 4502 1708 4570 suﬂecit,
1737 4523 1882 4563 nunc
1913 4525 2030 4565 cm-

465 4571 747 4594 κ....Α--1--...
784 4577 846 4594 --ζ
865 4576 945 4594 -.ογ
998 4579 1032 4594 ,1
1103 4581 1158 4594 ιο-
1591 4588 1594 4591 -

2646 4477 2664 4483 _
2948 4477 2967 4489 ,
3227 4477 3280 4480 μ
3335 4477 3572 4499 .._----.-,
3617 4477 3702 4491 ν...

2158 4515 2334 4554 mmen
2357 4511 2441 4556 est
2462 4496 2759 4572 Gudiciole,
2785 4523 2906 4577 qua:
2932 4511 3063 4578 pede
3083 4527 3150 4568 ex
3169 4520 3539 4574 contractione
3559 4540 3702 4594 genu

462 4571 753 4639 pusculum
783 4576 958 4631 nectis
984 4579 1180 4634 obedit.

532 4681 722 4739 XXXI.
763 4685 1101 4746 Convenerat
1129 4694 1196 4748 ad
1223 4697 1409 4752 urbem
1446 4700 1785 4764 Mantuanam
1817 4729 1914 4782 pro
1939 4732 2031 4771 vc-

462 4771 742 4830 neratione
777 4779 951 4832 sancti
979 4781 1079 4834 viri
1110 4784 1396 4840 multitudo
1417 4805 1631 4862 magna,
1656 4795 1722 4849 de
1741 4771 1953 4858 civitate
1977 4816 2030 4860 et

463 4857 773 4929 episcopatu
800 4865 1010 4924 Brixize.
1050 4870 1194 4927 lnwr
1215 4890 1354 4944 quos
1372 4857 1531 4934 erant
1550 4885 1770 4950 quidam
1802 4891 1903 4942 sub
1935 4895 2030 4946 ob—

463 4952 615 5000 tentu
637 4951 928 5022 religionis,
957 4960 1065 5015 imo
1086 4977 1246 5018 causa
1273 4967 1654 5026 simulationis.
1697 4975 1775 5028 Ad
1797 4993 2026 5046 quorum

461 5321 630 5362 senex
668 5309 736 5366 de
771 5310 974 5370 familia
998 5317 1296 5391 Manifredi,
1326 5330 1534 5390 deloco
1571 5309 1662 5406 qui
1693 5339 1891 5394 dicitur
1929 5341 2022 5395 Pi-

462 5409 713 5468 gognata,
741 5403 812 5457 ob
833 5403 1150 5466 incisionem
1176 5416 1337 5472 unius
1367 5435 1526 5490 genu,
1556 5403 1840 5485 accedente
1884 5448 2021 5501 quo—

463 5500 571 5555 que
592 5489 742 5546 alteri
767 5500 916 5564 gutta
943 5494 1287 5574 [apoplexia],
1309 5489 1590 5569 occasione
1619 5517 1782 5587 hujus
1802 5489 2024 5574 incisio-

463 5576 570 5644 nis,
617 5580 788 5639 ofﬁcio
835 5588 1028 5655 pedum
1055 5592 1229 5648 tribus
1277 5599 1554 5658 mensibus
1598 5576 1874 5674 caruerat;
1927 5613 2020 5678 qui

2133 4597 2330 4644 terram
2366 4594 2627 4665 attingere
2668 4613 2776 4651 non
2819 4600 3024 4667 valens,
3061 4602 3358 4662 incedendo
3399 4625 3567 4667 curva
3610 4616 3700 4670 vix

2131 4682 2343 4739 duobus
2375 4685 2580 4742 baculis
2610 4688 2857 4745 infirmos
2888 4695 3222 4752 sustentabat
3245 4707 3414 4756 artus.
3455 4700 3584 4758 Haec.
3607 4708 3702 4761 ali-

2129 4784 2262 4843 quot
2307 4776 2499 4832 diebus
2538 4779 2712 4833 sancti
2745 4781 3013 4848 pontiﬁcis
3059 4789 3338 4854 postulans
3381 4793 3697 4852 misericor-

2129 4864 2295 4932 diam,
2325 4877 2616 4924 consecuta
2653 4877 2739 4924 est
2774 4885 2887 4924 sua:
2925 4871 3250 4932 inﬁrmitatis
3275 4881 3547 4936 salubrem
3584 4900 3696 4940 mc-

2133 4954 2306 5008 delam

2201 5062 2314 5118 XL.
2354 5065 2477 5122 Fuit
2511 5073 2711 5138 pariter
2732 5073 2815 5126 vir
2839 5073 3057 5143 quidam
3086 5076 3282 5132 nobilis
3301 5093 3515 5148 genere,
3551 5081 3693 5138 Ade—

2131 5152 2348 5211 cherius
2369 5160 2606 5226 nomine,
2633 5163 2722 5217 cui
2747 5164 2908 5218 biduo
2934 5165 3193 5234 sanguine
3213 5182 3244 5220 e
3264 5167 3486 5224 naribus
3511 5187 3694 5226 eruni-

2129 5255 2307 5311 pente,
2328 5239 2474 5304 velut
2493 5252 2559 5306 de
2587 5269 2720 5307 vena
2757 5251 2899 5316 ferro
2932 5270 3205 5324 percussa,
3243 5257 3308 5313 de
3341 5260 3454 5315 sola
3500 5265 3692 5318 mortis

2127 5341 2525 5408 exspectatione
2565 5345 2677 5413 jam
2729 5345 3010 5414 cogitabat.
3063 5346 3164 5402 Sed
3214 5365 3336 5404 cum
3377 5351 3497 5421 jam
3543 5356 3702 5410 nulla-

2129 5431 2457 5486 medicorum
2483 5434 2720 5489 adhibita
2749 5451 2878 5490 cura
2905 5449 3336 5509 perrumpentem
3367 5445 3689 5514 sanguinem

2153 5521 2326 5577 alebat
2369 5522 2722 5594 restringere,
2773 5527 3116 5597 interpellans
3163 5541 3409 5588 sanctum
3468 5536 3686 5606 pontiti-'

2127 5624 2263 5675 cem,
2289 5621 2447 5682 atque
2483 5614 2548 5668 ad
2581 5615 2750 5684 ipsius
2784 5632 2979 5688 corpus
3003 5635 3059 5674 se
3085 5629 3370 5678 venturum
3401 5626 3682 5681 devotaus.

537 5746 680 5818 (486)
722 5752 927 5811 Rccitat
976 5762 1114 5819 hanc
1151 5767 1306 5836 epist.
1345 5767 1660 5834 B.\n.,auno
1695 5779 1844 5846 l086,
1880 5797 2026 5837 num.
2072 5783 2154 5835 l2.
2197 5783 2340 5852 (-587)
2383 5783 2668 5856 [lucusque
2707 5790 2928 5858 cpistola
2971 5791 3175 5846 Ubaldi.

3543 6014 3898 6296 xxi
