  <div class='ocr_page' id='page_1' title='image "/cluster/home/n/w/nwhite01/storage/ocr_20150623/148/uva.x000829792/470.png"; bbox 0 0 3944 6380; ppageno 0'>
   <div class='ocr_carea' id='block_1_1' title="bbox 248 403 346 458">
    <p class='ocr_par' dir='ltr' id='par_1_1' title="bbox 248 403 346 458">
     <span class='ocr_line' id='line_1_1' title="bbox 248 403 346 458; baseline 0 0"><span class='ocrx_word' id='word_1_1' title='bbox 248 403 346 458; x_wconf 70' lang='lat'><strong>9‘20</strong></span> 
     </span>
    </p>
   </div>
   <div class='ocr_carea' id='block_1_2' title="bbox 1129 403 2574 477">
    <p class='ocr_par' dir='ltr' id='par_1_2' title="bbox 1129 403 2574 477">
     <span class='ocr_line' id='line_1_2' title="bbox 1129 403 2574 477; baseline 0.003 -19"><span class='ocrx_word' id='word_1_2' title='bbox 1129 403 1400 458; x_wconf 57' lang='lat' dir='ltr'><strong>APPEND.</strong></span> <span class='ocrx_word' id='word_1_3' title='bbox 1441 405 1524 458; x_wconf 84' lang='lat' dir='ltr'><strong>lli.</strong></span> <span class='ocrx_word' id='word_1_4' title='bbox 1563 437 1632 446; x_wconf 90' lang='lat'><strong><em>—</em></strong></span> <span class='ocrx_word' id='word_1_5' title='bbox 1665 404 2088 460; x_wconf 70' lang='lat' dir='ltr'><strong>MONL‘MENTA</strong></span> <span class='ocrx_word' id='word_1_6' title='bbox 2125 405 2574 477; x_wconf 66' lang='lat' dir='ltr'><strong>GREGORIANA.</strong></span> 
     </span>
    </p>
   </div>
   <div class='ocr_carea' id='block_1_3' title="bbox 3359 420 3460 472">
    <p class='ocr_par' dir='ltr' id='par_1_3' title="bbox 3359 420 3460 472">
     <span class='ocr_line' id='line_1_3' title="bbox 3359 420 3460 472; baseline 0.02 -2"><span class='ocrx_word' id='word_1_7' title='bbox 3359 420 3460 472; x_wconf 61' lang='lat'><strong>971:0</strong></span> 
     </span>
    </p>
   </div>
   <div class='ocr_carea' id='block_1_4' title="bbox 244 515 3461 590">
    <p class='ocr_par' dir='ltr' id='par_1_4' title="bbox 244 515 3461 590">
     <span class='ocr_line' id='line_1_4' title="bbox 244 515 3461 590; baseline 0.006 -24"><span class='ocrx_word' id='word_1_8' title='bbox 244 515 498 569; x_wconf 74' lang='lat' dir='ltr'><strong>instantis</strong></span> <span class='ocrx_word' id='word_1_9' title='bbox 521 515 714 569; x_wconf 83' lang='lat' dir='ltr'><strong>mortis</strong></span> <span class='ocrx_word' id='word_1_10' title='bbox 734 517 898 570; x_wconf 86' lang='lat' dir='ltr'><strong>evasit</strong></span> <span class='ocrx_word' id='word_1_11' title='bbox 930 517 1223 586; x_wconf 78' lang='lat' dir='ltr'><strong>periculum</strong></span> <span class='ocrx_word' id='word_1_12' title='bbox 1250 517 1455 572; x_wconf 89' lang='lat' dir='ltr'><strong>meritis</strong></span> <span class='ocrx_word' id='word_1_13' title='bbox 1479 526 1529 572; x_wconf 90' lang='lat' dir='ltr'><strong>et</strong></span> <span class='ocrx_word' id='word_1_14' title='bbox 1561 519 1808 586; x_wconf 81' lang='lat' dir='ltr'><strong>precibus</strong></span> <span class='ocrx_word' id='word_1_15' title='bbox 1837 522 1880 575; x_wconf 80' lang='grc' dir='ltr'>Α</span> <span class='ocrx_word' id='word_1_16' title='bbox 1910 532 2031 572; x_wconf 92' lang='lat' dir='ltr'><strong>mus</strong></span> <span class='ocrx_word' id='word_1_17' title='bbox 2085 519 2382 586; x_wconf 78' lang='lat' dir='ltr'><strong>speculum,</strong></span> <span class='ocrx_word' id='word_1_18' title='bbox 2413 536 2442 572; x_wconf 91' lang='lat' dir='ltr'><strong>a</strong></span> <span class='ocrx_word' id='word_1_19' title='bbox 2480 536 2588 588; x_wconf 92' lang='lat' dir='ltr'><strong>quo</strong></span> <span class='ocrx_word' id='word_1_20' title='bbox 2619 523 2952 590; x_wconf 78' lang='lat' dir='ltr'><strong>postulamus</strong></span> <span class='ocrx_word' id='word_1_21' title='bbox 2981 526 3261 581; x_wconf 79' lang='lat' dir='ltr'><strong>auxilium.</strong></span> <span class='ocrx_word' id='word_1_22' title='bbox 3304 549 3324 581; x_wconf 76' lang='grc' dir='ltr'><strong><em>ι</em></strong></span> <span class='ocrx_word' id='word_1_23' title='bbox 3351 530 3461 586; x_wconf 95' lang='lat' dir='ltr'><strong>Illis</strong></span> 
     </span>
    </p>
   </div>
   <div class='ocr_carea' id='block_1_5' title="bbox 247 603 1460 681">
    <p class='ocr_par' dir='ltr' id='par_1_5' title="bbox 247 603 1460 681">
     <span class='ocr_line' id='line_1_5' title="bbox 247 603 1460 681; baseline 0 -23"><span class='ocrx_word' id='word_1_24' title='bbox 247 603 578 658; x_wconf 75' lang='lat' dir='ltr'><strong>sanctissimi</strong></span> <span class='ocrx_word' id='word_1_25' title='bbox 606 605 727 658; x_wconf 86' lang='lat' dir='ltr'><strong>viri.</strong></span> <span class='ocrx_word' id='word_1_26' title='bbox 1455 675 1460 681; x_wconf 88' lang='lat'><em>_</em></span> 
     </span>
    </p>
   </div>
   <div class='ocr_carea' id='block_1_6' title="bbox 315 692 1803 770">
    <p class='ocr_par' dir='ltr' id='par_1_6' title="bbox 315 692 1803 770">
     <span class='ocr_line' id='line_1_6' title="bbox 315 692 1803 770; baseline 0.001 -24"><span class='ocrx_word' id='word_1_27' title='bbox 315 692 452 747; x_wconf 79' lang='lat' dir='ltr'><strong>XLI.</strong></span> <span class='ocrx_word' id='word_1_28' title='bbox 495 693 640 763; x_wconf 64' lang='lat'><strong>(488)</strong></span> <span class='ocrx_word' id='word_1_29' title='bbox 695 692 1072 748; x_wconf 80' lang='lat' dir='ltr'><strong>Miraculorum</strong></span> <span class='ocrx_word' id='word_1_30' title='bbox 1127 694 1369 764; x_wconf 75' lang='lat' dir='ltr'><strong>quzedam</strong></span> <span class='ocrx_word' id='word_1_31' title='bbox 1420 695 1501 748; x_wconf 92' lang='lat' dir='ltr'><strong>vel</strong></span> <span class='ocrx_word' id='word_1_32' title='bbox 1551 695 1803 770; x_wconf 87' lang='lat' dir='ltr'><strong>oblivioni</strong></span> 
     </span>
    </p>
   </div>
   <div class='ocr_carea' id='block_1_7' title="bbox 245 784 1800 855">
    <p class='ocr_par' dir='ltr' id='par_1_7' title="bbox 245 784 1800 855">
     <span class='ocr_line' id='line_1_7' title="bbox 245 784 1800 855; baseline 0.002 -18"><span class='ocrx_word' id='word_1_33' title='bbox 245 784 441 838; x_wconf 87' lang='lat' dir='ltr'><strong>tradita</strong></span> <span class='ocrx_word' id='word_1_34' title='bbox 480 784 564 837; x_wconf 92' lang='lat' dir='ltr'><strong>vel</strong></span> <span class='ocrx_word' id='word_1_35' title='bbox 605 792 759 838; x_wconf 90' lang='lat' dir='ltr'><strong>antea</strong></span> <span class='ocrx_word' id='word_1_36' title='bbox 817 785 1105 855; x_wconf 86' lang='lat' dir='ltr'><strong>incognita,</strong></span> <span class='ocrx_word' id='word_1_37' title='bbox 1155 802 1298 838; x_wconf 83' lang='lat' dir='ltr'><strong>nunc</strong></span> <span class='ocrx_word' id='word_1_38' title='bbox 1346 800 1474 839; x_wconf 91' lang='lat' dir='ltr'><strong>vero</strong></span> <span class='ocrx_word' id='word_1_39' title='bbox 1511 795 1800 855; x_wconf 86' lang='lat' dir='ltr'><strong>comperta,</strong></span> 
     </span>
    </p>
   </div>
   <div class='ocr_carea' id='block_1_8' title="bbox 246 875 1800 946">
    <p class='ocr_par' dir='ltr' id='par_1_8' title="bbox 246 875 1800 946">
     <span class='ocr_line' id='line_1_8' title="bbox 246 875 1800 946; baseline 0.001 -16"><span class='ocrx_word' id='word_1_40' title='bbox 246 878 450 932; x_wconf 69' lang='lat' dir='ltr'><strong>notitiae</strong></span> <span class='ocrx_word' id='word_1_41' title='bbox 504 885 696 931; x_wconf 60' lang='lat' dir='ltr'><strong>vestae</strong></span> <span class='ocrx_word' id='word_1_42' title='bbox 737 886 1056 945; x_wconf 73' lang='lat' dir='ltr'><strong>praesentare</strong></span> <span class='ocrx_word' id='word_1_43' title='bbox 1091 877 1268 946; x_wconf 91' lang='lat' dir='ltr'><strong>cupio.</strong></span> <span class='ocrx_word' id='word_1_44' title='bbox 1319 875 1635 932; x_wconf 83' lang='lat' dir='ltr'><strong>Remeantcs</strong></span> <span class='ocrx_word' id='word_1_45' title='bbox 1678 893 1800 931; x_wconf 90' lang='lat' dir='ltr'><strong>cum</strong></span> 
     </span>
    </p>
   </div>
   <div class='ocr_carea' id='block_1_9' title="bbox 246 966 1799 1037">
    <p class='ocr_par' dir='ltr' id='par_1_9' title="bbox 246 966 1799 1037">
     <span class='ocr_line' id='line_1_9' title="bbox 246 966 1799 1037; baseline 0.001 -17"><span class='ocrx_word' id='word_1_46' title='bbox 246 967 444 1037; x_wconf 71' lang='lat' dir='ltr'><strong>gaudio</strong></span> <span class='ocrx_word' id='word_1_47' title='bbox 472 966 795 1031; x_wconf 86' lang='lat' dir='ltr'><strong>Brixieuses,</strong></span> <span class='ocrx_word' id='word_1_48' title='bbox 841 967 906 1021; x_wconf 89' lang='lat' dir='ltr'><strong>de</strong></span> <span class='ocrx_word' id='word_1_49' title='bbox 949 967 1144 1036; x_wconf 88' lang='lat' dir='ltr'><strong>quibus</strong></span> <span class='ocrx_word' id='word_1_50' title='bbox 1187 981 1358 1036; x_wconf 84' lang='lat' dir='ltr'><strong>nuper</strong></span> <span class='ocrx_word' id='word_1_51' title='bbox 1407 967 1593 1036; x_wconf 78' lang='lat' dir='ltr'><strong>scripsi</strong></span> <span class='ocrx_word' id='word_1_52' title='bbox 1628 968 1799 1033; x_wconf 87' lang='lat' dir='ltr'><strong>vobis,</strong></span> 
     </span>
    </p>
   </div>
   <div class='ocr_carea' id='block_1_10' title="bbox 245 1056 1799 1127">
    <p class='ocr_par' dir='ltr' id='par_1_10' title="bbox 245 1056 1799 1127">
     <span class='ocr_line' id='line_1_10' title="bbox 245 1056 1799 1127; baseline 0 -16"><span class='ocrx_word' id='word_1_53' title='bbox 245 1071 370 1112; x_wconf 71' lang='lat' dir='ltr'><strong>eum</strong></span> <span class='ocrx_word' id='word_1_54' title='bbox 388 1057 501 1126; x_wconf 87' lang='lat' dir='ltr'><strong>jam</strong></span> <span class='ocrx_word' id='word_1_55' title='bbox 528 1065 840 1127; x_wconf 90' lang='lat' dir='ltr'><strong>perventum</strong></span> <span class='ocrx_word' id='word_1_56' title='bbox 869 1065 1011 1111; x_wconf 90' lang='lat' dir='ltr'><strong>esset</strong></span> <span class='ocrx_word' id='word_1_57' title='bbox 1040 1057 1104 1111; x_wconf 91' lang='lat' dir='ltr'><strong>ad</strong></span> <span class='ocrx_word' id='word_1_58' title='bbox 1134 1057 1328 1111; x_wconf 89' lang='lat' dir='ltr'><strong>vadum</strong></span> <span class='ocrx_word' id='word_1_59' title='bbox 1357 1056 1498 1126; x_wconf 92' lang='lat' dir='ltr'><strong>quod</strong></span> <span class='ocrx_word' id='word_1_60' title='bbox 1524 1058 1799 1126; x_wconf 86' lang='lat' dir='ltr'><strong>paululum</strong></span> 
     </span>
    </p>
   </div>
   <div class='ocr_carea' id='block_1_11' title="bbox 243 1146 1798 1223">
    <p class='ocr_par' dir='ltr' id='par_1_11' title="bbox 243 1146 1798 1223">
     <span class='ocr_line' id='line_1_11' title="bbox 243 1146 1798 1223; baseline -0.001 -22"><span class='ocrx_word' id='word_1_61' title='bbox 243 1156 330 1209; x_wconf 87' lang='lat' dir='ltr'><strong>est</strong></span> <span class='ocrx_word' id='word_1_62' title='bbox 365 1162 527 1216; x_wconf 87' lang='lat' dir='ltr'><strong>supra</strong></span> <span class='ocrx_word' id='word_1_63' title='bbox 550 1146 799 1223; x_wconf 75' lang='lat' dir='ltr'><strong>Gadium,</strong></span> <span class='ocrx_word' id='word_1_64' title='bbox 826 1161 934 1200; x_wconf 93' lang='lat' dir='ltr'><strong>non</strong></span> <span class='ocrx_word' id='word_1_65' title='bbox 962 1155 1167 1215; x_wconf 84' lang='lat' dir='ltr'><strong>reperta</strong></span> <span class='ocrx_word' id='word_1_66' title='bbox 1197 1146 1303 1200; x_wconf 92' lang='lat' dir='ltr'><strong>ulla</strong></span> <span class='ocrx_word' id='word_1_67' title='bbox 1322 1146 1482 1211; x_wconf 88' lang='lat' dir='ltr'><strong>.navi,</strong></span> <span class='ocrx_word' id='word_1_68' title='bbox 1517 1147 1716 1200; x_wconf 78' lang='lat' dir='ltr'><strong>nullam</strong></span> <span class='ocrx_word' id='word_1_69' title='bbox 1745 1147 1798 1200; x_wconf 91' lang='lat' dir='ltr'><strong>in</strong></span> 
     </span>
    </p>
   </div>
   <div class='ocr_carea' id='block_1_12' title="bbox 243 1235 1792 1301">
    <p class='ocr_par' dir='ltr' id='par_1_12' title="bbox 243 1235 1792 1301">
     <span class='ocr_line' id='line_1_12' title="bbox 243 1235 1792 1301; baseline 0 -10"><span class='ocrx_word' id='word_1_70' title='bbox 243 1237 406 1291; x_wconf 87' lang='lat' dir='ltr'><strong>corde</strong></span> <span class='ocrx_word' id='word_1_71' title='bbox 434 1251 533 1290; x_wconf 87' lang='lat' dir='ltr'><strong>suo</strong></span> <span class='ocrx_word' id='word_1_72' title='bbox 568 1237 804 1290; x_wconf 89' lang='lat' dir='ltr'><strong>tulerunt</strong></span> <span class='ocrx_word' id='word_1_73' title='bbox 833 1237 1152 1301; x_wconf 85' lang='lat' dir='ltr'><strong>molestiam,</strong></span> <span class='ocrx_word' id='word_1_74' title='bbox 1187 1249 1401 1292; x_wconf 90' lang='lat' dir='ltr'><strong>omnem</strong></span> <span class='ocrx_word' id='word_1_75' title='bbox 1441 1237 1494 1289; x_wconf 87' lang='lat' dir='ltr'><strong>in</strong></span> <span class='ocrx_word' id='word_1_76' title='bbox 1525 1235 1633 1291; x_wconf 91' lang='lat' dir='ltr'><strong>Deo</strong></span> <span class='ocrx_word' id='word_1_77' title='bbox 1655 1245 1709 1291; x_wconf 88' lang='lat' dir='ltr'><strong>et</strong></span> <span class='ocrx_word' id='word_1_78' title='bbox 1737 1237 1792 1291; x_wconf 89' lang='lat' dir='ltr'><strong>S.</strong></span> 
     </span>
    </p>
   </div>
   <div class='ocr_carea' id='block_1_13' title="bbox 242 1325 1797 1396">
    <p class='ocr_par' dir='ltr' id='par_1_13' title="bbox 242 1325 1797 1396">
     <span class='ocr_line' id='line_1_13' title="bbox 242 1325 1797 1396; baseline 0.002 -17"><span class='ocrx_word' id='word_1_79' title='bbox 242 1327 503 1381; x_wconf 81' lang='lat' dir='ltr'><strong>Ansclmo</strong></span> <span class='ocrx_word' id='word_1_80' title='bbox 523 1335 782 1394; x_wconf 88' lang='lat' dir='ltr'><strong>ponentes</strong></span> <span class='ocrx_word' id='word_1_81' title='bbox 806 1325 1074 1381; x_wconf 88' lang='lat' dir='ltr'><strong>ﬁduciam.</strong></span> <span class='ocrx_word' id='word_1_82' title='bbox 1113 1326 1316 1380; x_wconf 77' lang='lat' dir='ltr'><strong>Moram</strong></span> <span class='ocrx_word' id='word_1_83' title='bbox 1341 1327 1521 1396; x_wconf 88' lang='lat' dir='ltr'><strong>itaque</strong></span> <span class='ocrx_word' id='word_1_84' title='bbox 1550 1327 1797 1382; x_wconf 87' lang='lat' dir='ltr'><strong>facienti-</strong></span> 
     </span>
    </p>
   </div>
   <div class='ocr_carea' id='block_1_14' title="bbox 241 1417 1794 1496">
    <p class='ocr_par' dir='ltr' id='par_1_14' title="bbox 241 1417 1794 1496">
     <span class='ocr_line' id='line_1_14' title="bbox 241 1417 1794 1496; baseline 0.003 -26"><span class='ocrx_word' id='word_1_85' title='bbox 241 1427 368 1481; x_wconf 78' lang='lat' dir='ltr'><strong>bus,</strong></span> <span class='ocrx_word' id='word_1_86' title='bbox 397 1417 632 1486; x_wconf 89' lang='lat' dir='ltr'><strong>quodam</strong></span> <span class='ocrx_word' id='word_1_87' title='bbox 673 1431 812 1486; x_wconf 90' lang='lat' dir='ltr'><strong>equo</strong></span> <span class='ocrx_word' id='word_1_88' title='bbox 844 1432 909 1470; x_wconf 78' lang='lat' dir='ltr'><strong>ex</strong></span> <span class='ocrx_word' id='word_1_89' title='bbox 939 1418 1052 1496; x_wconf 73' lang='lat' dir='ltr'><strong>alia</strong></span> <span class='ocrx_word' id='word_1_90' title='bbox 1097 1425 1248 1486; x_wconf 88' lang='lat' dir='ltr'><strong>parte</strong></span> <span class='ocrx_word' id='word_1_91' title='bbox 1290 1417 1525 1473; x_wconf 79' lang='lat' dir='ltr'><strong>fluminis</strong></span> <span class='ocrx_word' id='word_1_92' title='bbox 1560 1419 1674 1474; x_wconf 89' lang='lat' dir='ltr'><strong>viso</strong></span> <span class='ocrx_word' id='word_1_93' title='bbox 1703 1421 1794 1490; x_wconf 87' lang='lat' dir='ltr'><strong>qui</strong></span> 
     </span>
    </p>
   </div>
   <div class='ocr_carea' id='block_1_15' title="bbox 239 1505 1796 1578">
    <p class='ocr_par' dir='ltr' id='par_1_15' title="bbox 239 1505 1796 1578">
     <span class='ocr_line' id='line_1_15' title="bbox 239 1505 1796 1578; baseline 0.004 -20"><span class='ocrx_word' id='word_1_94' title='bbox 239 1505 483 1560; x_wconf 85' lang='lat' dir='ltr'><strong>moriens</strong></span> <span class='ocrx_word' id='word_1_95' title='bbox 511 1514 566 1560; x_wconf 91' lang='lat' dir='ltr'><strong>et</strong></span> <span class='ocrx_word' id='word_1_96' title='bbox 596 1506 854 1560; x_wconf 90' lang='lat' dir='ltr'><strong>exhalans</strong></span> <span class='ocrx_word' id='word_1_97' title='bbox 891 1507 1092 1575; x_wconf 86' lang='lat' dir='ltr'><strong>absque</strong></span> <span class='ocrx_word' id='word_1_98' title='bbox 1115 1508 1236 1561; x_wconf 92' lang='lat' dir='ltr'><strong>cibo</strong></span> <span class='ocrx_word' id='word_1_99' title='bbox 1284 1515 1338 1560; x_wconf 93' lang='lat' dir='ltr'><strong>et</strong></span> <span class='ocrx_word' id='word_1_100' title='bbox 1381 1516 1505 1576; x_wconf 90' lang='lat' dir='ltr'><strong>potu</strong></span> <span class='ocrx_word' id='word_1_101' title='bbox 1560 1524 1656 1578; x_wconf 91' lang='lat' dir='ltr'><strong>per</strong></span> <span class='ocrx_word' id='word_1_102' title='bbox 1700 1513 1796 1564; x_wconf 89' lang='lat' dir='ltr'><strong>tri-</strong></span> 
     </span>
    </p>
   </div>
   <div class='ocr_carea' id='block_1_16' title="bbox 237 1595 1793 1665">
    <p class='ocr_par' dir='ltr' id='par_1_16' title="bbox 237 1595 1793 1665">
     <span class='ocr_line' id='line_1_16' title="bbox 237 1595 1793 1665; baseline 0.003 -16"><span class='ocrx_word' id='word_1_103' title='bbox 237 1595 408 1649; x_wconf 91' lang='lat' dir='ltr'><strong>duum</strong></span> <span class='ocrx_word' id='word_1_104' title='bbox 442 1596 514 1648; x_wconf 92' lang='lat' dir='ltr'><strong>ibi</strong></span> <span class='ocrx_word' id='word_1_105' title='bbox 552 1595 812 1664; x_wconf 90' lang='lat' dir='ltr'><strong>jacucrat,</strong></span> <span class='ocrx_word' id='word_1_106' title='bbox 845 1596 1064 1665; x_wconf 91' lang='lat' dir='ltr'><strong>quidam</strong></span> <span class='ocrx_word' id='word_1_107' title='bbox 1111 1611 1176 1650; x_wconf 87' lang='lat' dir='ltr'><strong>ex</strong></span> <span class='ocrx_word' id='word_1_108' title='bbox 1207 1597 1286 1651; x_wconf 90' lang='lat' dir='ltr'><strong>eis</strong></span> <span class='ocrx_word' id='word_1_109' title='bbox 1315 1597 1676 1654; x_wconf 89' lang='lat' dir='ltr'><strong>indubitanter</strong></span> <span class='ocrx_word' id='word_1_110' title='bbox 1701 1616 1793 1654; x_wconf 90' lang='lat' dir='ltr'><strong>ro-</strong></span> 
     </span>
    </p>
   </div>
   <div class='ocr_carea' id='block_1_17' title="bbox 236 1683 1794 1762">
    <p class='ocr_par' dir='ltr' id='par_1_17' title="bbox 236 1683 1794 1762">
     <span class='ocr_line' id='line_1_17' title="bbox 236 1683 1794 1762; baseline 0.004 -25"><span class='ocrx_word' id='word_1_111' title='bbox 236 1685 386 1754; x_wconf 88' lang='lat' dir='ltr'><strong>gavit</strong></span> <span class='ocrx_word' id='word_1_112' title='bbox 416 1683 582 1738; x_wconf 89' lang='lat' dir='ltr'><strong>Deum</strong></span> <span class='ocrx_word' id='word_1_113' title='bbox 625 1695 680 1739; x_wconf 89' lang='lat' dir='ltr'><strong>et</strong></span> <span class='ocrx_word' id='word_1_114' title='bbox 802 1685 1113 1739; x_wconf 80' lang='lat' dir='ltr'><strong>Anselmum</strong></span> <span class='ocrx_word' id='word_1_115' title='bbox 1144 1693 1204 1740; x_wconf 89' lang='lat' dir='ltr'><strong>ut</strong></span> <span class='ocrx_word' id='word_1_116' title='bbox 1231 1696 1474 1757; x_wconf 79' lang='lat' dir='ltr'><strong>surgeret</strong></span> <span class='ocrx_word' id='word_1_117' title='bbox 1514 1697 1567 1742; x_wconf 90' lang='lat' dir='ltr'><strong>et</strong></span> <span class='ocrx_word' id='word_1_118' title='bbox 1604 1705 1794 1744; x_wconf 89' lang='lat' dir='ltr'><strong>omnes</strong></span> 
     </span>
    </p>
   </div>
   <div class='ocr_carea' id='block_1_18' title="bbox 236 1775 1792 1844">
    <p class='ocr_par' dir='ltr' id='par_1_18' title="bbox 236 1775 1792 1844">
     <span class='ocr_line' id='line_1_18' title="bbox 236 1775 1792 1844; baseline 0.003 -15"><span class='ocrx_word' id='word_1_119' title='bbox 236 1777 628 1830; x_wconf 85' lang='lat' dir='ltr'><strong>transveheret.</strong></span> <span class='ocrx_word' id='word_1_120' title='bbox 669 1775 770 1842; x_wconf 85' lang='lat' dir='ltr'><strong>Qui</strong></span> <span class='ocrx_word' id='word_1_121' title='bbox 804 1791 930 1830; x_wconf 87' lang='lat' dir='ltr'><strong>mox</strong></span> <span class='ocrx_word' id='word_1_122' title='bbox 961 1777 1213 1844; x_wconf 81' lang='lat' dir='ltr'><strong>surrexit,</strong></span> <span class='ocrx_word' id='word_1_123' title='bbox 1256 1787 1311 1833; x_wconf 90' lang='lat' dir='ltr'><strong>et</strong></span> <span class='ocrx_word' id='word_1_124' title='bbox 1356 1779 1422 1834; x_wconf 91' lang='lat' dir='ltr'><strong>ad</strong></span> <span class='ocrx_word' id='word_1_125' title='bbox 1466 1779 1792 1834; x_wconf 86' lang='lat' dir='ltr'><strong>transferen-</strong></span> 
     </span>
    </p>
   </div>
   <div class='ocr_carea' id='block_1_19' title="bbox 234 1867 843 1921">
    <p class='ocr_par' dir='ltr' id='par_1_19' title="bbox 234 1867 843 1921">
     <span class='ocr_line' id='line_1_19' title="bbox 234 1867 843 1921; baseline 0 -1"><span class='ocrx_word' id='word_1_126' title='bbox 234 1867 369 1920; x_wconf 90' lang='lat' dir='ltr'><strong>dum</strong></span> <span class='ocrx_word' id='word_1_127' title='bbox 409 1881 504 1920; x_wconf 89' lang='lat' dir='ltr'><strong>eos</strong></span> <span class='ocrx_word' id='word_1_128' title='bbox 540 1882 597 1921; x_wconf 89' lang='lat' dir='ltr'><strong>se</strong></span> <span class='ocrx_word' id='word_1_129' title='bbox 635 1867 843 1920; x_wconf 87' lang='lat' dir='ltr'><strong>obtulit.</strong></span> 
     </span>
    </p>
   </div>
   <div class='ocr_carea' id='block_1_20' title="bbox 310 1955 1788 2028">
    <p class='ocr_par' dir='ltr' id='par_1_20' title="bbox 310 1955 1788 2028">
     <span class='ocr_line' id='line_1_20' title="bbox 310 1955 1788 2028; baseline 0.002 -16"><span class='ocrx_word' id='word_1_130' title='bbox 310 1955 467 2022; x_wconf 81' lang='lat' dir='ltr'><strong>Ecce,</strong></span> <span class='ocrx_word' id='word_1_131' title='bbox 493 1972 652 2027; x_wconf 87' lang='lat' dir='ltr'><strong>quam</strong></span> <span class='ocrx_word' id='word_1_132' title='bbox 678 1958 956 2028; x_wconf 87' lang='lat' dir='ltr'><strong>magniﬁca</strong></span> <span class='ocrx_word' id='word_1_133' title='bbox 976 1958 1154 2014; x_wconf 87' lang='lat' dir='ltr'><strong>Patris</strong></span> <span class='ocrx_word' id='word_1_134' title='bbox 1178 1959 1347 2014; x_wconf 89' lang='lat' dir='ltr'><strong>nostri</strong></span> <span class='ocrx_word' id='word_1_135' title='bbox 1370 1961 1588 2014; x_wconf 88' lang='lat' dir='ltr'><strong>merita!</strong></span> <span class='ocrx_word' id='word_1_136' title='bbox 1631 1960 1788 2027; x_wconf 82' lang='lat' dir='ltr'><strong>Ecce,</strong></span> 
     </span>
    </p>
   </div>
   <div class='ocr_carea' id='block_1_21' title="bbox 231 2048 1790 2119">
    <p class='ocr_par' dir='ltr' id='par_1_21' title="bbox 231 2048 1790 2119">
     <span class='ocr_line' id='line_1_21' title="bbox 231 2048 1790 2119; baseline 0.004 -21"><span class='ocrx_word' id='word_1_137' title='bbox 231 2062 403 2115; x_wconf 88' lang='lat' dir='ltr'><strong>quam</strong></span> <span class='ocrx_word' id='word_1_138' title='bbox 434 2048 718 2116; x_wconf 90' lang='lat' dir='ltr'><strong>imperiosa</strong></span> <span class='ocrx_word' id='word_1_139' title='bbox 749 2049 1016 2116; x_wconf 87' lang='lat' dir='ltr'><strong>potentia!</strong></span> <span class='ocrx_word' id='word_1_140' title='bbox 1058 2048 1244 2103; x_wconf 80' lang='lat' dir='ltr'><strong>Mortis</strong></span> <span class='ocrx_word' id='word_1_141' title='bbox 1267 2050 1346 2103; x_wconf 81' lang='lat' dir='ltr'><strong>lex</strong></span> <span class='ocrx_word' id='word_1_142' title='bbox 1384 2049 1664 2119; x_wconf 79' lang='lat' dir='ltr'><strong>frangitur,</strong></span> <span class='ocrx_word' id='word_1_143' title='bbox 1691 2067 1790 2106; x_wconf 91' lang='lat' dir='ltr'><strong>sua</strong></span> 
     </span>
    </p>
   </div>
   <div class='ocr_carea' id='block_1_22' title="bbox 232 2134 1790 2209">
    <p class='ocr_par' dir='ltr' id='par_1_22' title="bbox 232 2134 1790 2209">
     <span class='ocr_line' id='line_1_22' title="bbox 232 2134 1790 2209; baseline 0.006 -21"><span class='ocrx_word' id='word_1_144' title='bbox 232 2134 358 2204; x_wconf 87' lang='lat' dir='ltr'><strong>jura</strong></span> <span class='ocrx_word' id='word_1_145' title='bbox 391 2137 588 2190; x_wconf 88' lang='lat' dir='ltr'><strong>mutari</strong></span> <span class='ocrx_word' id='word_1_146' title='bbox 622 2138 883 2205; x_wconf 74' lang='lat' dir='ltr'><strong>queritur,</strong></span> <span class='ocrx_word' id='word_1_147' title='bbox 921 2140 1184 2194; x_wconf 83' lang='lat' dir='ltr'><strong>obnoxius</strong></span> <span class='ocrx_word' id='word_1_148' title='bbox 1217 2139 1377 2194; x_wconf 89' lang='lat' dir='ltr'><strong>morti</strong></span> <span class='ocrx_word' id='word_1_149' title='bbox 1400 2140 1643 2209; x_wconf 85' lang='lat' dir='ltr'><strong>eripitur,</strong></span> <span class='ocrx_word' id='word_1_150' title='bbox 1670 2143 1790 2197; x_wconf 76' lang='lat' dir='ltr'><strong>vita:</strong></span> 
     </span>
    </p>
   </div>
   <div class='ocr_carea' id='block_1_23' title="bbox 229 2225 1786 2302">
    <p class='ocr_par' dir='ltr' id='par_1_23' title="bbox 229 2225 1786 2302">
     <span class='ocr_line' id='line_1_23' title="bbox 229 2225 1786 2302; baseline 0.004 -23"><span class='ocrx_word' id='word_1_151' title='bbox 229 2225 566 2291; x_wconf 83' lang='lat' dir='ltr'><strong>conceditur,</strong></span> <span class='ocrx_word' id='word_1_152' title='bbox 583 2226 706 2282; x_wconf 67' lang='lat' dir='ltr'><strong>vitaz</strong></span> <span class='ocrx_word' id='word_1_153' title='bbox 726 2236 1022 2296; x_wconf 86' lang='lat' dir='ltr'><strong>reparatur,</strong></span> <span class='ocrx_word' id='word_1_154' title='bbox 1048 2238 1106 2283; x_wconf 90' lang='lat' dir='ltr'><strong>ut</strong></span> <span class='ocrx_word' id='word_1_155' title='bbox 1127 2230 1295 2285; x_wconf 88' lang='lat' dir='ltr'><strong>servis</strong></span> <span class='ocrx_word' id='word_1_156' title='bbox 1316 2229 1408 2284; x_wconf 87' lang='lat' dir='ltr'><strong>Dei</strong></span> <span class='ocrx_word' id='word_1_157' title='bbox 1430 2231 1786 2302; x_wconf 88' lang='lat' dir='ltr'><strong>obsequatur;</strong></span> 
     </span>
    </p>
   </div>
   <div class='ocr_carea' id='block_1_24' title="bbox 227 2314 1791 2390">
    <p class='ocr_par' dir='ltr' id='par_1_24' title="bbox 227 2314 1791 2390">
     <span class='ocr_line' id='line_1_24' title="bbox 227 2314 1791 2390; baseline 0.005 -22"><span class='ocrx_word' id='word_1_158' title='bbox 227 2322 288 2370; x_wconf 81' lang='lat' dir='ltr'><strong>et</strong></span> <span class='ocrx_word' id='word_1_159' title='bbox 321 2315 414 2384; x_wconf 88' lang='lat' dir='ltr'><strong>qui</strong></span> <span class='ocrx_word' id='word_1_160' title='bbox 441 2330 500 2370; x_wconf 88' lang='lat' dir='ltr'><strong>se</strong></span> <span class='ocrx_word' id='word_1_161' title='bbox 537 2314 678 2371; x_wconf 88' lang='lat' dir='ltr'><strong>ferre</strong></span> <span class='ocrx_word' id='word_1_162' title='bbox 714 2332 819 2372; x_wconf 89' lang='lat' dir='ltr'><strong>non</strong></span> <span class='ocrx_word' id='word_1_163' title='bbox 848 2326 1070 2387; x_wconf 86' lang='lat' dir='ltr'><strong>poterat,</strong></span> <span class='ocrx_word' id='word_1_164' title='bbox 1095 2319 1162 2374; x_wconf 87' lang='lat' dir='ltr'><strong>ad</strong></span> <span class='ocrx_word' id='word_1_165' title='bbox 1187 2318 1464 2382; x_wconf 88' lang='lat' dir='ltr'><strong>ferendum</strong></span> <span class='ocrx_word' id='word_1_166' title='bbox 1497 2336 1635 2376; x_wconf 92' lang='lat' dir='ltr'><strong>onus</strong></span> <span class='ocrx_word' id='word_1_167' title='bbox 1655 2338 1791 2390; x_wconf 66' lang='lat' dir='ltr'><strong>prte-</strong></span> 
     </span>
    </p>
   </div>
   <div class='ocr_carea' id='block_1_25' title="bbox 228 2405 1790 2478">
    <p class='ocr_par' dir='ltr' id='par_1_25' title="bbox 228 2405 1790 2478">
     <span class='ocr_line' id='line_1_25' title="bbox 228 2405 1790 2478; baseline 0.006 -21"><span class='ocrx_word' id='word_1_168' title='bbox 228 2405 464 2472; x_wconf 87' lang='lat' dir='ltr'><strong>paravit,</strong></span> <span class='ocrx_word' id='word_1_169' title='bbox 506 2414 560 2459; x_wconf 91' lang='lat' dir='ltr'><strong>et</strong></span> <span class='ocrx_word' id='word_1_170' title='bbox 604 2413 714 2460; x_wconf 89' lang='lat' dir='ltr'><strong>tam</strong></span> <span class='ocrx_word' id='word_1_171' title='bbox 768 2405 1089 2462; x_wconf 87' lang='lat' dir='ltr'><strong>famulanter</strong></span> <span class='ocrx_word' id='word_1_172' title='bbox 1123 2409 1190 2463; x_wconf 89' lang='lat' dir='ltr'><strong>ad</strong></span> <span class='ocrx_word' id='word_1_173' title='bbox 1229 2411 1526 2478; x_wconf 88' lang='lat' dir='ltr'><strong>parendum</strong></span> <span class='ocrx_word' id='word_1_174' title='bbox 1556 2427 1613 2465; x_wconf 90' lang='lat' dir='ltr'><strong>se</strong></span> <span class='ocrx_word' id='word_1_175' title='bbox 1636 2411 1790 2466; x_wconf 88' lang='lat' dir='ltr'><strong>oﬁ&#39;ert</strong></span> 
     </span>
    </p>
   </div>
   <div class='ocr_carea' id='block_1_26' title="bbox 227 2497 1788 2565">
    <p class='ocr_par' dir='ltr' id='par_1_26' title="bbox 227 2497 1788 2565">
     <span class='ocr_line' id='line_1_26' title="bbox 227 2497 1788 2565; baseline 0.004 -15"><span class='ocrx_word' id='word_1_176' title='bbox 227 2498 391 2565; x_wconf 87' lang='lat' dir='ltr'><strong>quasi</strong></span> <span class='ocrx_word' id='word_1_177' title='bbox 419 2497 625 2552; x_wconf 89' lang='lat' dir='ltr'><strong>ratione</strong></span> <span class='ocrx_word' id='word_1_178' title='bbox 657 2515 764 2554; x_wconf 90' lang='lat' dir='ltr'><strong>non</strong></span> <span class='ocrx_word' id='word_1_179' title='bbox 793 2508 1020 2554; x_wconf 88' lang='lat' dir='ltr'><strong>careret.</strong></span> <span class='ocrx_word' id='word_1_180' title='bbox 1063 2499 1208 2554; x_wconf 84' lang='lat' dir='ltr'><strong>Velle</strong></span> <span class='ocrx_word' id='word_1_181' title='bbox 1247 2500 1425 2555; x_wconf 87' lang='lat' dir='ltr'><strong>dicere</strong></span> <span class='ocrx_word' id='word_1_182' title='bbox 1450 2501 1658 2555; x_wconf 89' lang='lat' dir='ltr'><strong>videtur</strong></span> <span class='ocrx_word' id='word_1_183' title='bbox 1685 2521 1698 2556; x_wconf 91' lang='lat'><strong>:</strong></span> <span class='ocrx_word' id='word_1_184' title='bbox 1729 2502 1788 2557; x_wconf 91' lang='lat' dir='ltr'><strong>Si</strong></span> 
     </span>
    </p>
   </div>
   <div class='ocr_carea' id='block_1_27' title="bbox 228 2591 1788 2656">
    <p class='ocr_par' dir='ltr' id='par_1_27' title="bbox 228 2591 1788 2656">
     <span class='ocr_line' id='line_1_27' title="bbox 228 2591 1788 2656; baseline 0.005 -16"><span class='ocrx_word' id='word_1_185' title='bbox 228 2595 426 2640; x_wconf 88' lang='lat' dir='ltr'><strong>natura</strong></span> <span class='ocrx_word' id='word_1_186' title='bbox 463 2595 755 2656; x_wconf 89' lang='lat' dir='ltr'><strong>pateretur,</strong></span> <span class='ocrx_word' id='word_1_187' title='bbox 784 2604 883 2644; x_wconf 90' lang='lat' dir='ltr'><strong>cur</strong></span> <span class='ocrx_word' id='word_1_188' title='bbox 917 2604 1002 2644; x_wconf 91' lang='lat' dir='ltr'><strong>me</strong></span> <span class='ocrx_word' id='word_1_189' title='bbox 1036 2605 1141 2644; x_wconf 88' lang='lat' dir='ltr'><strong>non</strong></span> <span class='ocrx_word' id='word_1_190' title='bbox 1179 2591 1515 2645; x_wconf 84' lang='lat' dir='ltr'><strong>ascenditis?</strong></span> <span class='ocrx_word' id='word_1_191' title='bbox 1548 2591 1660 2646; x_wconf 91' lang='lat' dir='ltr'><strong>Cur</strong></span> <span class='ocrx_word' id='word_1_192' title='bbox 1701 2609 1788 2648; x_wconf 90' lang='lat' dir='ltr'><strong>me</strong></span> 
     </span>
    </p>
   </div>
   <div class='ocr_carea' id='block_1_28' title="bbox 227 2677 1788 2752">
    <p class='ocr_par' dir='ltr' id='par_1_28' title="bbox 227 2677 1788 2752">
     <span class='ocr_line' id='line_1_28' title="bbox 227 2677 1788 2752; baseline 0.004 -21"><span class='ocrx_word' id='word_1_193' title='bbox 227 2677 301 2732; x_wconf 83' lang='lat' dir='ltr'><strong>ad</strong></span> <span class='ocrx_word' id='word_1_194' title='bbox 345 2678 619 2733; x_wconf 67' lang='lat' dir='ltr'><strong>Servitium</strong></span> <span class='ocrx_word' id='word_1_195' title='bbox 655 2687 892 2734; x_wconf 86' lang='lat' dir='ltr'><strong>vestrum</strong></span> <span class='ocrx_word' id='word_1_196' title='bbox 941 2695 1048 2752; x_wconf 91' lang='lat' dir='ltr'><strong>non</strong></span> <span class='ocrx_word' id='word_1_197' title='bbox 1078 2681 1380 2746; x_wconf 84' lang='lat' dir='ltr'><strong>exercetis?</strong></span> <span class='ocrx_word' id='word_1_198' title='bbox 1414 2680 1529 2736; x_wconf 87' lang='lat' dir='ltr'><strong>Non</strong></span> <span class='ocrx_word' id='word_1_199' title='bbox 1569 2699 1688 2736; x_wconf 92' lang='lat' dir='ltr'><strong>sum</strong></span> <span class='ocrx_word' id='word_1_200' title='bbox 1719 2685 1788 2737; x_wconf 85' lang='lat' dir='ltr'><strong>ob</strong></span> 
     </span>
    </p>
   </div>
   <div class='ocr_carea' id='block_1_29' title="bbox 225 2769 1790 2842">
    <p class='ocr_par' dir='ltr' id='par_1_29' title="bbox 225 2769 1790 2842">
     <span class='ocr_line' id='line_1_29' title="bbox 225 2769 1790 2842; baseline 0.004 -20"><span class='ocrx_word' id='word_1_201' title='bbox 225 2770 376 2823; x_wconf 84' lang='lat' dir='ltr'><strong>aliud</strong></span> <span class='ocrx_word' id='word_1_202' title='bbox 401 2769 523 2824; x_wconf 66' lang='lat' dir='ltr'><strong>vitae</strong></span> <span class='ocrx_word' id='word_1_203' title='bbox 545 2785 834 2824; x_wconf 88' lang='lat' dir='ltr'><strong>concessus</strong></span> <span class='ocrx_word' id='word_1_204' title='bbox 857 2771 1153 2841; x_wconf 87' lang='lat' dir='ltr'><strong>mortisque</strong></span> <span class='ocrx_word' id='word_1_205' title='bbox 1171 2769 1419 2826; x_wconf 73' lang='lat' dir='ltr'><strong>faucibus</strong></span> <span class='ocrx_word' id='word_1_206' title='bbox 1443 2782 1676 2842; x_wconf 88' lang='lat' dir='ltr'><strong>ereptus.</strong></span> <span class='ocrx_word' id='word_1_207' title='bbox 1702 2773 1790 2828; x_wconf 89' lang='lat' dir='ltr'><strong>In-</strong></span> 
     </span>
    </p>
   </div>
   <div class='ocr_carea' id='block_1_30' title="bbox 227 2860 1788 2932">
    <p class='ocr_par' dir='ltr' id='par_1_30' title="bbox 227 2860 1788 2932">
     <span class='ocr_line' id='line_1_30' title="bbox 227 2860 1788 2932; baseline 0.004 -20"><span class='ocrx_word' id='word_1_208' title='bbox 227 2868 376 2916; x_wconf 85' lang='lat' dir='ltr'><strong>terea</strong></span> <span class='ocrx_word' id='word_1_209' title='bbox 411 2861 627 2930; x_wconf 90' lang='lat' dir='ltr'><strong>quidam</strong></span> <span class='ocrx_word' id='word_1_210' title='bbox 654 2869 832 2915; x_wconf 68' lang='lat' dir='ltr'><strong>nauta:</strong></span> <span class='ocrx_word' id='word_1_211' title='bbox 861 2861 1100 2916; x_wconf 86' lang='lat' dir='ltr'><strong>videntes</strong></span> <span class='ocrx_word' id='word_1_212' title='bbox 1147 2860 1268 2917; x_wconf 88' lang='lat' dir='ltr'><strong>illos</strong></span> <span class='ocrx_word' id='word_1_213' title='bbox 1306 2864 1446 2930; x_wconf 89' lang='lat' dir='ltr'><strong>apud</strong></span> <span class='ocrx_word' id='word_1_214' title='bbox 1475 2863 1643 2932; x_wconf 89' lang='lat' dir='ltr'><strong>ripam</strong></span> <span class='ocrx_word' id='word_1_215' title='bbox 1675 2881 1788 2919; x_wconf 88' lang='lat' dir='ltr'><strong>ma-</strong></span> 
     </span>
    </p>
   </div>
   <div class='ocr_carea' id='block_1_31' title="bbox 225 2941 1784 3023">
    <p class='ocr_par' dir='ltr' id='par_1_31' title="bbox 225 2941 1784 3023">
     <span class='ocr_line' id='line_1_31' title="bbox 225 2941 1784 3023; baseline 0.006 -21"><span class='ocrx_word' id='word_1_216' title='bbox 225 2958 442 3014; x_wconf 79' lang='lat' dir='ltr'><strong>nentes,</strong></span> <span class='ocrx_word' id='word_1_217' title='bbox 490 2950 700 3020; x_wconf 90' lang='lat' dir='ltr'><strong>navigio</strong></span> <span class='ocrx_word' id='word_1_218' title='bbox 733 2951 798 3005; x_wconf 85' lang='lat' dir='ltr'><strong>ad</strong></span> <span class='ocrx_word' id='word_1_219' title='bbox 845 2952 1296 3009; x_wconf 79' lang='lat' dir='ltr'><strong>transvehende</strong></span> <span class='ocrx_word' id='word_1_220' title='bbox 1344 2941 1463 3010; x_wconf 73' lang='lat' dir='ltr'><strong>illos</strong></span> <span class='ocrx_word' id='word_1_221' title='bbox 1505 2955 1784 3023; x_wconf 83' lang='lat' dir='ltr'><strong>advenere,</strong></span> 
     </span>
    </p>
   </div>
   <div class='ocr_carea' id='block_1_32' title="bbox 224 3040 1785 3112">
    <p class='ocr_par' dir='ltr' id='par_1_32' title="bbox 224 3040 1785 3112">
     <span class='ocr_line' id='line_1_32' title="bbox 224 3040 1785 3112; baseline 0.004 -20"><span class='ocrx_word' id='word_1_222' title='bbox 224 3047 510 3108; x_wconf 81' lang='lat' dir='ltr'><strong>sperantes</strong></span> <span class='ocrx_word' id='word_1_223' title='bbox 553 3054 611 3094; x_wconf 86' lang='lat' dir='ltr'><strong>se</strong></span> <span class='ocrx_word' id='word_1_224' title='bbox 648 3040 715 3094; x_wconf 90' lang='lat' dir='ltr'><strong>ab</strong></span> <span class='ocrx_word' id='word_1_225' title='bbox 755 3041 836 3096; x_wconf 89' lang='lat' dir='ltr'><strong>eis</strong></span> <span class='ocrx_word' id='word_1_226' title='bbox 879 3043 1108 3110; x_wconf 77' lang='lat' dir='ltr'><strong>pretium</strong></span> <span class='ocrx_word' id='word_1_227' title='bbox 1162 3041 1359 3097; x_wconf 85' lang='lat' dir='ltr'><strong>habere</strong></span> <span class='ocrx_word' id='word_1_228' title='bbox 1397 3059 1574 3112; x_wconf 89' lang='lat' dir='ltr'><strong>posse.</strong></span> <span class='ocrx_word' id='word_1_229' title='bbox 1614 3044 1785 3109; x_wconf 91' lang='lat' dir='ltr'><strong>Quam</strong></span> 
     </span>
    </p>
   </div>
   <div class='ocr_carea' id='block_1_33' title="bbox 224 3129 1852 3217">
    <p class='ocr_par' dir='ltr' id='par_1_33' title="bbox 224 3129 1852 3217">
     <span class='ocr_line' id='line_1_33' title="bbox 224 3129 1852 3217; baseline 0.004 -34"><span class='ocrx_word' id='word_1_230' title='bbox 224 3144 420 3184; x_wconf 80' lang='lat' dir='ltr'><strong>navem</strong></span> <span class='ocrx_word' id='word_1_231' title='bbox 471 3130 821 3198; x_wconf 88' lang='lat' dir='ltr'><strong>intraverunt,</strong></span> <span class='ocrx_word' id='word_1_232' title='bbox 877 3141 930 3186; x_wconf 92' lang='lat' dir='ltr'><strong>et</strong></span> <span class='ocrx_word' id='word_1_233' title='bbox 975 3129 1200 3186; x_wconf 82' lang='lat' dir='ltr'><strong>feliciter</strong></span> <span class='ocrx_word' id='word_1_234' title='bbox 1241 3133 1588 3217; x_wconf 77' lang='lat' dir='ltr'><strong>transierunt.</strong></span> <span class='ocrx_word' id='word_1_235' title='bbox 1650 3133 1786 3217; x_wconf 84' lang='lat' dir='ltr'><strong>Ecce</strong></span> <span class='ocrx_word' id='word_1_236' title='bbox 1812 3158 1852 3216; x_wconf 68' lang='grc' dir='ltr'>ρ</span> 
     </span>
    </p>
   </div>
   <div class='ocr_carea' id='block_1_34' title="bbox 222 3208 1786 3291">
    <p class='ocr_par' dir='ltr' id='par_1_34' title="bbox 222 3208 1786 3291">
     <span class='ocr_line' id='line_1_34' title="bbox 222 3208 1786 3291; baseline 0.004 -18"><span class='ocrx_word' id='word_1_237' title='bbox 222 3230 492 3290; x_wconf 84' lang='lat' dir='ltr'><strong>quantum</strong></span> <span class='ocrx_word' id='word_1_238' title='bbox 522 3237 694 3291; x_wconf 91' lang='lat' dir='ltr'><strong>equus</strong></span> <span class='ocrx_word' id='word_1_239' title='bbox 723 3223 1019 3287; x_wconf 85' lang='lat' dir='ltr'><strong>laborabat,</strong></span> <span class='ocrx_word' id='word_1_240' title='bbox 1061 3231 1121 3277; x_wconf 90' lang='lat' dir='ltr'><strong>ut</strong></span> <span class='ocrx_word' id='word_1_241' title='bbox 1167 3238 1225 3278; x_wconf 91' lang='lat' dir='ltr'><strong>se</strong></span> <span class='ocrx_word' id='word_1_242' title='bbox 1262 3208 1601 3278; x_wconf 79' lang='lat' dir='ltr'><strong>obedientem</strong></span> <span class='ocrx_word' id='word_1_243' title='bbox 1633 3215 1786 3280; x_wconf 53' lang='lat' dir='ltr'><strong>exiti?</strong></span> 
     </span>
    </p>
   </div>
   <div class='ocr_carea' id='block_1_35' title="bbox 223 3310 1786 3383">
    <p class='ocr_par' dir='ltr' id='par_1_35' title="bbox 223 3310 1786 3383">
     <span class='ocr_line' id='line_1_35' title="bbox 223 3310 1786 3383; baseline 0.005 -20"><span class='ocrx_word' id='word_1_244' title='bbox 223 3310 370 3374; x_wconf 85' lang='lat' dir='ltr'><strong>beat,</strong></span> <span class='ocrx_word' id='word_1_245' title='bbox 415 3321 469 3364; x_wconf 91' lang='lat' dir='ltr'><strong>et</strong></span> <span class='ocrx_word' id='word_1_246' title='bbox 510 3320 771 3379; x_wconf 90' lang='lat' dir='ltr'><strong>quantum</strong></span> <span class='ocrx_word' id='word_1_247' title='bbox 824 3314 1030 3379; x_wconf 77' lang='lat' dir='ltr'><strong>nititur,</strong></span> <span class='ocrx_word' id='word_1_248' title='bbox 1067 3323 1127 3368; x_wconf 92' lang='lat' dir='ltr'><strong>ut</strong></span> <span class='ocrx_word' id='word_1_249' title='bbox 1167 3314 1495 3383; x_wconf 88' lang='lat' dir='ltr'><strong>obsequendi</strong></span> <span class='ocrx_word' id='word_1_250' title='bbox 1537 3316 1786 3371; x_wconf 86' lang='lat' dir='ltr'><strong>voluntas</strong></span> 
     </span>
    </p>
   </div>
   <div class='ocr_carea' id='block_1_36' title="bbox 223 3383 1784 3475">
    <p class='ocr_par' dir='ltr' id='par_1_36' title="bbox 223 3383 1784 3475">
     <span class='ocr_line' id='line_1_36' title="bbox 223 3383 1784 3475; baseline 0.004 -21"><span class='ocrx_word' id='word_1_251' title='bbox 223 3383 636 3455; x_wconf 83' lang='lat' dir='ltr'><strong>manifesteturl</strong></span> <span class='ocrx_word' id='word_1_252' title='bbox 680 3400 782 3456; x_wconf 89' lang='lat' dir='ltr'><strong>Sed</strong></span> <span class='ocrx_word' id='word_1_253' title='bbox 803 3403 946 3470; x_wconf 90' lang='lat' dir='ltr'><strong>quod</strong></span> <span class='ocrx_word' id='word_1_254' title='bbox 968 3418 1062 3456; x_wconf 89' lang='lat' dir='ltr'><strong>ore</strong></span> <span class='ocrx_word' id='word_1_255' title='bbox 1085 3418 1191 3456; x_wconf 90' lang='lat' dir='ltr'><strong>non</strong></span> <span class='ocrx_word' id='word_1_256' title='bbox 1222 3403 1478 3475; x_wconf 86' lang='lat' dir='ltr'><strong>loquitur,</strong></span> <span class='ocrx_word' id='word_1_257' title='bbox 1508 3405 1610 3459; x_wconf 93' lang='lat' dir='ltr'><strong>hoc</strong></span> <span class='ocrx_word' id='word_1_258' title='bbox 1631 3415 1784 3475; x_wconf 91' lang='lat' dir='ltr'><strong>gestu</strong></span> 
     </span>
    </p>
   </div>
   <div class='ocr_carea' id='block_1_37' title="bbox 222 3488 1783 3563">
    <p class='ocr_par' dir='ltr' id='par_1_37' title="bbox 222 3488 1783 3563">
     <span class='ocr_line' id='line_1_37' title="bbox 222 3488 1783 3563; baseline 0.004 -21"><span class='ocrx_word' id='word_1_259' title='bbox 222 3489 473 3558; x_wconf 91' lang='lat' dir='ltr'><strong>corporis</strong></span> <span class='ocrx_word' id='word_1_260' title='bbox 534 3488 829 3558; x_wconf 82' lang='lat' dir='ltr'><strong>proﬁtetur.</strong></span> <span class='ocrx_word' id='word_1_261' title='bbox 907 3489 1364 3561; x_wconf 52' lang='lat' dir='ltr'><strong>Transgrediente’</strong></span> <span class='ocrx_word' id='word_1_262' title='bbox 1413 3492 1610 3563; x_wconf 90' lang='lat' dir='ltr'><strong>quippe</strong></span> <span class='ocrx_word' id='word_1_263' title='bbox 1661 3495 1783 3548; x_wconf 88' lang='lat' dir='ltr'><strong>navi</strong></span> 
     </span>
    </p>
   </div>
   <div class='ocr_carea' id='block_1_38' title="bbox 221 3579 1779 3653">
    <p class='ocr_par' dir='ltr' id='par_1_38' title="bbox 221 3579 1779 3653">
     <span class='ocr_line' id='line_1_38' title="bbox 221 3579 1779 3653; baseline 0.005 -21"><span class='ocrx_word' id='word_1_264' title='bbox 221 3579 642 3650; x_wconf 76' lang='lat' dir='ltr'><strong>transgreditur,</strong></span> <span class='ocrx_word' id='word_1_265' title='bbox 693 3591 990 3636; x_wconf 87' lang='lat' dir='ltr'><strong>reverteute</strong></span> <span class='ocrx_word' id='word_1_266' title='bbox 1039 3597 1256 3653; x_wconf 90' lang='lat' dir='ltr'><strong>quoque</strong></span> <span class='ocrx_word' id='word_1_267' title='bbox 1308 3583 1436 3651; x_wconf 77' lang='lat' dir='ltr'><strong>illa,</strong></span> <span class='ocrx_word' id='word_1_268' title='bbox 1477 3585 1779 3640; x_wconf 89' lang='lat' dir='ltr'><strong>revertitur.</strong></span> 
     </span>
    </p>
   </div>
   <div class='ocr_carea' id='block_1_39' title="bbox 220 3666 1784 3737">
    <p class='ocr_par' dir='ltr' id='par_1_39' title="bbox 220 3666 1784 3737">
     <span class='ocr_line' id='line_1_39' title="bbox 220 3666 1784 3737; baseline 0.006 -17"><span class='ocrx_word' id='word_1_269' title='bbox 220 3666 566 3723; x_wconf 86' lang='lat' dir='ltr'><strong>Postremum</strong></span> <span class='ocrx_word' id='word_1_270' title='bbox 608 3671 929 3724; x_wconf 86' lang='lat' dir='ltr'><strong>transvectis</strong></span> <span class='ocrx_word' id='word_1_271' title='bbox 976 3671 1249 3737; x_wconf 90' lang='lat' dir='ltr'><strong>omnibus,</strong></span> <span class='ocrx_word' id='word_1_272' title='bbox 1303 3673 1369 3727; x_wconf 91' lang='lat' dir='ltr'><strong>ad</strong></span> <span class='ocrx_word' id='word_1_273' title='bbox 1415 3675 1592 3728; x_wconf 89' lang='lat' dir='ltr'><strong>locum</strong></span> <span class='ocrx_word' id='word_1_274' title='bbox 1642 3677 1784 3730; x_wconf 88' lang='lat' dir='ltr'><strong>unde</strong></span> 
     </span>
    </p>
   </div>
   <div class='ocr_carea' id='block_1_40' title="bbox 217 3757 1674 3829">
    <p class='ocr_par' dir='ltr' id='par_1_40' title="bbox 217 3757 1674 3829">
     <span class='ocr_line' id='line_1_40' title="bbox 217 3757 1674 3829; baseline 0.005 -19"><span class='ocrx_word' id='word_1_275' title='bbox 217 3764 445 3811; x_wconf 83' lang='lat' dir='ltr'><strong>venerat</strong></span> <span class='ocrx_word' id='word_1_276' title='bbox 465 3757 716 3827; x_wconf 85' lang='lat' dir='ltr'><strong>perrexit,</strong></span> <span class='ocrx_word' id='word_1_277' title='bbox 750 3758 929 3828; x_wconf 89' lang='lat' dir='ltr'><strong>ibique</strong></span> <span class='ocrx_word' id='word_1_278' title='bbox 957 3760 1115 3827; x_wconf 90' lang='lat' dir='ltr'><strong>paqu</strong></span> <span class='ocrx_word' id='word_1_279' title='bbox 1140 3770 1259 3829; x_wconf 89' lang='lat' dir='ltr'><strong>post</strong></span> <span class='ocrx_word' id='word_1_280' title='bbox 1285 3763 1450 3816; x_wconf 87' lang='lat' dir='ltr'><strong>vitam</strong></span> <span class='ocrx_word' id='word_1_281' title='bbox 1486 3765 1674 3818; x_wconf 90' lang='lat' dir='ltr'><strong>ﬁnivit.</strong></span> 
     </span>
    </p>
   </div>
   <div class='ocr_carea' id='block_1_41' title="bbox 293 3845 1782 3926">
    <p class='ocr_par' dir='ltr' id='par_1_41' title="bbox 293 3845 1782 3926">
     <span class='ocr_line' id='line_1_41' title="bbox 293 3845 1782 3926; baseline 0.008 -28"><span class='ocrx_word' id='word_1_282' title='bbox 293 3845 451 3901; x_wconf 75' lang='lat' dir='ltr'><strong>XLII.</strong></span> <span class='ocrx_word' id='word_1_283' title='bbox 493 3847 614 3902; x_wconf 86' lang='lat' dir='ltr'><strong>Fuit</strong></span> <span class='ocrx_word' id='word_1_284' title='bbox 646 3864 778 3917; x_wconf 91' lang='lat' dir='ltr'><strong>puer</strong></span> <span class='ocrx_word' id='word_1_285' title='bbox 819 3849 1038 3919; x_wconf 89' lang='lat' dir='ltr'><strong>quidam</strong></span> <span class='ocrx_word' id='word_1_286' title='bbox 1069 3850 1450 3909; x_wconf 86' lang='lat' dir='ltr'><strong>Cremonensis</strong></span> <span class='ocrx_word' id='word_1_287' title='bbox 1482 3870 1512 3908; x_wconf 92' lang='lat' dir='ltr'><strong>a</strong></span> <span class='ocrx_word' id='word_1_288' title='bbox 1538 3857 1782 3926; x_wconf 89' lang='lat' dir='ltr'><strong>complu-</strong></span> 
     </span>
    </p>
   </div>
   <div class='ocr_carea' id='block_1_42' title="bbox 217 3938 1781 4018">
    <p class='ocr_par' dir='ltr' id='par_1_42' title="bbox 217 3938 1781 4018">
     <span class='ocr_line' id='line_1_42' title="bbox 217 3938 1781 4018; baseline 0.006 -26"><span class='ocrx_word' id='word_1_289' title='bbox 217 3938 374 3993; x_wconf 69' lang='lat' dir='ltr'><strong>ribus</strong></span> <span class='ocrx_word' id='word_1_290' title='bbox 397 3939 588 3994; x_wconf 76' lang='lat' dir='ltr'><strong>\ieinis</strong></span> <span class='ocrx_word' id='word_1_291' title='bbox 614 3940 726 3995; x_wconf 79' lang='lat' dir='ltr'><strong>suis</strong></span> <span class='ocrx_word' id='word_1_292' title='bbox 755 3941 820 3994; x_wconf 81' lang='lat' dir='ltr'><strong>ad</strong></span> <span class='ocrx_word' id='word_1_293' title='bbox 846 3942 1086 3996; x_wconf 76' lang='lat' dir='ltr'><strong>tumbam</strong></span> <span class='ocrx_word' id='word_1_294' title='bbox 1122 3946 1292 3999; x_wconf 88' lang='lat' dir='ltr'><strong>sancti</strong></span> <span class='ocrx_word' id='word_1_295' title='bbox 1321 3945 1421 3999; x_wconf 86' lang='lat' dir='ltr'><strong>viri</strong></span> <span class='ocrx_word' id='word_1_296' title='bbox 1449 3947 1662 4013; x_wconf 90' lang='lat' dir='ltr'><strong>allatus,</strong></span> <span class='ocrx_word' id='word_1_297' title='bbox 1689 3950 1781 4018; x_wconf 89' lang='lat' dir='ltr'><strong>qui</strong></span> 
     </span>
    </p>
   </div>
   <div class='ocr_carea' id='block_1_43' title="bbox 217 4023 1781 4103">
    <p class='ocr_par' dir='ltr' id='par_1_43' title="bbox 217 4023 1781 4103">
     <span class='ocr_line' id='line_1_43' title="bbox 217 4023 1781 4103; baseline 0.008 -21"><span class='ocrx_word' id='word_1_298' title='bbox 217 4023 942 4103; x_wconf 51' lang='lat' dir='ltr'><strong>manuin&#39;aridamhabebat.</strong></span> <span class='ocrx_word' id='word_1_299' title='bbox 983 4029 1114 4102; x_wconf 86' lang='lat' dir='ltr'><strong>Ejus</strong></span> <span class='ocrx_word' id='word_1_300' title='bbox 1137 4036 1364 4090; x_wconf 87' lang='lat' dir='ltr'><strong>salutem</strong></span> <span class='ocrx_word' id='word_1_301' title='bbox 1403 4048 1710 4093; x_wconf 89' lang='lat' dir='ltr'><strong>reverenter</strong></span> <span class='ocrx_word' id='word_1_302' title='bbox 1728 4050 1781 4094; x_wconf 88' lang='lat' dir='ltr'><strong>et</strong></span> 
     </span>
    </p>
   </div>
   <div class='ocr_carea' id='block_1_44' title="bbox 216 4121 1779 4196">
    <p class='ocr_par' dir='ltr' id='par_1_44' title="bbox 216 4121 1779 4196">
     <span class='ocr_line' id='line_1_44' title="bbox 216 4121 1779 4196; baseline 0.004 -22"><span class='ocrx_word' id='word_1_303' title='bbox 216 4121 552 4174; x_wconf 77' lang='lat' dir='ltr'><strong>conﬁdenter</strong></span> <span class='ocrx_word' id='word_1_304' title='bbox 571 4129 625 4174; x_wconf 89' lang='lat' dir='ltr'><strong>et</strong></span> <span class='ocrx_word' id='word_1_305' title='bbox 644 4136 752 4189; x_wconf 69' lang='lat' dir='ltr'><strong>prae</strong></span> <span class='ocrx_word' id='word_1_306' title='bbox 774 4137 964 4191; x_wconf 89' lang='lat' dir='ltr'><strong>magna</strong></span> <span class='ocrx_word' id='word_1_307' title='bbox 987 4125 1329 4190; x_wconf 86' lang='lat' dir='ltr'><strong>conﬁdentia,</strong></span> <span class='ocrx_word' id='word_1_308' title='bbox 1353 4129 1506 4196; x_wconf 90' lang='lat' dir='ltr'><strong>quasi</strong></span> <span class='ocrx_word' id='word_1_309' title='bbox 1524 4128 1779 4181; x_wconf 87' lang='lat' dir='ltr'><strong>minitan-</strong></span> 
     </span>
    </p>
   </div>
   <div class='ocr_carea' id='block_1_45' title="bbox 214 4211 1780 4285">
    <p class='ocr_par' dir='ltr' id='par_1_45' title="bbox 214 4211 1780 4285">
     <span class='ocr_line' id='line_1_45' title="bbox 214 4211 1780 4285; baseline 0.007 -22"><span class='ocrx_word' id='word_1_310' title='bbox 214 4219 324 4275; x_wconf 89' lang='lat' dir='ltr'><strong>ter,</strong></span> <span class='ocrx_word' id='word_1_311' title='bbox 345 4211 704 4279; x_wconf 89' lang='lat' dir='ltr'><strong>postulabant,</strong></span> <span class='ocrx_word' id='word_1_312' title='bbox 726 4211 960 4267; x_wconf 78' lang='lat' dir='ltr'><strong>dicentes</strong></span> <span class='ocrx_word' id='word_1_313' title='bbox 987 4231 999 4265; x_wconf 94' lang='lat'><strong>:</strong></span> <span class='ocrx_word' id='word_1_314' title='bbox 1031 4232 1048 4264; x_wconf 72' lang='grc' dir='ltr'><strong>ε</strong></span> <span class='ocrx_word' id='word_1_315' title='bbox 1080 4213 1327 4270; x_wconf 84' lang='lat' dir='ltr'><strong>Piissime</strong></span> <span class='ocrx_word' id='word_1_316' title='bbox 1355 4218 1570 4285; x_wconf 70' lang='lat' dir='ltr'><strong>pnesul,</strong></span> <span class='ocrx_word' id='word_1_317' title='bbox 1595 4228 1780 4275; x_wconf 87' lang='lat' dir='ltr'><strong>sancte</strong></span> 
     </span>
    </p>
   </div>
   <div class='ocr_carea' id='block_1_46' title="bbox 215 4298 1780 4376">
    <p class='ocr_par' dir='ltr' id='par_1_46' title="bbox 215 4298 1780 4376">
     <span class='ocr_line' id='line_1_46' title="bbox 215 4298 1780 4376; baseline 0.01 -25"><span class='ocrx_word' id='word_1_318' title='bbox 215 4298 496 4366; x_wconf 77' lang='lat' dir='ltr'><strong>Anselme,</strong></span> <span class='ocrx_word' id='word_1_319' title='bbox 529 4299 804 4355; x_wconf 88' lang='lat' dir='ltr'><strong>confessor</strong></span> <span class='ocrx_word' id='word_1_320' title='bbox 831 4301 946 4368; x_wconf 90' lang='lat' dir='ltr'><strong>Dei,</strong></span> <span class='ocrx_word' id='word_1_321' title='bbox 977 4304 1169 4358; x_wconf 81' lang='lat' dir='ltr'><strong>exaudi</strong></span> <span class='ocrx_word' id='word_1_322' title='bbox 1197 4321 1297 4360; x_wconf 91' lang='lat' dir='ltr'><strong>nos</strong></span> <span class='ocrx_word' id='word_1_323' title='bbox 1329 4322 1426 4376; x_wconf 89' lang='lat' dir='ltr'><strong>pro</strong></span> <span class='ocrx_word' id='word_1_324' title='bbox 1455 4307 1658 4364; x_wconf 89' lang='lat' dir='ltr'><strong>famulo</strong></span> <span class='ocrx_word' id='word_1_325' title='bbox 1688 4320 1780 4366; x_wconf 86' lang='lat' dir='ltr'><strong>tuo</strong></span> 
     </span>
    </p>
   </div>
   <div class='ocr_carea' id='block_1_47' title="bbox 215 4392 1780 4470">
    <p class='ocr_par' dir='ltr' id='par_1_47' title="bbox 215 4392 1780 4470">
     <span class='ocr_line' id='line_1_47' title="bbox 215 4392 1780 4470; baseline 0.008 -26"><span class='ocrx_word' id='word_1_326' title='bbox 215 4400 473 4464; x_wconf 80' lang='lat' dir='ltr'><strong>orantes;</strong></span> <span class='ocrx_word' id='word_1_327' title='bbox 514 4392 559 4447; x_wconf 90' lang='lat' dir='ltr'><strong>si</strong></span> <span class='ocrx_word' id='word_1_328' title='bbox 587 4393 717 4463; x_wconf 83' lang='lat' dir='ltr'><strong>quid</strong></span> <span class='ocrx_word' id='word_1_329' title='bbox 755 4393 940 4449; x_wconf 83' lang='lat' dir='ltr'><strong>invita</strong></span> <span class='ocrx_word' id='word_1_330' title='bbox 963 4411 993 4450; x_wconf 90' lang='lat' dir='ltr'><strong>a</strong></span> <span class='ocrx_word' id='word_1_331' title='bbox 1020 4405 1071 4452; x_wconf 88' lang='lat' dir='ltr'><strong>te</strong></span> <span class='ocrx_word' id='word_1_332' title='bbox 1094 4398 1409 4465; x_wconf 89' lang='lat' dir='ltr'><strong>meruimus,</strong></span> <span class='ocrx_word' id='word_1_333' title='bbox 1443 4401 1488 4454; x_wconf 88' lang='lat' dir='ltr'><strong>si</strong></span> <span class='ocrx_word' id='word_1_334' title='bbox 1528 4403 1780 4470; x_wconf 67' lang='lat' dir='ltr'><strong>praedica-</strong></span> 
     </span>
    </p>
   </div>
   <div class='ocr_carea' id='block_1_48' title="bbox 1904 610 3461 684">
    <p class='ocr_par' dir='ltr' id='par_1_48' title="bbox 1904 610 3461 684">
     <span class='ocr_line' id='line_1_48' title="bbox 1904 610 3461 684; baseline 0.01 -24"><span class='ocrx_word' id='word_1_335' title='bbox 1904 624 2030 678; x_wconf 89' lang='lat' dir='ltr'><strong>ergo</strong></span> <span class='ocrx_word' id='word_1_336' title='bbox 2053 619 2162 664; x_wconf 92' lang='lat' dir='ltr'><strong>tam</strong></span> <span class='ocrx_word' id='word_1_337' title='bbox 2197 610 2384 664; x_wconf 87' lang='lat' dir='ltr'><strong>devote</strong></span> <span class='ocrx_word' id='word_1_338' title='bbox 2421 611 2718 678; x_wconf 83' lang='lat' dir='ltr'><strong>orantibus,</strong></span> <span class='ocrx_word' id='word_1_339' title='bbox 2751 629 2910 681; x_wconf 90' lang='lat' dir='ltr'><strong>quam</strong></span> <span class='ocrx_word' id='word_1_340' title='bbox 2939 617 3198 684; x_wconf 83' lang='lat' dir='ltr'><strong>rogabant</strong></span> <span class='ocrx_word' id='word_1_341' title='bbox 3230 620 3461 676; x_wconf 83' lang='lat' dir='ltr'><strong>salutem</strong></span> 
     </span>
    </p>
   </div>
   <div class='ocr_carea' id='block_1_49' title="bbox 1903 699 3465 775">
    <p class='ocr_par' dir='ltr' id='par_1_49' title="bbox 1903 699 3465 775">
     <span class='ocr_line' id='line_1_49' title="bbox 1903 699 3465 775; baseline 0.01 -25"><span class='ocrx_word' id='word_1_342' title='bbox 1903 712 2087 763; x_wconf 83' lang='lat' dir='ltr'><strong>eorum</strong></span> <span class='ocrx_word' id='word_1_343' title='bbox 2123 699 2370 767; x_wconf 43' lang='lat' dir='ltr'><strong>precibus</strong></span> <span class='ocrx_word' id='word_1_344' title='bbox 2395 709 2478 754; x_wconf 90' lang='lat' dir='ltr'><strong>cst</strong></span> <span class='ocrx_word' id='word_1_345' title='bbox 2507 710 2852 756; x_wconf 90' lang='lat' dir='ltr'><strong>consecutus.</strong></span> <span class='ocrx_word' id='word_1_346' title='bbox 2893 702 3064 769; x_wconf 91' lang='lat' dir='ltr'><strong>Quam</strong></span> <span class='ocrx_word' id='word_1_347' title='bbox 3089 707 3306 775; x_wconf 90' lang='lat' dir='ltr'><strong>quidam</strong></span> <span class='ocrx_word' id='word_1_348' title='bbox 3335 709 3465 766; x_wconf 76' lang='lat' dir='ltr'><strong>Ben-</strong></span> 
     </span>
    </p>
   </div>
   <div class='ocr_carea' id='block_1_50' title="bbox 1903 787 3460 868">
    <p class='ocr_par' dir='ltr' id='par_1_50' title="bbox 1903 787 3460 868">
     <span class='ocr_line' id='line_1_50' title="bbox 1903 787 3460 868; baseline 0.009 -28"><span class='ocrx_word' id='word_1_349' title='bbox 1903 803 2134 842; x_wconf 89' lang='lat' dir='ltr'><strong>mannus</strong></span> <span class='ocrx_word' id='word_1_350' title='bbox 2177 789 2244 842; x_wconf 92' lang='lat' dir='ltr'><strong>de</strong></span> <span class='ocrx_word' id='word_1_351' title='bbox 2283 787 2640 856; x_wconf 72' lang='lat' dir='ltr'><strong>Scorzariolo,</strong></span> <span class='ocrx_word' id='word_1_352' title='bbox 2672 793 2765 861; x_wconf 92' lang='lat' dir='ltr'><strong>qui</strong></span> <span class='ocrx_word' id='word_1_353' title='bbox 2795 809 3016 848; x_wconf 87' lang='lat' dir='ltr'><strong>manum</strong></span> <span class='ocrx_word' id='word_1_354' title='bbox 3049 795 3293 852; x_wconf 85' lang='lat' dir='ltr'><strong>similiter</strong></span> <span class='ocrx_word' id='word_1_355' title='bbox 3313 813 3460 868; x_wconf 30' lang='lat' dir='ltr'><strong>‘con-</strong></span> 
     </span>
    </p>
   </div>
   <div class='ocr_carea' id='block_1_51' title="bbox 1903 879 2794 950">
    <p class='ocr_par' dir='ltr' id='par_1_51' title="bbox 1903 879 2794 950">
     <span class='ocr_line' id='line_1_51' title="bbox 1903 879 2794 950; baseline 0.008 -21"><span class='ocrx_word' id='word_1_356' title='bbox 1903 885 2125 931; x_wconf 86' lang='lat' dir='ltr'><strong>tractam</strong></span> <span class='ocrx_word' id='word_1_357' title='bbox 2157 879 2404 945; x_wconf 88' lang='lat' dir='ltr'><strong>habebat,</strong></span> <span class='ocrx_word' id='word_1_358' title='bbox 2435 887 2518 933; x_wconf 90' lang='lat' dir='ltr'><strong>est</strong></span> <span class='ocrx_word' id='word_1_359' title='bbox 2550 881 2794 950; x_wconf 84' lang='lat' dir='ltr'><strong>adeptus.</strong></span> 
     </span>
    </p>
   </div>
   <div class='ocr_carea' id='block_1_52' title="bbox 1973 964 3456 1043">
    <p class='ocr_par' dir='ltr' id='par_1_52' title="bbox 1973 964 3456 1043">
     <span class='ocr_line' id='line_1_52' title="bbox 1973 964 3456 1043; baseline 0.009 -25"><span class='ocrx_word' id='word_1_360' title='bbox 1973 966 2118 1036; x_wconf 69' lang='grc'><strong>(489)</strong></span> <span class='ocrx_word' id='word_1_361' title='bbox 2170 964 2432 1022; x_wconf 67' lang='lat' dir='ltr'><strong>Praeterea</strong></span> <span class='ocrx_word' id='word_1_362' title='bbox 2479 969 2674 1024; x_wconf 88' lang='lat' dir='ltr'><strong>mulier</strong></span> <span class='ocrx_word' id='word_1_363' title='bbox 2719 973 2966 1039; x_wconf 67' lang='lat' dir='ltr'><strong>quaedam</strong></span> <span class='ocrx_word' id='word_1_364' title='bbox 2993 1013 3008 1040; x_wconf 93' lang='lat'><strong>,</strong></span> <span class='ocrx_word' id='word_1_365' title='bbox 3057 990 3178 1043; x_wconf 66' lang='lat' dir='ltr'><strong>quae</strong></span> <span class='ocrx_word' id='word_1_366' title='bbox 3229 975 3456 1030; x_wconf 91' lang='lat' dir='ltr'><strong>humum</strong></span> 
     </span>
    </p>
   </div>
   <div class='ocr_carea' id='block_1_53' title="bbox 1899 1061 3456 1129">
    <p class='ocr_par' dir='ltr' id='par_1_53' title="bbox 1899 1061 3456 1129">
     <span class='ocr_line' id='line_1_53' title="bbox 1899 1061 3456 1129; baseline 0.007 -18"><span class='ocrx_word' id='word_1_367' title='bbox 1899 1071 2098 1111; x_wconf 91' lang='lat' dir='ltr'><strong>cernua</strong></span> <span class='ocrx_word' id='word_1_368' title='bbox 2129 1071 2340 1126; x_wconf 86' lang='lat' dir='ltr'><strong>semper</strong></span> <span class='ocrx_word' id='word_1_369' title='bbox 2378 1061 2670 1128; x_wconf 88' lang='lat' dir='ltr'><strong>spectabat,</strong></span> <span class='ocrx_word' id='word_1_370' title='bbox 2711 1076 2832 1129; x_wconf 60' lang='lat' dir='ltr'><strong>qua:</strong></span> <span class='ocrx_word' id='word_1_371' title='bbox 2858 1063 2961 1117; x_wconf 89' lang='lat' dir='ltr'><strong>nisi</strong></span> <span class='ocrx_word' id='word_1_372' title='bbox 2988 1063 3130 1119; x_wconf 89' lang='lat' dir='ltr'><strong>fuste</strong></span> <span class='ocrx_word' id='word_1_373' title='bbox 3161 1075 3456 1122; x_wconf 88' lang='lat' dir='ltr'><strong>sustentata</strong></span> 
     </span>
    </p>
   </div>
   <div class='ocr_carea' id='block_1_54' title="bbox 1899 1147 3458 1224">
    <p class='ocr_par' dir='ltr' id='par_1_54' title="bbox 1899 1147 3458 1224">
     <span class='ocr_line' id='line_1_54' title="bbox 1899 1147 3458 1224; baseline 0.007 -24"><span class='ocrx_word' id='word_1_374' title='bbox 1899 1147 1978 1201; x_wconf 90' lang='lat' dir='ltr'><strong>ire</strong></span> <span class='ocrx_word' id='word_1_375' title='bbox 2018 1162 2123 1201; x_wconf 91' lang='lat' dir='ltr'><strong>non</strong></span> <span class='ocrx_word' id='word_1_376' title='bbox 2157 1149 2386 1214; x_wconf 87' lang='lat' dir='ltr'><strong>valebat,</strong></span> <span class='ocrx_word' id='word_1_377' title='bbox 2440 1151 2579 1220; x_wconf 88' lang='lat' dir='ltr'><strong>apud</strong></span> <span class='ocrx_word' id='word_1_378' title='bbox 2622 1152 2888 1206; x_wconf 89' lang='lat' dir='ltr'><strong>tumulum</strong></span> <span class='ocrx_word' id='word_1_379' title='bbox 2935 1158 3214 1210; x_wconf 87' lang='lat' dir='ltr'><strong>memorati</strong></span> <span class='ocrx_word' id='word_1_380' title='bbox 3261 1157 3458 1224; x_wconf 87' lang='lat' dir='ltr'><strong>Patris,</strong></span> 
     </span>
    </p>
   </div>
   <div class='ocr_carea' id='block_1_55' title="bbox 1899 1239 3455 1312">
    <p class='ocr_par' dir='ltr' id='par_1_55' title="bbox 1899 1239 3455 1312">
     <span class='ocr_line' id='line_1_55' title="bbox 1899 1239 3455 1312; baseline 0.006 -20"><span class='ocrx_word' id='word_1_381' title='bbox 1899 1239 2082 1293; x_wconf 85' lang='lat' dir='ltr'><strong>multis</strong></span> <span class='ocrx_word' id='word_1_382' title='bbox 2111 1239 2415 1293; x_wconf 89' lang='lat' dir='ltr'><strong>videntibus</strong></span> <span class='ocrx_word' id='word_1_383' title='bbox 2454 1251 2537 1294; x_wconf 90' lang='lat' dir='ltr'><strong>est</strong></span> <span class='ocrx_word' id='word_1_384' title='bbox 2579 1252 2775 1295; x_wconf 88' lang='lat' dir='ltr'><strong>erecta.</strong></span> <span class='ocrx_word' id='word_1_385' title='bbox 2815 1241 2984 1312; x_wconf 90' lang='lat' dir='ltr'><strong>Cujus</strong></span> <span class='ocrx_word' id='word_1_386' title='bbox 3012 1245 3187 1299; x_wconf 91' lang='lat' dir='ltr'><strong>locum</strong></span> <span class='ocrx_word' id='word_1_387' title='bbox 3219 1263 3326 1300; x_wconf 89' lang='lat' dir='ltr'><strong>non</strong></span> <span class='ocrx_word' id='word_1_388' title='bbox 3357 1263 3455 1302; x_wconf 92' lang='lat' dir='ltr'><strong>no-</strong></span> 
     </span>
    </p>
   </div>
   <div class='ocr_carea' id='block_1_56' title="bbox 1899 1329 3288 1404">
    <p class='ocr_par' dir='ltr' id='par_1_56' title="bbox 1899 1329 3288 1404">
     <span class='ocr_line' id='line_1_56' title="bbox 1899 1329 3288 1404; baseline 0.005 -23"><span class='ocrx_word' id='word_1_389' title='bbox 1899 1329 2029 1393; x_wconf 88' lang='lat' dir='ltr'><strong>tavi,</strong></span> <span class='ocrx_word' id='word_1_390' title='bbox 2052 1329 2177 1398; x_wconf 88' lang='lat' dir='ltr'><strong>quia</strong></span> <span class='ocrx_word' id='word_1_391' title='bbox 2207 1344 2314 1397; x_wconf 69' lang='lat' dir='ltr'><strong>pra:</strong></span> <span class='ocrx_word' id='word_1_392' title='bbox 2343 1331 2688 1385; x_wconf 88' lang='lat' dir='ltr'><strong>multitudine</strong></span> <span class='ocrx_word' id='word_1_393' title='bbox 2715 1333 2944 1386; x_wconf 88' lang='lat' dir='ltr'><strong>inveniri</strong></span> <span class='ocrx_word' id='word_1_394' title='bbox 2969 1351 3074 1388; x_wconf 90' lang='lat' dir='ltr'><strong>non</strong></span> <span class='ocrx_word' id='word_1_395' title='bbox 3098 1337 3288 1404; x_wconf 82' lang='lat' dir='ltr'><strong>potuit.</strong></span> 
     </span>
    </p>
   </div>
   <div class='ocr_carea' id='block_1_57' title="bbox 1967 1417 3454 1494">
    <p class='ocr_par' dir='ltr' id='par_1_57' title="bbox 1967 1417 3454 1494">
     <span class='ocr_line' id='line_1_57' title="bbox 1967 1417 3454 1494; baseline 0.007 -24"><span class='ocrx_word' id='word_1_396' title='bbox 1967 1417 2146 1472; x_wconf 89' lang='lat' dir='ltr'><strong>Tertia</strong></span> <span class='ocrx_word' id='word_1_397' title='bbox 2173 1434 2298 1473; x_wconf 91' lang='lat' dir='ltr'><strong>vero</strong></span> <span class='ocrx_word' id='word_1_398' title='bbox 2321 1418 2406 1473; x_wconf 89' lang='lat' dir='ltr'><strong>die</strong></span> <span class='ocrx_word' id='word_1_399' title='bbox 2428 1419 2810 1476; x_wconf 80' lang='lat' dir='ltr'><strong>Ascensionem</strong></span> <span class='ocrx_word' id='word_1_400' title='bbox 2843 1421 3055 1478; x_wconf 91' lang='lat' dir='ltr'><strong>Domini</strong></span> <span class='ocrx_word' id='word_1_401' title='bbox 3093 1425 3454 1494; x_wconf 85' lang='lat' dir='ltr'><strong>antecedente,</strong></span> 
     </span>
    </p>
   </div>
   <div class='ocr_carea' id='block_1_58' title="bbox 1894 1505 3455 1582">
    <p class='ocr_par' dir='ltr' id='par_1_58' title="bbox 1894 1505 3455 1582">
     <span class='ocr_line' id='line_1_58' title="bbox 1894 1505 3455 1582; baseline 0.006 -22"><span class='ocrx_word' id='word_1_402' title='bbox 1894 1505 2002 1560; x_wconf 93' lang='lat' dir='ltr'><strong>duo</strong></span> <span class='ocrx_word' id='word_1_403' title='bbox 2030 1505 2169 1562; x_wconf 88' lang='lat' dir='ltr'><strong>facta</strong></span> <span class='ocrx_word' id='word_1_404' title='bbox 2196 1516 2322 1562; x_wconf 89' lang='lat' dir='ltr'><strong>sunt</strong></span> <span class='ocrx_word' id='word_1_405' title='bbox 2343 1508 2628 1562; x_wconf 89' lang='lat' dir='ltr'><strong>mirabilia.</strong></span> <span class='ocrx_word' id='word_1_406' title='bbox 2671 1509 2926 1574; x_wconf 64' lang='lat' dir='ltr'><strong>Quaedam</strong></span> <span class='ocrx_word' id='word_1_407' title='bbox 2970 1512 3114 1565; x_wconf 92' lang='lat' dir='ltr'><strong>enim</strong></span> <span class='ocrx_word' id='word_1_408' title='bbox 3154 1514 3220 1567; x_wconf 88' lang='lat' dir='ltr'><strong>de</strong></span> <span class='ocrx_word' id='word_1_409' title='bbox 3244 1515 3455 1582; x_wconf 88' lang='lat' dir='ltr'><strong>episco-</strong></span> 
     </span>
    </p>
   </div>
   <div class='ocr_carea' id='block_1_59' title="bbox 1893 1596 3456 1669">
    <p class='ocr_par' dir='ltr' id='par_1_59' title="bbox 1893 1596 3456 1669">
     <span class='ocr_line' id='line_1_59' title="bbox 1893 1596 3456 1669; baseline 0.006 -22"><span class='ocrx_word' id='word_1_410' title='bbox 1893 1603 2021 1663; x_wconf 84' lang='lat' dir='ltr'><strong>patu</strong></span> <span class='ocrx_word' id='word_1_411' title='bbox 2059 1596 2356 1663; x_wconf 65' lang='lat' dir='ltr'><strong>Cremonae,</strong></span> <span class='ocrx_word' id='word_1_412' title='bbox 2399 1598 2465 1652; x_wconf 90' lang='lat' dir='ltr'><strong>de</strong></span> <span class='ocrx_word' id='word_1_413' title='bbox 2500 1597 2618 1652; x_wconf 91' lang='lat' dir='ltr'><strong>loco</strong></span> <span class='ocrx_word' id='word_1_414' title='bbox 2657 1598 2750 1666; x_wconf 91' lang='lat' dir='ltr'><strong>qui</strong></span> <span class='ocrx_word' id='word_1_415' title='bbox 2800 1598 2999 1653; x_wconf 86' lang='lat' dir='ltr'><strong>dicitur</strong></span> <span class='ocrx_word' id='word_1_416' title='bbox 3045 1599 3183 1654; x_wconf 85' lang='lat' dir='ltr'><strong>Casa</strong></span> <span class='ocrx_word' id='word_1_417' title='bbox 3218 1602 3456 1669; x_wconf 78' lang='lat' dir='ltr'><strong>Ausci-ii,</strong></span> 
     </span>
    </p>
   </div>
   <div class='ocr_carea' id='block_1_60' title="bbox 1893 1685 3458 1754">
    <p class='ocr_par' dir='ltr' id='par_1_60' title="bbox 1893 1685 3458 1754">
     <span class='ocr_line' id='line_1_60' title="bbox 1893 1685 3458 1754; baseline 0.004 -16"><span class='ocrx_word' id='word_1_418' title='bbox 1893 1685 2036 1754; x_wconf 88' lang='lat' dir='ltr'><strong>quod</strong></span> <span class='ocrx_word' id='word_1_419' title='bbox 2064 1701 2161 1754; x_wconf 91' lang='lat' dir='ltr'><strong>per</strong></span> <span class='ocrx_word' id='word_1_420' title='bbox 2191 1696 2314 1742; x_wconf 92' lang='lat' dir='ltr'><strong>octo</strong></span> <span class='ocrx_word' id='word_1_421' title='bbox 2333 1703 2506 1743; x_wconf 91' lang='lat' dir='ltr'><strong>annos</strong></span> <span class='ocrx_word' id='word_1_422' title='bbox 2534 1688 2808 1754; x_wconf 89' lang='lat' dir='ltr'><strong>amiserat,</strong></span> <span class='ocrx_word' id='word_1_423' title='bbox 2846 1689 3206 1745; x_wconf 89' lang='lat' dir='ltr'><strong>intercedente</strong></span> <span class='ocrx_word' id='word_1_424' title='bbox 3231 1694 3458 1745; x_wconf 68' lang='lat' dir='ltr'><strong>sanctis-</strong></span> 
     </span>
    </p>
   </div>
   <div class='ocr_carea' id='block_1_61' title="bbox 1892 1771 2754 1845">
    <p class='ocr_par' dir='ltr' id='par_1_61' title="bbox 1892 1771 2754 1845">
     <span class='ocr_line' id='line_1_61' title="bbox 1892 1771 2754 1845; baseline 0.005 -20"><span class='ocrx_word' id='word_1_425' title='bbox 1892 1771 2031 1826; x_wconf 89' lang='lat' dir='ltr'><strong>simo</strong></span> <span class='ocrx_word' id='word_1_426' title='bbox 2051 1782 2295 1842; x_wconf 89' lang='lat' dir='ltr'><strong>patrono,</strong></span> <span class='ocrx_word' id='word_1_427' title='bbox 2327 1775 2509 1828; x_wconf 87' lang='lat' dir='ltr'><strong>lumen</strong></span> <span class='ocrx_word' id='word_1_428' title='bbox 2535 1775 2754 1845; x_wconf 79' lang='lat' dir='ltr'><strong>recepit.</strong></span> 
     </span>
    </p>
   </div>
   <div class='ocr_carea' id='block_1_62' title="bbox 1824 1839 3452 1935">
    <p class='ocr_par' dir='ltr' id='par_1_62' title="bbox 1824 1839 3452 1935">
     <span class='ocr_line' id='line_1_62' title="bbox 1824 1839 3452 1935; baseline 0.006 -21"><span class='ocrx_word' id='word_1_429' title='bbox 1824 1839 1866 1894; x_wconf 74' lang='grc' dir='ltr'><strong>Β</strong></span> <span class='ocrx_word' id='word_1_430' title='bbox 1961 1839 2079 1932; x_wconf 76' lang='lat' dir='ltr'><strong>Ipsa</strong></span> <span class='ocrx_word' id='word_1_431' title='bbox 2105 1839 2318 1934; x_wconf 87' lang='lat' dir='ltr'><strong>quoque</strong></span> <span class='ocrx_word' id='word_1_432' title='bbox 2339 1866 2446 1930; x_wconf 92' lang='lat' dir='ltr'><strong>die,</strong></span> <span class='ocrx_word' id='word_1_433' title='bbox 2472 1839 2674 1919; x_wconf 71' lang='lat' dir='ltr'><strong>mulier</strong></span> <span class='ocrx_word' id='word_1_434' title='bbox 2693 1867 2940 1935; x_wconf 69' lang='lat' dir='ltr'><strong>quaedam</strong></span> <span class='ocrx_word' id='word_1_435' title='bbox 2974 1869 3040 1922; x_wconf 88' lang='lat' dir='ltr'><strong>de</strong></span> <span class='ocrx_word' id='word_1_436' title='bbox 3075 1869 3288 1923; x_wconf 89' lang='lat' dir='ltr'><strong>abbatia</strong></span> <span class='ocrx_word' id='word_1_437' title='bbox 3315 1869 3452 1924; x_wconf 87' lang='lat' dir='ltr'><strong>Leo-</strong></span> 
     </span>
    </p>
   </div>
   <div class='ocr_carea' id='block_1_63' title="bbox 1890 1954 3455 2027">
    <p class='ocr_par' dir='ltr' id='par_1_63' title="bbox 1890 1954 3455 2027">
     <span class='ocr_line' id='line_1_63' title="bbox 1890 1954 3455 2027; baseline 0.005 -21"><span class='ocrx_word' id='word_1_438' title='bbox 1890 1954 2067 2019; x_wconf 87' lang='lat' dir='ltr'><strong>nensi,</strong></span> <span class='ocrx_word' id='word_1_439' title='bbox 2111 1954 2384 2008; x_wconf 87' lang='lat' dir='ltr'><strong>dexteram</strong></span> <span class='ocrx_word' id='word_1_440' title='bbox 2429 1954 2633 2008; x_wconf 87' lang='lat' dir='ltr'><strong>habens</strong></span> <span class='ocrx_word' id='word_1_441' title='bbox 2668 1957 2895 2023; x_wconf 84' lang='lat' dir='ltr'><strong>aridam,</strong></span> <span class='ocrx_word' id='word_1_442' title='bbox 2949 1975 3114 2027; x_wconf 90' lang='lat' dir='ltr'><strong>quam</strong></span> <span class='ocrx_word' id='word_1_443' title='bbox 3163 1961 3455 2015; x_wconf 89' lang='lat' dir='ltr'><strong>contractis</strong></span> 
     </span>
    </p>
   </div>
   <div class='ocr_carea' id='block_1_64' title="bbox 1889 2041 3450 2117">
    <p class='ocr_par' dir='ltr' id='par_1_64' title="bbox 1889 2041 3450 2117">
     <span class='ocr_line' id='line_1_64' title="bbox 1889 2041 3450 2117; baseline 0.006 -23"><span class='ocrx_word' id='word_1_444' title='bbox 1889 2042 2068 2095; x_wconf 87' lang='lat' dir='ltr'><strong>nervis</strong></span> <span class='ocrx_word' id='word_1_445' title='bbox 2093 2041 2320 2108; x_wconf 83' lang='lat' dir='ltr'><strong>brachii,</strong></span> <span class='ocrx_word' id='word_1_446' title='bbox 2353 2042 2464 2097; x_wconf 87' lang='lat' dir='ltr'><strong>fere</strong></span> <span class='ocrx_word' id='word_1_447' title='bbox 2481 2043 2638 2111; x_wconf 79' lang='lat' dir='ltr'><strong>juxta</strong></span> <span class='ocrx_word' id='word_1_448' title='bbox 2666 2045 2952 2098; x_wconf 81' lang='lat' dir='ltr'><strong>humerum</strong></span> <span class='ocrx_word' id='word_1_449' title='bbox 2976 2063 3188 2117; x_wconf 86' lang='lat' dir='ltr'><strong>semper</strong></span> <span class='ocrx_word' id='word_1_450' title='bbox 3217 2051 3450 2115; x_wconf 85' lang='lat' dir='ltr'><strong>tenebat,</strong></span> 
     </span>
    </p>
   </div>
   <div class='ocr_carea' id='block_1_65' title="bbox 1888 2130 3453 2206">
    <p class='ocr_par' dir='ltr' id='par_1_65' title="bbox 1888 2130 3453 2206">
     <span class='ocr_line' id='line_1_65' title="bbox 1888 2130 3453 2206; baseline 0.006 -26"><span class='ocrx_word' id='word_1_451' title='bbox 1888 2136 2269 2197; x_wconf 79' lang='lat' dir='ltr'><strong>contractoque</strong></span> <span class='ocrx_word' id='word_1_452' title='bbox 2291 2144 2428 2197; x_wconf 86' lang='lat' dir='ltr'><strong>genu</strong></span> <span class='ocrx_word' id='word_1_453' title='bbox 2445 2130 2685 2198; x_wconf 89' lang='lat' dir='ltr'><strong>ejusdem</strong></span> <span class='ocrx_word' id='word_1_454' title='bbox 2713 2131 2894 2186; x_wconf 87' lang='lat' dir='ltr'><strong>lateris</strong></span> <span class='ocrx_word' id='word_1_455' title='bbox 2917 2134 3140 2188; x_wconf 92' lang='lat' dir='ltr'><strong>humum</strong></span> <span class='ocrx_word' id='word_1_456' title='bbox 3160 2136 3340 2205; x_wconf 88' lang='lat' dir='ltr'><strong>digitis</strong></span> <span class='ocrx_word' id='word_1_457' title='bbox 3361 2153 3453 2206; x_wconf 86' lang='lat' dir='ltr'><strong>pe-</strong></span> 
     </span>
    </p>
   </div>
   <div class='ocr_carea' id='block_1_66' title="bbox 1887 2222 3454 2295">
    <p class='ocr_par' dir='ltr' id='par_1_66' title="bbox 1887 2222 3454 2295">
     <span class='ocr_line' id='line_1_66' title="bbox 1887 2222 3454 2295; baseline 0.004 -19"><span class='ocrx_word' id='word_1_458' title='bbox 1887 2222 1972 2276; x_wconf 92' lang='lat' dir='ltr'><strong>dis</strong></span> <span class='ocrx_word' id='word_1_459' title='bbox 2000 2238 2215 2277; x_wconf 90' lang='lat' dir='ltr'><strong>summo</strong></span> <span class='ocrx_word' id='word_1_460' title='bbox 2246 2231 2404 2276; x_wconf 90' lang='lat' dir='ltr'><strong>tenus</strong></span> <span class='ocrx_word' id='word_1_461' title='bbox 2428 2224 2514 2277; x_wconf 83' lang='lat' dir='ltr'><strong>vix</strong></span> <span class='ocrx_word' id='word_1_462' title='bbox 2538 2225 2813 2294; x_wconf 81' lang='lat' dir='ltr'><strong>tangebat,</strong></span> <span class='ocrx_word' id='word_1_463' title='bbox 2839 2228 2977 2295; x_wconf 86' lang='lat' dir='ltr'><strong>apud</strong></span> <span class='ocrx_word' id='word_1_464' title='bbox 2997 2229 3260 2282; x_wconf 89' lang='lat' dir='ltr'><strong>tumulum</strong></span> <span class='ocrx_word' id='word_1_465' title='bbox 3279 2230 3454 2284; x_wconf 91' lang='lat' dir='ltr'><strong>sancti</strong></span> 
     </span>
    </p>
   </div>
   <div class='ocr_carea' id='block_1_67' title="bbox 1887 2311 3344 2384">
    <p class='ocr_par' dir='ltr' id='par_1_67' title="bbox 1887 2311 3344 2384">
     <span class='ocr_line' id='line_1_67' title="bbox 1887 2311 3344 2384; baseline 0.006 -20"><span class='ocrx_word' id='word_1_466' title='bbox 1887 2311 2062 2368; x_wconf 89' lang='lat' dir='ltr'><strong>Patris</strong></span> <span class='ocrx_word' id='word_1_467' title='bbox 2101 2313 2270 2367; x_wconf 86' lang='lat' dir='ltr'><strong>nostri</strong></span> <span class='ocrx_word' id='word_1_468' title='bbox 2299 2315 2582 2382; x_wconf 89' lang='lat' dir='ltr'><strong>utriusque</strong></span> <span class='ocrx_word' id='word_1_469' title='bbox 2621 2313 2745 2368; x_wconf 89' lang='lat' dir='ltr'><strong>mali</strong></span> <span class='ocrx_word' id='word_1_470' title='bbox 2781 2317 3092 2384; x_wconf 87' lang='lat' dir='ltr'><strong>sospitatem</strong></span> <span class='ocrx_word' id='word_1_471' title='bbox 3124 2318 3344 2374; x_wconf 82' lang='lat' dir='ltr'><strong>invenit.</strong></span> 
     </span>
    </p>
   </div>
   <div class='ocr_carea' id='block_1_68' title="bbox 1952 2402 3454 2478">
    <p class='ocr_par' dir='ltr' id='par_1_68' title="bbox 1952 2402 3454 2478">
     <span class='ocr_line' id='line_1_68' title="bbox 1952 2402 3454 2478; baseline 0.007 -24"><span class='ocrx_word' id='word_1_472' title='bbox 1952 2402 2098 2456; x_wconf 90' lang='lat' dir='ltr'><strong>Inter</strong></span> <span class='ocrx_word' id='word_1_473' title='bbox 2124 2403 2210 2456; x_wconf 91' lang='lat' dir='ltr'><strong>illa</strong></span> <span class='ocrx_word' id='word_1_474' title='bbox 2233 2419 2352 2471; x_wconf 76' lang='lat' dir='ltr'><strong>qua:</strong></span> <span class='ocrx_word' id='word_1_475' title='bbox 2379 2405 2433 2456; x_wconf 91' lang='lat' dir='ltr'><strong>in</strong></span> <span class='ocrx_word' id='word_1_476' title='bbox 2464 2419 2783 2458; x_wconf 75' lang='lat' dir='ltr'><strong>ascensxone</strong></span> <span class='ocrx_word' id='word_1_477' title='bbox 2812 2406 2931 2459; x_wconf 82' lang='lat' dir='ltr'><strong>Filii</strong></span> <span class='ocrx_word' id='word_1_478' title='bbox 2967 2407 3053 2462; x_wconf 90' lang='lat' dir='ltr'><strong>sui</strong></span> <span class='ocrx_word' id='word_1_479' title='bbox 3081 2407 3223 2462; x_wconf 91' lang='lat' dir='ltr'><strong>Deus</strong></span> <span class='ocrx_word' id='word_1_480' title='bbox 3251 2426 3347 2478; x_wconf 89' lang='lat' dir='ltr'><strong>per</strong></span> <span class='ocrx_word' id='word_1_481' title='bbox 3373 2410 3454 2465; x_wconf 85' lang='lat' dir='ltr'><strong>fa-</strong></span> 
     </span>
    </p>
   </div>
   <div class='ocr_carea' id='block_1_69' title="bbox 1887 2493 3452 2563">
    <p class='ocr_par' dir='ltr' id='par_1_69' title="bbox 1887 2493 3452 2563">
     <span class='ocr_line' id='line_1_69' title="bbox 1887 2493 3452 2563; baseline 0.006 -19"><span class='ocrx_word' id='word_1_482' title='bbox 1887 2493 2092 2546; x_wconf 91' lang='lat' dir='ltr'><strong>mulum</strong></span> <span class='ocrx_word' id='word_1_483' title='bbox 2129 2509 2288 2547; x_wconf 91' lang='lat' dir='ltr'><strong>suum</strong></span> <span class='ocrx_word' id='word_1_484' title='bbox 2333 2494 2616 2563; x_wconf 89' lang='lat' dir='ltr'><strong>magniﬁce</strong></span> <span class='ocrx_word' id='word_1_485' title='bbox 2660 2505 2915 2563; x_wconf 81' lang='lat' dir='ltr'><strong>operatus</strong></span> <span class='ocrx_word' id='word_1_486' title='bbox 2958 2505 3080 2562; x_wconf 91' lang='lat' dir='ltr'><strong>est,</strong></span> <span class='ocrx_word' id='word_1_487' title='bbox 3134 2499 3452 2554; x_wconf 88' lang='lat' dir='ltr'><strong>mirabiliter</strong></span> 
     </span>
    </p>
   </div>
   <div class='ocr_carea' id='block_1_70' title="bbox 1885 2582 3448 2654">
    <p class='ocr_par' dir='ltr' id='par_1_70' title="bbox 1885 2582 3448 2654">
     <span class='ocr_line' id='line_1_70' title="bbox 1885 2582 3448 2654; baseline 0.006 -20"><span class='ocrx_word' id='word_1_488' title='bbox 1885 2582 2254 2636; x_wconf 87' lang='lat' dir='ltr'><strong>admirandam</strong></span> <span class='ocrx_word' id='word_1_489' title='bbox 2284 2584 2402 2651; x_wconf 90' lang='lat' dir='ltr'><strong>ejus</strong></span> <span class='ocrx_word' id='word_1_490' title='bbox 2437 2584 2688 2638; x_wconf 87' lang='lat' dir='ltr'><strong>virtutem</strong></span> <span class='ocrx_word' id='word_1_491' title='bbox 2722 2596 2904 2654; x_wconf 89' lang='lat' dir='ltr'><strong>postea</strong></span> <span class='ocrx_word' id='word_1_492' title='bbox 2950 2587 3083 2640; x_wconf 89' lang='lat' dir='ltr'><strong>mihi</strong></span> <span class='ocrx_word' id='word_1_493' title='bbox 3125 2589 3448 2644; x_wconf 84' lang='lat' dir='ltr'><strong>dcelaratam</strong></span> 
     </span>
    </p>
   </div>
   <div class='ocr_carea' id='block_1_71' title="bbox 1886 2674 3454 2736">
    <p class='ocr_par' dir='ltr' id='par_1_71' title="bbox 1886 2674 3454 2736">
     <span class='ocr_line' id='line_1_71' title="bbox 1886 2674 3454 2736; baseline 0.005 -10"><span class='ocrx_word' id='word_1_494' title='bbox 1886 2674 1956 2727; x_wconf 93' lang='lat' dir='ltr'><strong>ab</strong></span> <span class='ocrx_word' id='word_1_495' title='bbox 1978 2674 2164 2728; x_wconf 80' lang='lat' dir='ltr'><strong>eodeni</strong></span> <span class='ocrx_word' id='word_1_496' title='bbox 2200 2677 2287 2729; x_wconf 93' lang='lat' dir='ltr'><strong>cui</strong></span> <span class='ocrx_word' id='word_1_497' title='bbox 2319 2676 2510 2729; x_wconf 87' lang='lat' dir='ltr'><strong>salutis</strong></span> <span class='ocrx_word' id='word_1_498' title='bbox 2546 2685 2743 2730; x_wconf 71' lang='lat' dir='ltr'><strong>nostrae</strong></span> <span class='ocrx_word' id='word_1_499' title='bbox 2790 2677 2994 2730; x_wconf 88' lang='lat' dir='ltr'><strong>Auctor</strong></span> <span class='ocrx_word' id='word_1_500' title='bbox 3036 2694 3190 2732; x_wconf 88' lang='lat' dir='ltr'><strong>suam</strong></span> <span class='ocrx_word' id='word_1_501' title='bbox 3222 2681 3454 2736; x_wconf 88' lang='lat' dir='ltr'><strong>contulit</strong></span> 
     </span>
    </p>
   </div>
   <div class='ocr_carea' id='block_1_72' title="bbox 1887 2764 3446 2826">
    <p class='ocr_par' dir='ltr' id='par_1_72' title="bbox 1887 2764 3446 2826">
     <span class='ocr_line' id='line_1_72' title="bbox 1887 2764 3446 2826; baseline 0.007 -11"><span class='ocrx_word' id='word_1_502' title='bbox 1887 2764 2206 2818; x_wconf 85' lang='lat' dir='ltr'><strong>medicinam</strong></span> <span class='ocrx_word' id='word_1_503' title='bbox 2249 2765 2518 2819; x_wconf 89' lang='lat' dir='ltr'><strong>desiderio</strong></span> <span class='ocrx_word' id='word_1_504' title='bbox 2564 2774 2745 2820; x_wconf 88' lang='lat' dir='ltr'><strong>vestro</strong></span> <span class='ocrx_word' id='word_1_505' title='bbox 2788 2766 3157 2823; x_wconf 89' lang='lat' dir='ltr'><strong>desideranter</strong></span> <span class='ocrx_word' id='word_1_506' title='bbox 3207 2770 3446 2826; x_wconf 88' lang='lat' dir='ltr'><strong>notiﬁco.</strong></span> 
     </span>
    </p>
   </div>
   <div class='ocr_carea' id='block_1_73' title="bbox 1886 2852 3452 2932">
    <p class='ocr_par' dir='ltr' id='par_1_73' title="bbox 1886 2852 3452 2932">
     <span class='ocr_line' id='line_1_73' title="bbox 1886 2852 3452 2932; baseline 0.005 -25"><span class='ocrx_word' id='word_1_507' title='bbox 1886 2852 2112 2918; x_wconf 82' lang='lat' dir='ltr'><strong>Quidam</strong></span> <span class='ocrx_word' id='word_1_508' title='bbox 2166 2856 2309 2910; x_wconf 90' lang='lat' dir='ltr'><strong>enim</strong></span> <span class='ocrx_word' id='word_1_509' title='bbox 2363 2856 2464 2910; x_wconf 90' lang='lat' dir='ltr'><strong>luit</strong></span> <span class='ocrx_word' id='word_1_510' title='bbox 2510 2857 2576 2910; x_wconf 90' lang='lat' dir='ltr'><strong>de</strong></span> <span class='ocrx_word' id='word_1_511' title='bbox 2629 2857 2750 2911; x_wconf 84' lang='lat' dir='ltr'><strong>villa</strong></span> <span class='ocrx_word' id='word_1_512' title='bbox 2793 2867 2970 2912; x_wconf 89' lang='lat' dir='ltr'><strong>vestra</strong></span> <span class='ocrx_word' id='word_1_513' title='bbox 3015 2875 3136 2928; x_wconf 65' lang='lat' dir='ltr'><strong>quae</strong></span> <span class='ocrx_word' id='word_1_514' title='bbox 3167 2869 3250 2914; x_wconf 90' lang='lat' dir='ltr'><strong>est</strong></span> <span class='ocrx_word' id='word_1_515' title='bbox 3285 2877 3452 2932; x_wconf 82' lang='lat' dir='ltr'><strong>prOpe</strong></span> 
     </span>
    </p>
   </div>
   <div class='ocr_carea' id='block_1_74' title="bbox 1887 2943 3449 3022">
    <p class='ocr_par' dir='ltr' id='par_1_74' title="bbox 1887 2943 3449 3022">
     <span class='ocr_line' id='line_1_74' title="bbox 1887 2943 3449 3022; baseline 0.004 -24"><span class='ocrx_word' id='word_1_516' title='bbox 1887 2943 2178 3012; x_wconf 63' lang='lat' dir='ltr'><strong>Resinam,</strong></span> <span class='ocrx_word' id='word_1_517' title='bbox 2199 2947 2415 3000; x_wconf 84' lang='lat' dir='ltr'><strong>nomine</strong></span> <span class='ocrx_word' id='word_1_518' title='bbox 2441 2945 2670 3013; x_wconf 86' lang='lat' dir='ltr'><strong>Ciliano,</strong></span> <span class='ocrx_word' id='word_1_519' title='bbox 2703 2946 2796 3016; x_wconf 93' lang='lat' dir='ltr'><strong>qui</strong></span> <span class='ocrx_word' id='word_1_520' title='bbox 2829 2964 2936 3002; x_wconf 89' lang='lat' dir='ltr'><strong>non</strong></span> <span class='ocrx_word' id='word_1_521' title='bbox 2969 2957 3076 3002; x_wconf 89' lang='lat' dir='ltr'><strong>tam</strong></span> <span class='ocrx_word' id='word_1_522' title='bbox 3108 2965 3298 3004; x_wconf 89' lang='lat' dir='ltr'><strong>renum</strong></span> <span class='ocrx_word' id='word_1_523' title='bbox 3331 2955 3449 3022; x_wconf 79' lang='lat' dir='ltr'><strong>[ge-</strong></span> 
     </span>
    </p>
   </div>
   <div class='ocr_carea' id='block_1_75' title="bbox 1887 3037 3448 3110">
    <p class='ocr_par' dir='ltr' id='par_1_75' title="bbox 1887 3037 3448 3110">
     <span class='ocr_line' id='line_1_75' title="bbox 1887 3037 3448 3110; baseline 0.004 -22"><span class='ocrx_word' id='word_1_524' title='bbox 1887 3037 2078 3106; x_wconf 74' lang='lat' dir='ltr'><strong>nuum]</strong></span> <span class='ocrx_word' id='word_1_525' title='bbox 2141 3038 2515 3090; x_wconf 85' lang='lat' dir='ltr'><strong>rect.tudinem</strong></span> <span class='ocrx_word' id='word_1_526' title='bbox 2573 3037 2788 3090; x_wconf 88' lang='lat' dir='ltr'><strong>dolebat</strong></span> <span class='ocrx_word' id='word_1_527' title='bbox 2836 3038 2938 3090; x_wconf 89' lang='lat' dir='ltr'><strong>sibi</strong></span> <span class='ocrx_word' id='word_1_528' title='bbox 2987 3037 3154 3092; x_wconf 91' lang='lat' dir='ltr'><strong>fuisse</strong></span> <span class='ocrx_word' id='word_1_529' title='bbox 3201 3049 3448 3110; x_wconf 85' lang='lat' dir='ltr'><strong>negatam</strong></span> 
     </span>
    </p>
   </div>
   <div class='ocr_carea' id='block_1_76' title="bbox 1885 3128 3450 3198">
    <p class='ocr_par' dir='ltr' id='par_1_76' title="bbox 1885 3128 3450 3198">
     <span class='ocr_line' id='line_1_76' title="bbox 1885 3128 3450 3198; baseline 0.004 -18"><span class='ocrx_word' id='word_1_530' title='bbox 1885 3143 2046 3196; x_wconf 89' lang='lat' dir='ltr'><strong>quam</strong></span> <span class='ocrx_word' id='word_1_531' title='bbox 2093 3142 2350 3180; x_wconf 87' lang='lat' dir='ltr'><strong>manuum</strong></span> <span class='ocrx_word' id='word_1_532' title='bbox 2405 3128 2659 3182; x_wconf 87' lang='lat' dir='ltr'><strong>virtutem</strong></span> <span class='ocrx_word' id='word_1_533' title='bbox 2713 3128 2937 3182; x_wconf 89' lang='lat' dir='ltr'><strong>omnino</strong></span> <span class='ocrx_word' id='word_1_534' title='bbox 2983 3141 3246 3198; x_wconf 87' lang='lat' dir='ltr'><strong>ereptam.</strong></span> <span class='ocrx_word' id='word_1_535' title='bbox 3299 3130 3450 3186; x_wconf 82' lang='lat' dir='ltr'><strong>Adeo</strong></span> 
     </span>
    </p>
   </div>
   <div class='ocr_carea' id='block_1_77' title="bbox 1884 3220 3451 3291">
    <p class='ocr_par' dir='ltr' id='par_1_77' title="bbox 1884 3220 3451 3291">
     <span class='ocr_line' id='line_1_77' title="bbox 1884 3220 3451 3291; baseline 0.001 -18"><span class='ocrx_word' id='word_1_536' title='bbox 1884 3220 2049 3284; x_wconf 86' lang='lat' dir='ltr'><strong>enim,</strong></span> <span class='ocrx_word' id='word_1_537' title='bbox 2068 3230 2215 3290; x_wconf 82' lang='lat' dir='ltr'><strong>gutta</strong></span> <span class='ocrx_word' id='word_1_538' title='bbox 2245 3221 2552 3273; x_wconf 88' lang='lat' dir='ltr'><strong>immaniter</strong></span> <span class='ocrx_word' id='word_1_539' title='bbox 2578 3229 2918 3289; x_wconf 83' lang='lat' dir='ltr'><strong>perurgente,</strong></span> <span class='ocrx_word' id='word_1_540' title='bbox 2950 3221 3268 3287; x_wconf 89' lang='lat' dir='ltr'><strong>tremebant,</strong></span> <span class='ocrx_word' id='word_1_541' title='bbox 3308 3223 3451 3291; x_wconf 87' lang='lat' dir='ltr'><strong>quod</strong></span> 
     </span>
    </p>
   </div>
   <div class='ocr_carea' id='block_1_78' title="bbox 1887 3309 3450 3382">
    <p class='ocr_par' dir='ltr' id='par_1_78' title="bbox 1887 3309 3450 3382">
     <span class='ocr_line' id='line_1_78' title="bbox 1887 3309 3450 3382; baseline 0.002 -18"><span class='ocrx_word' id='word_1_542' title='bbox 1887 3310 2021 3364; x_wconf 89' lang='lat' dir='ltr'><strong>nihil</strong></span> <span class='ocrx_word' id='word_1_543' title='bbox 2050 3327 2206 3381; x_wconf 90' lang='lat' dir='ltr'><strong>agere</strong></span> <span class='ocrx_word' id='word_1_544' title='bbox 2238 3311 2478 3379; x_wconf 83' lang='lat' dir='ltr'><strong>nihilque</strong></span> <span class='ocrx_word' id='word_1_545' title='bbox 2509 3319 2692 3364; x_wconf 91' lang='lat' dir='ltr'><strong>tenere</strong></span> <span class='ocrx_word' id='word_1_546' title='bbox 2716 3310 2944 3364; x_wconf 89' lang='lat' dir='ltr'><strong>valebat.</strong></span> <span class='ocrx_word' id='word_1_547' title='bbox 2979 3309 3115 3365; x_wconf 85' lang='lat' dir='ltr'><strong>Huic</strong></span> <span class='ocrx_word' id='word_1_548' title='bbox 3149 3313 3326 3382; x_wconf 89' lang='lat' dir='ltr'><strong>itaque</strong></span> <span class='ocrx_word' id='word_1_549' title='bbox 3355 3329 3450 3381; x_wconf 90' lang='lat' dir='ltr'><strong>per</strong></span> 
     </span>
    </p>
   </div>
   <div class='ocr_carea' id='block_1_79' title="bbox 1884 3399 3448 3472">
    <p class='ocr_par' dir='ltr' id='par_1_79' title="bbox 1884 3399 3448 3472">
     <span class='ocr_line' id='line_1_79' title="bbox 1884 3399 3448 3472; baseline 0.004 -21"><span class='ocrx_word' id='word_1_550' title='bbox 1884 3400 2144 3453; x_wconf 87' lang='lat' dir='ltr'><strong>visionem</strong></span> <span class='ocrx_word' id='word_1_551' title='bbox 2193 3399 2453 3453; x_wconf 81' lang='lat' dir='ltr'><strong>Dominus</strong></span> <span class='ocrx_word' id='word_1_552' title='bbox 2495 3401 2750 3452; x_wconf 88' lang='lat' dir='ltr'><strong>revelavit</strong></span> <span class='ocrx_word' id='word_1_553' title='bbox 2793 3402 2937 3468; x_wconf 88' lang='lat' dir='ltr'><strong>quod</strong></span> <span class='ocrx_word' id='word_1_554' title='bbox 2981 3402 3026 3454; x_wconf 89' lang='lat' dir='ltr'><strong>si</strong></span> <span class='ocrx_word' id='word_1_555' title='bbox 3069 3403 3137 3472; x_wconf 82' lang='lat' dir='ltr'><strong>ad</strong></span> <span class='ocrx_word' id='word_1_556' title='bbox 3181 3404 3448 3458; x_wconf 88' lang='lat' dir='ltr'><strong>tumulum</strong></span> 
     </span>
    </p>
   </div>
   <div class='ocr_carea' id='block_1_80' title="bbox 1884 3488 3448 3544">
    <p class='ocr_par' dir='ltr' id='par_1_80' title="bbox 1884 3488 3448 3544">
     <span class='ocr_line' id='line_1_80' title="bbox 1884 3488 3448 3544; baseline 0.002 -3"><span class='ocrx_word' id='word_1_557' title='bbox 1884 3489 2210 3543; x_wconf 77' lang='lat' dir='ltr'><strong>sanctissimi</strong></span> <span class='ocrx_word' id='word_1_558' title='bbox 2246 3488 2484 3541; x_wconf 86' lang='lat' dir='ltr'><strong>Anselmi</strong></span> <span class='ocrx_word' id='word_1_559' title='bbox 2517 3504 2573 3541; x_wconf 90' lang='lat' dir='ltr'><strong>se</strong></span> <span class='ocrx_word' id='word_1_560' title='bbox 2600 3497 2890 3542; x_wconf 83' lang='lat' dir='ltr'><strong>venturum</strong></span> <span class='ocrx_word' id='word_1_561' title='bbox 2931 3498 3236 3542; x_wconf 90' lang='lat' dir='ltr'><strong>reverenter</strong></span> <span class='ocrx_word' id='word_1_562' title='bbox 3283 3507 3448 3544; x_wconf 62' lang='grc' dir='ltr'><strong>γονον</strong></span> 
     </span>
    </p>
   </div>
   <div class='ocr_carea' id='block_1_81' title="bbox 1883 3565 3447 3648">
    <p class='ocr_par' dir='ltr' id='par_1_81' title="bbox 1883 3565 3447 3648">
     <span class='ocr_line' id='line_1_81' title="bbox 1883 3565 3447 3648; baseline 0.002 -17"><span class='ocrx_word' id='word_1_563' title='bbox 1883 3585 1984 3643; x_wconf 88' lang='lat' dir='ltr'><strong>ret,</strong></span> <span class='ocrx_word' id='word_1_564' title='bbox 2010 3579 2290 3648; x_wconf 88' lang='lat' dir='ltr'><strong>utriusque</strong></span> <span class='ocrx_word' id='word_1_565' title='bbox 2319 3578 2648 3632; x_wconf 89' lang='lat' dir='ltr'><strong>inﬁrmitatis</strong></span> <span class='ocrx_word' id='word_1_566' title='bbox 2669 3579 2895 3632; x_wconf 87' lang='lat' dir='ltr'><strong>salutem</strong></span> <span class='ocrx_word' id='word_1_567' title='bbox 2923 3565 3067 3632; x_wconf 82' lang='lat' dir='ltr'><strong>illico</strong></span> <span class='ocrx_word' id='word_1_568' title='bbox 3099 3595 3158 3632; x_wconf 91' lang='lat' dir='ltr'><strong>se</strong></span> <span class='ocrx_word' id='word_1_569' title='bbox 3191 3580 3447 3648; x_wconf 87' lang='lat' dir='ltr'><strong>adeptum</strong></span> 
     </span>
    </p>
   </div>
   <div class='ocr_carea' id='block_1_82' title="bbox 1883 3668 3448 3741">
    <p class='ocr_par' dir='ltr' id='par_1_82' title="bbox 1883 3668 3448 3741">
     <span class='ocr_line' id='line_1_82' title="bbox 1883 3668 3448 3741; baseline 0.001 -19"><span class='ocrx_word' id='word_1_570' title='bbox 1883 3671 2156 3740; x_wconf 83' lang='lat' dir='ltr'><strong>gauderet.</strong></span> <span class='ocrx_word' id='word_1_571' title='bbox 2191 3668 2288 3724; x_wconf 89' lang='lat' dir='ltr'><strong>llic</strong></span> <span class='ocrx_word' id='word_1_572' title='bbox 2314 3685 2440 3740; x_wconf 84' lang='lat' dir='ltr'><strong>ergo</strong></span> <span class='ocrx_word' id='word_1_573' title='bbox 2466 3669 2746 3738; x_wconf 86' lang='lat' dir='ltr'><strong>evigilans,</strong></span> <span class='ocrx_word' id='word_1_574' title='bbox 2779 3669 3045 3724; x_wconf 91' lang='lat' dir='ltr'><strong>visionem</strong></span> <span class='ocrx_word' id='word_1_575' title='bbox 3082 3685 3265 3724; x_wconf 89' lang='lat' dir='ltr'><strong>secum</strong></span> <span class='ocrx_word' id='word_1_576' title='bbox 3297 3671 3448 3741; x_wconf 81' lang='lat' dir='ltr'><strong>rogi-</strong></span> 
     </span>
    </p>
   </div>
   <div class='ocr_carea' id='block_1_83' title="bbox 1884 3761 3448 3830">
    <p class='ocr_par' dir='ltr' id='par_1_83' title="bbox 1884 3761 3448 3830">
     <span class='ocr_line' id='line_1_83' title="bbox 1884 3761 3448 3830; baseline 0.003 -19"><span class='ocrx_word' id='word_1_577' title='bbox 1884 3767 2042 3824; x_wconf 89' lang='lat' dir='ltr'><strong>tans,</strong></span> <span class='ocrx_word' id='word_1_578' title='bbox 2087 3761 2306 3814; x_wconf 91' lang='lat' dir='ltr'><strong>nescius</strong></span> <span class='ocrx_word' id='word_1_579' title='bbox 2347 3761 2476 3830; x_wconf 89' lang='lat' dir='ltr'><strong>quid</strong></span> <span class='ocrx_word' id='word_1_580' title='bbox 2526 3769 2745 3830; x_wconf 80' lang='lat' dir='ltr'><strong>ageret,</strong></span> <span class='ocrx_word' id='word_1_581' title='bbox 2790 3761 3076 3829; x_wconf 91' lang='lat' dir='ltr'><strong>ambiguus</strong></span> <span class='ocrx_word' id='word_1_582' title='bbox 3109 3762 3237 3829; x_wconf 85' lang='lat' dir='ltr'><strong>quid</strong></span> <span class='ocrx_word' id='word_1_583' title='bbox 3261 3763 3448 3816; x_wconf 88' lang='lat' dir='ltr'><strong>crede-</strong></span> 
     </span>
    </p>
   </div>
   <div class='ocr_carea' id='block_1_84' title="bbox 1883 3849 3490 3919">
    <p class='ocr_par' dir='ltr' id='par_1_84' title="bbox 1883 3849 3490 3919">
     <span class='ocr_line' id='line_1_84' title="bbox 1883 3849 3490 3919; baseline 0.001 -16"><span class='ocrx_word' id='word_1_584' title='bbox 1883 3861 1961 3904; x_wconf 88' lang='lat' dir='ltr'><strong>ret</strong></span> <span class='ocrx_word' id='word_1_585' title='bbox 1987 3891 2001 3916; x_wconf 95' lang='lat'><strong>,</strong></span> <span class='ocrx_word' id='word_1_586' title='bbox 2044 3851 2386 3904; x_wconf 87' lang='lat' dir='ltr'><strong>revelationis</strong></span> <span class='ocrx_word' id='word_1_587' title='bbox 2434 3850 2740 3904; x_wconf 86' lang='lat' dir='ltr'><strong>incredulus</strong></span> <span class='ocrx_word' id='word_1_588' title='bbox 2767 3889 2781 3911; x_wconf 89' lang='lat'><strong>,</strong></span> <span class='ocrx_word' id='word_1_589' title='bbox 2830 3849 3244 3902; x_wconf 75' lang='lat' dir='ltr'><strong>salutistamen</strong></span> <span class='ocrx_word' id='word_1_590' title='bbox 3288 3852 3446 3919; x_wconf 81' lang='lat' dir='ltr'><strong>eupi-</strong></span> <span class='ocrx_word' id='word_1_591' title='bbox 3488 3852 3490 3854; x_wconf 78' lang='grc'><em>’</em></span> 
     </span>
    </p>
   </div>
   <div class='ocr_carea' id='block_1_85' title="bbox 1881 3938 3447 4010">
    <p class='ocr_par' dir='ltr' id='par_1_85' title="bbox 1881 3938 3447 4010">
     <span class='ocr_line' id='line_1_85' title="bbox 1881 3938 3447 4010; baseline 0 -15"><span class='ocrx_word' id='word_1_592' title='bbox 1881 3941 2003 4006; x_wconf 90' lang='lat' dir='ltr'><strong>dus,</strong></span> <span class='ocrx_word' id='word_1_593' title='bbox 2045 3942 2308 4010; x_wconf 88' lang='lat' dir='ltr'><strong>quosdam</strong></span> <span class='ocrx_word' id='word_1_594' title='bbox 2358 3941 2529 3994; x_wconf 86' lang='lat' dir='ltr'><strong>bonos</strong></span> <span class='ocrx_word' id='word_1_595' title='bbox 2571 3938 2819 3992; x_wconf 87' lang='lat' dir='ltr'><strong>homines</strong></span> <span class='ocrx_word' id='word_1_596' title='bbox 2867 3954 2979 3992; x_wconf 68' lang='lat' dir='ltr'><strong>sua:</strong></span> <span class='ocrx_word' id='word_1_597' title='bbox 3024 3939 3239 3995; x_wconf 75' lang='lat' dir='ltr'><strong>vicinia:</strong></span> <span class='ocrx_word' id='word_1_598' title='bbox 3294 3942 3359 3994; x_wconf 89' lang='lat' dir='ltr'><strong>ad</strong></span> <span class='ocrx_word' id='word_1_599' title='bbox 3388 3957 3447 3996; x_wconf 88' lang='lat' dir='ltr'><strong>se</strong></span> 
     </span>
    </p>
   </div>
   <div class='ocr_carea' id='block_1_86' title="bbox 1879 4029 3447 4105">
    <p class='ocr_par' dir='ltr' id='par_1_86' title="bbox 1879 4029 3447 4105">
     <span class='ocr_line' id='line_1_86' title="bbox 1879 4029 3447 4105; baseline 0.001 -19"><span class='ocrx_word' id='word_1_600' title='bbox 1879 4031 2041 4086; x_wconf 85' lang='lat' dir='ltr'><strong>acciri</strong></span> <span class='ocrx_word' id='word_1_601' title='bbox 2109 4030 2270 4093; x_wconf 89' lang='lat' dir='ltr'><strong>fecit,</strong></span> <span class='ocrx_word' id='word_1_602' title='bbox 2319 4038 2646 4098; x_wconf 86' lang='lat' dir='ltr'><strong>narrataque</strong></span> <span class='ocrx_word' id='word_1_603' title='bbox 2692 4029 2928 4095; x_wconf 82' lang='lat' dir='ltr'><strong>visione,</strong></span> <span class='ocrx_word' id='word_1_604' title='bbox 2976 4032 3202 4105; x_wconf 78' lang='lat' dir='ltr'><strong>vovendi</strong></span> <span class='ocrx_word' id='word_1_605' title='bbox 3263 4047 3320 4086; x_wconf 90' lang='lat' dir='ltr'><strong>se</strong></span> <span class='ocrx_word' id='word_1_606' title='bbox 3375 4033 3447 4087; x_wconf 87' lang='lat' dir='ltr'><strong>ab</strong></span> 
     </span>
    </p>
   </div>
   <div class='ocr_carea' id='block_1_87' title="bbox 1878 4118 3445 4190">
    <p class='ocr_par' dir='ltr' id='par_1_87' title="bbox 1878 4118 3445 4190">
     <span class='ocr_line' id='line_1_87' title="bbox 1878 4118 3445 4190; baseline 0.001 -18"><span class='ocrx_word' id='word_1_607' title='bbox 1878 4119 1959 4172; x_wconf 90' lang='lat' dir='ltr'><strong>eis</strong></span> <span class='ocrx_word' id='word_1_608' title='bbox 2008 4119 2298 4173; x_wconf 88' lang='lat' dir='ltr'><strong>consilium</strong></span> <span class='ocrx_word' id='word_1_609' title='bbox 2333 4121 2533 4188; x_wconf 89' lang='lat' dir='ltr'><strong>recepit</strong></span> <span class='ocrx_word' id='word_1_610' title='bbox 2558 4159 2572 4184; x_wconf 96' lang='lat'><strong>,</strong></span> <span class='ocrx_word' id='word_1_611' title='bbox 2607 4118 2858 4190; x_wconf 87' lang='lat' dir='ltr'><strong>factoque</strong></span> <span class='ocrx_word' id='word_1_612' title='bbox 2893 4128 3041 4186; x_wconf 92' lang='lat' dir='ltr'><strong>voto,</strong></span> <span class='ocrx_word' id='word_1_613' title='bbox 3079 4121 3260 4174; x_wconf 87' lang='lat' dir='ltr'><strong>statim</strong></span> <span class='ocrx_word' id='word_1_614' title='bbox 3309 4137 3445 4174; x_wconf 79' lang='lat' dir='ltr'><strong>con-</strong></span> 
     </span>
    </p>
   </div>
   <div class='ocr_carea' id='block_1_88' title="bbox 1879 4212 2063 4265">
    <p class='ocr_par' dir='ltr' id='par_1_88' title="bbox 1879 4212 2063 4265">
     <span class='ocr_line' id='line_1_88' title="bbox 1879 4212 2063 4265; baseline 0 0"><span class='ocrx_word' id='word_1_615' title='bbox 1879 4212 2063 4265; x_wconf 77' lang='lat' dir='ltr'><strong>valuit.</strong></span> 
     </span>
    </p>
   </div>
   <div class='ocr_carea' id='block_1_89' title="bbox 1950 4299 3444 4372">
    <p class='ocr_par' dir='ltr' id='par_1_89' title="bbox 1950 4299 3444 4372">
     <span class='ocr_line' id='line_1_89' title="bbox 1950 4299 3444 4372; baseline 0.001 -17"><span class='ocrx_word' id='word_1_616' title='bbox 1950 4302 2078 4357; x_wconf 90' lang='lat' dir='ltr'><strong>Item</strong></span> <span class='ocrx_word' id='word_1_617' title='bbox 2108 4305 2300 4358; x_wconf 89' lang='lat' dir='ltr'><strong>mulier</strong></span> <span class='ocrx_word' id='word_1_618' title='bbox 2333 4303 2576 4372; x_wconf 54' lang='lat' dir='ltr'><strong>quaedam</strong></span> <span class='ocrx_word' id='word_1_619' title='bbox 2613 4302 2679 4354; x_wconf 90' lang='lat' dir='ltr'><strong>de</strong></span> <span class='ocrx_word' id='word_1_620' title='bbox 2711 4299 3188 4368; x_wconf 80' lang='lat' dir='ltr'><strong>Fessa,Capraria,</strong></span> <span class='ocrx_word' id='word_1_621' title='bbox 3217 4300 3444 4357; x_wconf 83' lang='lat' dir='ltr'><strong>renibus</strong></span> 
     </span>
    </p>
   </div>
   <div class='ocr_carea' id='block_1_90' title="bbox 1879 4391 3442 4464">
    <p class='ocr_par' dir='ltr' id='par_1_90' title="bbox 1879 4391 3442 4464">
     <span class='ocr_line' id='line_1_90' title="bbox 1879 4391 3442 4464; baseline -0.001 -17"><span class='ocrx_word' id='word_1_622' title='bbox 1879 4393 2153 4464; x_wconf 82' lang='lat' dir='ltr'><strong>[genibus]</strong></span> <span class='ocrx_word' id='word_1_623' title='bbox 2170 4395 2464 4456; x_wconf 59' lang='lat' dir='ltr'><strong>incurvata,</strong></span> <span class='ocrx_word' id='word_1_624' title='bbox 2493 4392 2687 4459; x_wconf 90' lang='lat' dir='ltr'><strong>pedum</strong></span> <span class='ocrx_word' id='word_1_625' title='bbox 2719 4391 2941 4443; x_wconf 89' lang='lat' dir='ltr'><strong>servitio</strong></span> <span class='ocrx_word' id='word_1_626' title='bbox 2964 4391 3192 4459; x_wconf 84' lang='lat' dir='ltr'><strong>privata,</strong></span> <span class='ocrx_word' id='word_1_627' title='bbox 3217 4405 3442 4445; x_wconf 85' lang='lat' dir='ltr'><strong>eorum-</strong></span> 
     </span>
    </p>
   </div>
   <div class='ocr_carea' id='block_1_91' title="bbox 153 4481 3446 4554">
    <p class='ocr_par' dir='ltr' id='par_1_91' title="bbox 153 4481 3446 4554">
     <span class='ocr_line' id='line_1_91' title="bbox 153 4481 3446 4554; baseline 0.001 -17"><span class='ocrx_word' id='word_1_628' title='bbox 153 4542 155 4545; x_wconf 35' lang='lat'>.</span> <span class='ocrx_word' id='word_1_629' title='bbox 214 4481 419 4537; x_wconf 89' lang='lat' dir='ltr'><strong>tionem</strong></span> <span class='ocrx_word' id='word_1_630' title='bbox 460 4490 607 4535; x_wconf 91' lang='lat' dir='ltr'><strong>tuam</strong></span> <span class='ocrx_word' id='word_1_631' title='bbox 645 4483 867 4538; x_wconf 90' lang='lat' dir='ltr'><strong>ﬁdeliter</strong></span> <span class='ocrx_word' id='word_1_632' title='bbox 908 4487 1231 4554; x_wconf 86' lang='lat' dir='ltr'><strong>accepimus,</strong></span> <span class='ocrx_word' id='word_1_633' title='bbox 1259 4489 1305 4540; x_wconf 89' lang='lat' dir='ltr'><strong>si</strong></span> <span class='ocrx_word' id='word_1_634' title='bbox 1333 4489 1490 4541; x_wconf 88' lang='lat' dir='ltr'><strong>ﬁdem</strong></span> <span class='ocrx_word' id='word_1_635' title='bbox 1532 4489 1774 4542; x_wconf 89' lang='lat' dir='ltr'><strong>incorru-</strong></span> <span class='ocrx_word' id='word_1_636' title='bbox 1809 4481 1850 4532; x_wconf 88' lang='grc' dir='ltr'><strong>Ι)</strong></span> <span class='ocrx_word' id='word_1_637' title='bbox 1874 4500 1980 4552; x_wconf 90' lang='lat' dir='ltr'><strong>que</strong></span> <span class='ocrx_word' id='word_1_638' title='bbox 2014 4485 2132 4538; x_wconf 91' lang='lat' dir='ltr'><strong>loco</strong></span> <span class='ocrx_word' id='word_1_639' title='bbox 2162 4482 2384 4537; x_wconf 89' lang='lat' dir='ltr'><strong>fustium</strong></span> <span class='ocrx_word' id='word_1_640' title='bbox 2416 4483 2617 4536; x_wconf 79' lang='lat' dir='ltr'><strong>auxilio</strong></span> <span class='ocrx_word' id='word_1_641' title='bbox 2645 4482 2736 4536; x_wconf 91' lang='lat' dir='ltr'><strong>diu</strong></span> <span class='ocrx_word' id='word_1_642' title='bbox 2770 4483 2935 4552; x_wconf 89' lang='lat' dir='ltr'><strong>potita</strong></span> <span class='ocrx_word' id='word_1_643' title='bbox 2965 4523 2980 4547; x_wconf 93' lang='lat'><strong>,</strong></span> <span class='ocrx_word' id='word_1_644' title='bbox 3035 4498 3157 4536; x_wconf 87' lang='lat' dir='ltr'><strong>cum</strong></span> <span class='ocrx_word' id='word_1_645' title='bbox 3193 4483 3304 4550; x_wconf 86' lang='lat' dir='ltr'><strong>jam</strong></span> <span class='ocrx_word' id='word_1_646' title='bbox 3349 4500 3446 4540; x_wconf 87' lang='lat' dir='ltr'><strong>ac-</strong></span> 
     </span>
    </p>
   </div>
   <div class='ocr_carea' id='block_1_92' title="bbox 212 4573 1774 4643">
    <p class='ocr_par' dir='ltr' id='par_1_92' title="bbox 212 4573 1774 4643">
     <span class='ocr_line' id='line_1_92' title="bbox 212 4573 1774 4643; baseline 0.003 -17"><span class='ocrx_word' id='word_1_647' title='bbox 212 4581 366 4643; x_wconf 86' lang='lat' dir='ltr'><strong>ptam</strong></span> <span class='ocrx_word' id='word_1_648' title='bbox 395 4573 750 4640; x_wconf 88' lang='lat' dir='ltr'><strong>servavimus,</strong></span> <span class='ocrx_word' id='word_1_649' title='bbox 781 4575 828 4628; x_wconf 94' lang='lat' dir='ltr'><strong>si</strong></span> <span class='ocrx_word' id='word_1_650' title='bbox 853 4576 1340 4630; x_wconf 88' lang='lat' dir='ltr'><strong>contradicentibus</strong></span> <span class='ocrx_word' id='word_1_651' title='bbox 1387 4577 1479 4630; x_wconf 90' lang='lat' dir='ltr'><strong>tibi</strong></span> <span class='ocrx_word' id='word_1_652' title='bbox 1521 4587 1774 4632; x_wconf 88' lang='lat' dir='ltr'><strong>constan-</strong></span> 
     </span>
    </p>
   </div>
   <div class='ocr_carea' id='block_1_93' title="bbox 214 4662 1769 4735">
    <p class='ocr_par' dir='ltr' id='par_1_93' title="bbox 214 4662 1769 4735">
     <span class='ocr_line' id='line_1_93' title="bbox 214 4662 1769 4735; baseline 0.004 -18"><span class='ocrx_word' id='word_1_653' title='bbox 214 4672 302 4718; x_wconf 84' lang='lat' dir='ltr'><strong>ter</strong></span> <span class='ocrx_word' id='word_1_654' title='bbox 325 4662 642 4727; x_wconf 88' lang='lat' dir='ltr'><strong>restitimus,</strong></span> <span class='ocrx_word' id='word_1_655' title='bbox 677 4664 868 4718; x_wconf 86' lang='lat' dir='ltr'><strong>exaudi</strong></span> <span class='ocrx_word' id='word_1_656' title='bbox 905 4679 1024 4729; x_wconf 92' lang='lat' dir='ltr'><strong>nos,</strong></span> <span class='ocrx_word' id='word_1_657' title='bbox 1063 4665 1253 4735; x_wconf 89' lang='lat' dir='ltr'><strong>adjuva</strong></span> <span class='ocrx_word' id='word_1_658' title='bbox 1303 4683 1427 4722; x_wconf 92' lang='lat' dir='ltr'><strong>eum</strong></span> <span class='ocrx_word' id='word_1_659' title='bbox 1474 4678 1526 4722; x_wconf 91' lang='lat' dir='ltr'><strong>et</strong></span> <span class='ocrx_word' id='word_1_660' title='bbox 1578 4670 1769 4734; x_wconf 86' lang='lat' dir='ltr'><strong>libera;</strong></span> 
     </span>
    </p>
   </div>
   <div class='ocr_carea' id='block_1_94' title="bbox 211 4751 1771 4822">
    <p class='ocr_par' dir='ltr' id='par_1_94' title="bbox 211 4751 1771 4822">
     <span class='ocr_line' id='line_1_94' title="bbox 211 4751 1771 4822; baseline 0.003 -14"><span class='ocrx_word' id='word_1_661' title='bbox 211 4751 414 4808; x_wconf 86' lang='lat' dir='ltr'><strong>multos</strong></span> <span class='ocrx_word' id='word_1_662' title='bbox 441 4753 645 4807; x_wconf 89' lang='lat' dir='ltr'><strong>sanasti</strong></span> <span class='ocrx_word' id='word_1_663' title='bbox 674 4755 998 4822; x_wconf 84' lang='lat' dir='ltr'><strong>inﬁdelibus,</strong></span> <span class='ocrx_word' id='word_1_664' title='bbox 1034 4774 1199 4811; x_wconf 91' lang='lat' dir='ltr'><strong>unum</strong></span> <span class='ocrx_word' id='word_1_665' title='bbox 1239 4760 1424 4813; x_wconf 87' lang='lat' dir='ltr'><strong>saltem</strong></span> <span class='ocrx_word' id='word_1_666' title='bbox 1453 4763 1682 4814; x_wconf 87' lang='lat' dir='ltr'><strong>concede</strong></span> <span class='ocrx_word' id='word_1_667' title='bbox 1710 4761 1771 4813; x_wconf 88' lang='lat' dir='ltr'><strong>ti-</strong></span> 
     </span>
    </p>
   </div>
   <div class='ocr_carea' id='block_1_95' title="bbox 209 4842 1764 4924">
    <p class='ocr_par' dir='ltr' id='par_1_95' title="bbox 209 4842 1764 4924">
     <span class='ocr_line' id='line_1_95' title="bbox 209 4842 1764 4924; baseline 0.006 -27"><span class='ocrx_word' id='word_1_668' title='bbox 209 4842 444 4908; x_wconf 82' lang='lat' dir='ltr'><strong>dellbus,</strong></span> <span class='ocrx_word' id='word_1_669' title='bbox 467 4859 534 4898; x_wconf 89' lang='lat' dir='ltr'><strong>ne</strong></span> <span class='ocrx_word' id='word_1_670' title='bbox 568 4843 704 4900; x_wconf 86' lang='lat' dir='ltr'><strong>forte</strong></span> <span class='ocrx_word' id='word_1_671' title='bbox 728 4847 987 4924; x_wconf 76' lang='lat' dir='ltr'><strong>insultent</strong></span> <span class='ocrx_word' id='word_1_672' title='bbox 1014 4849 1167 4902; x_wconf 89' lang='lat' dir='ltr'><strong>nobis</strong></span> <span class='ocrx_word' id='word_1_673' title='bbox 1187 4850 1390 4903; x_wconf 90' lang='lat' dir='ltr'><strong>inimici</strong></span> <span class='ocrx_word' id='word_1_674' title='bbox 1414 4851 1726 4919; x_wconf 87' lang='lat' dir='ltr'><strong>objicientes</strong></span> <span class='ocrx_word' id='word_1_675' title='bbox 1748 4870 1764 4907; x_wconf 86' lang='lat'><strong>.&#39;</strong></span> 
     </span>
    </p>
   </div>
   <div class='ocr_carea' id='block_1_96' title="bbox 208 4932 1770 5008">
    <p class='ocr_par' dir='ltr' id='par_1_96' title="bbox 208 4932 1770 5008">
     <span class='ocr_line' id='line_1_96' title="bbox 208 4932 1770 5008; baseline 0.003 -19"><span class='ocrx_word' id='word_1_676' title='bbox 208 4932 368 4989; x_wconf 81' lang='lat' dir='ltr'><strong>Nunc</strong></span> <span class='ocrx_word' id='word_1_677' title='bbox 401 4943 639 5002; x_wconf 88' lang='lat' dir='ltr'><strong>apparet,</strong></span> <span class='ocrx_word' id='word_1_678' title='bbox 681 4951 840 5004; x_wconf 90' lang='lat' dir='ltr'><strong>quam</strong></span> <span class='ocrx_word' id='word_1_679' title='bbox 857 4937 870 5008; x_wconf 48' lang='lat'><strong>‘3</strong></span> <span class='ocrx_word' id='word_1_680' title='bbox 887 4939 1042 5007; x_wconf 90' lang='lat' dir='ltr'><strong>grati,</strong></span> <span class='ocrx_word' id='word_1_681' title='bbox 1091 4954 1252 5008; x_wconf 90' lang='lat' dir='ltr'><strong>quam</strong></span> <span class='ocrx_word' id='word_1_682' title='bbox 1276 4939 1364 4992; x_wconf 91' lang='lat' dir='ltr'><strong>ﬁdi</strong></span> <span class='ocrx_word' id='word_1_683' title='bbox 1387 4940 1436 4993; x_wconf 92' lang='lat' dir='ltr'><strong>ei</strong></span> <span class='ocrx_word' id='word_1_684' title='bbox 1469 4941 1522 4992; x_wconf 91' lang='lat' dir='ltr'><strong>in</strong></span> <span class='ocrx_word' id='word_1_685' title='bbox 1547 4942 1651 4994; x_wconf 86' lang='lat' dir='ltr'><strong>vita</strong></span> <span class='ocrx_word' id='word_1_686' title='bbox 1674 4957 1770 4996; x_wconf 79' lang='lat' dir='ltr'><strong>ex-</strong></span> 
     </span>
    </p>
   </div>
   <div class='ocr_carea' id='block_1_97' title="bbox 208 5003 1772 5103">
    <p class='ocr_par' dir='ltr' id='par_1_97' title="bbox 208 5003 1772 5103">
     <span class='ocr_line' id='line_1_97' title="bbox 208 5003 1772 5103; baseline 0.008 -28"><span class='ocrx_word' id='word_1_687' title='bbox 208 5029 448 5086; x_wconf 73' lang='lat' dir='ltr'><strong>stitistis.</strong></span> <span class='ocrx_word' id='word_1_688' title='bbox 508 5020 566 5078; x_wconf 91' lang='lat' dir='ltr'><strong>Si</strong></span> <span class='ocrx_word' id='word_1_689' title='bbox 599 5039 696 5080; x_wconf 87' lang='lat' dir='ltr'><strong>vos</strong></span> <span class='ocrx_word' id='word_1_690' title='bbox 718 5027 771 5081; x_wconf 93' lang='lat' dir='ltr'><strong>in</strong></span> <span class='ocrx_word' id='word_1_691' title='bbox 796 5003 904 5082; x_wconf 55' lang='lat' dir='ltr'><strong>vit‘a</strong></span> <span class='ocrx_word' id='word_1_692' title='bbox 938 5030 1230 5096; x_wconf 79' lang='lat' dir='ltr'><strong>dilexisset,</strong></span> <span class='ocrx_word' id='word_1_693' title='bbox 1262 5031 1316 5084; x_wconf 94' lang='lat' dir='ltr'><strong>in</strong></span> <span class='ocrx_word' id='word_1_694' title='bbox 1363 5039 1534 5086; x_wconf 90' lang='lat' dir='ltr'><strong>morte</strong></span> <span class='ocrx_word' id='word_1_695' title='bbox 1557 5049 1772 5103; x_wconf 87' lang='lat' dir='ltr'><strong>quoque</strong></span> 
     </span>
    </p>
   </div>
   <div class='ocr_carea' id='block_1_98' title="bbox 207 5119 1775 5192">
    <p class='ocr_par' dir='ltr' id='par_1_98' title="bbox 207 5119 1775 5192">
     <span class='ocr_line' id='line_1_98' title="bbox 207 5119 1775 5192; baseline 0.004 -19"><span class='ocrx_word' id='word_1_696' title='bbox 207 5137 308 5174; x_wconf 85' lang='lat' dir='ltr'><strong>vos</strong></span> <span class='ocrx_word' id='word_1_697' title='bbox 330 5120 768 5186; x_wconf 88' lang='lat' dir='ltr'><strong>houoriﬁcasset;</strong></span> <span class='ocrx_word' id='word_1_698' title='bbox 827 5119 918 5173; x_wconf 88' lang='lat' dir='ltr'><strong>sed</strong></span> <span class='ocrx_word' id='word_1_699' title='bbox 945 5136 1107 5188; x_wconf 91' lang='lat' dir='ltr'><strong>quam</strong></span> <span class='ocrx_word' id='word_1_700' title='bbox 1137 5136 1232 5174; x_wconf 85' lang='lat' dir='ltr'><strong>vos</strong></span> <span class='ocrx_word' id='word_1_701' title='bbox 1264 5121 1533 5192; x_wconf 89' lang='lat' dir='ltr'><strong>indignos,</strong></span> <span class='ocrx_word' id='word_1_702' title='bbox 1574 5125 1775 5179; x_wconf 90' lang='lat' dir='ltr'><strong>abomi-</strong></span> 
     </span>
    </p>
   </div>
   <div class='ocr_carea' id='block_1_99' title="bbox 205 5210 1770 5284">
    <p class='ocr_par' dir='ltr' id='par_1_99' title="bbox 205 5210 1770 5284">
     <span class='ocr_line' id='line_1_99' title="bbox 205 5210 1770 5284; baseline 0.004 -20"><span class='ocrx_word' id='word_1_703' title='bbox 205 5211 440 5277; x_wconf 85' lang='lat' dir='ltr'><strong>nabiles,</strong></span> <span class='ocrx_word' id='word_1_704' title='bbox 501 5210 927 5280; x_wconf 75' lang='lat' dir='ltr'><strong>contemptibiles</strong></span> <span class='ocrx_word' id='word_1_705' title='bbox 951 5224 1070 5263; x_wconf 80' lang='lat' dir='ltr'><strong>esse</strong></span> <span class='ocrx_word' id='word_1_706' title='bbox 1107 5210 1388 5278; x_wconf 86' lang='lat' dir='ltr'><strong>judicavit,</strong></span> <span class='ocrx_word' id='word_1_707' title='bbox 1414 5229 1443 5265; x_wconf 90' lang='lat' dir='ltr'><strong>a</strong></span> <span class='ocrx_word' id='word_1_708' title='bbox 1467 5223 1613 5268; x_wconf 90' lang='lat' dir='ltr'><strong>tanta</strong></span> <span class='ocrx_word' id='word_1_709' title='bbox 1645 5232 1770 5284; x_wconf 84' lang='lat' dir='ltr'><strong>gra-</strong></span> 
     </span>
    </p>
   </div>
   <div class='ocr_carea' id='block_1_100' title="bbox 207 5299 1768 5372">
    <p class='ocr_par' dir='ltr' id='par_1_100' title="bbox 207 5299 1768 5372">
     <span class='ocr_line' id='line_1_100' title="bbox 207 5299 1768 5372; baseline 0.003 -18"><span class='ocrx_word' id='word_1_710' title='bbox 207 5300 285 5355; x_wconf 91' lang='lat' dir='ltr'><strong>tia</strong></span> <span class='ocrx_word' id='word_1_711' title='bbox 298 5300 506 5354; x_wconf 88' lang='lat' dir='ltr'><strong>alienos</strong></span> <span class='ocrx_word' id='word_1_712' title='bbox 539 5316 638 5355; x_wconf 89' lang='lat' dir='ltr'><strong>vos</strong></span> <span class='ocrx_word' id='word_1_713' title='bbox 657 5301 800 5357; x_wconf 89' lang='lat' dir='ltr'><strong>fecit.</strong></span> <span class='ocrx_word' id='word_1_714' title='bbox 850 5299 1062 5370; x_wconf 80' lang='lat' dir='ltr'><strong>Repelle</strong></span> <span class='ocrx_word' id='word_1_715' title='bbox 1085 5315 1116 5352; x_wconf 90' lang='lat' dir='ltr'><strong>a</strong></span> <span class='ocrx_word' id='word_1_716' title='bbox 1144 5299 1317 5364; x_wconf 91' lang='lat' dir='ltr'><strong>nobis,</strong></span> <span class='ocrx_word' id='word_1_717' title='bbox 1335 5302 1768 5372; x_wconf 67' lang='lat' dir='ltr'><strong>piissimel’ater,</strong></span> 
     </span>
    </p>
   </div>
   <div class='ocr_carea' id='block_1_101' title="bbox 204 5390 1761 5463">
    <p class='ocr_par' dir='ltr' id='par_1_101' title="bbox 204 5390 1761 5463">
     <span class='ocr_line' id='line_1_101' title="bbox 204 5390 1761 5463; baseline 0.001 -17"><span class='ocrx_word' id='word_1_718' title='bbox 204 5391 316 5447; x_wconf 86' lang='lat' dir='ltr'><strong>hoc</strong></span> <span class='ocrx_word' id='word_1_719' title='bbox 341 5390 707 5461; x_wconf 87' lang='lat' dir='ltr'><strong>opprobrium,</strong></span> <span class='ocrx_word' id='word_1_720' title='bbox 750 5401 804 5446; x_wconf 88' lang='lat' dir='ltr'><strong>et</strong></span> <span class='ocrx_word' id='word_1_721' title='bbox 846 5393 956 5447; x_wconf 92' lang='lat' dir='ltr'><strong>cito</strong></span> <span class='ocrx_word' id='word_1_722' title='bbox 1001 5390 1176 5462; x_wconf 88' lang='lat' dir='ltr'><strong>profer</strong></span> <span class='ocrx_word' id='word_1_723' title='bbox 1208 5400 1451 5445; x_wconf 83' lang='lat' dir='ltr'><strong>nostrum</strong></span> <span class='ocrx_word' id='word_1_724' title='bbox 1486 5396 1761 5463; x_wconf 82' lang='lat' dir='ltr'><strong>gaudium.</strong></span> 
     </span>
    </p>
   </div>
   <div class='ocr_carea' id='block_1_102' title="bbox 203 5479 1765 5552">
    <p class='ocr_par' dir='ltr' id='par_1_102' title="bbox 203 5479 1765 5552">
     <span class='ocr_line' id='line_1_102' title="bbox 203 5479 1765 5552; baseline 0.003 -18"><span class='ocrx_word' id='word_1_725' title='bbox 203 5479 447 5538; x_wconf 79' lang='lat' dir='ltr'><strong>Monstra</strong></span> <span class='ocrx_word' id='word_1_726' title='bbox 482 5490 535 5534; x_wconf 91' lang='lat' dir='ltr'><strong>te</strong></span> <span class='ocrx_word' id='word_1_727' title='bbox 560 5480 715 5534; x_wconf 88' lang='lat' dir='ltr'><strong>nobis</strong></span> <span class='ocrx_word' id='word_1_728' title='bbox 740 5483 1059 5549; x_wconf 83' lang='lat' dir='ltr'><strong>propitium,</strong></span> <span class='ocrx_word' id='word_1_729' title='bbox 1078 5483 1129 5535; x_wconf 90' lang='lat' dir='ltr'><strong>in</strong></span> <span class='ocrx_word' id='word_1_730' title='bbox 1155 5497 1314 5550; x_wconf 88' lang='lat' dir='ltr'><strong>quem</strong></span> <span class='ocrx_word' id='word_1_731' title='bbox 1345 5496 1554 5552; x_wconf 84' lang='lat' dir='ltr'><strong>semper</strong></span> <span class='ocrx_word' id='word_1_732' title='bbox 1585 5499 1765 5552; x_wconf 89' lang='lat' dir='ltr'><strong>respe—</strong></span> 
     </span>
    </p>
   </div>
   <div class='ocr_carea' id='block_1_103' title="bbox 202 5557 1764 5648">
    <p class='ocr_par' dir='ltr' id='par_1_103' title="bbox 202 5557 1764 5648">
     <span class='ocr_line' id='line_1_103' title="bbox 202 5557 1764 5648; baseline 0.001 -24"><span class='ocrx_word' id='word_1_733' title='bbox 202 5571 388 5648; x_wconf 48' lang='lat' dir='ltr'><strong>nimus</strong></span> <span class='ocrx_word' id='word_1_734' title='bbox 423 5557 665 5635; x_wconf 80' lang='lat' dir='ltr'><strong>unicum,</strong></span> <span class='ocrx_word' id='word_1_735' title='bbox 690 5586 851 5638; x_wconf 91' lang='lat' dir='ltr'><strong>quem</strong></span> <span class='ocrx_word' id='word_1_736' title='bbox 884 5573 1038 5626; x_wconf 91' lang='lat' dir='ltr'><strong>nobis</strong></span> <span class='ocrx_word' id='word_1_737' title='bbox 1079 5573 1467 5641; x_wconf 82' lang='lat' dir='ltr'><strong>inspiciendum</strong></span> <span class='ocrx_word' id='word_1_738' title='bbox 1513 5574 1764 5642; x_wconf 85' lang='lat' dir='ltr'><strong>proponi-</strong></span> 
     </span>
    </p>
   </div>
   <div class='ocr_carea' id='block_1_104' title="bbox 276 5679 1759 5754">
    <p class='ocr_par' dir='ltr' id='par_1_104' title="bbox 276 5679 1759 5754">
     <span class='ocr_line' id='line_1_104' title="bbox 276 5679 1759 5754; baseline 0.002 -18"><span class='ocrx_word' id='word_1_739' title='bbox 276 5679 702 5754; x_wconf 67' lang='lat' dir='ltr'><strong>(488)_Epistola</strong></span> <span class='ocrx_word' id='word_1_740' title='bbox 742 5684 925 5746; x_wconf 91' lang='lat' dir='ltr'><strong>altera,</strong></span> <span class='ocrx_word' id='word_1_741' title='bbox 967 5683 1155 5740; x_wconf 86' lang='lat' dir='ltr'><strong>Ubaldi</strong></span> <span class='ocrx_word' id='word_1_742' title='bbox 1194 5687 1428 5754; x_wconf 71' lang='lat' dir='ltr'><strong>episcopi</strong></span> <span class='ocrx_word' id='word_1_743' title='bbox 1466 5685 1759 5751; x_wconf 80' lang='lat' dir='ltr'><strong>Mantuani,</strong></span> 
     </span>
    </p>
   </div>
   <div class='ocr_carea' id='block_1_105' title="bbox 205 5752 1505 5810">
    <p class='ocr_par' dir='ltr' id='par_1_105' title="bbox 205 5752 1505 5810">
     <span class='ocr_line' id='line_1_105' title="bbox 205 5752 1505 5810; baseline -0.002 0"><span class='ocrx_word' id='word_1_744' title='bbox 205 5752 548 5810; x_wconf 80' lang='lat' dir='ltr'><strong>adeamdent</strong></span> <span class='ocrx_word' id='word_1_745' title='bbox 580 5754 847 5807; x_wconf 79' lang='lat' dir='ltr'><strong>illustriss.</strong></span> <span class='ocrx_word' id='word_1_746' title='bbox 880 5755 1146 5809; x_wconf 81' lang='lat' dir='ltr'><strong>doiniuam</strong></span> <span class='ocrx_word' id='word_1_747' title='bbox 1181 5752 1505 5809; x_wconf 75' lang='lat' dir='ltr'><strong>Mathildam.</strong></span> 
     </span>
    </p>
   </div>
   <div class='ocr_carea' id='block_1_106' title="bbox 1875 4572 3445 4642">
    <p class='ocr_par' dir='ltr' id='par_1_106' title="bbox 1875 4572 3445 4642">
     <span class='ocr_line' id='line_1_106' title="bbox 1875 4572 3445 4642; baseline 0 -14"><span class='ocrx_word' id='word_1_748' title='bbox 1875 4575 2126 4628; x_wconf 87' lang='lat' dir='ltr'><strong>cessisset</strong></span> <span class='ocrx_word' id='word_1_749' title='bbox 2152 4574 2218 4627; x_wconf 91' lang='lat' dir='ltr'><strong>ad</strong></span> <span class='ocrx_word' id='word_1_750' title='bbox 2243 4575 2510 4628; x_wconf 91' lang='lat' dir='ltr'><strong>tumulum</strong></span> <span class='ocrx_word' id='word_1_751' title='bbox 2551 4572 2729 4627; x_wconf 91' lang='lat' dir='ltr'><strong>Patris</strong></span> <span class='ocrx_word' id='word_1_752' title='bbox 2770 4574 2971 4638; x_wconf 79' lang='lat' dir='ltr'><strong>nostri,</strong></span> <span class='ocrx_word' id='word_1_753' title='bbox 3004 4575 3116 4628; x_wconf 85' lang='lat' dir='ltr'><strong>sole</strong></span> <span class='ocrx_word' id='word_1_754' title='bbox 3142 4574 3254 4642; x_wconf 91' lang='lat' dir='ltr'><strong>jam</strong></span> <span class='ocrx_word' id='word_1_755' title='bbox 3282 4574 3445 4628; x_wconf 84' lang='lat' dir='ltr'><strong>dece-</strong></span> 
     </span>
    </p>
   </div>
   <div class='ocr_carea' id='block_1_107' title="bbox 1873 4664 3443 4736">
    <p class='ocr_par' dir='ltr' id='par_1_107' title="bbox 1873 4664 3443 4736">
     <span class='ocr_line' id='line_1_107' title="bbox 1873 4664 3443 4736; baseline -0.002 -18"><span class='ocrx_word' id='word_1_756' title='bbox 1873 4666 2051 4731; x_wconf 86' lang='lat' dir='ltr'><strong>dente,</strong></span> <span class='ocrx_word' id='word_1_757' title='bbox 2092 4675 2200 4719; x_wconf 90' lang='lat' dir='ltr'><strong>tam</strong></span> <span class='ocrx_word' id='word_1_758' title='bbox 2227 4667 2409 4736; x_wconf 87' lang='lat' dir='ltr'><strong>gravis</strong></span> <span class='ocrx_word' id='word_1_759' title='bbox 2431 4675 2484 4721; x_wconf 90' lang='lat' dir='ltr'><strong>et</strong></span> <span class='ocrx_word' id='word_1_760' title='bbox 2511 4666 2673 4719; x_wconf 68' lang='lat' dir='ltr'><strong>variae</strong></span> <span class='ocrx_word' id='word_1_761' title='bbox 2702 4664 3028 4719; x_wconf 78' lang='lat' dir='ltr'><strong>inﬁrmitatis</strong></span> <span class='ocrx_word' id='word_1_762' title='bbox 3058 4666 3236 4720; x_wconf 90' lang='lat' dir='ltr'><strong>subito</strong></span> <span class='ocrx_word' id='word_1_763' title='bbox 3260 4665 3443 4732; x_wconf 81' lang='lat' dir='ltr'><strong>sospi—</strong></span> 
     </span>
    </p>
   </div>
   <div class='ocr_carea' id='block_1_108' title="bbox 1873 4759 2662 4827">
    <p class='ocr_par' dir='ltr' id='par_1_108' title="bbox 1873 4759 2662 4827">
     <span class='ocr_line' id='line_1_108' title="bbox 1873 4759 2662 4827; baseline -0.003 -15"><span class='ocrx_word' id='word_1_764' title='bbox 1873 4766 2035 4812; x_wconf 88' lang='lat' dir='ltr'><strong>tatem</strong></span> <span class='ocrx_word' id='word_1_765' title='bbox 2063 4759 2282 4827; x_wconf 90' lang='lat' dir='ltr'><strong>recepit.</strong></span> <span class='ocrx_word' id='word_1_766' title='bbox 2659 4808 2662 4810; x_wconf 93' lang='lat'><em>_</em></span> 
     </span>
    </p>
   </div>
   <div class='ocr_carea' id='block_1_109' title="bbox 1941 4844 3436 4919">
    <p class='ocr_par' dir='ltr' id='par_1_109' title="bbox 1941 4844 3436 4919">
     <span class='ocr_line' id='line_1_109' title="bbox 1941 4844 3436 4919; baseline -0.001 -17"><span class='ocrx_word' id='word_1_767' title='bbox 1941 4849 2096 4916; x_wconf 89' lang='lat' dir='ltr'><strong>Quod</strong></span> <span class='ocrx_word' id='word_1_768' title='bbox 2121 4852 2249 4903; x_wconf 91' lang='lat' dir='ltr'><strong>mihi</strong></span> <span class='ocrx_word' id='word_1_769' title='bbox 2273 4849 2519 4919; x_wconf 64' lang='lat' dir='ltr'><strong>quaedam</strong></span> <span class='ocrx_word' id='word_1_770' title='bbox 2541 4858 2787 4904; x_wconf 89' lang='lat' dir='ltr'><strong>matrona</strong></span> <span class='ocrx_word' id='word_1_771' title='bbox 2814 4844 3007 4898; x_wconf 91' lang='lat' dir='ltr'><strong>mulier</strong></span> <span class='ocrx_word' id='word_1_772' title='bbox 3033 4844 3285 4910; x_wconf 88' lang='lat' dir='ltr'><strong>honesta,</strong></span> <span class='ocrx_word' id='word_1_773' title='bbox 3312 4859 3436 4900; x_wconf 60' lang='lat' dir='ltr'><strong>ma-</strong></span> 
     </span>
    </p>
   </div>
   <div class='ocr_carea' id='block_1_110' title="bbox 1870 4936 3441 5006">
    <p class='ocr_par' dir='ltr' id='par_1_110' title="bbox 1870 4936 3441 5006">
     <span class='ocr_line' id='line_1_110' title="bbox 1870 4936 3441 5006; baseline -0.003 -9"><span class='ocrx_word' id='word_1_774' title='bbox 1870 4952 1951 4997; x_wconf 90' lang='lat' dir='ltr'><strong>ter</strong></span> <span class='ocrx_word' id='word_1_775' title='bbox 1978 4941 2202 4996; x_wconf 78' lang='lat' dir='ltr'><strong>Ioannis</strong></span> <span class='ocrx_word' id='word_1_776' title='bbox 2247 4943 2312 4996; x_wconf 88' lang='lat' dir='ltr'><strong>de</strong></span> <span class='ocrx_word' id='word_1_777' title='bbox 2349 4942 2586 5003; x_wconf 87' lang='lat' dir='ltr'><strong>Persico,</strong></span> <span class='ocrx_word' id='word_1_778' title='bbox 2626 4937 2826 5002; x_wconf 90' lang='lat' dir='ltr'><strong>retulit,</strong></span> <span class='ocrx_word' id='word_1_779' title='bbox 2859 4936 3014 4990; x_wconf 86' lang='lat' dir='ltr'><strong>vobis</strong></span> <span class='ocrx_word' id='word_1_780' title='bbox 3044 4951 3260 5006; x_wconf 85' lang='lat' dir='ltr'><strong>quoque</strong></span> <span class='ocrx_word' id='word_1_781' title='bbox 3292 4938 3441 4994; x_wconf 86' lang='lat' dir='ltr'><strong>refe-</strong></span> 
     </span>
    </p>
   </div>
   <div class='ocr_carea' id='block_1_111' title="bbox 1867 5025 3442 5100">
    <p class='ocr_par' dir='ltr' id='par_1_111' title="bbox 1867 5025 3442 5100">
     <span class='ocr_line' id='line_1_111' title="bbox 1867 5025 3442 5100; baseline -0.004 -12"><span class='ocrx_word' id='word_1_782' title='bbox 1867 5035 2093 5088; x_wconf 89' lang='lat' dir='ltr'><strong>rendum</strong></span> <span class='ocrx_word' id='word_1_783' title='bbox 2130 5031 2332 5100; x_wconf 87' lang='lat' dir='ltr'><strong>putavi.</strong></span> <span class='ocrx_word' id='word_1_784' title='bbox 2381 5029 2503 5084; x_wconf 68' lang='lat' dir='ltr'><strong>Haec</strong></span> <span class='ocrx_word' id='word_1_785' title='bbox 2543 5027 2646 5080; x_wconf 91' lang='lat' dir='ltr'><strong>ﬁde</strong></span> <span class='ocrx_word' id='word_1_786' title='bbox 2674 5027 2828 5096; x_wconf 85' lang='lat' dir='ltr'><strong>plena</strong></span> <span class='ocrx_word' id='word_1_787' title='bbox 2857 5067 2872 5092; x_wconf 93' lang='lat'><strong>,</strong></span> <span class='ocrx_word' id='word_1_788' title='bbox 2912 5025 3004 5080; x_wconf 91' lang='lat' dir='ltr'><strong>Dei</strong></span> <span class='ocrx_word' id='word_1_789' title='bbox 3039 5041 3224 5080; x_wconf 89' lang='lat' dir='ltr'><strong>amore</strong></span> <span class='ocrx_word' id='word_1_790' title='bbox 3261 5025 3442 5094; x_wconf 81' lang='lat' dir='ltr'><strong>perfe-</strong></span> 
     </span>
    </p>
   </div>
   <div class='ocr_carea' id='block_1_112' title="bbox 1864 5117 3437 5190">
    <p class='ocr_par' dir='ltr' id='par_1_112' title="bbox 1864 5117 3437 5190">
     <span class='ocr_line' id='line_1_112' title="bbox 1864 5117 3437 5190; baseline -0.005 -10"><span class='ocrx_word' id='word_1_791' title='bbox 1864 5134 1972 5190; x_wconf 87' lang='lat' dir='ltr'><strong>eta,</strong></span> <span class='ocrx_word' id='word_1_792' title='bbox 1997 5121 2322 5178; x_wconf 86' lang='lat' dir='ltr'><strong>sanctissimi</strong></span> <span class='ocrx_word' id='word_1_793' title='bbox 2344 5119 2582 5174; x_wconf 78' lang='lat' dir='ltr'><strong>Anselmi</strong></span> <span class='ocrx_word' id='word_1_794' title='bbox 2602 5118 2902 5186; x_wconf 86' lang='lat' dir='ltr'><strong>disciplinis</strong></span> <span class='ocrx_word' id='word_1_795' title='bbox 2924 5117 3190 5180; x_wconf 89' lang='lat' dir='ltr'><strong>instituta,</strong></span> <span class='ocrx_word' id='word_1_796' title='bbox 3207 5131 3437 5172; x_wconf 88' lang='lat' dir='ltr'><strong>suorum</strong></span> 
     </span>
    </p>
   </div>
   <div class='ocr_carea' id='block_1_113' title="bbox 1865 5206 3436 5284">
    <p class='ocr_par' dir='ltr' id='par_1_113' title="bbox 1865 5206 3436 5284">
     <span class='ocr_line' id='line_1_113' title="bbox 1865 5206 3436 5284; baseline -0.005 -16"><span class='ocrx_word' id='word_1_797' title='bbox 1865 5214 2298 5284; x_wconf 88' lang='lat' dir='ltr'><strong>presbyterorum</strong></span> <span class='ocrx_word' id='word_1_798' title='bbox 2319 5208 2554 5264; x_wconf 87' lang='lat' dir='ltr'><strong>ofﬁcium</strong></span> <span class='ocrx_word' id='word_1_799' title='bbox 2578 5217 2794 5279; x_wconf 88' lang='lat' dir='ltr'><strong>propter</strong></span> <span class='ocrx_word' id='word_1_800' title='bbox 2814 5206 3436 5262; x_wconf 81' lang='lat' dir='ltr'><strong>excommunicationem</strong></span> 
     </span>
    </p>
   </div>
   <div class='ocr_carea' id='block_1_114' title="bbox 1863 5299 3434 5373">
    <p class='ocr_par' dir='ltr' id='par_1_114' title="bbox 1863 5299 3434 5373">
     <span class='ocr_line' id='line_1_114' title="bbox 1863 5299 3434 5373; baseline -0.007 -15"><span class='ocrx_word' id='word_1_801' title='bbox 1863 5319 2142 5373; x_wconf 89' lang='lat' dir='ltr'><strong>spernens,</strong></span> <span class='ocrx_word' id='word_1_802' title='bbox 2178 5301 2408 5370; x_wconf 88' lang='lat' dir='ltr'><strong>quadam</strong></span> <span class='ocrx_word' id='word_1_803' title='bbox 2436 5301 2522 5358; x_wconf 87' lang='lat' dir='ltr'><strong>die</strong></span> <span class='ocrx_word' id='word_1_804' title='bbox 2547 5302 2674 5354; x_wconf 91' lang='lat' dir='ltr'><strong>dum</strong></span> <span class='ocrx_word' id='word_1_805' title='bbox 2709 5316 2738 5352; x_wconf 92' lang='lat' dir='ltr'><strong>a</strong></span> <span class='ocrx_word' id='word_1_806' title='bbox 2775 5299 3254 5352; x_wconf 90' lang='lat' dir='ltr'><strong>circumstantibus</strong></span> <span class='ocrx_word' id='word_1_807' title='bbox 3282 5312 3434 5363; x_wconf 70' lang='lat' dir='ltr'><strong>qua:-</strong></span> 
     </span>
    </p>
   </div>
   <div class='ocr_carea' id='block_1_115' title="bbox 1870 5387 3433 5462">
    <p class='ocr_par' dir='ltr' id='par_1_115' title="bbox 1870 5387 3433 5462">
     <span class='ocr_line' id='line_1_115' title="bbox 1870 5387 3433 5462; baseline -0.005 -15"><span class='ocrx_word' id='word_1_808' title='bbox 1870 5403 2013 5448; x_wconf 89' lang='lat' dir='ltr'><strong>reret</strong></span> <span class='ocrx_word' id='word_1_809' title='bbox 2039 5395 2181 5448; x_wconf 89' lang='lat' dir='ltr'><strong>unde</strong></span> <span class='ocrx_word' id='word_1_810' title='bbox 2207 5394 2439 5462; x_wconf 90' lang='lat' dir='ltr'><strong>aliquem</strong></span> <span class='ocrx_word' id='word_1_811' title='bbox 2466 5393 2684 5461; x_wconf 87' lang='lat' dir='ltr'><strong>dignum</strong></span> <span class='ocrx_word' id='word_1_812' title='bbox 2716 5397 2770 5442; x_wconf 88' lang='lat' dir='ltr'><strong>et</strong></span> <span class='ocrx_word' id='word_1_813' title='bbox 2797 5389 2862 5441; x_wconf 90' lang='lat' dir='ltr'><strong>ad</strong></span> <span class='ocrx_word' id='word_1_814' title='bbox 2892 5390 3263 5442; x_wconf 89' lang='lat' dir='ltr'><strong>celebrandam</strong></span> <span class='ocrx_word' id='word_1_815' title='bbox 3297 5387 3433 5439; x_wconf 80' lang='lat' dir='ltr'><strong>mis-</strong></span> 
     </span>
    </p>
   </div>
   <div class='ocr_carea' id='block_1_116' title="bbox 1870 5475 3426 5548">
    <p class='ocr_par' dir='ltr' id='par_1_116' title="bbox 1870 5475 3426 5548">
     <span class='ocr_line' id='line_1_116' title="bbox 1870 5475 3426 5548; baseline -0.006 -11"><span class='ocrx_word' id='word_1_816' title='bbox 1870 5500 1986 5538; x_wconf 90' lang='lat' dir='ltr'><strong>sam</strong></span> <span class='ocrx_word' id='word_1_817' title='bbox 2017 5487 2266 5541; x_wconf 90' lang='lat' dir='ltr'><strong>idoneum</strong></span> <span class='ocrx_word' id='word_1_818' title='bbox 2293 5485 2488 5537; x_wconf 88' lang='lat' dir='ltr'><strong>habere</strong></span> <span class='ocrx_word' id='word_1_819' title='bbox 2517 5488 2718 5548; x_wconf 85' lang='lat' dir='ltr'><strong>posset,</strong></span> <span class='ocrx_word' id='word_1_820' title='bbox 2744 5479 2966 5548; x_wconf 87' lang='lat' dir='ltr'><strong>quidam</strong></span> <span class='ocrx_word' id='word_1_821' title='bbox 2997 5481 3062 5533; x_wconf 91' lang='lat' dir='ltr'><strong>de</strong></span> <span class='ocrx_word' id='word_1_822' title='bbox 3090 5476 3282 5531; x_wconf 85' lang='lat' dir='ltr'><strong>Casalo</strong></span> <span class='ocrx_word' id='word_1_823' title='bbox 3307 5475 3426 5527; x_wconf 73' lang='lat' dir='ltr'><strong>illa-</strong></span> 
     </span>
    </p>
   </div>
   <div class='ocr_carea' id='block_1_117' title="bbox 1863 5569 3425 5644">
    <p class='ocr_par' dir='ltr' id='par_1_117' title="bbox 1863 5569 3425 5644">
     <span class='ocr_line' id='line_1_117' title="bbox 1863 5569 3425 5644; baseline -0.008 -15"><span class='ocrx_word' id='word_1_824' title='bbox 1863 5575 1983 5644; x_wconf 84' lang='lat' dir='ltr'><strong>jore</strong></span> <span class='ocrx_word' id='word_1_825' title='bbox 2029 5587 2213 5629; x_wconf 88' lang='lat' dir='ltr'><strong>astans</strong></span> <span class='ocrx_word' id='word_1_826' title='bbox 2237 5574 2370 5626; x_wconf 80' lang='lat' dir='ltr'><strong>dixit</strong></span> <span class='ocrx_word' id='word_1_827' title='bbox 2405 5591 2416 5624; x_wconf 93' lang='lat'>:</span> <span class='ocrx_word' id='word_1_828' title='bbox 2457 5591 2472 5620; x_wconf 83' lang='grc'><strong><em>‹</em></strong></span> <span class='ocrx_word' id='word_1_829' title='bbox 2508 5571 2618 5624; x_wconf 89' lang='lat' dir='ltr'><strong>Cur</strong></span> <span class='ocrx_word' id='word_1_830' title='bbox 2651 5581 2952 5626; x_wconf 88' lang='lat' dir='ltr'><strong>vestrorum</strong></span> <span class='ocrx_word' id='word_1_831' title='bbox 2989 5569 3425 5636; x_wconf 84' lang='lat' dir='ltr'><strong>presbyterorum</strong></span> 
     </span>
    </p>
   </div>
   <div class='ocr_carea' id='block_1_118' title="bbox 1940 5679 3422 5756">
    <p class='ocr_par' dir='ltr' id='par_1_118' title="bbox 1940 5679 3422 5756">
     <span class='ocr_line' id='line_1_118' title="bbox 1940 5679 3422 5756; baseline -0.007 -17"><span class='ocrx_word' id='word_1_832' title='bbox 1940 5687 2084 5756; x_wconf 68' lang='grc'>(489)</span> <span class='ocrx_word' id='word_1_833' title='bbox 2127 5684 2400 5756; x_wconf 79' lang='lat' dir='ltr'><strong>Postluee</strong></span> <span class='ocrx_word' id='word_1_834' title='bbox 2436 5683 2565 5736; x_wconf 86' lang='lat' dir='ltr'><strong>nulli</strong></span> <span class='ocrx_word' id='word_1_835' title='bbox 2597 5685 2829 5753; x_wconf 83' lang='lat' dir='ltr'><strong>amplius</strong></span> <span class='ocrx_word' id='word_1_836' title='bbox 2866 5679 3073 5734; x_wconf 84' lang='lat' dir='ltr'><strong>numeri</strong></span> <span class='ocrx_word' id='word_1_837' title='bbox 3108 5679 3158 5729; x_wconf 91' lang='lat' dir='ltr'><strong>in</strong></span> <span class='ocrx_word' id='word_1_838' title='bbox 3189 5689 3422 5743; x_wconf 82' lang='lat' dir='ltr'><strong>apogra-</strong></span> 
     </span>
    </p>
   </div>
   <div class='ocr_carea' id='block_1_119' title="bbox 1869 5755 2531 5824">
    <p class='ocr_par' dir='ltr' id='par_1_119' title="bbox 1869 5755 2531 5824">
     <span class='ocr_line' id='line_1_119' title="bbox 1869 5755 2531 5824; baseline -0.003 -17"><span class='ocrx_word' id='word_1_839' title='bbox 1869 5756 1975 5824; x_wconf 88' lang='lat' dir='ltr'><strong>pho</strong></span> <span class='ocrx_word' id='word_1_840' title='bbox 2014 5764 2194 5808; x_wconf 82' lang='lat' dir='ltr'><strong>nostro</strong></span> <span class='ocrx_word' id='word_1_841' title='bbox 2235 5755 2531 5822; x_wconf 79' lang='lat' dir='ltr'><strong>signantur.</strong></span> 
     </span>
    </p>
   </div>
  </div>
