3944 6428
481 413 578 465 9η

1449 402 1537 455 AD
1572 397 1793 471 ΟΡΕΠᾹ
1837 398 1891 449 S.
1934 392 2256 448 (ZRECORII
2293 391 2727 450 APPENDICES.

3605 396 3708 447 93:

482 521 840 579 ministerium
860 517 1206 572 contemnitis
1221 513 1542 582 ?—Propter
1569 525 1829 572 amorem,
1848 506 2041 575 inquit,
2073 509 2117 561 .-\
2143 505 2262 573 ejus
2292 504 2463 559 milite
2511 505 2671 558 modo
2718 504 2880 558 didici
2915 504 3069 559 vobis
3097 502 3294 559 scribo.
3334 502 3502 559 Vobis
3529 511 3582 557 et
3606 503 3709 557 ab-

479 626 530 668 et
553 612 982 684 pnealiaitiouem
1010 609 1067 662 S.
1095 606 1355 669 Anselmi,
1388 614 1485 673 pro
1513 603 1669 671 cujus
1704 600 1911 655 meritis
1938 597 2040 650 llo-

480 705 661 758 minus
707 702 1052 770 omnipotens
1087 697 1330 767 quotidie
1381 694 1508 748 facit
1554 691 1841 746 mirabilia.
1883 708 1901 741 ι
1937 686 2042 755 Qui

478 795 617 848 dixit
639 812 654 849 :
676 812 695 844 ι
718 791 872 846 Nunc
896 807 991 844 vos
1011 791 1289 858 deprecor,
1308 788 1361 839 in
1384 795 1495 840 toto
1515 784 1675 839 corde
1695 780 1893 850 rogetis
1916 794 2042 833 eum

480 894 560 949 ut,
584 883 629 937 si
655 883 888 952 aliquem
921 881 1130 942 erexit,
1160 878 1301 931 sicut
1334 875 1571 939 creditis,
1599 888 1685 927 me
1718 871 2040 932 contrahat;

478 984 593 1039 aut,
621 974 668 1028 si
693 988 853 1043 quem
884 969 1227 1033 illuminavit,
1255 968 1387 1021 mihi
1414 967 1597 1020 lumen
1628 963 1856 1018 auferat.
1889 980 1906 1010 ι
1941 959 2040 1012 Vix

476 1067 628 1120 finita
653 1079 831 1134 prece,
861 1064 1118 1117 ultionem
1152 1060 1245 1113 Dei
1278 1059 1448 1115 sensit
1471 1059 1683 1122 adesse,
1712 1065 1765 1110 et
1785 1055 2043 1109 continuo

480 1156 699 1211 flectens
720 1171 779 1209 se
808 1156 861 1209 in
895 1155 1039 1208 latus
1067 1194 1082 1218 ,
1115 1153 1347 1207 multum
1372 1149 1678 1205 claudicare
1706 1147 1886 1215 carpit.
1919 1143 2043 1198 llaec

479 1258 659 1303 autem
691 1246 881 1300 videns
907 1246 1031 1310 boc,
1068 1245 1233 1312 erepit
1266 1243 1522 1297 intentius
1551 1255 1742 1311 rogare
1763 1238 1955 1300 Deum,
1986 1246 2044 1290 ut

479 1337 656 1392 adhuc
701 1346 923 1404 augeret
968 1334 1296 1403 supplicium
1345 1344 1507 1401 super
1555 1327 1945 1383 incredulitatis
1982 1326 2044 1378 lla

476 1429 632 1495 lium,
658 1438 713 1483 et
737 1426 1021 1482 confestim
1048 1426 1201 1480 dolor
1223 1432 1434 1478 tantum
1472 1422 1640 1476 crevit
1677 1418 1819 1488 quod
1858 1417 1947 1470 vix
1977 1416 2044 1469 ad

478 1521 772 1589 hospitium
816 1518 1087 1588 perrexit,
1112 1526 1168 1570 ct
1199 1515 1356 1585 quasi
1384 1522 1633 1568 mortuus
1673 1518 1758 1565 est
1800 1508 2039 1563 relictus.

478 1608 615 1663 Huic
662 1623 792 1680 ergo
838 1617 1099 1662 matrona:
1147 1605 1422 1666 venienti,
1482 1612 1541 1657 ut
1585 1601 1789 1673 gratias
1836 1597 1945 1652 Deo
1992 1606 2046 1651 et

476 1699 534 1755 8.
564 1700 819 1755 Ansclmo
848 1698 1090 1763 referret,
1109 1698 1328 1767 quidam
1350 1697 1416 1751 de
1442 1693 1753 1749 meuticulis
1781 1689 2042 1756 Guiberti,

476 1793 612 1846 bene
638 1801 817 1855 notus,
842 1791 891 1844 ei
917 1790 1164 1854 obviaus,
1190 1789 1302 1858 jam
1328 1787 1397 1841 ab
1419 1786 1551 1840 urbe
1576 1784 1902 1855 regrediens,
1929 1798 2044 1835 ma-
2078 1822 2118 1875 Β

475 1895 640 1952 gnum
699 1882 803 1935 sibi
849 1882 994 1952 quod
1046 1879 1349 1949 contigerat
1399 1876 1641 1931 narravit
1694 1873 2039 1929 miraculum.

474 1973 720 2041 Quadam
758 1982 915 2028 noete
963 1987 1086 2025 cum
1132 1970 1319 2024 ivissct
1363 1970 1429 2023 ad
1475 1967 1676 2021 ﬂumen
1725 1964 1938 2027 Oleum,
1984 1971 2044 2017 ut

476 2069 718 2122 hauriret
760 2081 954 2136 aquam
980 2109 994 2131 ,
1041 2041 1291 2135 porrecto
1320 2062 1521 2116 uncino
1547 2101 1562 2125 ,
1612 2058 1869 2128 quoniam
1927 2055 2043 2124 ripa

475 2155 653 2211 fuerat
700 2156 835 2219 alta,
883 2156 1145 2210 decursus
1186 2168 1342 2223 aqua:
1386 2151 1487 2205 sibi
1533 2149 1750 2203 situlam
1799 2146 2041 2209 abstulit,

473 2248 760 2317 ablataque
788 2246 903 2302 face
926 2288 941 2307 ,
966 2245 1226 2315 quoniam
1253 2258 1359 2297 nox
1385 2243 1615 2299 obscura
1639 2249 1775 2303 erat,
1806 2253 1931 2293 eum
1964 2253 2045 2290 v1-

475 2338 629 2393 derct
653 2354 683 2391 a
713 2337 951 2391 fluminis
978 2334 1241 2405 vertigine
1271 2331 1497 2396 abduci,
1525 2330 1735 2400 rogavit
1764 2326 1821 2382 S.
1854 2327 2045 2381 Ansel-

476 2442 626 2480 mum
651 2435 707 2480 ut
727 2440 844 2480 eam
876 2424 980 2480 sibi
1005 2423 1269 2478 redderet.
1301 2422 1464 2477 Facta
1494 2430 1673 2476 autem
1701 2433 1889 2490 prece,
1918 2434 2042 2474 cum

475 2519 815 2587 deposuisset
838 2517 1125 2583 uncinum,
1148 2524 1204 2570 et
1230 2514 1333 2589 ‘vix
1362 2514 1471 2567 duo
1501 2513 1724 2566 brachia
1755 2526 2045 2580 appropin—

475 2619 669 2683 quaret
698 2625 873 2680 aquae,
911 2608 1170 2664 continuo
1215 2620 1348 2661 ansa
1397 2604 1574 2660 situla:
1626 2602 1955 2658 se'elevavit
1993 2610 2047 2657 et

476 2700 678 2754 nni-ine
715 2716 773 2755 se
809 2699 1117 2770 applicavit.

545 2792 649 2847 Per
702 2792 892 2847 merita
944 2790 1186 2860 ejusdem
1245 2787 1579 2843 sanctissimi
1636 2785 1816 2841 Patris
1870 2785 2043 2840 nostri

477 2884 723 2954 quaedam
777 2883 1042 2937 monacha
1101 2882 1166 2934 de
1213 2878 1630 2933 ultramontanis‘
1684 2878 1928 2946 partibus
1981 2877 2046 2930 de

478 2973 644 3036 villa,
718 2986 840 3040 quae
904 2969 1101 3024 dicitur
1166 2967 1536 3029 Canmdium,
1591 2966 1744 3034 juxta
1806 2974 2043 3020 castrum

474 3061 640 3115 Cisue
669 3058 794 3125 sita,
823 3059 985 3112 unius
1019 3057 1158 3111 oculi
1199 3058 1378 3111 lumen
1417 3057 1633 3125 recepit,
1666 3064 1720 3109 et
1754 3056 1820 3110 de
1854 3056 2043 3121 altero,

2142 593 2343 647 batissa
2366 592 2422 646 S.
2446 591 2599 646 Pauli
2620 593 2687 647 de
2706 592 2899 647 Parma
2926 592 3156 648 Mantum
3180 593 3547 657 manentibus,
3587 594 3710 661 ejus

2142 684 2360 747 milites,
2408 683 2607 737 auditis
2656 683 2842 738 multis
2888 682 3059 753 signis
3084 683 3151 737 de
3184 681 3241 736 8.
3275 683 3413 747 viro,
3458 682 3528 737 ad
3551 682 3713 751 cujus

2142 773 2508 827 venerandum
2542 774 2809 851 tumulum
2841 773 2920 828 ire
2952 774 3191 828 volentes
3213 772 3479 827 orationis
3499 787 3667 828 causa
3690 813 3710 837 ,

2117 872 2469 931 “rogaverunt
2508 863 2827 932 quemdam,
2870 864 3090 918 nomine
3135 850 3444 917 Albericum
3469 903 3485 928 ,
3536 862 3709 917 filium

2143 951 2375 1007 Alberiei
2401 954 2467 1008 de
2508 952 2711 1006 l’almia
2740 995 2756 1019 ,
2785 961 2845 1006 ut
2869 969 3052 1008 secum
3098 953 3202 1008 iret
3241 967 3342 1022 pro
3385 952 3710 1019 delictorum

2143 1058 2363 1097 suorum
2389 1044 2615 1113 petenda
2631 1043 2813 1098 venia:
2837 1065 2852 1094 ο
2867 1043 3037 1117 Sicut,
3051 1043 3244 1113 inquit,
3257 1057 3351 1098 ore
3375 1042 3543 1097 stulto
3564 1052 3618 1097 et
3637 1041 3711 1099 Ii-

2144 1148 2271 1187 vore
2296 1133 2454 1203 pleno
2483 1132 2615 1187 irem
2644 1135 2711 1188 ad
2741 1135 2977 1200 asinum,
3010 1134 3304 1189 ita‘vadam
3335 1133 3583 1203 adeum,
3601 1131 3711 1188 nisi

2145 1222 2375 1276 fortasse
2422 1221 2717 1276 derisionis
2763 1237 2973 1291 causa,
3021 1223 3088 1285 ad
3142 1223 3261 1291 ejus
3308 1222 3711 1293 impetrandum

2144 1312 2425 1365 auxilium.
2450 1329 2467 1361 ι
2487 1310 2555 1365 At
2584 1311 2660 1364 illi
2682 1300 3064 1411 redarguentes
3087 1320 3142 1365 et
3169 1313 3553 1367 contumeliam
3574 1310 3715 1368 infe-

2145 1409 2344 1463 rentes,
2374 1399 2587 1453 tandem
2612 1407 2673 1453 ut
2698 1399 2882 1453 'secum
2914 1399 3120 1452 veniret
3148 1413 3272 1452 eum
3310 1399 3711 1469 compulerunt.

2145 1490 2396 1543 l'lxtremo
2419 1499 2598 1544 autem
2620 1490 2726 1554 die,
2754 1490 2973 1560 quidam
2993 1495 3305 1543 contractus
3326 1486 3523 1554 fuerat,
3546 1504 3713 1559 que.

2146 1578 2210 1631 ad
2239 1578 2479 1632 tumbam
2515 1588 2849 1647 prostratum
2895 1577 3077 1632 videre
3106 1577 3386 1647 cupientes
3409 1619 3426 1642 ,
3465 1592 3715 1632 accesse-

2148 1680 2311 1735 runt,
2383 1681 2435 1726 et
2487 1682 2796 1727 reverenter
2846 1680 3063 1727 orantes
3118 1673 3419 1742 tumulique
3478 1672 3711 1743 lapidem

2146 1763 2394 1827 osculati,
2426 1762 2671 1819 laetantes
2699 1763 2994 1818 redierunt.
3032 1762 3122 1816 ille
3158 1772 3358 1827 autem,
3404 1772 3465 1819 ut
3506 1763 3716 1819 videret

2145 1854 2312 1923 (eum)
2336 1853 2429 1922 qui
2454 1854 2713 1907 liberatus
2741 1851 2938 1916 fuerat.
2967 1853 3168 1922 pariter
3201 1853 3392 1907 volens
3430 1854 3712 1919 accedere,

2145 1958 2175 1994 a
2231 1944 2516 2011 sepulcro,
2578 1952 2833 2012 tanquam
2884 1944 3135 2013 indignus.
3198 1953 3272 2021 et\
3318 1943 3712 2014 blasphemus,

2144 2032 2356 2085 duobus
2386 2030 2498 2085 fere
2527 2032 2780 2101 passibus
2805 2033 3121 2103 prohibetur
3145 2074 3161 2099 ,
3205 2032 3435 2104 pedibus
3477 2035 3717 2104 graviter

2144 2132 2199 2176 et
2227 2123 2446 2193 pigriter
2474 2124 2822 2178 intercutibus.
2849 2123 2946 2180 llic
2966 2140 3116 2191 vero,
3142 2125 3369 2181 credens
3388 2148 3389 2151 η
3409 2141 3569 2181 crura
3610 2143 3714 2183 sua

2146 2214 2385 2268 fasciolis
2411 2215 2627 2281 stricta,
2652 2217 2855 2282 exivit;
2886 2226 2940 2271 et
2967 2218 3304 2286 comperiens
3345 2218 3401 2272 id
3450 2219 3554 2273 sibi
3598 2234 3713 2275 non

2145 2305 2413 2371 obfuisse,
2444 2307 2637 2361 iterum
2667 2308 2924 2375 intravit,
2961 2309 3101 2363 ultra
3134 2310 3384 2365 eumdem
3415 2313 3714 2367 terminum

2146 2411 2254 2449 non
2281 2396 2464 2451 valens
2493 2411 2731 2467 pergere.
2761 2396 2878 2467 Ipse
2916 2408 3095 2452 autem
3122 2440 3138 2467 ,
3177 2399 3366 2454 dolens
3403 2414 3526 2455 sese
3548 2401 3715 2457 toties

2144 2504 2264 2545 esse
2289 2488 2562 2559 repulsum
2578 2531 2592 2554 ,
2619 2505 2871 2561 egressus
2896 2499 2981 2546 est
3004 2506 3128 2546 cum
3154 2492 3389 2563 pudore“,
3430 2491 3717 2548 admirans

2145 2589 2199 2634 et
2240 2589 2460 2648 stupens
2507 2582 2855 2649 quamobrem
2905 2582 2959 2635 id
3008 2581 3109 2635 sibi
3155 2582 3457 2652 contigerit.
3500 2582 3713 2638 Interea

2145 2688 2321 2727 ca‘cus
2351 2673 2569 2743 quidam
2601 2673 2933 2728 illuminat-us
2961 2680 3061 2728 est.
3093 2673 3361 2743 Cognovit
3394 2689 3525 2746 ergo
3553 2692 3713 2730 suam

2146 2762 2446 2827 stultitiam,
2477 2769 2530 2815 et
2556 2762 2826 2816 maledicti
2849 2762 3115 2832 paenitens
3138 2762 3281 2817 ﬂevit
3306 2779 3511 2818 amare.
3548 2764 3715 2819 Deni-

2145 2868 2251 2921 que
2282 2867 2404 2906 cum
2445 2852 2721 2907 canonicis
2745 2869 2843 2922 pro
2874 2853 3110 2909 ferendis
3143 2855 3395 2910 laudibus
3436 2870 3467 2909 a
3511 2853 3568 2909 S.
3595 2855 3713 2909 An-

2145 2945 2275 2999 drea
2299 2945 2535 3011 rediens,
2568 2945 2751 2998 multis
2781 2954 2903 2999 ante
2921 2946 3144 3015 januam
3187 2945 3244 2999 8.
3287 2946 3432 3001 Petri
3471 2947 3717 3017 profusis

2147 3037 2399 3108 lacrymis
2422 3079 2437 3102 ,
2465 3037 2532 3091 ad
2561 3038 2825 3091 tumulum
2855 3035 3034 3093 Patris
3062 3038 3233 3093 nostri
3257 3079 3272 3103 ,
3316 3038 3461 3095 sicut
3489 3040 3673 3093 caeteri
3694 3081 3715 3106 ,

477 3153 650 3221 gratia
685 3150 809 3216 Dei,
844 3166 987 3203 nunc
1024 3150 1223 3203 clarius
1257 3149 1428 3211 videt,
1466 3148 1605 3201 unde
1640 3147 1916 3216 paululum
1962 3146 2045 3199 vi-

2151 3129 2345 3184 meruit
2394 3128 2650 3196 accedere
2725 3128 2878 3195 Quod
2928 3145 3007 3200 ne_
3035 3130 3168 3184 socii
3216 3130 3284 3184 ad
3325 3130 3715 3185 contumeliam

478 3243 642 3299 debat

546 3335 803 3403 Quaenam
832 3334 997 3407 igitur
1019 3332 1215 3387 mulier
1239 3332 1305 3387 de
1329 3333 1640 3403 episcopatu
1669 3330 2045 3396 Cremonensi,

476 3428 546 3482 de
576 3436 788 3490 castro,
820 3426 1041 3478 nomine
1079 3423 1328 3492 Benengo
1354 3464 1367 3484 ,
1413 3423 1559 3492 quod
1589 3432 1673 3475 est
1705 3421 1867 3476 situm
1894 3421 2047 3490 juxta

416 3508 419 3511 ’
474 3518 836 3580 Jovisaltam,
891 3516 1119 3570 habebat
1172 3530 1400 3585 puerum
1450 3513 1732 3569 duodecim
1781 3526 2048 3568 annorum

477 3609 572 3679 qui
599 3608 838 3662 nondum
863 3623 890 3660 a
918 3607 1108 3661 diebus
1133 3606 1432 3661 nativitatis
1463 3622 1595 3670 suze,
1628 3604 1809 3660 nervis
1833 3612 2050 3659 contra-

479 3698 585 3751 etis
610 3738 625 3759 ,
676 3704 902 3749 noverat
952 3709 1221 3763 gressum.
1276 3693 1448 3764 llujus
1488 3709 1617 3762 ergo
1653 3694 1845 3748 salutis
1880 3702 2051 3747 mater

481 3785 675 3857 cupida
703 3827 717 3849 ,
754 3785 1039 3839 devotione
1076 3784 1262 3854 plena,
1296 3784 1399 3837 fide
1427 3781 1683 3852 perfecta,
1718 3798 1841 3837 eum
1881 3798 1940 3837 se
1972 3783 2051 3836 la-

480 3889 658 3932 turam
694 3877 760 3931 ad
791 3877 1155 3930 venerandum
1182 3874 1347 3940 vovit,
1373 3873 1880 3943 deferensque,gjam
1907 3873 2050 3928 fessa

483 3972 701 4035 propter
741 3980 899 4029 onus,
928 3979 1053 4018 cum
1082 3963 1361 4017 accederet
1394 3962 1460 4016 ad
1493 3963 1771 4016 marcham
1802 3962 2005 4033 regiam
2032 4003 2047 4028 ,

482 4054 772 4124 deposuit;
807 4053 966 4122 cujus
1003 4052 1105 4106 fide
1139 4060 1193 4104 et
1224 4051 1543 4115 devotione,
1576 4066 1682 4119 qua
1714 4067 1927 4120 semper
1959 4053 2051 4106 ca-

484 4156 688 4211 ruerat,
718 4145 946 4198 salutem
974 4158 1099 4197 mox
1132 4141 1351 4195 invenit.
1817 4184 1820 4188 λ

555 4235 816 4288 Prmtcrea
846 4234 1091 4302 quaedam
1119 4232 1313 4285 mulier
1337 4232 1402 4285 de
1424 4230 1700 4287 Wartalda
1743 4232 1797 4286 in
1844 4231 2051 4287 somnis

484 4322 822 4394 prtemonita,
851 4321 1160 4375 revelationi
1191 4321 1406 4373 credula
1434 4363 1449 4387 ,
1472 4323 1616 4376 venit
1646 4324 1713 4377 ad
1754 4324 2050 4393 imploran-

485 4416 615 4467 dum
644 4411 700 4466 S.
728 4411 905 4465 Patris
936 4410 1106 4465 nostri
1130 4409 1365 4464 salutare
1391 4409 1725 4480 suffragium.
1768 4411 1893 4467 mea
1918 4413 2052 4467 adeo

2149 3222 2253 3277 sibi
2289 3222 2605 3291 objicerent,
2645 3220 2835 3286 tacuit;
2874 3222 2967 3276 sed
2999 3237 3166 3285 nunc,
3193 3222 3261 3276 ad
3281 3222 3514 3292 gloriam
3538 3221 3637 3277 Dei
3664 3232 3721 3278 et

2148 3312 2216 3366 ad
2242 3311 2570 3367 sanctissimi
2591 3310 2831 3367 Anselmi
2853 3353 2868 3378 ,
2901 3312 3102 3382 ubique
3134 3313 3388 3383 prmdicat
3420 3315 3575 3385 quod.
3612 3316 3721 3372 sibi

2149 3403 2377 3474 contigit

2219 3495 2355 3550 Cum
2381 3496 2659 3551 venissent
2681 3497 2883 3565 aliquot
2910 3496 3220 3553 Brixienses
3249 3498 3317 3553 ad
3346 3499 3719 3554 venerandum

2151 3588 2417 3641 tumulum
2442 3585 2620 3641 Patris
2647 3588 2838 3653 nostri,
2874 3588 3230 3643 obviaverunt
3253 3589 3465 3643 cuidam
3491 3593 3721 3659 pauperi

2149 3679 2398 3734 similiter
2425 3680 2658 3734 venienti
2698 3696 2797 3751 pro
2836 3682 3008 3736 salute
3047 3682 3273 3752 petenda
3311 3682 3376 3737 de
3401 3683 3722 3753 episcopatu

2148 3771 2411 3836 Cumano,
2434 3770 2798 3840 de_\’altclina,
2821 3774 2915 3843 qui
2934 3766 3187 3840 cernuus,
3208 3775 3311 3828 nisi
3338 3775 3572 3830 fustibus
3595 3791 3726 3834 sus-

2146 3873 2406 3930 tentatus,
2464 3864 2843 3920 incedet-enen
2866 3866 3096 3931 valebat;
3128 3882 3292 3937 quem
3331 3881 3516 3922 secum
3546 3868 3723 3924 duxck
3788 3870 3793 3873 ’

2149 3963 2297 4019 runt,
2331 3962 2386 4009 et
2414 3969 2513 4024 pro
2539 3954 2802 4010 cbaritate
2832 3955 3163 4010 sanctissimi
3186 3954 3422 4011 A..selmi
3450 3972 3705 4031 commea

2150 4055 2265 4111 tum
2289 4046 2337 4100 ei
2368 4046 2648 4102 dederunt.
2693 4048 2774 4101 Ad
2818 4063 3050 4119 quorum
3091 4048 3250 4103 fidem
3290 4048 3726 4107 conﬁrmandam

2150 4147 2203 4193 et
2225 4137 2563 4193 devotionem
2590 4139 2912 4208 augendam,
2940 4138 3200 4193 Dominus
3232 4154 3328 4208 per
3365 4139 3727 4195 intercessio-

2150 4246 2275 4285 nem
2299 4230 2542 4300 prmdieti
2581 4229 2781 4296 Patris,
2806 4246 2839 4283 x
2871 4229 2989 4284 Kal.
3017 4229 3183 4296 Junii,
3207 4239 3364 4285 nocte
3378 4229 3493 4300 jam
3518 4246 3728 4302 appro-

2151 4321 2465 4390 pinquante,
2511 4321 2657 4375 hunc
2695 4321 2889 4388 erexit,
2930 4331 2983 4377 et
3005 4306 3211 4392 absque
3248 4322 3562 4377 baculorum
3590 4339 3724 4380 sus-

2152 4411 2446 4465 tentationc
2472 4410 2549 4464 ire
2572 4412 2861 4466 concessit.

489 4502 785 4576 hydrOpico
815 4501 1006 4556 morbo
1040 4501 1322 4554 laborabat
1354 4501 1500 4570 quod
1548 4517 1606 4556 se
1636 4501 1778 4557 ferre
1824 4518 1932 4557 non
1964 4519 2056 4558 va-
2088 4489 2132 4543 D
2225 4500 2489 4557 Praeterea
2519 4502 2733 4557 cuidam
2780 4518 2948 4572 puero
2986 4518 3017 4557 a
3063 4490 3253 4559 diebus
3285 4504 3581 4560 nativitatis
3605 4522 3724 4565 sua

487 4596 648 4649 lebat.
687 4593 817 4662 Ejus
842 4606 1075 4661 namque
1098 4598 1296 4660 corpus
1320 4600 1528 4646 tantum
1557 4594 1885 4650 intumuerat
1912 4597 2054 4664 quod

488 4701 565 4751 se,
592 4685 723 4754 quin
753 4691 1016 4751 crepat-et,
1046 4682 1133 4735 vix
1161 4682 1436 4737 continere
1465 4691 1692 4752 poterat.
1718 4684 1824 4741 Nec
1841 4688 1954 4755 jam
1976 4689 2057 4741 di—

488 4778 716 4833 cendum
746 4790 965 4843 corpus,
996 4774 1087 4828 sed
1117 4774 1294 4843 potius
1324 4776 1591 4842 truncus';
1619 4792 1720 4831 nec
1746 4778 1853 4831 ulla
1880 4779 2056 4833 homi-

490 4869 576 4923 nis
614 4869 666 4920 in
703 4883 764 4921 ea
800 4866 1082 4921 videbatur
1116 4865 1341 4935 species,
1377 4868 1471 4920 sed
1511 4876 1624 4923 tota
1665 4868 1958 4934 deformis,
2004 4883 2058 4925 et

491 4959 739 5029 qumdam
764 4957 955 5011 mortis
981 4956 1164 5012 facies.
1191 4958 1416 5012 Articuli
1439 4959 1580 5012 enim
1609 4976 1867 5016 manuum
1890 4972 1944 5018 et
1967 4979 2059 5033 pe-

491 5051 621 5104 dum
647 5048 698 5101 in
724 5046 957 5101 solidum
990 5049 1251 5103 abierant.
1298 5046 1434 5103 Nam
1478 5049 1524 5103 si
1568 5048 1742 5105 forma
1784 5061 1839 5106 et
1876 5056 2061 5109 oculo—

493 5157 615 5194 rum
652 5140 858 5193 orbitas
885 5138 1155 5207 perierant
1178 5181 1193 5205 ,
1234 5155 1382 5194 mors
1426 5141 1607 5209 potius
1637 5156 1803 5211 quam
1832 5143 1939 5197 vita
1978 5145 2060 5198 in-

496 5230 700 5293 stabat,
745 5240 799 5284 et
826 5229 891 5283 de.
918 5229 1091 5285 salute
1138 5245 1245 5283 non
1274 5231 1615 5300 desperabat.
1660 5233 1891 5304 Dignum
1932 5251 2059 5306 ergo

496 5322 598 5377 fuit
624 5331 685 5375 ut
719 5322 1096 5376 sanctissimus
1130 5321 1418 5376 Anselmus
1460 5324 1587 5376 huic
1628 5326 1818 5380 salutis
1859 5327 2062 5382 tribue-

497 5424 578 5467 ret
606 5414 873 5482 gratiam,
923 5427 950 5465 a
995 5428 1105 5481 quo
1152 5422 1354 5467 tantam
1395 5417 1743 5482 exspectabat
1778 5418 2059 5483 medelam,

496 5519 658 5573 quam
687 5511 943 5572 sequente
981 5513 1135 5556 nocte
1170 5505 1381 5558 lmtatur
1412 5522 1469 5560 se
1499 5521 1619 5561 esse
1650 5506 1917 5575 adeptam.

569 5593 723 5648 Sient
751 5609 780 5647 a
808 5595 1002 5647 comite
1028 5588 1282 5649 Cuifredo
1307 5607 1356 5649 et
1385 5612 1413 5649 a
1443 5596 1720 5665 Sigefredo
1758 5598 1824 5651 de
1857 5596 2060 5652 Beredo

2158 4593 2323 4649 surdo
2350 4601 2405 4647 et
2440 4603 2611 4659 muto,
2648 4594 2810 4663 paulo
2837 4603 2959 4664 post
2985 4595 3358 4665 migrationem
3387 4597 3727 4654 sanctissimi

2157 4684 2399 4738 Anselmi
2439 4685 2558 4753 ejus
2592 4687 2823 4751 meritis,
2860 4686 3017 4741 nobis
3059 4686 3445 4754 nescientibus,
3488 4688 3728 4744 reddidit

2159 4775 2424 4830 auditum.
2474 4773 2611 4829 lluic
2656 4791 2786 4829 vero
2824 4776 3059 4831 secundo
3100 4778 3188 4832 die
3229 4778 3484 4835 intrantis
3514 4781 3726 4836 mensis

2159 4867 2326 4933 Junii,
2358 4867 2499 4921 circa
2547 4883 2765 4935 nonam,
2813 4869 2932 4938 ejus
2970 4870 3187 4941 lingula:
3223 4871 3387 4925 solvit
3419 4872 3724 4938 vinculum,

2155 4960 2312 5029 juxta
2356 4958 2487 5013 illud
2527 4960 2674 5028 quod
2724 4959 2778 5012 in
2824 4959 3110 5029 Evangelia
3151 4960 3338 5031 legitur
3380 4977 3396 5015 :
3431 4960 3572 5015 Bene
3605 4977 3710 5014 om-

2162 5052 2250 5105 nia
2311 5051 2483 5120 fecit;
2544 5052 2731 5106 surdos
2801 5051 2927 5120 fecit
2989 5052 3175 5107 audire
3233 5062 3286 5107 et
3350 5063 3523 5107 mutos
3578 5051 3726 5123 loqui

2163 5141 2355 5210 (Marc.
2384 5145 2525 5210 νη).
2562 5216 2565 5221 Ι

2234 5231 2381 5303 (490)
2416 5233 2573 5289 Aliud
2621 5248 2837 5303 quoque
2884 5236 3225 5300 miraculum,
3257 5234 3403 5305 quod
3447 5234 3730 5293 confratre

2168 5324 2324 5380 Vitali
2350 5326 2647 5383 Brixiensis
2676 5326 2929 5383 Ecclesia:
2956 5328 3284 5399 presbytero,
3327 5329 3598 5400 religiosae
3639 5330 3727 5383 vi«

2162 5428 2229 5473 tae
2256 5419 2395 5481 viro,
2422 5418 2649 5488 aliisque
2673 5420 2919 5488 pluribus
2945 5418 3302 5475 referentibus
3329 5420 3520 5485 didici,
3546 5428 3731 5488 pater-

2161 5511 2319 5565 nitati
2348 5518 2560 5575 vestrae,
2585 5512 2886 5566 venerande
2928 5510 3105 5578 Pater,
3141 5512 3428 5567 Mantuane
3459 5514 3733 5581 pontitex,

2163 5619 2249 5657 me
2294 5601 2536 5674 Ugonem
2578 5607 2834 5670 scribere,
2882 5614 2940 5659 ut
2975 5606 3210 5675 jussisti,
3255 5619 3367 5659 non
3419 5604 3620 5677 piguit.
3675 5608 3737 5664 In

571 5766 717 5833 (ΝΟ)
752 5763 826 5819 Ex
866 5765 1017 5834 epist.
1056 5768 1331 5838 cujusdam
1374 5767 1573 5836 l'gonis
1609 5773 1673 5827 ad
1711 5773 2057 5833 Mantuanum
2094 5780 2423 5849 epist-opum.

3836 6244 3900 6322 l
