3944 6404
220 388 327 442 9ῗὸ

1124 376 1395 431 ΑΡΗΞΝΙ).
1437 375 1522 429 lll.
1562 406 1622 415 -—
1670 374 2095 430 ΜΟΧιῖΜῖἰΝΤΛ
2135 374 2584 432 (ὶΙὲΕΟΟΙῐΙΑΝᾹ.

3366 381 3469 434 (δίει

227 497 369 550 “nn
400 537 415 559 ν
441 509 530 549 cm
554 504 749 545 nomen
778 497 861 543 est
889 487 1133 551 Murana,
1160 503 1282 557 quae
1307 503 1335 540 a
1367 487 1584 541 civitate
1611 478 1804 542 Brixia:
1835 492 1877 545 Α
1904 487 2065 541 rebus
2101 486 2345 556 probata,
2393 486 2550 539 ﬁdem
2592 486 2712 553 ejus
2758 486 3064 540 testinnzniu
3113 488 3467 542 adhibendam

223 595 440 654 s'plt‘m
474 580 745 635 milliariis
773 580 980 646 distat,
1015 580 1209 634 mulier
1247 588 1365 633 erat
1402 579 1650 649 quaedam
1675 620 1689 644 ,
1738 580 1800 633 ﬁ-

155 704 166 711 -
226 675 366 723 lranr
390 668 621 735 habens,
656 670 854 739 lingua:
874 670 1055 725 ofﬁcio
1101 679 1155 724 et
1198 670 1394 739 pedum
1424 669 1498 724 ita
1534 670 1799 739 privatam

223 759 400 831 quod,
431 759 538 813 nisi
568 760 677 814 alio
709 760 982 815 deferente
1008 802 1022 825 ,
1048 750 1241 830 aliquo
1285 760 1447 815 modo
1492 760 1800 815 nullatenus

224 865 458 920 surgere
488 852 717 917 valebat;
737 866 905 922 ’quar,
935 868 1060 907 cum
1087 867 1149 906 ex
1183 866 1334 906 more
1367 860 1800 921 portaret‘extra

222 938 456 995 domum
483 950 818 997 contractam
854 943 1042 1009 tiliam,
1078 943 1236 997 taedio
1267 943 1565 1012 quotidiani
1598 943 1801 998 laboris

222 1032 538 1101 suspirans,
584 1034 792 1103 inquit:
826 1054 845 1087 ι
873 1033 1123 1090 Piissinre
1149 1034 1312 1102 Deus,
1332 1051 1428 1106 per
1456 1036 1646 1091 merita
1675 1053 1800 1092 san-

224 1120 466 1176 ctissimi
495 1122 821 1180 confessoris
848 1126 927 1180 tui
954 1125 1193 1181 Anselmi
1220 1170 1236 1192 ,
1263 1128 1517 1183 misertus
1542 1143 1675 1184 mea:
1699 1131 1798 1183 tri-

223 1213 549 1280 bulationis,
580 1223 675 1269 aut
709 1217 965 1272 miseram
1000 1218 1140 1273 banc
1169 1227 1548 1288 prtemortuam
1581 1220 1799 1275 sanitati

224 1306 462 1360 restitue
481 1346 496 1371 ,
538 1315 634 1361 aut
659 1323 779 1362 eam
808 1309 874 1364 de
902 1311 1154 1380 praesenti
1179 1311 1289 1366 vita
1319 1312 1610 1368 auferendo
1638 1329 1723 1368 me
1768 1330 1796 1368 a

222 1400 387 1448 tanto
408 1395 592 1451 labore
647 1412 796 1465 erue,
837 1399 1079 1469 alioquin
1123 1401 1211 1455 bic
1253 1414 1373 1455 eam
1401 1402 1498 1456 tibi
1529 1403 1794 1472 relinquo.

225 1481 341 1539 Fac
362 1486 507 1556 quod
537 1487 730 1556 placet,
774 1489 900 1558 quia
924 1491 1132 1544 nullunr
1156 1506 1254 1560 pro
1275 1506 1335 1545 ea
1361 1491 1599 1547 laborem
1626 1495 1799 1563 patiar

226 1574 509 1645 abinceps.
544 1597 563 1628 ι
594 1577 714 1644 Quo
743 1580 910 1647 dicto,
971 1597 1098 1636 mox
1124 1582 1275 1648 abiit,
1308 1583 1415 1638 lilia
1436 1584 1714 1665 destituta,
1741 1595 1801 1640 ut

224 1667 389 1722 dixit.
423 1668 630 1725 Modico
659 1680 841 1727 autem
885 1672 1029 1728 facto
1074 1676 1333 1744 temporis
1361 1675 1659 1741 intervallo,
1701 1678 1798 1732 do-

227 1771 383 1810 mum
410 1752 677 1827 remcans,
716 1776 881 1831 quam
924 1764 1271 1819 sanctissimo
1294 1766 1548 1822 Ausclmo
1574 1768 1800 1837 relique-

224 1859 319 1902 rat
348 1850 551 1906 invenit
574 1867 789 1913 sanam.
834 1854 899 1909 Et
925 1870 1045 1910 eam
1071 1872 1193 1927 quae
1226 1859 1388 1927 paulo
1432 1868 1557 1931 ante
1600 1861 1796 1932 lingua:

224 1936 410 2006 ligata:
431 1937 607 1997 fuerat
630 1944 837 1999 audivit
858 1946 1101 2015 expedite
1121 1948 1422 2016 exprimere
1442 1950 1624 2016 verba;
1651 1952 1793 2020 quod

224 2027 433 2083 factum
458 2032 650 2087 mulier
668 2036 946 2090 admirans
967 2046 1021 2091 et
1039 2038 1301 2107 gaudens,
1326 2039 1554 2094 Domino
1580 2053 1793 2098 sancto.

221 2134 338 2187 que
376 2123 590 2188 punsuli
625 2125 853 2180 reddidit
893 2118 1082 2184 laudes
1127 2145 1227 2199 pro
1272 2131 1395 2186 ﬁliae
1441 2143 1652 2203 recepta
1706 2152 1792 2191 sa-

228 2209 421 2263 nitate.

300 2323 619 2397 Presbytero
666 2346 883 2403 quoque
932 2333 1128 2391 Ottone
1174 2337 1460 2395 laudabilis
1506 2340 1626 2397 vitae
1676 2344 1792 2399 viro

221 2417 729 2487 narrantepquibus
767 2432 820 2477 et
858 2424 1317 2501 Cremonensibus
1359 2429 1568 2485 civibus
1608 2442 1791 2487 conte—

218 2504 535 2573 stantibus,
583 2508 728 2565 aliud
754 2513 976 2581 cognovi
1026 2515 1347 2571 miraculum
1391 2521 1532 2588 quod
1576 2521 1789 2577 silentio

220 2593 452 2650 minime
471 2606 556 2651 est
576 2604 1027 2667 praetereundum.
1051 2604 1295 2671 Quadam
1316 2609 1403 2663 die
1422 2611 1788 2680 equitantibus

220 2692 381 2739 extra
420 2686 690 2744 civitatem
733 2692 942 2763 aliquot
981 2695 1430 2753 Cremonensium
1455 2741 1470 2765 ,
1509 2714 1787 2771 creperum

216 2773 381 2828 vario
401 2790 649 2834 sermone
671 2779 812 2835 inter
831 2798 889 2837 se
911 2783 1109 2839 referre
1129 2788 1373 2855 quaedam
1402 2791 1786 2847 miraculorum

215 2877 351 2932 qua:
377 2864 639 2923 Dominus
679 2881 936 2940 operatur
979 2876 1190 2930 meritis
1224 2880 1551 2934 sanctissimi
1576 2881 1786 2937 confes-

218 2966 371 3008 soris
415 2955 677 3014 Anselmi.
720 2960 966 3032 Cumque
1008 2964 1076 3019 ad
1126 2965 1357 3022 invicem
1392 2969 1505 3025 haec
1546 2973 1786 3027 revolve-

220 3052 368 3111 rent,
398 3048 619 3117 quidam
641 3065 852 3121 eorum,
877 3063 936 3109 ut
966 3057 1163 3112 mentis
1186 3067 1302 3113 erat
1331 3061 1566 3128 perﬁdae,
1592 3078 1785 3132 expro-

1903 573 2272 627 indubitanter
2294 572 2649 627 denrorrstrat.

1969 681 2223 736 Arialdus
2273 682 2602 737 sanctissimi
2652 683 2986 740 confessoris
3021 686 3259 759 Ansclmi
3302 685 3470 744 frater

1900 770 2188 839 quamdam
2201 771 2681 842 babebatquinque
2694 789 2957 829 arrnorrrm
2988 774 3171 844 ﬁliam,
3196 793 3358 847 quam
3384 776 3467 833 fe-

1901 861 2078 916 brium
2125 860 2211 916 vis
2261 860 2541 932 fatigabat;
2581 873 2635 917 ct
2668 864 2889 934 insuper
2919 882 2985 920 ex
3016 867 3184 936 ipsius
3214 869 3469 926 auriculae

1900 948 2164 1005 foramine
2209 959 2384 1020 gutta,
2434 968 2597 1021 quam
2642 954 2850 1021 dicunt,
2896 950 3129 1011 ﬁstulam
3155 971 3467 1028 generante,

1900 1038 2128 1107 putredo
2176 1040 2424 1108 quaedam
2458 1042 2676 1096 assidue
2719 1046 2969 1114 guttatim
3012 1049 3289 1115 stillabat;
3346 1067 3469 1120 qua:

1898 1128 2061 1182 etiam
2118 1129 2618 1198 approximantibus
2665 1134 2765 1188 sibi
2818 1134 3097 1191 fastidium
3153 1140 3464 1209 generabat.

1898 1216 2174 1272 l’rtedicta:
2213 1220 2403 1288 puella:
2444 1236 2694 1290 parentes
2720 1226 2985 1293 particrrla
3007 1243 3171 1296 quam
3199 1229 3469 1286 habebant
3568 1300 3585 1312 ο

1898 1307 1965 1361 de
2006 1308 2152 1379 ligno
2181 1312 2335 1364 navis
2364 1312 2474 1366 lota
2531 1313 2711 1383 (cujus
2740 1317 3061 1372 miraculum
3092 1321 3345 1389 superius
3382 1332 3468 1378 est

1898 1401 2298 1469 pmnotatum),
2333 1416 2529 1470 aquam
2560 1405 2853 1462 ablutionis
2900 1424 3011 1462 sua:
3040 1410 3163 1464 ﬁliae
3195 1412 3465 1466 dederunt

1900 1487 2100 1554 bibere,
2144 1488 2455 1545 invocantes
2488 1493 2892 1548 sanctissimum
2920 1495 3291 1552 confessorem
3319 1502 3464 1569 nepti

1899 1592 2010 1631 suae
2034 1578 2340 1644 subvenire,
2368 1596 2473 1648 qua
2508 1581 2725 1652 lrausta,
2759 1584 2979 1651 prarfata
3023 1587 3198 1653 puella
3234 1596 3466 1657 utraque

1900 1664 2214 1723 infirmitate
2248 1685 2374 1723 mox
2403 1679 2487 1724 est
2512 1671 2756 1735 liberata.
3184 1694 3186 1697 λ

1966 1775 2122 1842 Rem,
2152 1794 2314 1847 quam
2348 1782 2834 1849 impraesentiarum
2866 1800 3080 1852 cnarro,
3108 1787 3210 1841 sub
3246 1787 3307 1841 D.
3345 1788 3460 1844 Ma-

1896 1868 2075 1922 tlrildaa
2127 1868 2417 1923 conritissze
2465 1873 2775 1927 narratione
2820 1875 2981 1929 didici
3042 1886 3095 1930 et
3128 1878 3459 1936 testimonio.

1892 1957 2061 2027 Cujus
2103 1953 2432 2014 attestationi
2469 1961 2835 2018 indubitanter
2891 1967 3219 2021 credendum
3258 1985 3461 2039 cogno-

1892 2048 2069 2102 vimus
2101 2064 2163 2102 ev
2199 2050 2368 2119 ipsius
2399 2052 2622 2120 probata
2645 2054 2749 2108 ﬁde
2781 2064 2836 2108 et
2880 2057 3150 2127 religiosis
3184 2060 3456 2125 muribus;

1892 2137 2035 2206 quod
2059 2138 2219 2191 etiam
2268 2140 2400 2193 milri
2445 2142 2646 2209 pariter
2674 2143 2929 2211 innotuit,
2966 2156 3240 2203 asserente
3270 2151 3457 2205 eadem

1890 2226 2064 2295 puclla
2087 2227 2173 2281 cui
2198 2228 2301 2282 hoc
2323 2230 2759 2300 contigitzNocte
2780 2235 3013 2303 quadam
3042 2230 3259 2306 repente
3281 2238 3455 2305 dolor,

1891 2325 1950 2369 ut
1976 2332 2134 2386 saepe,
2160 2318 2411 2385 puellam,
2434 2320 2769 2376 Athclasiam
2795 2326 3032 2390 nomine,
3072 2326 3275 2381 Azonis
3308 2343 3458 2381 mar-

1889 2406 2100 2459 clrionis
2140 2406 2305 2460 ﬁliam
2333 2409 2655 2463 existentem
2687 2411 2742 2463 in
2765 2413 3033 2480 praedicta:
3080 2414 3314 2470 dominae
3363 2431 3456 2471 ca-

1888 2511 2057 2562 mera,
2082 2496 2135 2549 in
2157 2506 2311 2565 parte
2334 2499 2540 2555 ventris
2591 2502 2789 2555 acriter
2813 2512 3071 2574 torquens
3093 2522 3322 2576 magnos
3368 2498 3458 2562 co-

1887 2587 2044 2655 gebat
2064 2587 2193 2641 dare
2214 2589 2498 2645 clamores.
2552 2590 2926 2663 lnterrogante
2972 2606 3152 2650 autem
3199 2600 3454 2667 praedicta

1884 2677 2103 2730 domina
2130 2677 2259 2746 quid
2280 2688 2481 2747 ageret,
2508 2696 2831 2750 responsum
2877 2694 2961 2740 est
2990 2700 3109 2739 eam
3144 2685 3199 2741 S.
3255 2688 3452 2744 Ansel-

1885 2781 2032 2821 mum
2056 2764 2364 2835 frequenter
2384 2768 2486 2823 sibi
2509 2770 2564 2823 in
2594 2772 2857 2826 auxilium
2884 2773 3153 2830 invocare.
3185 2776 3450 2855 Cumque,

1883 2870 1949 2908 ex
1974 2865 2238 2925 praecepto
2266 2856 2436 2926 ipsius
2471 2860 2728 2929 dominae,
2752 2856 3002 2933 pulvinar
3025 2867 3077 2920 in
3101 2884 3210 2938 quo
3235 2869 3292 2924 S.
3316 2887 3453 2940 pra:-

1884 2945 1969 2999 sul
2000 2944 2151 3000 vivus
2173 2948 2364 3003 solitus
2385 2959 2501 3004 erat
2534 2953 2720 3008 sedere
2763 2955 2841 3008 illi
2893 2958 3033 3025 parti
3078 2962 3341 3029 corporis,
3393 2963 3477 3016 in'

1882 3050 1988 3104 qua
2016 3035 2170 3090 dolor
2188 3038 2523 3105 imminebat,
2572 3040 2768 3096 fuisset
2805 3045 3142 3113 impositum.
3179 3064 3303 3103 mox
3333 3051 3447 3106 cla—

220 3136 435 3193 brando
456 3140 921 3216 eis-interrogabat
944 3163 1012 3225 ap
1039 3124 1351 3219 hujusmodi
1382 3124 1642 3210 vanitates
1659 3124 1783 3211 cre-
1811 3128 1851 3184 C
1884 3124 2052 3179 “lavit
2089 3126 2263 3194 puella
2287 3129 2435 3181 omni
2456 3129 2653 3185 domm
2678 3147 2735 3186 se
2754 3132 3060 3189 liberatam“

219 3226 437 3294 derent,
459 3232 544 3286 vel
589 3236 735 3304 quod
777 3236 920 3293 Deus
956 3255 1053 3307 per
1084 3255 1209 3296 eum
1246 3243 1505 3299 miracula
1537 3248 1785 3303 ostende-

217 3322 328 3380 ret;
352 3318 550 3385 quibus
567 3326 1013 3391 respondentibus
1036 3331 1222 3398 procul
1243 3332 1408 3387 dubio
1434 3335 1579 3391 hunc
1605 3336 1783 3392 famu-

218 3402 340 3459 lum
373 3404 467 3461 Dei
491 3423 612 3465 esse
635 3424 882 3469 sanctum
907 3425 961 3471 et
984 3395 1169 3495 multis
1204 3421 1588 3480 miraculorum
1616 3428 1785 3498 signis

139 3562 152 3571 υ
218 3496 600 3569 clariﬁcatum,
625 3504 799 3575 inquit
826 3506 914 3562 ille
946 3496 1183 3578 perfidus
1208 3531 1220 3566 :
1242 3532 1261 3565 ι
1292 3512 1349 3568 Si
1374 3524 1475 3582 est,
1501 3526 1561 3572 ut
1582 3496 1780 3585 dicitis,

218 3597 449 3646 sanctus
474 3595 559 3647 vel
581 3594 628 3649 si
653 3596 814 3651 alicui
837 3599 1067 3655 reddidit
1096 3618 1364 3673 gressum,
1392 3621 1537 3663 nunc
1566 3619 1781 3665 contra-

217 3677 321 3733 hat
350 3682 405 3735 in
434 3699 544 3753 quo
582 3687 740 3743 sedeo
772 3703 991 3754 equum.
1030 3711 1048 3743 ι
1069 3684 1269 3764 Sicque
1293 3695 1490 3752 factum
1517 3708 1617 3754 est.
1646 3699 1780 3757 Nam

219 3770 503 3838 paululum
532 3774 872 3849 progressus,
907 3796 1034 3837 mox
1068 3794 1383 3843 contractus
1416 3791 1565 3844 stetit
1593 3793 1679 3846 cui
1707 3792 1784 3847 irr-

216 3860 436 3917 sidebat
477 3881 669 3937 equus,
716 3881 876 3942 atque
904 3864 1192 3943 praedictus
1253 3880 1416 3935 homo
1475 3882 1782 3942 inﬁrmitate

218 3960 528 4017 praeventus
550 3957 642 4010 diu
677 3959 978 4030 laboravit,
1007 3966 1179 4021 donec
1203 3969 1270 4023 ad
1311 3981 1556 4028 sanctum
1587 3991 1782 4046 corpus

216 4042 539 4119 suppliciter
562 4047 640 4103 ire
660 4050 965 4108 destinavit.

292 4173 448 4239 Quod
490 4182 651 4234 etiam
680 4192 851 4238 matre
892 4201 1008 4240 mea
1055 4188 1122 4243 de
1166 4204 1226 4245 se
1264 4203 1517 4249 narrante
1553 4200 1778 4267 cognovi

214 4280 332 4318 non
354 4277 438 4321 est
467 4271 777 4331 tradendum
801 4276 1078 4334 oblivioni.
1110 4280 1204 4335 Die
1224 4284 1457 4352 quadam
1483 4286 1660 4341 subito
1683 4304 1775 4342 su-

213 4357 540 4423 perveniens
567 4371 736 4431 gutta,
785 4365 858 4420 ita
902 4370 1063 4424 unius
1104 4372 1246 4425 oculi

212 4448 496 4514 cooperuit
518 4452 659 4519 quod
683 4467 827 4508 recto
852 4456 966 4511 visu
996 4467 1193 4514 terram
1221 4462 1382 4517 etiam
1407 4474 1649 4534 spectare

210 4811 345 4862 sor,
378 4798 645 4855 salubrem
692 4806 824 4858 mibi
871 4810 1057 4863 confer
1103 4815 1442 4873 medicinam.
1477 4820 1607 4877 Nam
1649 4828 1768 4879 nul-

210 4886 350 4953 lum,
382 4889 487 4944 nisi
528 4900 596 4956 te,
628 4901 1185 4963 qureram‘medicum.
1232 4903 1311 4959 Tu
1338 4909 1481 4963 enim
1510 4928 1642 4978 mea:
1684 4916 1766 4969 irr-

208 4976 456 5032 tlrmitati
485 4981 698 5037 salubre
725 4986 868 5041 vales
890 4987 1135 5044 conferre
1158 4994 1477 5051 subsidium.
1512 5019 1532 5051 ι
1551 4976 1765 5058 Confri-
1788 4980 1789 4983 Ἴ

207 5073 337 5119 cato
370 5067 552 5137 itaque
595 5074 750 5128 oculo
796 5076 861 5129 ad
911 5077 1160 5146 lapidem,
1208 5098 1318 5151 quo
1363 5089 1559 5156 tegitur
1591 5094 1763 5147 sancti

206 5156 457 5219 corpora
479 5173 622 5225 arca,
655 5178 776 5218 cum
807 5177 1069 5223 remearet
1088 5170 1328 5240 domum,
1357 5174 1482 5231 huic
1510 5195 1608 5249 ego
1644 5197 1764 5237 sum

206 5241 387 5308 testis,
415 5259 539 5299 nm.
568 5254 722 5307 .rovia
753 5265 901 5325 gutta
930 5261 1171 5316 recessit.

279 5368 561 5427 ιῖιέἱπῑίοπι.
610 5382 897 5442 ι’ῡιιῐιιιιτὶε
932 5389 1115 5447 Vitalis
1165 5391 1462 5449 Laudensis
1509 5396 1759 5456 Ecclesiae

201 5458 532 5556 presbvteri,
561 5464 612 5517 in
634 5472 924 5530 multorum
952 5481 1220 5535 audientia
1270 5483 1411 5548 sicut
1445 5494 1499 5538 et
1526 5496 1715 5542 caetera
1740 5532 1755 5556 ,

199 5565 322 5604 rem
350 5550 569 5619 dignam
598 5564 853 5617 memoria
881 5571 1126 5637 cognovi,
1162 5574 1253 5641 qui
1284 5574 1409 5628 huic
1443 5575 1583 5629 facto
1618 5594 1755 5644 prte-

197 5655 331 5695 sens
367 5640 626 5697 interfurit.
662 5644 832 5719 Hujus
862 5654 992 5710 ﬁdes
1015 5669 1067 5713 et
1095 5640 1221 5728 vita,
1249 5664 1563 5740 jamdudum
1588 5640 1638 5720 in
1663 5667 1755 5721 Dei

1289 4372 1470 4428 lumen
1516 4378 1778 4447 sanguine
1813 4439 1847 4451 ,λ
1876 4397 2031 4451 com}.

1957 3234 2081 3291 \‘iro
2106 3238 2361 3306 quodam,
2391 3238 2711 3297 Constantio
2733 3246 2971 3315 nomine,
3006 3261 3300 3319 asserente,
3332 3269 3445 3310 rem

1882 3326 2109 3396 cognovi
2169 3342 2422 3396 praeterea
2480 3334 2757 3388 memoria:
2807 3340 3307 3395 commendandam.
3332 3343 3435 3398 ,Su-

1881 3416 2198 3484 perveniens
2236 3419 2522 3475 inﬁrmitas
2572 3423 2666 3476 uni
2717 3440 2906 3492 puero,
2939 3428 3218 3496 cujusdam
3256 3433 3449 3490 militis

1880 3505 2117 3559 scutario
2138 3506 2192 3558 in
2220 3515 2430 3562 tantum
2454 3525 2640 3565 vocem
2664 3513 3020 3571 sull‘ocaverat
3052 3521 3196 3588 quod
3237 3523 3307 3577 ab
3347 3524 3451 3580 ali-

1879 3595 2195 3663 quantulum
2221 3613 2250 3650 a
2286 3613 2344 3652 se
2374 3600 2599 3655 remotis
2619 3602 2708 3656 vix
2735 3605 2910 3658 audiri
2935 3617 3146 3676 poterat
3171 3629 3183 3664 :
3224 3621 3278 3667 et
3316 3616 3445 3683 quia

1879 3683 2157 3740 dominum
2211 3704 2369 3743 suum
2410 3690 2647 3748 clamore
2699 3694 3005 3752 interclusa:
3064 3701 3213 3757 vocis
3253 3719 3449 3762 vocare

1880 3789 1987 3829 non
2011 3786 2241 3845 poterat,
2308 3780 2540 3837 habebat
2585 3800 2778 3853 cornu,
2836 3788 2991 3857 cujus
3015 3792 3219 3858 sonitu,
3254 3793 3306 3847 in
3336 3812 3459 3865 quo

1878 3876 2022 3921 esset
2042 3868 2180 3934 loco,
2208 3870 2312 3923 sibi
2349 3871 2622 3929 innuebat.
2656 3876 2753 3932 Hic
2776 3878 2955 3948 itaque
2988 3896 3111 3935 cum
3153 3888 3443 3952 prmnonri-

1880 3965 2007 4010 nato
2038 3956 2358 4014 Constantio
2388 3963 2453 4016 ad
2506 3963 2562 4018 S.
2598 3967 2929 4025 confessoris
2954 3973 3243 4039 tumulum,
3277 3978 3443 4030 suffo-

1878 4053 2011 4099 cata:
2033 4048 2181 4102 vocis
2214 4048 2402 4104 devote
2425 4067 2657 4120 poscens
2677 4059 2996 4126 remedium,
3024 4062 3095 4114 ita
3127 4063 3469 4140 sospitatem"

1878 4130 2102 4199 adeptus
2121 4142 2203 4186 est
2226 4136 2376 4192 vocis
2403 4140 2549 4205 quod
2583 4157 2729 4197 nunc
2757 4145 2898 4200 valet
2940 4149 3116 4201 audiri
3146 4164 3177 4203 a
3210 4130 3487 4208 multum"

1877 4218 2037 4272 etiam
2074 4224 2313 4277 remotis.
2338 4217 3023 4302 Prazdictus'Constantius,
3047 4240 3310 4310 completa
3339 4243 3437 4298 de-

1875 4314 1998 4361 vote
2027 4310 2288 4377 oratione,
2334 4314 2606 4382 pulverem
2650 4319 2716 4373 de
2769 4320 2945 4390 lapide
3010 4329 3241 4396 sepulcri
3263 4335 3438 4389 sancti

2036 4400 2202 4455 ssoris
2253 4417 2374 4457 cum
2398 4405 2699 4464 devotionis
2737 4423 3036 4470 reverentia
3083 4435 3289 4489 rasum,
3312 4434 3365 4479 et
3405 4445 3437 4483 a

470 4482 827 4584 ;‘r:::l:':w’
850 4482 966 4584 ἔδυ
996 4482 1193 4584 υτηίηξξ
1221 4482 1382 4584 gulam
1407 4482 1776 4584 sperarem?
1811 4482 1847 4493 ”
1875 4490 2097 4544 custode
2125 4502 2427 4563 reverenter
2455 4509 2764 4568 susceptum
2812 4519 2996 4560 secum
3035 4509 3245 4578 detulit,
3271 4531 3434 4584 quem

470 4561 480 4584 J
572 4581 579 4584 .
666 4582 671 4584 _
701 4560 712 4584 I
743 4559 843 4584 ﬂllll
903 4561 1018 4584 noun
1052 4563 1151 4584 nn"
1180 4568 1192 4584 I
1259 4568 1290 4584 n
1313 4568 1405 4584 nun
1450 4570 1547 4584 nn“
1579 4566 1687 4584 ιιι-ιο
1709 4574 1755 4584 ι..
2137 4582 2144 4584 _

170 4609 179 4616 .
214 4534 405 4588 valuit.
440 4534 671 4607 Urgente
699 4542 878 4613 itaque
903 4561 1019 4601 eam
1052 4551 1193 4603 oculi
1222 4552 1425 4619 dolore,
1448 4555 1690 4627 confugit
1708 4560 1795 4621 ad

1873 4594 2028 4648 aqum
2078 4582 2317 4651 misturn,
2362 4588 2573 4643 cuidam
2606 4594 2816 4648 mulieri
2860 4596 2910 4648 vi
2935 4596 3166 4655 febrirrm
3204 4582 3429 4662 nimium

1866 4848 1956 4914 sit,
1982 4850 2161 4922 fugata
2185 4857 2332 4910 omni
2358 4860 2606 4926 passione
2626 4861 2787 4917 febris
2808 4880 2932 4918 mox
2954 4870 3141 4924 evasit.

1940 4958 2034 5015 Vir
2050 4964 2264 5031 quidam
2294 4966 2594 5024 Mantuana:
2626 4972 2860 5029 civitatis
2894 4977 3048 5044 civis,
3091 4980 3243 5038 Oddo
3280 4970 3428 5042 Mar-

1868 5050 1964 5103 tini
1997 5050 2275 5107 Canevarii
2309 5056 2503 5122 dictus,
2528 5061 2897 5141 tantidoloris
2934 5074 3228 5140 cogebatur
3251 5092 3424 5147 angu-

1864 5140 1989 5203 stia,
2029 5141 2173 5207 quod
2203 5141 2509 5212 frequenter
2529 5165 2639 5217 praz
2659 5140 2845 5211 dolore
2870 5167 3039 5215 totum
3064 5180 3261 5233 corpus
3292 5140 3422 5221 coo-

1861 5228 2166 5295 periebatur
2206 5233 2419 5289 sudoris
2446 5252 2604 5308 aqua.
2635 5242 2700 5297 Et
2735 5248 2862 5315 quia
2899 5251 3049 5306 nimii
3075 5228 3279 5310 doloris
3310 5266 3422 5311 tor-

1861 5318 2126 5387 quebatur
2149 5317 2422 5391 instantia,
2447 5330 2658 5386 dicebat
2678 5351 2735 5389 se
2758 5337 2859 5392 hac
2888 5341 2998 5393 sola
3039 5358 3198 5410 posse
3238 5350 3417 5415 sanar=

1862 5409 2145 5477 medicina,
2183 5412 2229 5466 si
2251 5417 2489 5471 vestibus
2513 5424 2805 5480 conscissis
2828 5430 3225 5495 permitteretur
3245 5410 3410 5490 cuxltrc

1859 5494 2061 5550 ﬁndere
2105 5507 2159 5551 et
2198 5510 2402 5566 pectus.
2459 5502 2594 5560 Cum
2637 5518 2813 5563 autem
2839 5513 2950 5579 jam
2975 5515 3040 5565 de
3061 5518 3175 5570 sola
3226 5525 3411 5576 morti:

1858 5586 2255 5651 exspectatione
2279 5591 2559 5659 cogitaret,
2584 5596 2801 5652 abalurn
2828 5609 2908 5654 est
2933 5603 3182 5669 pulvinar
3217 5606 3269 5658 in
3306 5625 3412 5674 quo

1860 5682 2078 5749 sanctus
2104 5676 2299 5743 praasul
2324 5679 2376 5731 in
2400 5696 2562 5738 carne
2588 5702 2812 5742 inurens
2853 5692 3069 5744 sedebat
3118 5695 3268 5758 Quod
3322 5701 3409 5753 ubi
