3944 6404
499 461 602 515 955

1464 454 1554 508 A‘D
1589 452 1817 509 OPERA
1857 453 1894 508 S
1930 453 2257 508 GRECORII
2294 455 2724 513 APPENDICES.

3611 463 3720 516 950

497 572 667 641 ipsius
706 567 907 636 pectori
965 568 1069 623 fuit
1110 566 1508 638 superpositum
1536 609 1550 634 ,
1598 567 1776 621 sancti
1812 567 2058 636 praesulis
2087 569 2132 624 Α
2159 568 2271 622 haec
2292 583 2378 624 res
2401 570 2531 623 mihi
2555 571 2755 639 pariter
2775 578 2827 624 et
2847 571 3030 627 multis
3052 572 3173 627 aliis
3197 573 3448 627 innotuit.
3478 572 3608 627 Eiat
3634 574 3722 626 vir

496 662 747 716 invocato
776 660 1015 725 nomine,
1043 660 1223 715 statim
1247 658 1496 713 discessit
1519 656 1698 712 omnis
1722 657 1896 711 dolor.

565 750 843 804 Relations
879 745 1142 806 Gnidonis
1163 759 1216 804 et
1245 747 1435 803 Vitalis
1473 747 1734 802 Lucensis
1751 747 2061 816 Oepiscopa-

496 851 583 894 tus
607 840 848 894 honestae
868 834 991 892 vit'az
1022 838 1340 908 presbyteri,
1376 846 1538 906 atque
1586 835 1788 905 pariter
1830 835 1934 888 sub
1983 842 2062 888 te-

495 929 752 982 stimonio
811 927 1112 981 Allucionis
1148 926 1380 981 Lucanae
1417 926 1652 981 civitatis
1687 924 1884 978 nobilis
1935 923 2058 989 viri,

494 1033 630 1083 rem,
656 1033 821 1087 quam
855 1032 1039 1083 narro,
1073 1017 1322 1088 cognovi,
1347 1017 1440 1087 qui
1473 1026 1767 1086 praesentes
1801 1015 2060 1070 interfue-

492 1116 623 1161 runt
652 1107 778 1161 huic
809 1107 1088 1162 miraculo.
1117 1106 1212 1160 Vir
1243 1107 1462 1178 quidam
1487 1121 1709 1160 manum
1725 1105 1878 1174 juxta
1929 1105 2058 1159 bra-

491 1196 676 1251 chium
702 1205 1034 1270 contractam
1085 1197 1335 1262 habebat,
1364 1197 1452 1253 cui
1475 1195 1715 1266 przedicti
1759 1195 2057 1250 Allucionis

381 1308 401 1326 δ
444 1343 452 1351 ,
492 1286 658 1344 frater
680 1305 746 1344 ex
776 1288 972 1358 pictate
1003 1290 1057 1343 in
1083 1289 1247 1343 domo
1268 1301 1365 1343 sua
1397 1287 1703 1343 necessaria
1729 1287 1890 1358 longo
1915 1293 2056 1340 tem-

487 1396 619 1452 pore
641 1381 988 1436 ministravit.
1013 1379 1226 1436 Praefati
1253 1395 1381 1434 vero
1400 1378 1716 1450 presbyteri,
1753 1388 1918 1449 atque
1955 1392 2056 1448 pa-

487 1472 620 1526 riter
641 1472 755 1541 jam
779 1472 1094 1527 nominatus
1119 1472 1332 1526 Allucio
1375 1471 1706 1527 confidentes
1737 1470 1971 1525 maxime
1989 1471 2057 1526 de

485 1557 860 1611 misericordia
906 1558 1234 1612 sanctissimi
1266 1558 1531 1629 praesulis,
1585 1559 1858 1614 hominem
1888 1575 2053 1614 manu

438 1679 444 1684 -
484 1653 847 1712 contractum,
873 1647 941 1701 ad
975 1649 1265 1718 quamdam
1287 1649 1626 1704 deduxerunt
1661 1650 1968 1717 ecclesiam,
1996 1651 2053 1705 in

481 1752 586 1806 qua
615 1737 904 1806 prmdictus
929 1725 1104 1793 Gnido
1132 1739 1412 1810 presbyter
1430 1740 1676 1809 quaedam
1722 1741 1894 1795 sancti
1917 1757 2054 1812 prte-

479 1827 614 1880 sulis
645 1841 746 1896 pro
770 1829 1071 1882 reverentia
1098 1844 1161 1883 ac
1195 1829 1400 1883 honore
1429 1829 1740 1885 condiderat
1759 1831 2050 1885 vestimen-

480 1925 552 1971 ta.
583 1916 873 1973 Orantibus
904 1919 1086 1988 itaque
1113 1919 1218 1974 illis
1239 1921 1567 1974 unanimiter
1590 1929 1751 1990 atque
1770 1923 2048 1990 postulan-

477 2006 624 2061 tibus
659 2008 949 2062 devotione
994 2008 1182 2074 multa,
1207 2017 1266 2062 ut
1295 2008 1455 2074 Deus,
1491 2010 1560 2064 ad
1587 2008 1970 2065 confutandam
1995 2019 2049 2064 et

476 2099 841 2165 superandam
875 2097 1020 2152 Petri
1046 2099 1283 2154 haeretici
1317 2108 1371 2154 et
1393 2101 1659 2157 invaseris
1687 2101 1918 2156 Lucana:
1939 2103 2046 2157 Ec-

476 2186 655 2241 clcsire
677 2189 994 2256 nequitiam,
1026 2189 1081 2242 in
1113 2189 1216 2243 hoc
1245 2191 1463 2245 homine
1492 2191 1791 2246 declararet
1813 2194 2045 2247 sanctis-

477 2273 601 2328 simi
652 2276 922 2345 pontificis
973 2277 1346 2332 admirabilem
1392 2280 1618 2348 gloriam
1645 2320 1660 2346 ,
1703 2289 1927 2336 sanatus
1963 2290 2048 2336 est

477 2366 641 2420 homo
665 2367 822 2436 cujus
847 2383 1040 2422 manus
1085 2376 1204 2422 erat
1247 2377 1542 2424 contracta.
1593 2369 1838 2425 Pmdicti
1863 2371 2046 2441 itaque

475 2457 783 2512 sacerdotes
804 2467 1112 2527 spectantes
1131 2467 1239 2512 tam
1275 2460 1520 2528 prteclari
1545 2459 1672 2515 facti
1694 2461 1952 2528 lanitiam,
1978 2478 2046 2517 ne

475 2543 694 2600 Domini
721 2549 1126 2602 occultarentur
1166 2551 1456 2620 magnalia,
1491 2567 1555 2604 ex
1606 2561 1873 2622 praecepto
1911 2553 2044 2606 obc-

476 2635 692 2690 dientize
727 2644 920 2690 sanato
943 2636 1450 2706 hominijusserunt
1487 2653 1692 2694 eievata
1732 2655 1892 2696 cruce
1914 2657 2043 2710 pro-

475 2740 664 2782 Dcrare
691 2726 744 2780 in
783 2726 1057 2782 Lucanam
1083 2729 1375 2795 civitatem,
1403 2739 1462 2784 ut
1485 2731 1806 2801 populorum
1852 2733 2049 2800 turba,

476 2826 780 2884 spectantes
801 2819 950 2873 hunc
975 2818 1191 2874 Domini
1218 2821 1587 2880 misericordia
1614 2805 1931 2879 mirabiliter
1955 2840 2045 2880 sa-

477 2918 629 2969 num,
659 2920 819 2974 quem
842 2907 1004 2974 paulo
1028 2914 1154 2960 ante
1189 2917 1453 2962 noverant
1474 2917 1833 2977 contractum,
1857 2914 1941 2966 vel
1964 2913 2045 2968 sic

478 2994 800 3074 omniterent
822 2996 950 3066 quia
973 3004 1218 3050 sanctum
1241 2999 1523 3066 prmsulem
1552 3001 1854 3056 sanctitatis
1877 3002 2043 3057 vitam

479 3087 854 3143 armdicantem
879 3089 997 3146 sine
1019 3104 1183 3144 causa
1207 3090 1333 3145 sede
1351 3092 1570 3160 propria
1593 3093 1935 3162 expulerunt,
1962 3105 2041 3164 ut,

2159 657 2400 726 quidam,
2421 657 2600 711 Lanzo
2626 657 2797 713 Iudex
2832 660 3068 726 nomine,
3093 660 3507 715 Mediolanensis
3549 676 3722 730 gene-

2158 761 2238 812 re,
2265 745 2578 802 Tarvisinus
2604 748 2955 816 habitatione,
2993 766 3154 820 quem
3197 750 3338 823 [qui]
3372 751 3510 804 ficus
3551 751 3715 822 aegri-

2158 835 2344 889 tudine
2364 837 2706 891 vehementer
2743 841 2947 894 virente
2983 850 3037 894 et
3060 850 3223 910 gutta:
3267 842 3456 896 morbo
3479 843 3720 912 graviter

2156 939 2280 978 eum
2302 924 2358 979 in
2382 926 2606 994 pedibus
2628 926 2850 994 ferente,
2868 938 2924 983 et
2945 945 3132 1000 gressu
3163 929 3342 984 fuerat
3372 931 3633 1004 privatus,
3660 939 3720 984 et

2157 1013 2372 1081 requies
2403 1015 2579 1067 somni
2607 1017 2820 1084 penitus
2855 1018 2957 1072 sibi
2992 1019 3136 1074 nulla
3163 1019 3410 1092 dabatur.
3461 1018 3528 1073 Et
3561 1021 3714 1088 quia,

2155 1102 2364 1158 viribus
2388 1103 2501 1173 jam
2530 1105 2933 1174 deficientibus,
2966 1109 3019 1163 in
3043 1110 3182 1165 lecto
3216 1111 3304 1166 vix
3347 1127 3406 1166 se
3444 1111 3717 1165 resolvere

2155 1194 2384 1260 valebat,
2418 1193 2690 1252 funiculus
2712 1214 2872 1268 supra
2897 1201 3092 1255 lectum
3119 1202 3294 1256 fuerat
3316 1201 3531 1272 ligatus,
3555 1201 3716 1270 cujus

2151 1281 2424 1355 adjutorio
2464 1285 2789 1340 semutabat
2814 1287 2866 1340 in
2897 1289 3172 1358 quodlibet
3220 1290 3380 1344 latus.
3433 1287 3528 1342 Die
3550 1289 3717 1358 igitur

2153 1373 2406 1442 quadam,
2431 1376 2620 1432 tractis
2643 1377 2891 1447 suspiriis
2919 1387 2973 1432 et
2993 1378 3228 1448 profusis
3253 1380 3526 1450 lacrymis,
3550 1378 3716 1446 cmpit

2153 1465 2408 1520 orarebis
2419 1467 2615 1523 verbis:
2628 1487 2645 1518 ι
2658 1467 2820 1535 Deus,
2831 1469 3038 1523 meritis
3047 1468 3366 1534 S.Anselmi,
3381 1469 3536 1537 cujus
3547 1469 3714 1522 audio

2153 1554 2522 1611 admirabilem
2543 1558 2791 1627 gloriam,
2817 1553 3046 1614 Ostende
3062 1559 3116 1613 in
3145 1574 3230 1613 me
3264 1559 3427 1613 etiam
3451 1565 3560 1612 tua;
3597 1558 3710 1612 vir-

2153 1644 2285 1700 tutis
2308 1647 2666 1702 clemcntiam.
2697 1648 2893 1703 Sancte
2922 1647 3223 1714 confessor,
3259 1645 3710 1704 mementofami-

2151 1731 2400 1788 liaritatis
2419 1750 2540 1804 quae
2565 1751 2666 1790 nos
2688 1736 2743 1789 in
2769 1736 2970 1792 scholis
2992 1737 3172 1792 socios
3197 1737 3473 1806 junxerat;
3501 1736 3712 1805 prosint

2151 1822 2305 1886 mihi,
2339 1823 2579 1893 piissime
2600 1826 2815 1894 praesul,
2840 1839 2960 1895 quae
3007 1840 3244 1895 p;rsa:pe
3290 1825 3484 1880 miscui
3530 1833 3710 1880 tecum

2147 1909 2395 1965 amicitiae
2416 1912 2575 1966 verba
2598 1931 2613 1980 ;
2641 1913 2708 1968 ad
2735 1914 3098 1968 venerandum
3127 1923 3280 1968 tuum
3301 1914 3572 1968 tumulum
3609 1930 3727 1976 ve-_

2145 1999 2312 2066 niam,
2331 1992 2377 2055 si
2398 2011 2621 2071 praestas
2644 2004 2893 2060 sanitatis
2908 2005 3167 2060 laetitiam.
3194 2023 3213 2058 ι
3232 2004 3364 2060 Tota
3389 2014 3568 2074 itaque
3579 2020 3710 2075 pro-

2145 2093 2289 2146 xima
2319 2103 2496 2161 nocte,
2532 2110 2727 2165 sopore
2749 2098 2924 2151 somni
2959 2105 3227 2166 arreptus,
3277 2097 3482 2166 quievit
3534 2113 3709 2166 usque

2143 2184 2198 2238 in
2230 2185 2546 2240 crastinum.
2583 2184 2748 2240 Facto
2781 2195 2962 2241 autem
2991 2202 3170 2252 mane,
3221 2187 3458 2242 sentiens
3501 2202 3559 2241 se
3592 2188 3706 2256 jan

2145 2274 2538 2341 convalescere,
2573 2291 2700 2342 mox
2726 2276 2946 2344 incmpit
2976 2277 3307 2331 confidenter
3363 2277 3461 2341 ire,
3519 2278 3708 2346 sicque

2145 2284 2538 2341 convalescere,
2573 2291 2700 2342 mox
2726 2284 2946 2344 incmpit
2976 2284 3307 2331 confidenter
3363 2284 3461 2341 ire,
3519 2284 3708 2346 sicque

2145 2363 2317 2418 sancti
2349 2364 2594 2432 praesulis
2618 2364 2990 2420 misericordia
3017 2367 3299 2432 liberatus,
3328 2382 3472 2420 nunc
3509 2370 3710 2438 gaudet

2145 2467 2202 2506 se
2229 2453 2430 2510 ontime
2464 2452 2804 2510 sosnitatum.

2144 2467 2202 2506 se
2229 2453 2430 2521 optime
2464 2452 2804 2522 sospitatum.

2212 2543 2473 2638 l’raiterea
2509 2547 2822 2638 adolescens
2845 2541 3065 2617 quidam
3127 2545 3344 2605 auditus
3392 2558 3447 2604 et
3898 2541 3899 2590 ἦ

2144 2632 2318 2689 officio
2345 2650 2374 2688 a
2411 2636 2693 2690 nativitate
2723 2637 2967 2706 privatus
2991 2637 3186 2704 fuerat;
3210 2639 3303 2708 qui
3347 2639 3470 2708 plus
3497 2632 3706 2702 meas.-

2125 2725 2245 2780 ‘bus
2274 2724 2509 2779 duobus~
2538 2725 2819 2797 nobiscum
2869 2727 3159 2784 demorans
3197 2745 3310 2785 suae
3370 2729 3707 2787 inﬁrmitatis

2142 2827 2343 2871 certam
2379 2816 2534 2872 nobis
2553 2825 2607 2872 et
2633 2818 2817 2872 multis
2857 2819 2978 2874 aliis
3011 2819 3232 2875 dederat
3273 2821 3540 2874 notitiam.
3567 2819 3573 2828 '
3603 2819 3706 2876 llic

2141 2911 2332 2975 quater
2354 2906 2408 2959 in
2432 2907 2637 2961 somnis
2662 2909 2794 2961 vidit
2811 2909 2917 2962 sibi
2953 2910 3166 2978 roganti
3208 2919 3456 2964 sanctum
3511 2911 3702 2979 ponti-
3745 2910 3748 2911 ⁷

2143 2994 2318 3060 ficem,
2340 3003 2393 3048 et
2412 3010 2570 3050 aures
2589 2996 2742 3064 juxta
2764 3003 3009 3050 sanctum
3032 2999 3296 3052 tumulum
3335 2999 3439 3052 sibi
3477 3001 3704 3068 aperiri,

2139 3093 2196 3138 et
2214 3084 2487 3139 vinculum
2521 3086 2720 3156 linguae
2739 3086 2939 3156 pariter
2958 3086 3199 3140 dissolvi.
3250 3085 3484 3142 Veniens
3515 3076 3703 3158 igitur,

478 3179 566 3248 qui
589 3179 766 3235 verbis
791 3178 964 3249 ipsius
991 3180 1282 3236 noluerunt
1311 3183 1548 3249 credere,
1587 3185 1668 3254 vel
1691 3195 1799 3240 tam
1826 3189 2042 3243 eviden-
2069 3203 2110 3260 (ι
2142 3183 2203 3234 Ut
2236 3179 2412 3234 fuerat
2440 3180 2810 3248 DI‘IBmonitUS.
2849 3181 2915 3235 ad
2951 3188 3195 3241 unctum
3219 3183 3706 3252 corpIIS,mugiens
3899 3200 3901 3258 4

475 3267 622 3322 tibus
649 3264 906 3336 operibus
930 3268 1226 3344 crederent.
1271 3268 1377 3324 Sed
1407 3269 1598 3326 Petrus
1625 3274 1928 3342 hmreticus,
1950 3276 2042 3347 qui

480 3351 638 3406 etiam
665 3350 887 3410 mittens
909 3364 1132 3404 manum
1164 3351 1220 3403 in
1246 3351 1513 3428 christum
1559 3353 1793 3420 Domini,
1823 3373 1931 3410 non
1975 3360 2046 3412 ti-

475 3440 614 3494 muit
648 3454 974 3509 praesumere
1001 3429 1582 3510 sanctum-pontiﬁcem
1606 3444 1672 3497 de
1704 3446 1922 3515 pr0pria
1948 3464 2046 3502 ex-

475 3529 676 3593 pellere
695 3528 842 3593 sede,
875 3536 930 3583 et
959 3528 1062 3583 sibi
1084 3544 1203 3583 eam
1251 3530 1479 3585 nefande
1521 3532 1749 3602 eripere,
1797 3535 2046 3591 indurato

453 3619 636 3678 corde
668 3619 794 3673 visis
837 3619 1006 3688 signis
1035 3627 1102 3673 et‘
1122 3621 1398 3691 prodigiis,
1432 3623 1607 3676 adhuc
1641 3635 1946 3693 perseverat
1991 3625 2062 3682 in.

475 3707 848 3762 incredulitate
872 3721 984 3762 sua;
1007 3710 1276 3777 nequitiae.
1323 3709 1686 3768 Considerans
1705 3715 1935 3785 denique
1958 3718 2046 3772 ille

478 3793 742 3848 nefandus
768 3794 872 3847 hoc
917 3794 985 3846 ad
1032 3795 1408 3850 confusionem
1439 3806 1493 3851 et
1527 3799 1910 3856 detrimentum
1959 3807 2041 3860 sui

476 3883 996 3946 evenisse,.tentavit
1019 3892 1266 3938 sanatum
1291 3885 1563 3941 hominem
1590 3889 1643 3941 in
1687 3893 1931 3946 custodia
1955 3909 2043 3947 re-

479 3974 714 4038 trudere,
741 3974 929 4028 volens
954 3974 1118 4043 hujus
1139 3975 1214 4028 rei
1241 3976 1452 4046 signum
1490 3978 1581 4031 tali
1618 3981 1838 4048 perfidia
1865 3985 2045 4037 occul-

477 4069 611 4116 tare.
644 4062 768 4128 Sed,
793 4063 920 4132 quia
971 4066 1179 4116 uerbum
1227 4064 1325 4117 Dei
1351 4082 1627 4136 nunquam
1652 4079 1726 4122 est
1769 4070 2044 4140 alligatum

479 4151 570 4225 (11
606 4151 739 4204 Tim.
781 4154 865 4222 ii),
893 4153 1090 4207 timens
1142 4155 1398 4222 populum
1457 4156 1512 4210 in
1555 4173 1613 4211 se
1647 4158 1747 4214 hac
1787 4161 1853 4212 dc
1879 4176 2042 4214 causa

478 4240 827 4306 concitatum,
856 4240 1119 4295 confusus
1145 4243 1387 4310 permisit
1429 4244 1578 4300 abi—rc
1629 4262 1789 4316 quem
1814 4247 2044 4302 habebat

480 4330 774 4386 reclusum.
966 4357 968 4359 >
1915 4349 1922 4355 ·

551 4423 668 4477 Sub
710 4425 1019 4478 testimonio
1070 4427 1381 4481 earumdem
1432 4429 1670 4484 virorum
1699 4429 1939 4500 'pariter,
1989 4443 2080 4488 et.

493 4515 632 4568 aliud
657 4514 886 4582 ’cognOvi
913 4515 1232 4567 miraculum
1255 4517 1479 4571 mirifice
1501 4519 1826 4573 mirandum.
1855 4521 2043 4575 Homi-

488 4607 646 4661 nibus
669 4604 794 4667 loci,
822 4603 908 4656 cui
945 4617 1141 4656 nomen
1172 4613 1253 4658 est
1280 4601 1801 4670 Castellonium,'diu
1838 4611 2050 4679 alteque

487 4700 710 4767 puteum
761 4693 1110 4756 fodientibus,
1154 4697 1526 4763 vcnam’aqum
1573 4697 1715 4750 nulla
1745 4708 1878 4764 arte,
1903 4684 2066 4752 nullo.

487 4787 706 4856 ingenio
731 4784 965 4854 reperire
991 4792 1256 4853 poterant.
1281 4784 1524 4856 Cumque
1551 4788 1663 4856 jam
1685 4790 1846 4860 longo
1869 4790 2051 4845 labore

489 4876 718 4945 fatigati,
742 4876 808 4929 de
833 4890 988 4944 aqua:
1011 4875 1317 4934 inventione
1341 4876 1866 4945 desperantes,inani
1891 4897 2051 4951 opere

489 4966 686 5018 vellent
709 4965 952 5029 deﬁcere,
977 4975 1254 5034 cmperunt
1296 4981 1352 5020 se
1388 4966 1666 5021 adhortari
1703 4969 1942 5024 dicentes
1983 4972 2048 5025 ad

495 5051 726 5104 invicem
765 5057 839 5103 :ii
871 5050 1462 5111 instantia-orationum
1498 5064 1552 5108 et
1589 5057 2050 5128 eleemosynarnm

493 5140 778 5210 largitione
799 5139 1494 5206 deprecemurunanimiter
1519 5145 1826 5214 Dominum,
1858 5157 1917 5202 ut
1941 5165 2051 5204 me-

496 5231 614 5286 ritis
650 5227 975 5282 sanctissimi
1013 5231 1264 5295 praesulis
1306 5233 1546 5287 Anselmi
1580 5236 1755 5290 nobis
1795 5239 2054 5292 concedat

497 5333 695 5388 aquam
717 5315 971 5385 reperire,
989 5326 1092 5386 pro
1116 5334 1220 5386 qua
1271 5319 1588 5377 invenienda
1605 5326 1700 5378 diu
1724 5326 1922 5382 frustra
1961 5329 2055 5382 in-

499 5413 834 5469 sudavimus.
849 5431 867 5462 ι
885 5410 1229 5465 Facientibus
1252 5411 1432 5480 itaque
1457 5413 1562 5466 illis
1593 5416 2054 5484 eleeinosynarum

499 5505 814 5557 cbaritatem
851 5500 1194 5571 pauperibus,
1223 5500 1401 5554 subito
1415 5502 1628 5555 advenit
1655 5506 1785 5570 puer
1805 5504 2058 5558 nuntians

504 5593 556 5647 in
582 5602 742 5663 puteo
766 5592 1147 5646 abundantiam
1171 5606 1324 5660 aqute
1347 5599 1628 5659 repertam.

573 5681 628 5734 ln
681 5681 875 5734 litteris
935 5680 1298 5733 archidiaconi
1343 5679 1636 5732 Tarvisinae
1695 5679 1945 5733 Ecclesiae
1993 5677 2054 5728 D.

508 5769 772 5826 Matliilda:
801 5771 1036 5828 directis.
1070 5780 1122 5823 et
1150 5771 1320 5824 nuntii
1347 5771 1604 5826 relatione
1625 5771 1716 5839 qui
1738 5772 1829 5824 eas
1851 5769 2060 5832 detulit,

2143 3277 2198 3324 et
2213 3279 2403 3344 pectus
2427 3271 2680 3335 tondens,
2709 3284 2808 3339 pro
2841 3271 3069 3334 viribus,
3093 3269 3420 3325 sanctissimi
3451 3273 3708 3340 praesulis

2143 3355 2335 3412 devdte
2360 3359 2616 3427 poscebat
2639 3359 2972 3427 praasidium.
3015 3359 3236 3429 Aliquot
3282 3360 3464 3429 itaque
3511 3361 3706 3416 diebus

2144 3448 2400 3502 insistens
2422 3449 2780 3514 orationibus,
2817 3457 2872 3503 et
2891 3450 3107 3506 auditus
3134 3459 3458 3505 consecutus
3482 3458 3568 3506 est
3608 3453 3705 3506 ke-

2143 3537 2316 3590 titiam
2344 3546 2398 3590 et
2432 3537 2683 3592 distincte
2701 3539 2958 3608 loquendi
2987 3541 3202 3610 plenam
3217 3539 3706 3611 efﬁcaciam;un

2142 3636 2434 3696 praesentes
2484 3628 2714 3684 vidimus
2739 3639 2792 3684 et
2823 3628 2944 3689 fere
2961 3639 3189 3685 cunctus
3228 3633 3460 3700 populus
3501 3640 3710 3686 nostra:

2143 3718 2312 3771 urbis.
2821 3712 2826 3717 ’
3339 3775 3344 3778 .

2210 3806 2473 3861 Praeterea
2495 3807 2690 3861 mulier
2720 3810 2967 3877 quaedam
2991 3809 3095 3863 fuit
3115 3810 3277 3878 longo
3320 3817 3563 3878 tempore
3583 3809 3708 3864 luce

2142 3895 2370 3963 privata,
2393 3910 2578 3964 quam,
2601 3897 2886 3950 accedente
2920 3904 3088 3964 gutta,
3144 3880 3483 3965 ad/tempus'
3517 3906 3708 3952 tantus

2141 3986 2297 4039 dolor
2325 3986 2516 4054 capitis
2546 3987 2792 4052 vexabat,
2821 3995 2882 4040 ut
2921 3985 3130 4042 furiosa
3155 4001 3266 4057 pra:
3289 3985 3535 4058 angustia
3571 4003 3706 4057 pro-

2142 4075 2257 4144 pria
2289 4076 2502 4130 roderet
2530 4077 2789 4130 membra.
2815 4074 2939 4131 H330
2969 4077 3155 4149 utique
3176 4078 3391 4132 hortatu
3414 4085 3469 4132 et
3490 4078 3709 4148 adjuto-

2141 4165 2224 4219 rio
2248 4164 2502 4235 Opizonis
2529 4166 2594 4220 de
2622 4164 2869 4236 Gonzaga
2902 4166 2967 4220 ad
3014 4167 3186 4222 sancti
3231 4165 3560 4222 confessoris
3608 4169 3708 4223 de—

2140 4255 2300 4310 ducta
2326 4255 2612 4321 tumulum,
2643 4263 2697 4309 et
2725 4263 2887 4324 guttae
2918 4257 3177 4310 liberatur
3197 4257 3464 4328 angustia,
3497 4259 3709 4313 ethicis

2141 4341 2343 4413 pariter
2362 4351 2649 4403 consecuta
2677 4352 2760 4398 est
2780 4343 3038 4398 laatitiam.
3081 4343 3250 4414 Cujus
3297 4346 3592 4414 prazteriue'
3614 4347 3707 4400 in-

2141 4429 2409 4488 firmitatis
2441 4428 2729 4502 przedictus
2763 4432 2933 4502 Opizo
2965 4434 3118 4488 adest
3166 4434 3341 4499 testis,
3373 4434 3466 4502 qui
3507 4449 3708 4503 corpo-

2076 4527 2120 4579 D
2143 4522 2220 4576 ris
2252 4523 2504 4575 alimenta
2534 4537 2600 4576 ex
2643 4523 2840 4590 pietate
2885 4524 2978 4576 diu
3024 4524 3126 4576 sibi
3166 4523 3393 4591 praebuit
3429 4523 3487 4577 in
3538 4525 3709 4579 domo

2148 4625 2266 4665 sua.

2217 4690 2496 4761 ln'prtedio
2529 4693 2926 4750 Canonicorum
2969 4697 3110 4750 beati
3147 4695 3312 4761 Petri,
3363 4695 3416 4748 in
3449 4695 3591 4761 loco,
3613 4697 3708 4751 cui

2148 4800 2344 4838 nomen
2372 4795 2456 4838 est
2488 4786 2611 4838 vilia
2636 4784 2817 4840 Sancti
2843 4786 3137 4854 Laurentii,
3159 4788 3348 4843 mulier
3359 4787 3531 4843 fuerat
3555 4804 3708 4858 qum—

2147 4877 2294 4942 dam,
2320 4877 2407 4932 cui
2430 4894 2594 4932 nasus
2617 4877 2945 4932 horribiliter
2969 4879 3316 4945 intumuerat,
3351 4887 3406 4934 et
3435 4878 3584 4934 calor
3626 4879 3711 4933 in-

2148 4970 2416 5023 trinsecus
2438 4985 2599 5023 urens
2619 4970 2828 5024 saniem
2849 4970 3145 5026 emittebat.
3182 4957 3308 5024 Ηώς
3335 4969 3526 5022 devote
3572 4982 3708 5020 san-

2153 5066 2297 5112 ctum
2321 5059 2616 5126 deposcens
2639 5046 2941 5128 praesulem,
2967 5066 3257 5116 consecuta
3302 5057 3390 5112 est
3431 5056 3709 5111 desidera-

2151 5156 2262 5200 tam
2297 5147 2542 5201 salutem.
3471 5192 3474 5194 η

2225 5234 2374 5302 Item,
2396 5238 2610 5305 quidam
2633 5254 2765 5308 puer
2784 5241 2849 5294 de
2880 5239 3122 5293 Saeciula
3145 5235 3339 5305 gaudio
3358 5236 3496 5290 lucis
3521 5238 3711 5306 priva-

2155 5336 2243 5380 tus
2271 5326 2465 5388 fuerat.
2487 5331 2580 5398 qui
2604 5331 2816 5383 rediens
2841 5345 2869 5380 a
2899 5329 3163 5381 Cremona
3181 5327 3246 5381 ad
3267 5329 3440 5382 sancti
3459 5331 3712 5398 praesulis

2150 5417 2437 5472 festinabat
2457 5420 2717 5482 tumbam,
2749 5434 2779 5470 a
2804 5433 2911 5485 qua
2934 5417 3118 5485 paucis
3137 5416 3328 5472 diebus
3359 5407 3706 5474 discesserat.

2153 5507 2454 5577 Properans
2488 5509 2666 5575 itaque
2680 5507 2924 5560 sitienter
2946 5509 3011 5560 ad
3037 5508 3204 5562 sancti
3223 5511 3464 5565 remeare
3485 5525 3708 5580 corpus,
3781 5527 3794 5541 '

2156 5597 2220 5649 ad
2259 5599 2466 5666 lapillos
2497 5596 2790 5663 saepissime
2814 5596 3063 5651 allidebat
3082 5600 3264 5667 pedes,
3292 5605 3480 5678 utpote
3519 5600 3710 5665 homo,

2157 5686 2248 5752 qui
2276 5688 2375 5741 sibi
2399 5687 2623 5739 adversa
2655 5685 2960 5741 nullatenus
2992 5691 3298 5759 prospicere
3321 5691 3554 5747 valebat.
3574 5721 3579 5726 ι
3598 5689 3712 5745 Do—

2159 5773 2274 5827 lens
2307 5789 2436 5843 ergo
2465 5781 2516 5826 et
2544 5777 2759 5842 gemens
2791 5787 3035 5835 sanctum
3062 5780 3429 5837 confessorem
3449 5780 3716 5839 noscebat
