3944 6398
173 545 266 596 957

1045 541 1320 593 ΜἸδὲἐΧῗ).
1367 541 1449 594 Ill.
1495 573 1546 579 —
1601 540 2026 594 ΜυΝιΜΕΧἸλ
2070 545 2530 602 (ηιιίυυιιῑλλλ.

3309 567 3410 613 επις

173 658 470 727 suppliciter
497 665 554 708 ut
585 656 944 708 calamitatem
980 663 1182 707 lautam
1224 655 1537 723 dignaretur
1581 655 1697 721 περὶ
1757 656 1797 708 Α
1829 657 2080 720 praedicta
2113 661 2288 713 oratio
2324 661 2525 728 scripta
2548 705 2561 724 ,
2599 665 2771 716 oeulis
2818 674 3166 738 superposuit
3209 685 3262 726 ct
3309 677 3405 727 ab-

172 764 301 801 t-ere.
333 745 535 800 Taliter
560 746 722 814 igitur
746 745 922 797 oranti
954 743 1006 796 in
1036 744 1139 805 via,
1165 743 1292 795 dum
1317 743 1586 806 veniebat,
1635 757 1729 794 oc-

169 839 327 893 currit
347 839 667 892 desiderata:
698 837 836 891 lucis
863 837 1089 891 medela.

233 928 439 981 Pariter
460 929 683 998 quidam
716 929 783 980 de
807 927 1119 996 episcopatu
1157 927 1464 990 Tarvisino,
1527 928 1729 982 lumina

166 1017 225 1069 ad
247 1017 520 1086 proprium
561 1031 716 1068 nsum
746 1015 925 1068 laxare
948 1015 1223 1083 nequibat.
1275 1015 1370 1068 llic
1400 1032 1616 1085 quoque
1640 1032 1730 1069 ve.-

167 1108 310 1162 niens
333 1107 396 1160 ad
425 1106 794 1160 venerandum
825 1106 1115 1166 tumulum.
1155 1109 1568 1176 rei-epitomate
1594 1107 1730 1160 lueis

169 1199 435 1274 gaudium.

224 1290 400 1344 Puella
427 1290 674 1360 quaedam
701 1290 900 1358 pariter
929 1287 1102 1342 fuerat
1139 1289 1190 1341 in
1227 1289 1350 1342 villa
1371 1331 1385 1352 ,
1423 1289 1509 1342 eui
1538 1290 1726 1358 vulga-

163 1384 234 1437 ris
263 1399 392 1436 usus
428 1381 624 1435 indidit
667 1395 863 1433 nomen
914 1379 1173 1442 Illairaua,
1230 1395 1259 1432 a
1296 1380 1511 1434 civitate
1547 1380 1726 1432 Brixia

163 1490 261 1528 una
297 1474 526 1526 multum
565 1480 789 1524 remota.
821 1468 955 1522 Huic
986 1470 1256 1538 etliugurc
1299 1486 1431 1523 usus
1469 1471 1725 1523 interclu-

161 1579 248 1618 sus
296 1561 491 1625 fuerat,
523 1569 577 1613 et
626 1559 832 1626 aliquot
862 1559 1250 1621 membrorum,
1276 1569 1469 1627 printer
1504 1575 1725 1612 tnanmn

158 1654 416 1715 dextram,
461 1665 564 1705 suo
600 1650 774 1702 oflicio
819 1647 969 1718 fungi
1008 1650 1282 1716 nequibat.
1319 1647 1466 1701 llane
1502 1650 1727 1702 Iniscta—

159 1740 491 1804 bilismatcr,
529 1739 856 1794 seminecem
903 1747 1183 1805 spectans,
1209 1738 1401 1791 devota
1429 1739 1643 1792 devovit
1671 1754 1728 1793 se

157 1845 267 1883 eam
289 1828 591 1882 delaturum
612 1827 677 1881 ad
711 1826 1038 1880 sanctissimi
1065 1824 1397 1880 confessoris
1423 1827 1728 1879 misericor-

155 1919 314 1983 diam,
348 1917 515 1988 quasi.
551 1917 720 1970 altera
774 1916 1078 1970 Chanauma
1124 1915 1342 1986 (Πατήρ.
1373 1921 1460 1984 xv)
1486 1933 1585 1986 pro
1619 1918 1724 1970 lilia

159 2008 599 2080 rogaturaJuxta
620 2008 782 2077 igitur
807 2009 890 2061 sui
916 2008 1025 2061 voti
1056 2008 1492 2076 promissionem,
1530 2025 1724 2077 paren-

158 2099 290 2153 tibus
317 2114 436 2152 eam
462 2097 852 2160 deferentibus,
886 2098 1057 2166 puella
1093 2099 1146 2150 in
1189 2099 1274 2150 via
1319 2109 1372 2150 et
1419 2100 1614 2167 linguzc
1639 2115 1721 2152 re.-

155 2189 285 2256 cepit
309 2188 566 2251 cilicium,
595 2195 649 2240 ct
674 2187 917 2240 omnium
943 2187 1309 2239 membrorum
1337 2203 1492 2238 usum
1515 2205 1528 2249 ;
1556 2205 1717 2256 quam

150 2279 292 2345 juxta
336 2287 585 2332 sanctum
616 2278 920 2347 sepulcrum
955 2279 1156 2346 gratias
1191 2277 1389 2330 referre
1437 2278 1546 2330 lleo
1580 2280 1716 2332 vidi--

157 2386 287 2435 llllIS,
329 2379 382 2423 et
430 2369 604 2439 ipsius
634 2378 841 2440 patrem
885 2369 1048 2437 hujus
1097 2369 1174 2421 rei
1218 2369 1434 2421 dantem
1479 2371 1719 2422 testium-

157 2460 315 2512 nium.

216 2548 677 2603 Couvenientibus
731 2548 916 2602 multis
953 2547 1018 2599 ad
1077 2538 1323 2600 sanctam
1381 2561 1578 2614 corpus
1618 2562 1720 2613 pro

154 2640 476 2709 impetranda
500 2656 612 2696 sua:
647 2639 978 2692 inﬁrmitatis
1000 2637 1226 2700 medela,
1261 2637 1479 2704 quidam
1503 2651 1718 2704 quoque.

151 2732 348 2788 deloco
387 2733 626 2800 Carpum
699 2733 937 2795 nomine,
1011 2732 1150 2784 ultra
1219 2731 1460 2784 Athesim
1518 2732 1715 2799 posito,

153 2824 321 2891 portui
343 2824 410 2877 de
440 2823 685 2892 Lignano
706 2824 953 2892 proximo
979 2823 1312 2876 adveniebat.
1341 2822 1464 2887 Qui,
1497 2838 1716 2876 manum

149 2912 346 2967 habens
372 2923 708 2967 contractam
743 2923 795 2966 et
818 2914 1100 2967 brachium
1123 2914 1371 2966 ariditate
1400 2913 1716 2978 invalidum,

153 3005 200 3056 in
229 3005 341 3072 ipso
369 3003 563 3058 itinere
590 3003 788 3071 recepit
822 3003 1011 3060 salutis
1042 3003 1379 3055 beneficium.

217 3092 339 3146 Item
377 3093 732 3162 cognovimus
762 3106 874 3145 rem
902 3094 1160 3145 memoria
1187 3092 1402 3160 dignam
1425 3132 1439 3155 ,
1465 3098 1717 3143 narrante

150 3180 287 3236 dese
335 3183 452 3250 ipsa
514 3180 577 3234 D.
617 3179 871 3233 Mathilda
902 3179 1193 3232 venerabili
1221 3179 1528 3241 comitissa,
1560 3177 1716 3245 cujus

150 3269 454 3322 testimonio
489 3268 649 3323 [idem
677 3267 804 3320 facit
833 3276 885 3321 et
921 3257 1050 3321 lides
1085 3268 1204 3337 ejus
1234 3267 1636 3336 probatissima,
1662 3276 1716 3321 et

149 3357 247 3410 vita
275 3358 480 3425 pariter
509 3358 768 3425 religione
783 3357 965 3424 .pleua.
987 3354 1310 3424 Przescripta
1333 3356 1552 3409 domina
1578 3357 1715 3408 mul-

152 3447 214 3500 tis
251 3447 441 3501 diebus
468 3447 710 3500 febribus
741 3447 1066 3514 pernimium
1093 3447 1448 3509 lahoravctat,
1482 3455 1533 3498 et
1567 3447 1716 3513 capi-

149 3536 213 3590 tis
232 3536 384 3590 dolor
417 3537 708 3589 vehemens
735 3536 907 3604 ipsam
944 3533 1276 3604 fatigaverat.
1310 3531 1446 3586 Cum
1475 3549 1598 3586 vero
1629 3535 1714 3586 die

147 3610 372 3694 quadam
412 3638 478 3677 ex
511 3638 663 3677 more
684 3623 978 3677 missarum
1017 3607 1296 3684 solemniis
1331 3622 1566 3685 adesset,
1593 3622 1712 3676 cui—

121 3726 278 3781 tens,
307 3717 439 3772 dum
461 3717 739 3786 legebatur
761 3715 1131 3785 Evangelium,
1168 3724 1344 3768 erecta
1377 3730 1497 3768 esse
1534 3715 1584 3767 iu
1620 3731 1711 3783 pc-

135 3806 315 3872 dibus,
339 3806 561 3878 fatigata
585 3806 914 3870 infirmitate,
943 3790 1070 3859 mox
1099 3804 1311 3858 decidit.
1340 3803 1534 3857 Aderat
1566 3819 1710 3865 vero,

148 3893 287 3962 iuxta
316 3911 395 3960 se,
435 3895 507 3948 ob
536 3894 893 3948 reverentiam
927 3894 980 3946 in
1039 3893 1240 3960 capella
1273 3892 1509 3960 episc0pi
1538 3891 1709 3960 lignea

140 3982 323 4037 tabula
345 3984 548 4053 posita,
581 3985 635 4036 in
660 3999 789 4052 qua,
814 3983 1064 4036 cxhalato
1088 3982 1282 4051 spiritu
1316 3989 1563 4035 sanctum
1591 3995 1713 4033 cor-

145 4085 240 4138 pus
277 4072 345 4124 ad
379 4071 592 4125 funeris
625 4073 912 4141 exsequias
937 4073 1108 4125 lotum
1141 4071 1336 4124 fuerat.
1391 4070 1714 4140 Suppliciter

146 4157 303 4224 igitur
349 4157 654 4234 deposcens
699 4159 871 4212 sancti
902 4159 1003 4210 viri
1048 4160 1378 4234 prtesidium,
1415 4174 1479 4211 ac
1503 4174 1596 4226 per
1632 4168 1712 4211 ta-

147 4247 321 4301 bulam
353 4248 669 4317 praedictam
695 4247 964 4303 deducens
984 4247 1242 4312 frontem,
1302 4249 1443 4302 illico
1489 4249 1710 4302 liberata

143 4345 221 4390 est
243 4338 440 4406 capitis
463 4338 667 4392 dolore.
1219 4333 1223 4336 ’

208 4426 326 4482 Non
371 4429 562 4484 multis
596 4438 720 4499 post
761 4429 952 4485 diebus
994 4430 1302 4492 transactis,
1335 4445 1442 4484 non
1486 4429 1710 4484 modica:

144 4516 338 4570 scabiei
381 4515 644 4571 fractura:
687 4516 858 4584 ipsius
898 4516 1131 4571 domina:
1177 4533 1370 4571 manus
1415 4526 1468 4571 et
1512 4533 1710 4586 corpus

137 4611 313 4658 totum
340 4604 455 4658 fere
489 4605 800 4660 immaniter
825 4607 1176 4674 repleverant.
1221 4606 1356 4661 Cum
1388 4618 1566 4661 autem
1602 4623 1710 4677 prie

145 4696 396 4750 manibus
442 4696 665 4750 haberet
707 4698 1067 4767 episcopalem
1107 4699 1392 4763 annulum,
1438 4714 1547 4768 quo
1613 4699 1706 4752 Dei
1753 4767 1758 4772 _

145 4781 381 4852 pntifex
414 4787 665 4840 utebatur
690 4789 743 4842 in
769 4791 1058 4846 missarum
1090 4793 1563 4856 celebrationibus,
1592 4809 1705 4846 cm-

143 4872 221 4942 pit
251 4874 442 4929 secum
473 4873 720 4930 conferre
749 4880 896 4946 quod
929 4881 1120 4934 merita
1147 4883 1284 4936 tanti
1305 4882 1555 4952 praesulis
1578 4897 1702 4951 pos-

147 4971 264 5018 sent
294 4962 402 5018 sibi
433 4963 752 5029 subvenire,
800 4967 867 5022 ad
909 4975 1113 5023 tactum
1144 4971 1307 5024 etiam
1356 4971 1543 5025 annuli
1579 4987 1702 5025 cum

144 5066 252 5122 quo
280 5052 399 5124 ipse
429 5053 754 5122 quamplura
793 5054 1059 5108 sacriticia
1107 5055 1219 5110 Deo
1259 5059 1482 5125 obtulit,
1524 5060 1708 5130 sicque

146 5140 322 5209 ipsum
367 5142 631 5197 annulum
683 5140 936 5196 fracturis
983 5157 1374 5212 superponens,
1417 5147 1489 5200 ab
1531 5163 1594 5200 ea
1625 5148 1711 5201 die

146 5241 335 5287 sanata
365 5241 452 5288 est
479 5233 594 5304 ipsa
624 5233 678 5288 in
699 5232 1022 5286 valetudine.

213 5317 416 5376 Paucis
439 5332 562 5390 post
585 5323 777 5379 diebus
799 5323 1083 5393 praeteritis
1103 5322 1336 5392 praefata
1353 5324 1707 5380 Christianis-

150 5407 299 5464 simae
327 5410 566 5468 dominae
592 5413 738 5469 acies
772 5415 921 5470 visus
959 5415 1093 5469 adeo
1123 5415 1478 5469 interturbata
1516 5415 1707 5479 fuerat,

147 5499 296 5571 quod
319 5499 390 5558 de
412 5509 572 5555 nocte
605 5503 820 5560 lectioni
848 5519 916 5562 ex
937 5521 1088 5564 more
1129 5519 1345 5578 operam
1370 5506 1499 5559 dare
1521 5505 1707 5560 formi-

151 5587 333 5668 dabat.
383 5587 532 5662 Inter
577 5589 867 5650 missarum
906 5610 1036 5654 vero
1083 5593 1364 5658 solemnia,
1392 5601 1604 5651 tenente
1647 5609 1708 5648 ea

152 5693 260 5747 prae
289 5678 547 5756 mnibus
571 5693 735 5735 uuam
763 5679 1062 5760 orationem
1085 5699 1250 5756 quam
1277 5693 1495 5744 sanctus
1529 5683 1709 5752 ponti-

155 5774 238 5826 rex
267 5772 444 5828 eidem
481 5769 716 5834 domina
743 5772 960 5840 propria
983 5791 1145 5831 manu
1175 5777 1490 5846 scripserat,
1517 5774 1569 5828 in
1608 5790 1708 5828 usu

151 5862 418 5916 orationis
461 5858 908 5915 sibi‘bahendam
942 5862 1206 5928 chartam,
1251 5880 1359 5932 qua
1406 5863 1712 5918 continetur

468 5954 738 6013 ΡΑτιιοι..
772 5951 1096 6012 CXLVIII.

1836 747 2048 809 stersit;
2083 758 2136 800 ct
2161 749 2414 818 deinceps
2443 764 2652 820 recepta
2682 755 2816 810 locis
2846 760 3114 832 claritate,
3144 773 3201 815 ut
3238 767 3408 832 prius,

1835 846 1989 891 nocte
2013 848 2067 890 et
2100 839 2186 891 die
2228 857 2333 893 non
2370 853 2585 910 curavit
2621 845 2836 899 lectioni
2877 848 3142 905 insistere.
3181 853 3410 908 liverar-

1831 927 1935 980 dus
1977 929 2217 996 quidam,
2247 931 2576 1000 Flanr‘igeni
2627 953 2840 1004 genere,
2875 942 3066 995 ordine
3110 946 3411 1014 presbyter,

1833 1019 2114 1074 nobiscum
2150 1023 2500 1092 superaderat
2531 1046 2541 1078 :
2587 1029 2672 1080 cui
2712 1032 2904 1085 ambos
2937 1035 3174 1086 minores
3209 1036 3408 1109 digitos

1831 1122 1993 1159 unius
2057 1125 2250 1164 manus
2312 1123 2459 1180 gutta
2515 1116 2696 1168 subito
2763 1123 3151 1187 superveniens
3205 1125 3407 1191 rigidos

1833 1197 2156 1263 reddiderat,
2192 1210 2243 1252 et
2274 1215 2482 1269 partem
2531 1205 2691 1271 palmi
2725 1210 2956 1274 pariter,
3000 1220 3053 1262 et
3091 1212 3405 1279 juncturam

1830 1302 1934 1354 qua
1972 1303 2166 1343 manus
2214 1291 2439 1345 brachio
2488 1295 2719 1348 nodatur
2758 1299 2895 1350 adeo
2926 1301 3228 1367 arripuerat
3261 1320 3385 1370 quo:

1828 1375 1893 1427 ad
1929 1377 2132 1429 nullius
2184 1380 2342 1433 oﬂicii
2397 1399 2554 1436 usum
2596 1401 2714 1437 t':|lll
2755 1387 3023 1440 inflectere
3061 1392 3288 1444 valebat.
3342 1393 3408 1446 Et

1827 1465 1952 1531 quia
1994 1469 2158 1520 tutius
2198 1470 2399 1522 brachii
2441 1474 2582 1526 vires
2614 1476 2774 1528 etiam
2809 1478 3135 1543 (if‘lt't‘t‘l'ﬂlli,
3175 1484 3405 1550 corrigia

1828 1553 1880 1604 in
1940 1557 2078 1609 collo
2127 1559 2286 1627 ligata
2347 1578 2672 1630 suspensum
2717 1566 2997 1621 brachium
3045 1575 3402 1626 sustentabat.

1828 1642 2129 1699 Prandente
2165 1665 2230 1700 eo
2254 1667 2376 1701 eum
2409 1651 2576 1718 ipsius
2610 1656 2897 1718 ('(tliSltt'iiS,
2920 1659 3137 1712 advenit
3159 1663 3405 1727 qua'dant

1828 1739 2176 1803 paupercula,
2202 1756 2266 1793 ex
2297 1741 2559 1793 cbaritate
2587 1744 2641 1795 S.
2669 1744 2907 1798 Anselmi
2947 1757 3136 1815 petens
3167 1752 3266 1803 sibi
3287 1753 3405 1805 dari

1827 1823 2226 1895 elecutosvnam
2255 1849 2265 1881 :
2293 1831 2383 1898 qui
2421 1830 2648 1886 fractum
2677 1851 2866 1902 pauent
2897 1854 3057 1891 manu
3087 1857 3181 1893 sua
3222 1843 3400 1910 porri-

1827 1928 1957 1982 gens
1981 1931 2102 1971 mox
2131 1929 2353 1972 sanatus
2377 1930 2459 1972 est
2485 1938 2512 1974 a
2545 1925 2796 1989 pra-dicta
2833 1928 3163 1982 infirmitate.

1895 2003 2047 2070 Quod
2081 2007 2566 2076 imprmscutiarum
2620 2029 2842 2067 narrare
2880 2019 3171 2082 contendo,
3217 2022 3399 2076 nullus

1824 2108 2077 2159 perversa
2114 2105 2292 2148 mente
2322 2098 2570 2152 lietitium
2603 2102 2683 2153 vel
2725 2101 3028 2155 fabulosum
3074 2110 3402 2161 contendere

1824 2192 2133 2248 prmsumat.
2180 2183 2357 2240 Testis
2412 2189 2566 2242 adest
2615 2191 2778 2259 hujus
2813 2194 2886 2244 rei
2929 2177 3066 2246 idem
3105 2191 3238 2263 ipse,
3280 2201 3396 2267 qui,

1822 2271 2114 2328 confractis
2140 2289 2247 2327 non
2277 2277 2506 2330 modicis
2529 2280 2756 2342 catenis,
2789 2284 3037 2349 priesidio
3066 2287 3397 2342 sanctissimi

1821 2358 2152 2413 confessoris
2188 2361 2427 2417 Anseltni
2463 2367 2780 2420 mirabiliter
2801 2381 2878 2423 est
2923 2371 3180 2425 liberatus
3217 2377 3282 2426 de
3309 2393 3401 2431 an-

1821 2452 1996 2519 gustia
2049 2457 2304 2508 carceris.
2361 2457 2746 2512 (lontestantur
2793 2464 2993 2529 pariter
3028 2476 3228 2518 caletur
3265 2485 3397 2521 cott-

1823 2541 2005 2596 fraetze
2053 2547 2411 2612 praesentibus
2458 2551 2724 2620 episcopis
2755 2571 2768 2614 ;
2802 2555 3147 2610 audientibus
3182 2563 3397 2628 pOpulis

1821 2633 2130 2699 pne-dicavit
2174 2643 2226 2688 ct
2269 2637 2523 2703 praedicat
2563 2655 2676 2690 sure
2717 2643 2987 2710 captionis
3031 2647 3394 2704 miserabilem

1819 2739 2115 2778 art-umnam
2167 2735 2220 2778 ct
2254 2727 2590 2782 liberatiouis
2626 2733 3023 2799 praedicandam
3058 2737 3318 2791 lmtitiatn.

1887 2812 2195 2878 Crescente,
2235 2817 2375 2869 sicut
2407 2818 2605 2887 ubique
2637 2830 2900 2874 terrarum
2940 2833 3126 2877 notum
3161 2835 3261 2890 est,
3292 2845 3386 2882 va-

1819 2903 1939 2956 lidm
1995 2907 2390 2972 persecutionis
2451 2916 2768 2976 tempestate
2821 2911 3082 2966 adversus
3140 2928 3388 2973 sam-tutu

1819 2993 2136 3058 Gregorium
2183 2992 2293 3057 VII,
2343 2994 2561 3063 dignum
2595 2994 2851 3051 Romanae
2884 2999 3133 3055 Ecclesia!
3164 3015 3385 3073 aposto-
3435 3051 3438 3054 .

1819 3079 2004 3142 lienm,
2039 3095 2136 3147 pro
2166 3081 2406 3134 veritatis
2431 3092 2484 3134 et
2519 3083 2743 3148 justitiae
2778 3088 3178 3154 praedicatione,
3212 3104 3392 3162 atque.

1818 3167 2020 3234 pariter
2077 3178 2261 3220 contia
2323 3171 2490 3225 totius
2543 3171 2770 3226 Romani
2828 3175 3036 3245 imperii
3090 3181 3391 3237 catholicos

1820 3255 2284 3312 Cbristianissima
2315 3260 2592 3314 comitissa
2621 3263 2840 3317 domina
2872 3265 3128 3321 Mathilda
3166 3286 3263 3337 pro
3292 3271 3393 3326 lic-

1819 3349 2000 3402 clesire
2033 3349 2346 3405 defensione
2402 3353 2531 3406 totis
2579 3354 2852 3408 iusudavit
2887 3357 3111 3412 viribus.
3153 3358 3388 3414 L'bertes

1820 3437 2118 3492 Arditionis
2166 3439 2327 3502 filius,
2380 3449 2434 3492 et
2485 3442 2755 3509 praedicta:
2797 3445 3030 3498 domina:
3074 3449 3389 3513 eapitancus

1818 3539 1980 3588 unus,
2027 3534 2084 3577 ut
2122 3526 2174 3577 in
2216 3527 2316 3579 hac
2356 3529 2761 3595 perturbatione
2790 3531 2856 3583 de
2894 3531 3009 3598 ejus
3043 3533 3296 3590 fidelitate
3333 3547 3390 3592 et

1816 3615 2037 3666 servitio
2077 3614 2442 3668 indubitanter
2465 3615 2590 3685 ipsa
2623 3605 2840 3672 domina
2886 3622 3199 3688 confideret,
3247 3626 3386 3679 inter

1817 3704 2014 3757 multas
2049 3705 2180 3758 alias
2213 3706 2484 3762 lidelitatis
2519 3710 2977 3776 promissionues,
3020 3727 3232 3779 omnes,
3265 3718 3388 3784 qui—

1818 3794 1919 3847 l.us
1951 3811 2171 3848 suarum
2195 3798 2407 3850 arcium
2445 3799 2750 3852 custodiam
2789 3803 3158 3865 commiserat,
3194 3785 3387 3870 jurare

1815 3885 2075 3951 compulit
2120 3884 2462 3941 fortitudines
2514 3890 2742 3954 arcium,
2801 3907 2938 3958 quas
2983 3891 3383 3955 custodiebant,

1815 3976 2544 4040 supra,nominatie'domina}
2571 3981 2820 4048 potestati
2861 3981 3040 4034 liberte
3068 3984 3380 4044 tradituros,

1813 4079 1875 4115 ac
1922 4065 2174 4135 deinceps
2221 4069 2274 4120 in
2318 4069 2558 4136 ejusdem
2593 4071 2844 4124 fidelitate
2877 4086 3291 4139 permansuros,
3331 4073 3374 4124 si

1813 4153 1952 4206 idem
1994 4153 2229 4209 libertus
2265 4159 2465 4225 aliquid
2498 4159 2784 4212 infideliter
2812 4161 3074 4214 adversus
3118 4175 3236 4213 eam
3281 4161 3380 4213 do-

1812 4242 2012 4294 minam
2046 4243 2267 4308 faceret,
2307 4247 2389 4298 vel
2413 4246 2686 4314 quidpiam
2712 4248 2983 4301 malitiose
3019 4256 3292 4301 tractaret.

1883 4328 2028 4394 Post,
2053 4339 2212 4399 capto
2241 4331 2439 4386 liberto
2467 4335 2536 4388 ob
2563 4350 2673 4388 suae
2698 4335 3025 4391 infidelitatis
3051 4338 3343 4407 nequitiam
3364 4381 3379 4401 ,

1810 4418 2057 4474 homines
2090 4419 2236 4476 illius
2274 4432 2462 4477 contra
2488 4425 2784 4492 juramenti
2814 4427 3135 4495 sponsiones
3170 4443 3275 4482 non
3315 4431 3382 4482 ti-

1811 4521 2065 4566 muerunt
2093 4515 2355 4584 quidquid
2388 4517 2649 4586 injuriose
2671 4526 2922 4586 poterant
2942 4535 3099 4589 agere
3125 4522 3383 4576 adversus

1811 4604 2053 4658 eamdem
2085 4604 2381 4660 dominam.

1884 4695 1962 4751 lix
1996 4713 2231 4766 quorum
2254 4712 2482 4759 numero
2506 4700 2725 4769 quidam
2755 4699 3114 4766 Lanfrancus,
3142 4702 3207 4755 de
3232 4699 3380 4753 Piola

1814 4784 2051 4851 nomine,
2087 4785 2263 4842 ofﬁcio
2294 4787 2470 4853 miles,
2499 4788 2633 4856 quia,
2661 4789 2903 4858 ipsorum
2934 4786 3380 4862 perversitatibus

1813 4875 2077 4930 inhaarere
2115 4877 2406 4941 renuebat,
2439 4877 2653 4938 insidiis
2687 4887 2741 4930 et
2769 4873 3149 4928 traditionibus
3177 4872 3247 4925 ab
3272 4872 3382 4927 eis-

1813 4964 1935 5018 dem
1957 4974 2168 5034 captus,
2212 4975 2267 5022 et
2287 4983 2317 5022 a
2361 4975 2598 5037 tempore
2626 4963 2854 5034 Augusti
2886 4978 3058 5032 usque
3089 4962 3156 5016 ad
3200 4972 3376 5020 octav.

1814 5052 1930 5108 Kal.
1958 5055 2128 5125 April.
2167 5057 2306 5113 duro
2342 5071 2559 5111 carcere
2587 5062 2671 5107 est
2694 5052 2918 5107 affectus
2937 5061 2992 5107 et
3011 5067 3121 5107 non
3151 5054 3381 5110 modicis

1812 5147 2021 5202 catenis
2041 5148 2314 5202 astrictus.
2347 5145 2514 5201 Iidem
2538 5151 2758 5215 quoque
2784 5144 3043 5199 malitiosi
3070 5145 3382 5215 cogitabant

1812 5234 2086 5303 quomodo
2125 5242 2348 5303 possent
2378 5234 2429 5288 ei
2457 5234 2625 5288 vitam
2653 5234 2883 5305 eripere.
2917 5250 3016 5288 nec
3055 5243 3234 5290 tamen
3279 5250 3377 5286 vo-

1814 5324 1994 5377 lebant
2025 5323 2280 5392 cognosci
2313 5337 2502 5378 eorum
2543 5325 2758 5394 ingenio
2803 5325 2905 5379 hoc
2949 5323 3149 5379 factum
3187 5323 3372 5377 fuisse.

1813 5415 2058 5482 Cumque
2091 5422 2171 5468 tot
2208 5415 2476 5484 angustiis
2514 5417 2772 5469 astrictus
2799 5415 2969 5468 solam
3009 5420 3236 5466 mortem
3279 5425 3375 5464 cx-

1788 5511 2097 5573 .spcctaret,
2141 5503 2195 5557 in
2232 5503 2414 5577 vigilia
2466 5504 2648 5561 sancti
2682 5500 2952 5573 pontiﬁcis
3006 5498 3245 5552 Anselmi
3291 5514 3378 5552 ar-

1811 5602 1963 5664 repto
1995 5607 2190 5648 somno
2215 5591 2390 5647 visum
2418 5591 2519 5646 sibi
2555 5598 2637 5643 est
2660 5587 3065 5643 sanctissimum
3092 5586 3372 5654 praesulem

1810 5693 1936 5739 ante
1971 5681 2399 5739 sedeambulare
2427 5678 2616 5732 habitu
2662 5690 2771 5744 quo
2803 5676 2978 5729 adhuc
3005 5675 3059 5728 in
3082 5689 3242 5728 carne
3289 5689 3375 5726 so-

1813 5761 1958 5827 lebat
1983 5770 2246 5826 incedere.

1887 5863 1962 5913 Ad
1997 5875 2156 5927 quem
2211 5875 2334 5911 mox
2383 5857 2706 5909 cvrlamans'
2768 5855 2938 5920 inquit
2979 5872 2988 5904 :
3031 5853 3224 5903 Sancte
3271 5853 3373 5903 Aa-

2988 5948 3064 6001 τω
