3944 6390
529 385 631 433 9:7.
1510 387 1599 439 an
1636 388 1859 444 oratu
1903 389 1958 446 S.
1999 391 2327 448 onmem:
2367 391 2807 457 APPENDICES.

530 493 593 547 Et
635 501 909 564 postremo
952 512 1112 551 versu
1140 497 1205 552 de
1238 499 1343 554 hoc
1386 499 1509 554 lusu
1544 502 1780 555 inunitos
1819 518 1920 556 nos
1947 506 2113 560 voluit

531 584 778 641 scribens

535 691 713 761 ipsius
740 696 796 749 hi
823 712 997 751 rersus
1028 700 1161 752 dant
1193 717 1400 765 nomen,
1432 703 1663 773 dantque
1685 716 1981 773 parentum.

534 803 637 859 Sed
673 816 733 860 ut
755 809 971 863 redeam
1005 812 1069 865 ad
1098 813 1467 868 aerosticbum
1507 815 1765 884 priorem,
1812 833 1907 888 per
1934 818 2111 888 ipsum

531 898 819 953 etlucemur
846 898 1176 956 Donizonetn
1207 919 1312 958 non
1340 902 1518 959 solum
1549 906 1907 973 sacerdotem,
1941 909 2111 965 fuisse

532 990 625 1042 s:-.l
663 998 720 1044 et
761 992 1106 1047 monachum.
1154 993 1210 1047 ln
1237 994 1515 1051 Canusino
1554 1003 1885 1056 monasterio
1923 1006 2112 1072 procul

531 1079 699 1133 dubio
724 1080 773 1134 is
794 1081 948 1148 vixit,
972 1083 1121 1152 quod
1143 1100 1209 1139 ex
1230 1086 1352 1155 ejus
1374 1074 1602 1156 epistola
1627 1089 1956 1147 dedieatoria
1980 1094 2112 1150 satis

532 1170 726 1223 elucet.
759 1170 823 1226 Et
861 1173 1080 1242 quidem
1116 1190 1181 1229 eo
1217 1186 1356 1231 teste
1396 1177 1490 1231 lib.
1536 1194 1574 1243 ι,
1611 1195 1729 1251 cap.
1768 1182 1832 1235 l7
1858 1184 2112 1239 novimus

534 1259 923 1316 Frna'inorensc
967 1268 1346 1321 monasterium
1382 1268 1437 1321 in
1482 1272 1760 1329 montibus
1795 1272 2111 1331 Mutinensi-

534 1351 635 1405 bus
657 1352 724 1404 ab
765 1353 882 1421 ipsa
913 1352 1169 1411 Blatltilde
1202 1358 1432 1428 ejusque
1462 1371 1634 1417 matre
1672 1362 1915 1421 Deatriee
1944 1365 2112 1423 fuisse

532 1443 880 1509 :edilicatuln,
926 1460 991 1499 ac
1034 1458 1293 1516 praeterea
1346 1449 1700 1519 Canusinam,
1749 1455 1873 1509 data
1918 1473 2112 1528 nempe
2149 1457 2154 1461 ’

532 1526 815 1590 monachis
857 1536 1117 1604 ecclesia,
1181 1556 1345 1608 quam
1396 1553 1555 1596 antea
1605 1560 1745 1600 unus
1791 1550 2110 1617 praepositus

529 1639 653 1678 cum
688 1640 761 1678 xu
790 1624 1006 1683 clericis
1028 1628 1142 1683 sive
1165 1631 1446 1686 canonicis
1478 1633 1888 1691 administrabat
1917 1657 1928 1692 :

743 1738 1027 1794 Canusina!
1053 1757 1254 1811 quoque
1279 1755 1480 1798 sanctw

532 1824 786 1881 Ecclesia:
811 1844 995 1883 nomen
1023 1844 1373 1901 mutauerant,
1398 1845 1446 1890 et
1474 1837 1739 1892 honorem.

530 1914 596 1969 In
630 1917 837 1983 melius,
866 1920 1066 1976 dudum
1097 1926 1181 1976 cui
1215 1927 1528 1995 prcepositns
1553 1945 1707 1992 unus,

532 2005 669 2060 l'sns
698 2025 816 2061 cum
840 2010 994 2065 cleris
1023 2028 1125 2066 non
1159 2016 1263 2068 nisi
1294 2024 1499 2070 tantum
1528 2018 1782 2073 duodenis

530 2096 801 2153 Deserrire
825 2102 1056 2169 quidem.
1090 2102 1246 2158 Nunc
1269 2106 1431 2160 abbas
1458 2110 1614 2160 serrit
1644 2109 1834 2163 ibidem

526 2189 658 2240 lium
690 2192 957 2246 monachis
985 2192 1197 2247 Christo
1226 2196 1415 2250 multis
1441 2197 1823 2267 famnlantibus
1851 2200 1962 2255 illo.

526 2298 712 2370 Itaque
742 2300 795 2354 in
825 2302 917 2356 illo
949 2303 1069 2375 ipso
1099 2307 1452 2373 monasterio,
1490 2309 1592 2363 sub
1620 2311 1794 2366 sancti
1834 2310 2106 2367 Benedicti

525 2391 743 2461 regula,
788 2392 1052 2448 militasse
1108 2394 1442 2461 Donizonem
1486 2402 1833 2455 statuendum
1882 2404 2107 2457 omnino

525 2491 626 2535 est.
665 2479 722 2535 ω
755 2484 903 2550 quod
942 2484 1283 2541 clarissimus
1324 2486 1686 2555 )laliillonius,
1717 2492 1770 2543 in
1808 2493 2106 2548 Annalibus

500 2568 914 2635 Bcnedictinis,
949 2574 1013 2627 ad
1053 2590 1181 2629 ann.
1238 2577 1391 2643 1115,
1437 2580 1662 2635 minime
1699 2581 1959 2648 advertit;
1996 2584 2107 2638 imo

526 2662 801 2716 ecclesiam
835 2662 1022 2717 Sancti
1058 2666 1282 2721 σίτων·ἰὶ
1326 2669 1380 2722 in
1422 2685 1553 2739 agro
1595 2670 1884 2728 Mutinensi
1922 2674 2103 2742 sitam,

526 2761 581 2806 ct
621 2750 894 2808 Matbildis
919 2764 1161 2825 tempore
1190 2774 1220 2811 a
1254 2760 1535 2815 canonicis
1571 2762 1912 2832 regularibus
1935 2764 2106 2817 admi—
2178 2826 2179 2829 η

526 2842 834 2907 nistratam,
882 2844 1128 2901 confudit
1169 2863 1293 2903 cum
1326 2847 1595 2904 Canusina
1639 2851 2105 2930 Benedictiuorum

492 2935 858 3013 \monasterio
893 2935 947 2990 in
987 2934 1241 3008 Regiensi
1279 2939 1407 3005 sito,
1436 2941 1701 3009 scribens,
1738 2944 1909 2998 multa
1939 2945 2105 3000 bene-

522 3024 642 3077 tit-ia
673 3039 702 3077 a
741 3023 996 3081 Mathilde
1040 3027 1281 3083 Bondeni
1320 3040 1617 3101 aegrotante
1657 3036 1946 3102 postremis
1982 3038 2108 3092 vita:

523 3129 634 3167 δαδὶ
670 3114 863 3169 diebus
886 3116 1117 3171 ecclesia:
1152 3118 1338 3174 Sancti
1366 3119 1590 3176 Cwsarii
1621 3130 1989 3179 canonicornm
2022 3144 2103 3180 re-
2133 3162 2174 3218 ρ

520 3206 790 3274 gntarium
818 3208 959 3276 apud
984 3207 1249 3263 Canosam
1271 3210 1441 3267 fuisse
1463 3213 1674 3268 collata.

595 3296 764 3353 Douiz
806 3288 897 3355 uis
919 3300 1054 3355 liber
1092 3303 1326 3371 primum
1370 3306 1548 3361 editus
1587 3305 1683 3361 fuit
1721 3324 1748 3361 τι
1782 3307 2103 3364 Sebastiano

524 3387 849 3459 'I‘egnagelio
899 3389 1315 3448 bibliotliecario
1356 3395 1635 3463 Cmsareo,
1683 3398 1795 3451 sive
1830 3414 1859 3451 a
1900 3397 2102 3455 Jacobo

519 3479 815 3545 tiretserio,
848 3496 961 3536 soc.
995 3478 1146 3547 Iesu,
1185 3482 1522 3555 lugolstadii,
1556 3501 1683 3541 ann.
1712 3486 1916 3544 Christi
1945 3490 2100 3559 l6l2,

521 3568 665 3622 inter
700 3568 884 3623 Vetera
913 3584 1250 3628 monumenta
1267 3586 1462 3649 _contra
1489 3578 1855 3633 schismaticos
1884 3581 1954 3634 ab
1984 3582 2101 3651 ipso

519 3650 766 3714 collecta.
818 3661 899 3715 Ad
934 3678 1053 3717 eam
1091 3664 1386 3720 editionem
1437 3682 1572 3722 usus
1605 3678 1688 3723 est
1709 3650 2102 3743 Tenguagelius

522 3752 835 3822 apagrapho
872 3753 939 3808 ad
974 3771 1031 3809 se
1064 3754 1234 3811 Roma
1264 3758 1451 3812 misso.
1482 3757 1619 3812 Tum
1657 3759 1994 3819 clarissimus
2021 3765 2103 3819 vir

518 3840 844 3897 Cudel‘ridus
884 3842 1208 3899 Guilielmus
1254 3846 1555 3904 Leibnitius
1591 3850 1644 3911 in
1691 3852 1890 3923 insigni
1927 3852 2101 3923 Opere

518 3927 777 3999 Scriptor.
822 3930 1098 3991 Brunst'ic.
1130 3936 1449 4003 illustrant.,
1479 3947 1612 3993 tom.
1648 3938 1687 4005 l,
1713 3956 1833 4011 pag.
1869 3940 1992 4007 629,
2022 3943 2102 3997 al-

516 4029 690 4077 teram
721 4023 961 4093 ejusdem
995 4026 1264 4095 poematis
1284 4027 1598 4095 editionem,
1628 4045 1772 4086 anno
1803 4030 1960 4099 1707,
2000 4048 2099 4089 no-

520 4110 605 4166 bis
646 4113 812 4177 dedit,
864 4116 1189 4182 praecedenti
1232 4133 1363 4173 sane
1408 4121 1802 4176 accuratiorem
1824 4124 1854 4194 ςξ
1878 4138 2003 4179 nam
2045 4137 2099 4180 et

515 4204 932 4273 antiquissimus
993 4206 1163 4260 codex
1206 4206 1487 4265 Romanus
1527 4211 1659 4265 olim
1697 4212 1877 4267 Sirleti
1917 4217 2096 4270 cardi-

512 4274 658 4348 nalis
702 4311 827 4349 eum
867 4297 1024 4362 edito,
1056 4298 1286 4354 collatus
1321 4300 1624 4357 subsidium
1655 4303 1829 4359 eidem
1865 4291 2004 4372 tulit,
2043 4318 2095 4362 et

517 4379 791 4441 Vaticana:
812 4386 1156 4443 bibliothecae
1188 4401 1375 4446 custos
1411 4391 1744 4467 Zaccagnius
1764 4411 1903 4453 nova
1925 4399 2095 4454 colla-

514 4478 662 4532 tione
696 4478 875 4547 ipsum
899 4478 1060 4547 juvit.
1090 4476 1333 4534 Prodibit
1356 4496 1499 4537 nunc
1526 4485 1742 4551 iterum,
1775 4502 1937 4556 opera
1962 4504 2093 4559 quo-
2124 4511 2168 4565 ι)

516 4583 621 4637 que
642 4583 782 4632 mea,
807 4569 935 4622 illud
962 4570 1101 4623 idem
1123 4568 1417 4629 Donizonis
1441 4588 1664 4645 poema;
1690 4586 1872 4648 atque,
1904 4590 1963 4635 ut
1987 4583 2086 4637 eli-

517 4659 716 4713 matius
739 4668 791 4712 et
820 4659 1091 4728 comptius
1105 4661 1348 4731 prodeat,
1363 4678 1463 4734 ego
1481 4666 1645 4721 etiam
1667 4682 1853 4723 curam
1870 4684 2089 4728 omnem

516 4751 702 4817 attuli;
729 4766 828 4804 nec
860 4751 1038 4805 inutili
1062 4750 1295 4809 fortasse
1330 4756 1511 4812 studio
1540 4747 1703 4830 atque
1722 4761 2086 4837 labore._Nam

516 4852 569 4895 τι
596 4842 945 4899 doctissimus
975 4843 1034 4899 P.
1064 4842 1408 4915 Baechinius,
1443 4864 1639 4921 magna
1672 4852 1973 4911 litterarum
1998 4858 2086 4929 ja-

515 4942 691 5006 ctura,
712 4948 856 4987 anno
891 4934 1048 5001 17%|,
1081 4937 1239 4993 nobis
1269 4954 1300 4992 a
1327 4948 1502 4995 morte
1523 4949 1762 5011 ereptus,
1790 4943 2084 5006 Donizonis

516 5024 888 5095 apograpbum
934 5041 965 5079 e
1001 5022 1446 5085 Padolironensis
1491 5030 1835 5090 bibliotheca
1865 5037 2090 5108 antiquo

516 5116 702 5170 codice
733 5133 834 5172 ms.
878 5117 1226 5188 desumptum
1250 5119 1383 5173 mibi
1419 5124 1783 5181 commodavit
1804 5145 1817 5194 ;
1837 5138 1912 5195 et,
1944 5131 2090 5200 quod

517 5208 637 5277 plus
671 5217 774 5273 est,
813 5209 1046 5265 alterum
1070 5221 1437 5287 pervetustum
1469 5216 1709 5271 codicem
1740 5210 1845 5277 ms.
1876 5238 2096 5301 summa

515 5299 770 5355 wmitate
802 5298 935 5355 mibi
961 5301 1223 5357 utendum
1245 5302 1408 5372 dedit
1431 5306 1678 5363 marcbio
1702 5308 1996 5381 Cajetanus
2024 5298 2091 5371 de

516 5387 749 5455 (Iano-sa,
796 5388 880 5444 vir
927 5388 1207 5445 nobilitate
1247 5395 1463 5462 generis
1492 5397 1549 5451 in
1578 5398 1793 5456 civitate
1834 5401 2089 5476 Regiensi

517 5478 658 5531 inter
686 5481 890 5562 primos
917 5482 1270 5550 conspicuus,
1303 5492 1490 5554 utpote
1520 5491 1677 5559 cujus
1717 5496 1953 5567 majores
1986 5498 2090 5556 Ca-

518 5581 706 5619 nosam
752 5565 923 5634 ipsam
958 5568 1027 5623 ab
1065 5568 1508 5643 imperatoribus,
1550 5582 1739 5649 paucis
1762 5565 1890 5656 post
1917 5590 2088 5642 comi-

518 5656 663 5712 tisste
705 5654 975 5711 )lathildis
1016 5669 1245 5715 mortem
1286 5664 1469 5733 annis,
1509 5668 1566 5724 in
1607 5654 1832 5731 tendum
1868 5691 2087 5748 recepe-

519 5759 664 5811 tum,
708 5757 761 5802 ct
803 5760 898 5814 per
938 5746 1146 5818 aliquot
1189 5754 1385 5810 secula
1427 5757 1792 5832 retinuerunt,
1834 5773 1895 5824 ut
1940 5746 2086 5827 certa

3695 418 3809 469 9U

2148 511 2191 563 Α
2218 527 2396 580 aobuc
2448 540 2801 587 monumenta
2849 542 3135 592 testantur.
3193 538 3497 613 l'trumquc
3551 545 3809 602 codicem

2212 632 2339 671 cum
2374 618 2535 674 editis
2577 623 2809 689 contuli;
2835 635 2890 679 et
2923 642 3069 682 nunc
3096 630 3226 698 quid
3257 631 3312 685 in
3334 631 3591 704 Regiensi
3620 636 3807 707 potis-

2214 705 2412 759 simum
2442 708 2824 768 observatione
2856 715 3086 789 dignum
3125 725 3508 793 compererint,
3535 705 3808 785 monendi

2214 803 2341 848 sunt
2370 795 2619 853 lectores.

2283 885 2359 939 Ex
2392 888 2771 947 eharactcrum
2814 894 2992 952 forma
3035 878 3168 954 mihi
3204 900 3357 957 visus
3389 913 3473 959 est
3498 905 3666 961 codex
3712 909 3807 963 ille

2214 976 2447 1047 scriptus
2498 990 2624 1035 ante
2682 985 3111 1058 quadringentos
3165 1007 3358 1048 annos.
3419 993 3806 1053 Occurrebant

2212 1068 2387 1134 primo
2413 1069 2600 1141 ﬁgurae
2626 1071 2905 1133 Matlrildis
2930 1085 2986 1132 et
3008 1076 3325 1147 Donizonis,
3359 1083 3536 1140 eidem
3558 1087 3806 1143 oll'ereno

2215 1157 2282 1212 tis
2304 1159 2503 1216 librum
2538 1178 2664 1218 cum
2701 1164 2808 1219 hoc
2842 1183 3003 1224 versu
3033 1189 3045 1223 :

2218 1269 2493 1327 Mathildis
2515 1274 2714 1343 lucens,
2741 1291 2945 1365 precor,
2968 1280 3064 1336 hoc
3088 1299 3213 1354 cape
3234 1284 3394 1340 chara
3423 1287 3683 1346 volumen.

2215 1377 2458 1436 Similem
2500 1385 2750 1456 etligiem,
2799 1390 2971 1469 minio
3013 1393 3237 1463 pictam,
3284 1405 3340 1452 et
3379 1413 3444 1453 ex
3494 1397 3801 1457 Donizonis

2212 1466 2387 1539 Opere
2420 1488 2523 1528 ms.
2557 1468 2893 1545 expressam,
2929 1481 2983 1534 in
3013 1497 3087 1537 {es
3123 1483 3286 1539 incidi
3316 1485 3444 1543 fecit
3473 1487 3800 1546 Dettiinicus

2212 1556 2481 1643 Mellinus,
2528 1571 2584 1617 et
2623 1580 2816 1621 rursus
2859 1567 3206 1627 Mabillonius
3256 1574 3310 1628 in
3358 1575 3555 1632 Annal.
3614 1578 3797 1635 Bene-

2211 1648 2424 1716 dictin.,
2455 1654 2521 1707 ad
2561 1669 2688 1710 ann.
2739 1657 2896 1714 1115.
2946 1659 3165 1729 Verum,
3210 1665 3258 1720 si
3288 1668 3421 1736 quid
3464 1672 3639 1740 sapio,
3674 1673 3800 1728 haec

2211 1738 2364 1792 nihili
2395 1739 2640 1799 facienda
2666 1755 2814 1813 sunt,
2840 1749 3040 1820 quippe
3062 1753 3226 1809 unico
3252 1738 3670 1815 amanuensium
3696 1772 3801 1817 aut

2145 1835 2187 1890 Β
2213 1829 2482 1896 pictorum
2525 1834 2742 1905 ingenio
2777 1838 2956 1896 serius
2988 1844 3312 1915 excogitata,
3347 1857 3401 1904 et
3432 1849 3567 1905 nihil
3603 1855 3798 1923 expri-

2210 1923 2411 1978 mentia
2444 1939 2759 1995 germanam
2783 1928 3056 1989 Mathildis
3079 1935 3390 2008 imaginem.
3423 1938 3600 2007 Quam
3624 1944 3798 1999 etiam

2208 2014 2522 2083 opinionem
2566 2018 2701 2074 mihi
2746 2021 2911 2079 altius
2953 2027 3227 2094 persuasit
3268 2027 3565 2089 Donizonis
3615 2034 3801 2106 ipsius

2207 2104 2429 2176 eﬂigies,
2459 2124 2581 2178 quae
2602 2111 2800 2194 laicum
2829 2112 3085 2185 fortasse,
3114 2128 3261 2175 certe
3289 2132 3567 2194 nunquam
3591 2104 3798 2182 mona-

2208 2195 2374 2281 chum
2404 2199 2641 2266 exhibet,
2674 2191 2853 2271 qualis
2886 2204 3004 2275 ipse
3038 2205 3160 2262 fuit.
3198 2207 3258 2263 In
3297 2191 3552 2283 Regiensi
3577 2216 3796 2284 codice.

2178 2350 2181 2353 Α
2209 2277 2327 2357 cap.
2362 2289 2416 2355 2,
2449 2292 2863 2362 conspiciuntur
2884 2297 3072 2369 ﬁgurae
3098 2301 3242 2371 regis
3271 2277 3485 2372 stantis,
3514 2321 3579 2362 ac
3608 2277 3798 2377 porri;

2208 2380 2385 2450 gentis
2418 2397 2584 2438 unam
2613 2387 2892 2455 capsulam
2928 2391 3266 2463 presbytero,
3298 2395 3354 2451 in
3384 2412 3493 2467 qua
3522 2398 3795 2470 scriptum

2207 2479 2294 2525 est
2320 2489 2331 2524 :
2362 2470 2570 2543 Corpus
2596 2486 2796 2532 sancti:
2822 2478 3066 2548 Coronaz;
3091 2484 3202 2540 duo
3227 2486 3409 2571 clerici
3441 2497 3629 2546 tenent
3657 2493 3799 2549 alte-

2207 2577 2324 2616 ram
2361 2565 2663 2633 capsulam,
2696 2568 2789 2623 ubi
2831 2572 3092 2642 scriptum
3119 2565 3352 2647 legitur:
3383 2579 3587 2651 Corpus
3615 2587 3797 2640 sancti

2221 2648 2467 2707 Victoris.
2492 2653 2649 2710 Astat
2675 2659 2788 2729 regi
2817 2660 2944 2717 Atto
2970 2663 3160 2722 militis
3203 2667 3391 2725 habitu
3425 2648 3553 2730 cum
3575 2688 3714 2731 ense
3742 2684 3798 2731 et

2207 2744 2443 2812 caputio.
2463 2743 2650 2824 .Supra
2682 2750 2879 2821 legitur
2906 2772 2920 2808 :
3013 2745 3019 2751 ’

2209 2852 2441 2925 Corpora
2471 2869 2774 2916 sanctorum
2812 2879 2904 2918 rea:
2924 2866 3113 2922 Attoni
3140 2870 3287 2925 dedit
3314 2872 3518 2932 horum.

2211 2964 2525 3038 Sequuntur
2560 2972 2678 3030 alia:
2704 2973 2892 3046 ﬁgura:
2929 2993 3054 3035 cum
3076 2980 3181 3037 boe
3204 2998 3366 3041 versu
3393 3005 3406 3040 :
3499 3037 3510 3042 -

2210 3073 2444 3133 Membra
2469 3091 2611 3136 secat
2634 3086 2805 3139 sancti
2835 3085 3174 3159 Codefridus,
3204 3093 3341 3149 dans
3369 3113 3430 3151 ea
3461 3101 3625 3168 patri.

2206 3185 2345 3241 Ante
2369 3203 2490 3259 cap.
2527 3191 2581 3258 8,
2610 3196 2852 3252 occurrit
2882 3197 3084 3271 eﬂlgies
3118 3201 3385 3262 Bonifacii
3439 3208 3546 3265 hoc
3574 3214 3791 3271 sociata

2217 3278 2474 3336 versiculo
2501 3301 2513 3337 :

2205 3388 2277 3445 Te
2306 3392 2530 3449 redimat
2559 3395 2746 3452 Sother
2775 3399 3025 3473 Bonifaci
3053 3408 3288 3464 ntarcltio
3315 3411 3554 3486 duaque,
3580 3370 3611 3378 ﬂ

2201 3500 2340 3640 gnte
2379 3518 2498 3572 cap.
2548 3505 2632 3572 l0,
2677 3507 2941 3569 Beatricis
2978 3514 3181 3586 eﬂigies
3214 3518 3465 3590 habetur,
3495 3528 3792 3596 supposito

2241 3602 2307 3640 oc
2331 3605 2490 3640 versu
2519 3611 2530 3640 ε

2241 3602 2307 3643 OC
2331 3605 2491 3647 versu
2519 3611 2530 3647 ε

2201 3698 2300 3754 Det
2320 3700 2462 3757 Deus
2489 3705 2543 3757 in
2565 3706 2728 3763 claris
2754 3716 2978 3769 conteris
3012 3725 3060 3770 te
3093 3726 3256 3788 stare,
3282 3721 3525 3783 Beatriz.

2199 3807 2596 3880 Praeponuntur
2621 3817 2785 3887 capiti
2812 3820 2864 3887 1,
2893 3822 2986 3877 lib.
3026 3841 3085 3892 u,
3117 3826 3320 3899 efﬁgies
3343 3831 3645 3907 Matbildis;
3668 3840 3788 3898 11η-

2199 3900 2357 3968 genis
2379 3901 2592 3959 abbatis
2614 3904 3011 3979 Cluniaeensis,
3037 3923 3092 3970 et
3113 3914 3330 3976 Henrici
3349 3925 3493 3996 regis
3521 3928 3579 3984 in
3600 3900 3787 4003 genus

2199 3993 2606 4058 procumbentis
2640 4007 2765 4056 ante
2804 4000 2978 4072 ipsam
3006 4004 3338 4080 Matbildem,
3366 3993 3490 4073 cum
3520 3993 3630 4079 hac
3665 4029 3784 4096 epi-

2198 4084 2403 4155 grapbe
2428 4108 2440 4141 :

2197 4214 2310 4269 Rex
2332 4228 2479 4289 rogat
2516 4220 2780 4289 abbatem,
2813 4223 3120 4286 Mathildim
3143 4234 3406 4307 supplicat
3429 4250 3606 4314 atque.

2198 4324 2438 4383 Tandem
2466 4331 2532 4387 ad
2562 4333 2766 4390 calcem
2793 4335 3056 4397 libri'baec
3090 4344 3161 4399 ab
3200 4355 3520 4407 amanueusi
3564 4358 3779 4433 adjecta

2197 4417 2453 4491 leguntur
2479 4441 2492 4476 :

2264 4550 2486 4621 Lector,
2502 4574 2681 4615 amore
2702 4560 2800 4616 Dei
2822 4580 2960 4636 sape
2980 4570 3237 4626 memento
3261 4578 3379 4631 mei.

2196 4639 2380 4697 Finito
2407 4643 2563 4715 libro,
2588 4650 2851 4721 referatur
2880 4660 3055 4728 gratia
3088 4658 3320 4721 Christo.

2195 4731 2457 4799 Scriptor:
2481 4737 2605 4809 libri
2624 4742 2849 4799 donetur
2874 4750 3054 4818 gratia
3078 4749 3309 4826 Christi,

2197 4824 2434 4882 Νοτιιὶηὸ
2449 4831 2540 4900 qui
2563 4833 2763 4889 dicitur
2783 4835 3072 4899 Zanelimts
3105 4855 3259 4919 atque
3281 4824 3497 4910 uocatur

2194 4917 2234 4970 Α
2265 4919 2404 4974 notis
2428 4925 2651 4993 cunctis,
2681 4930 3007 5002 parentibus,
3037 4937 3153 5007 ejus
3175 4917 3382 5012 amicis,

2191 5008 2334 5107 Quos
2353 5012 2536 5085 diligit
2559 5032 2676 5074 nere
2693 5022 2907 5091 cupiens
2940 5030 3282 5104 omnibusque
3301 5008 3483 5107 parere

2189 5098 2362 5156 Juxta
2386 5119 2537 5174 posse
2558 5124 2712 5164 suum
2739 5111 2920 5186 diligit
2944 5098 3459 5185 ardenter'onricum.

2192 5191 2356 5259 Quem
2378 5198 2481 5253 sibi
2507 5200 2716 5276 ﬁdelem
2732 5209 2911 5281 poscit
2931 5227 2996 5264 ac
3018 5228 3129 5267 esse
3152 5226 3432 5284 patentem.

2191 5324 2454 5425 Igitur-ge:
2487 5331 2640 5393 hisce
2667 5336 2947 5425 codicibus
2982 5342 3225 5402 intellexi
3263 5366 3374 5408 non
3409 5371 3617 5425 paucos
3659 5359 3765 5420 Do-

2192 5417 2623 5520 nizoni-s‘versus
2656 5424 2957 5520 desiderari
2968 5432 3039 5520 in
3058 5437 3222 5496 editis
3243 5417 3427 5511 libris,-
3446 5461 3512 5502 ac
3537 5417 3761 5520 potissi-

2195 5518 2344 5599 mum
2367 5506 2461 5562 lib.
2492 5524 2530 5576 ι,
2570 5509 2626 5566 in
2658 5512 2769 5573 ﬁne
2807 5531 2927 5599 cap.
2967 5518 3019 5589 7,
3062 5534 3115 5580 et
3134 5525 3290 5586 initio
3314 5528 3368 5599 8,

2198 5591 2414 5652 Urbana
2446 5599 2726 5657 altercatio
2757 5596 3215 5685 inter'Canosam,
3265 5628 3318 5674 et
3354 5591 3760 5698 ῐ

2193 5698 2407 5795 carpare
2447 5690 2601 5795 ducis
2627 5702 2679 5748 et
2704 5699 3021 5759 marchionis
3048 5705 3338 5779 Bonifatii.
3373 5714 3433 5772 in
3467 5718 3571 5777 bac
3595 5690 3761 5795 igitur

2195 5775 2432 5838 editione
2457 5782 2689 5841 restituti
2714 5800 2843 5845 sunt
2877 5806 3041 5848 txvtn
3083 5775 3293 5863 versus.
3330 5808 3421 5867 qui
