3944 6380
113 460 222 514 945

1033 461 1315 516 ΑΡῬΕΝΙ).
1358 461 1441 517 lll.
1484 494 1551 502 —
1581 460 2009 518 MONUMENTA
2049 461 2505 533 CllECORlANA.

3254 473 3355 526 946

114 573 370 644 nondum
398 572 629 630 fuerant.
663 575 742 629 Ad
766 577 877 630 inec
907 578 1194 630 nonnullas
1218 554 1486 632 variantes
1512 577 1695 631 lectio-
1726 580 1771 634 Α
1796 576 1968 644 cipem
2005 575 2174 640 illum,
2204 577 2333 630 dum
2363 575 2635 630 venationi
2667 591 2884 646 operam
2913 578 3062 634 daret
3097 598 3148 634 in
3189 599 3285 652 par
3310 586 3354 637 i-

113 681 214 721 nes
244 639 381 722 inde
413 667 680 738 excerpsi,
721 684 842 738 qua:
882 669 1052 724 lucem
1084 669 1320 739 aliquam
1362 671 1698 730 subobscure
1799 665 1891 718 bus
1921 665 2104 719 Sancti
2131 666 2348 720 Martini
2377 666 2440 720 de
2453 666 2647 721 Arzin
2681 670 3004 738 episcopatus
3026 672 3354 740 Cremonam

113 755 378 827 scriptori
409 757 654 813 all‘erent.

180 843 436 902 Editioni
458 857 639 903 autem
666 864 779 903 sua:
801 847 1099 904 Leibnitius
1124 849 1361 904 subdidit
1382 865 1446 904 ex
1466 849 1696 906 Lucensi

108 938 305 994 codice
355 939 490 994 olim
541 940 831 995 clarissimi
871 941 972 994 viri
1020 941 1297 998 Francisci
1339 941 1520 997 Mariae
1569 942 1693 998 Flo-

111 1033 340 1088 rentinii
384 1033 611 1088 alteram
648 1032 924 1088 Mathildis
971 1033 1144 1088 Vitam
1186 1053 1340 1105 prosa
1375 1045 1692 1103 contextam,

107 1139 283 1195 quam
306 1133 368 1179 et
405 1125 538 1179 mihi
567 1126 797 1179 retinere
824 1126 1027 1196 placuit
1059 1126 1112 1180 in
1139 1127 1241 1182 hac
1269 1136 1473 1192 nostra,
1497 1129 1694 1198 quippe

107 1232 236 1285 quae
274 1233 394 1273 non
420 1217 629 1274 inutilis
667 1218 779 1274 visa
802 1228 884 1276 est
917 1221 982 1275 ad
1006 1219 1220 1278 facilius
1241 1223 1555 1294 capiendam
1595 1224 1692 1278 alio

107 1321 221 1374 quo
258 1305 318 1360 in
355 1306 478 1361 loco
519 1305 810 1365 Donizonis
855 1319 1110 1366 mentem.
1147 1309 1332 1381 Neque
1365 1313 1510 1367 enim
1546 1313 1692 1368 aliud

109 1398 226 1452 haec
259 1395 388 1452 Vita
431 1408 534 1464 est,
571 1415 735 1469 quam
779 1400 956 1470 ipsum
986 1399 1279 1456 Donizonis
1312 1418 1499 1471 poema
1538 1418 1689 1458 com-

107 1489 380 1558 pendiose
401 1506 563 1562 prosa
593 1491 838 1548 oratione
861 1509 1197 1564 expressum.
1229 1493 1346 1550 Non
1375 1496 1690 1552 dissimilem

118 1580 324 1650 Vitam,
361 1585 433 1640 ab
460 1585 567 1640 alio
594 1593 774 1641 tamen
807 1587 1089 1656 scriptore,
1126 1589 1462 1659 diversisque
1490 1590 1687 1654 verbis,

105 1671 364 1742 ejusdem
392 1675 686 1731 Donizonis
717 1687 960 1747 poemate
980 1677 1230 1734 similiter
1252 1681 1514 1748 breviato,
1541 1697 1691 1738 com-

108 1764 375 1833 positam,
405 1766 568 1822 habet
589 1768 839 1824 laudatus
861 1770 1028 1825 codex
1054 1769 1354 1844 Regiensis.
1386 1771 1535 1828 Hanc
1558 1774 1688 1828 mihi

105 1854 402 1927 descripsi,
442 1857 538 1915 sed
565 1857 620 1914 in
651 1859 925 1931 publicum
960 1863 1150 1919 eﬂ‘erre
1185 1863 1400 1921 animus
1430 1881 1537 1920 non
1564 1863 1686 1940 fuit,

109 1962 175 2001 ne
197 1947 481 2018 superflua
520 1966 697 2007 merce
719 1951 962 2008 chartam
990 1970 1294 2022 onerarem,
1329 1965 1490 2026 atque
1515 1950 1682 2012 let-to-

108 2054 213 2094 res.
249 2041 526 2098 Craterum
564 2043 685 2099 Vita
725 2046 838 2100 haec
875 2062 977 2102 ms.
1025 2064 1110 2103 me
1139 2049 1340 2115 docuit,
1381 2052 1682 2107 altercatio-

107 2146 224 2184 nem
259 2132 405 2188 inter
444 2132 707 2188 Canosam
738 2144 789 2189 et
832 2135 1129 2205 Mantuam,
1161 2155 1324 2210 quam
1365 2157 1509 2197 nunc
1562 2145 1680 2212 plu-

107 2222 262 2278 ribus
292 2224 550 2281 versibus
575 2235 811 2293 auctam,
841 2236 900 2282 ut
937 2243 1102 2298 supra
1138 2230 1310 2296 innui,
1345 2233 1485 2303 typis
1517 2234 1676 2300 dabo,

107 2328 216 2367 non
251 2330 379 2371 esse
427 2316 796 2373 collocandam
838 2319 931 2373 lib.
989 2336 1026 2384 ι,
1059 2336 1177 2389 cap.
1208 2321 1249 2373 .7
1289 2331 1383 2378 aut
1421 2323 1483 2391 8,
1524 2334 1584 2380 ut
1626 2325 1678 2379 in

105 2404 287 2472 editis,
319 2406 417 2462 sed
444 2407 662 2478 quidem
685 2418 809 2463 ante
829 2425 949 2480 cap.
989 2411 1054 2464 ’Π
1087 2411 1328 2482 ejusdem
1353 2413 1500 2481 libri;
1534 2417 1679 2484 quod

105 2503 159 2550 et
192 2495 315 2566 ipsa
342 2512 529 2552 rerum
557 2500 726 2554 series
753 2500 1044 2566 indicabat,
1070 2517 1193 2557 cum
1219 2502 1291 2558 ibi
1313 2503 1380 2561 de
1404 2503 1678 2563 Bonifacio

105 2587 242 2643 duce
261 2589 383 2659 jam
426 2601 641 2646 mortuo
677 2602 885 2663 agatur.
921 2593 987 2649 Et
1021 2595 1250 2652 fortasse
1289 2599 1488 2654 excidit
1521 2615 1587 2655 eo
1623 2601 1676 2656 iu

105 2677 224 2733 loco
251 2678 456 2749 aliquis
487 2680 778 2739 Donizonis
812 2701 1002 2741 versus
1028 2701 1057 2741 e
1086 2703 1242 2755 mss.,
1273 2691 1471 2761 quippe
1499 2691 1553 2746 in
1587 2708 1678 2748 ea-

103 2771 225 2824 dem
252 2769 381 2826 Vita
407 2772 521 2828 haec
543 2774 796 2844 leguntur
822 2796 834 2830 :
878 2797 895 2829 ε
927 2777 1027 2844 Qui
1057 2779 1410 2850 (Bonifacius)
1441 2783 1571 2836 dum
1600 2783 1676 2837 ire

103 2862 262 2916 vellet
286 2863 432 2917 ultra
460 2879 626 2929 mare,
651 2874 704 2919 et
726 2875 969 2934 parasset
996 2884 1160 2922 naves
1175 2869 1328 2938 juxta
1350 2881 1674 2940 praceptum

104 2953 232 3006 dicti
271 2953 460 3007 domui
500 2953 729 3021 abbatis,
783 2965 1048 3023 mortuus,
1097 2967 1151 3012 et
1193 2959 1437 3028 sepultus
1481 2959 1583 3015 fuit
1621 2963 1672 3016 in

105 3040 322 3096 civitate
359 3041 588 3098 Mantum
627 3043 767 3098 inter
793 3045 1049 3100 Sanctum
1079 3046 1319 3114 Petrum,
1351 3057 1404 3104 et
1425 3049 1671 3115 Paulum,

104 3140 156 3184 ct
177 3132 412 3188 ecclesia
446 3134 516 3190 ibi
546 3135 806 3192 aditicata
830 3136 932 3191 fuit
966 3139 1018 3192 in
1041 3140 1303 3193 honorem
1326 3140 1588 3208 ejusdem,
1618 3152 1674 3202 ut

105 3238 260 3280 sacra
288 3226 544 3288 mysteria
571 3242 670 3296 pro
695 3244 760 3282 eo
788 3228 994 3284 tierent.
1024 3228 1090 3284 Et
1124 3230 1360 3285 maxima
1397 3231 1674 3287 altercatio
1703 3264 1742 3318 ρ

106 3316 244 3371 inter
299 3317 577 3372 Mantuam
628 3329 681 3374 ct
709 3319 980 3376 Canosam
1019 3330 1136 3376 orta
1160 3331 1260 3378 est.
1295 3320 1428 3377 Nam
1459 3322 1671 3380 Canosa

103 3407 317 3462 dicebat
340 3410 487 3478 quod
517 3410 745 3465 debebat
779 3412 977 3466 habere
1005 3429 1204 3483 corpus
1233 3415 1361 3469 dicti
1389 3415 1669 3475 Bonifacii.

104 3513 225 3553 cum
264 3500 494 3556 haberet
534 3501 798 3571 majores;
833 3502 1050 3560 Mantua
1081 3521 1207 3560 vero
1239 3522 1296 3560 se
1333 3506 1670 3571 defendebat,

105 3590 228 3658 quia
252 3590 432 3660 major
460 3601 595 3647 erat.
629 3611 646 3644 ι
677 3592 732 3647 In
758 3591 1053 3651 Donizonis
1081 3605 1328 3666 poemate
1365 3597 1498 3651 nihil
1530 3613 1673 3652 nunc

104 3679 168 3734 de
186 3681 420 3738 ecclesia
453 3683 560 3750 illa,
585 3684 674 3739 ubi
699 3686 942 3757 sepultus
965 3686 1066 3742 fuit
1099 3687 1369 3744 Mathildis
1393 3699 1544 3760 pater
1563 3689 1671 3746 dux

106 3765 436 3826 Bonifacius.
479 3773 888 3828 Altercationem
943 3792 1072 3846 ergo
1125 3779 1271 3832 illam
1316 3781 1574 3835 suO'loco
1616 3781 1670 3836 in

105 3863 354 3928 przesenti
388 3864 623 3919 editione
646 3853 946 3921 restituam.

169 3949 226 4006 In
251 3953 361 4007 ﬁne
392 3969 520 4008 vero
548 3954 709 4024 hujus
751 3953 884 4012 Vitae
924 3951 1150 4011 liabctur
1203 3960 1442 4015 narratio
1479 3961 1670 4015 mortis

104 4038 366 4100 Bonifacii
417 4046 679 4116 ejusdem,
723 4049 880 4118 cujus
917 4049 1133 4104 initium
1183 4059 1267 4106 est
1295 4071 1306 4106 :
1339 4072 1355 4103 ι
1376 4052 1455 4107 Ad
1487 4068 1669 4108 veram

104 4140 279 4186 autem
317 4131 608 4188 Historiam
645 4136 844 4190 dicitur
877 4137 943 4191 de
988 4149 1160 4193 morte
1197 4139 1358 4194 Bonif
1375 4141 1456 4195 .cii
1501 4143 1669 4210 patris

103 4224 414 4288 comitissae,
445 4225 588 4294 quod
613 4225 742 4280 dum
789 4226 902 4296 ipse
945 4226 1257 4282 offendisset
1289 4231 1576 4299 quemdam
1600 4232 1666 4286 de

102 4312 439 4385 Campitello,
478 4317 695 4372 nomine
738 4316 1050 4387 Searpetam
1089 4319 1157 4374 de
1186 4320 1520 4388 Canevariis,
1552 4321 1666 4393 ipse

106 4404 360 4477 Searpeta
405 4408 610 4478 accepit
666 4425 855 4464 arcum
904 4420 957 4466 et
1007 4413 1231 4483 sagittas
1277 4415 1562 4482 toxicatas,
1613 4426 1667 4471 et

102 4498 224 4553 dum
263 4499 381 4571 ipse
434 4501 676 4558 marehio
720 4501 1030 4559 Bonifacius
1073 4505 1261 4561 ivisset
1308 4516 1558 4561 venatum
1609 4509 1664 4562 in

1797 755 2028 824 quodam
2061 755 2313 826 Scal-pcta
2340 757 2406 811 de
2445 755 2758 812 Canevariis
2788 760 3079 827 proditor-ie
3113 763 3353 820 occisqu

1799 841 1984 896 fuisse.
2011 841 2288 913 Ejusmodi
2313 846 2677 912 narrationem
2703 856 2959 917 tanquam
2990 849 3236 906 fabellam
3261 870 3354 907 ex-

1796 933 1962 1002 plodit
1992 935 2328 990 clarissimus
2372 936 2698 993 Bacchinius
2731 939 2784 993 in
2817 939 2951 995 Hist.
2997 953 3227 998 monast.
3254 943 3354 998 Pa-

1795 1025 2050 1093 doliron.,
2079 1044 2198 1098 pag.
2232 1027 2318 1082 48.
2354 1027 2466 1100 Ego
2486 1045 2635 1097 vero,
2665 1029 2958 1086 Hermanni
3001 1031 3273 1087 Contracti
3302 1043 3354 1088 rt

1793 1118 2054 1187 Arnulphi
2067 1117 2476 1174 Mediolanensis
2488 1120 2795 1175 testimonio
2807 1121 2994 1190 fretus,
3009 1138 3114 1184 non
3131 1124 3353 1178 omnino

1794 1209 2090 1278 negandam
2121 1210 2279 1264 fidem
2309 1210 2575 1280 ejusmodi
2607 1213 2903 1267 narrationi
2939 1229 3095 1280 reor;
3139 1225 3353 1271 constat

1792 1299 1934 1354 enim
1975 1299 2310 1356 Bonifacium
2337 1318 2403 1357 ex
2448 1303 2658 1359 insidiis
2683 1319 2713 1358 a
2751 1305 3116 1374 proditoribus
3139 1305 3192 1358 in
3219 1307 3349 1360 silva

1793 1390 2185 1462 interemptum.
2205 1393 2444 1450 Alterum
2466 1411 2682 1466 quoque
2703 1407 3130 1464 monumentum,
3146 1399 3210 1452 de
3228 1398 3348 1451 fun-

1790 1480 2006 1537 datione
2051 1483 2289 1539 ecclesiae
2315 1494 2368 1538 et
2403 1487 2715 1541 monasterii
2744 1486 2923 1543 Sancti
2949 1488 3174 1544 Andreae
3197 1489 3250 1543 in
3274 1490 3347 1545 ci-

1792 1571 1954 1627 vitate
1975 1571 2283 1642 Mantuana,
2309 1575 2556 1632 subditur
2587 1577 2640 1631 in
2680 1579 2867 1632 eadem
2896 1579 3014 1634 Vita
3047 1598 3175 1648 ms.,
3204 1583 3348 1653 quod

1792 1661 1868 1716 uti
1896 1663 2119 1718 minime
2143 1668 2594 1731 contemnendum
2620 1669 2726 1724 huc
2757 1669 2954 1726 inferre
2975 1673 3160 1739 statui,
3187 1674 3347 1728 lecto-

1792 1769 2019 1823 rumque
2047 1755 2254 1825 judicio
2289 1759 2575 1814 dimittere.
2622 1759 2698 1815 lta
2743 1777 2871 1816 vero
2912 1778 2969 1818 se
3016 1763 3205 1818 habet:
3238 1786 3254 1815 ι
3277 1766 3340 1820 Β(

1790 1842 2032 1900 Bcatrice
2073 1845 2136 1900 ad
2168 1863 2348 1900 veram
2399 1849 2681 1904 historiam
2723 1852 2922 1906 dicitur
2963 1854 3108 1923 quod
3163 1855 3346 1910 habuit

1728 1921 1765 1973 Ιῖ
1795 1933 2164 2003 Damicellum,
2209 1940 2425 1994 nomine
2458 1940 2837 2013 Adelbertum;
2871 1921 3348 2016 qui‘Damicellus,

1785 2027 1925 2083 sicut
1967 2028 2198 2086 Domino
2237 2033 2456 2103 placuit,
2515 2035 2688 2092 factus
2721 2049 2805 2093 est
2851 2057 3044 2107 caecus,
3082 2053 3134 2097 et
3169 2045 3348 2100 amisit

1783 2117 1982 2182 visum,
2021 2129 2076 2172 et
2112 2120 2277 2175 vitam
2321 2123 2662 2194 condignam
2693 2126 2923 2183 faciebat
2943 2129 3260 2200 jejunando,
3295 2144 3350 2188 et

1782 2207 2073 2277 vigilando,
2096 2220 2150 2265 et
2187 2214 2560 2281 pmnitentiam
2589 2232 2841 2289 magnam
2868 2220 3134 2277 faciendo.
3163 2222 3228 2277 Et
3253 2224 3347 2279 ubi

1780 2309 1864 2354 est
1913 2302 2076 2357 modo
2112 2305 2337 2360 ecclesia
2379 2304 2435 2362 S.
2473 2307 2699 2364 Andreae
2757 2310 2811 2364 in
2850 2309 3063 2367 civitate
3096 2312 3346 2382 Mantua',

1783 2399 1901 2444 erat
1933 2392 2198 2462 hospitale
2225 2411 2424 2451 novum
2457 2406 2511 2453 et
2544 2415 2795 2468 parvum,
2823 2401 2889 2456 ad
2915 2419 3110 2457 nomen
3150 2403 3208 2458 B.
3237 2405 3321 2460 An

1779 2482 1922 2537 dreze
1951 2486 2180 2553 apostoli
2218 2486 2440 2545 factum.
2481 2489 2581 2547 Cui
2615 2491 2900 2551 Adelberto
2927 2502 3168 2570 tempore
3191 2496 3346 2557 diem!

1779 2575 2040 2635 Beatricis
2077 2583 2327 2651 apparuit
2360 2584 2426 2640 de
2475 2596 2632 2642 nocte
2665 2587 2721 2642 in
2747 2591 2954 2647 somnis
2996 2590 3050 2646 S.
3078 2593 3345 2662 Andreas,

1778 2668 1964 2726 dicens
1992 2670 2074 2726 :0
2101 2673 2402 2742 Adelherte,
2438 2679 2571 2732 vade
2594 2679 2660 2734 ad
2697 2681 3052 2750 comitissam,
3083 2695 3137 2738 et
3169 2685 3256 2741 dic
3292 2689 3342 2741 ei

1778 2762 1922 2830 quod
1954 2777 2054 2832 ego
2077 2763 2189 2818 dixi
2225 2765 2320 2820 tibi
2366 2776 2424 2821 ut
2453 2766 2653 2822 faceret
2701 2768 2808 2825 fodi
2849 2771 2904 2825 in
2942 2773 3032 2827 tali
3076 2774 3216 2841 loco,
3247 2775 3342 2845 qui

1775 2861 1891 2907 erat
1922 2869 2087 2923 prope
2129 2855 2438 2923 ecclesiam,
2485 2858 2576 2913 ubi
2624 2869 2741 2914 erat
2778 2877 2975 2932 corpus
3019 2862 3079 2918 Β.
3113 2863 3342 2934 Longini

1779 2946 2052 3016 martyris,
2085 2947 2177 3016 qui
2221 2948 2404 3003 lancea
2455 2962 2800 3027 percusserat
2831 2954 2975 3009 latus
3023 2955 3255 3023 Domini,
3290 2969 3346 3013 et

1777 3035 1902 3090 inde
1927 3037 2254 3094 exhauserat
2275 3041 2593 3110 sanguinem
2617 3052 2670 3097 et
2693 3059 2914 3112 aquam,
2944 3056 2996 3101 et
3026 3047 3098 3101 ibi
3127 3048 3178 3101 in
3201 3049 3340 3102 duo-

1779 3125 1880 3179 bus
1912 3127 2058 3181 vasis
2090 3128 2366 3182 recondita
2395 3137 2521 3182 sunt
2561 3131 2834 3200 praedicta,
2866 3135 3072 3189 scilicet
3120 3139 3341 3206 sanguis

1776 3223 1829 3269 et
1877 3231 2016 3286 aqua
2063 3233 2184 3286 qua:
2236 3217 2504 3274 ﬂuxerunt
2538 3221 2604 3276 de
2656 3237 2879 3292 corpore
2934 3222 3060 3279 Jesu
3108 3224 3338 3290 Christi;

1775 3308 1919 3378 quod
1954 3318 2008 3363 et
2043 3308 2189 3364 fecit.
2239 3309 2389 3366 Dicta
2425 3327 2553 3368 vero
2596 3314 2842 3369 ducatrix
2899 3316 3013 3372 sive
3066 3318 3341 3374 comitissa

1775 3400 1908 3454 dixit
1936 3420 1948 3454 :
1974 3401 2273 3467 Adelherte,
2303 3403 2350 3457 si
2386 3405 2489 3458 hoc
2536 3421 2725 3460 verum
2768 3423 2874 3462 non
2911 3410 3034 3474 erit,
3073 3408 3264 3465 faciam
3296 3422 3346 3466 te.

1775 3489 2000 3559 flagellis
2045 3492 2206 3558 caedi;
2241 3502 2294 3546 et
2339 3493 2635 3563 ﬂagellatus
2664 3495 2764 3549 fuit
2793 3497 2972 3552 dictus
3000 3498 3338 3555 Adelhertus.

1774 3578 1971 3634 lterum
1992 3581 2229 3636 secundo
2252 3583 2498 3652 apparuit
2515 3583 2573 3637 Β.
2595 3585 2838 3640 Andreas
2862 3586 3008 3641 dicto
3030 3588 3339 3656 Adelberto,

1772 3671 1957 3728 dicens
2015 3673 2065 3728 ei
2113 3683 2170 3729 ut
2215 3673 2549 3745 praedixerat.
2588 3674 2689 3744 Qui
2731 3676 3050 3736 Adelhertus
3079 3679 3214 3737 dixit
3239 3681 3341 3739 ὴυυ

1773 3766 2084 3831 comitissae,
2117 3776 2168 3821 ct
2200 3783 2304 3822 non
2348 3767 2627 3824 inventum
2672 3779 2774 3836 est,
2801 3781 2855 3826 et
2895 3772 3192 3843 ﬂagellatus
3236 3788 3338 3831 est.

1771 3855 1968 3913 lterum
2015 3859 2175 3912 tertio
2214 3860 2465 3928 apparuit
2495 3860 2684 3916 beatus
2726 3863 2994 3930 Andreas,
3026 3865 3342 3923 confortans

1769 3960 1893 4000 cum
1934 3947 2078 4017 quod
2107 3949 2284 4004 adhuc
2317 3951 2566 4006 suaderet
2596 3953 2885 4008 comitissa:
2917 3957 3064 4025 quod
3110 3956 3221 4012 fodi
3255 3958 3338 4012 fa-

1770 4049 1932 4103 ceret,
1968 4039 2111 4110 qnod
2154 4050 2205 4094 et
2257 4039 2381 4096 fecit
2417 4043 2726 4099 conditione
2775 4046 3048 4123 praedicta.
3100 4046 3336 4103 Tandem

1770 4132 2126 4196 praesentibus
2158 4133 2404 4200 pluribus
2426 4135 2694 4203 episcOpis
2716 4135 2967 4190 inventus
2992 4134 3088 4190 fuit
3115 4141 3337 4208 sanguis

1765 4229 1819 4274 et
1853 4237 1992 4290 aqua
2041 4238 2162 4290 qure
2183 4222 2448 4275 {luserant
2475 4224 2540 4277 de
2568 4238 2794 4293 corpore
2814 4221 3038 4290 Christi,
3061 4237 3115 4282 et
3137 4243 3337 4298 corpus

1767 4311 1825 4364 Β.
1867 4310 2117 4382 Longini,
2167 4312 2312 4382 quod
2363 4328 2562 4382 corpus
2595 4315 2934 4370 reconditum
2981 4317 3168 4372 fuitin
3209 4335 3333 4375 arca

1765 4402 1990 4471 pulchra
2024 4403 2080 4457 in
2104 4403 2247 4459 dicta
2273 4405 2520 4460 ecclesia.
2559 4404 2790 4477 Sanguis
2815 4423 2942 4462 vero
2964 4418 3017 4462 et
3042 4425 3182 4480 aqua
3207 4427 3333 4467 cum

1764 4496 1998 4551 vasculis
2035 4496 2311 4551 recondita
2355 4495 2571 4550 fuerunt
2606 4497 2658 4550 in
2693 4497 3034 4556 confessione
3067 4501 3222 4558 dictae
3245 4520 3334 4562 ec-

103 4595 333 4661 quodam
358 4611 578 4652 nemore
605 4595 744 4652 ultra
764 4593 940 4652 Olium
968 4596 1020 4650 in
1045 4597 1289 4668 partibus
1313 4596 1496 4650 Sancti
1523 4597 1663 4652 Mar-

1775 4588 1960 4654 :lesite,
1987 4598 2041 4642 et
2063 4589 2239 4641 adhuc
2267 4596 2414 4641 sunt.
2458 4587 2682 4657 Propter
2720 4590 2863 4659 quod
2909 4593 3053 4647 dicta
3082 4595 3332 4662 ecclesia,

104 4685 198 4738 lini
221 4686 289 4740 de
314 4685 535 4756 Arzino,
570 4689 912 4758 episcopatus
939 4687 1242 4754 Cremonae,
1273 4704 1302 4743 a
1329 4686 1473 4744 dicto
1501 4686 1668 4746 Scar=

105 4783 215 4840 pcta
263 4783 387 4844 post
432 4778 723 4845 quamdam
771 4787 1053 4848 quercﬂm,
1085 4780 1196 4835 sive
1241 4780 1513 4847 roborem,
1544 4798 1664 4851 quae

103 4867 272 4922 adhuc
320 4867 520 4922 dicitur
549 4868 620 4923 ibi
653 4877 782 4926 tunc
816 4870 1006 4938 fuisse,
1030 4889 1160 4939 cum
1202 4873 1317 4943 ipse
1369 4874 1523 4944 quasi
1569 4890 1664 4944 per

101 4958 382 5025 quemdam
415 4960 769 5016 monticulum
805 4963 1146 5029 ascenderet,
1191 4980 1312 5018 eum
1365 4966 1555 5036 sagitta
1609 4975 1662 5019 et

103 5061 221 5101 arcu
249 5060 374 5119 post
394 5047 592 5104 dictam
623 5048 884 5120 quercum
919 5053 1185 5123 percussit
1204 5053 1484 5110 dominum
1513 5073 1656 5111 mar-

101 5137 366 5203 chionem,
398 5145 547 5193 stans
579 5155 702 5193 cum
739 5157 848 5195 uno
873 5158 1009 5213 genu
1041 5140 1180 5197 ﬂexo
1213 5143 1266 5197 in
1294 5153 1457 5212 terra,
1487 5155 1540 5202 et
1576 5146 1657 5201 fa-

103 5231 240 5286 ricns
261 5232 446 5300 plures
466 5246 686 5302 passus;
712 5243 766 5287 et
790 5233 986 5288 ibidem
1017 5234 1193 5291 adhuc
1208 5248 1467 5306 apparent
1493 5241 1656 5294 vesti-

102 5319 177 5388 gia
209 5331 264 5376 et
291 5322 493 5391 pedica:
539 5323 593 5379 in
624 5324 744 5379 loco
771 5324 1044 5394 praedicto,
1079 5327 1148 5379 ab
1185 5341 1253 5380 eo
1285 5329 1430 5396 quod
1458 5329 1656 5383 dicitur

101 5409 234 5475 quod
249 5416 528 5481 nunquam
551 5413 626 5467 ibi
649 5422 903 5469 nascatur
917 5414 1083 5468 herba
1102 5432 1116 5479 ;
1135 5423 1208 5481 et,
1233 5415 1278 5470 si
1305 5416 1653 5471 destruantur

101 5498 244 5557 dictae
273 5500 475 5571 pedica:
519 5503 632 5558 sive
664 5507 909 5577 vestigia,
938 5505 1138 5561 dicitur
1179 5507 1325 5576 quod
1360 5508 1526 5564 altera
1571 5509 1656 5563 die

102 5589 266 5647 alhuc
289 5602 548 5662 apparent
575 5593 716 5650 sicut
737 5597 888 5665 prius
908 5597 1255 5668 apparebant.
1289 5595 1400 5652 Nec
1432 5599 1484 5652 in
1515 5614 1653 5668 pra:-

102 5680 234 5736 dicto
259 5683 382 5738 loco
410 5700 473 5739 ex
509 5696 694 5755 postea
717 5687 933 5756 aliquod
961 5689 1166 5743 cultum
1205 5687 1333 5752 fuit;
1361 5690 1452 5741 sed
1481 5690 1656 5742 adhuc

101 5769 462 5843 istaquereus
510 5786 653 5862 sint,
677 5789 734 5835 et
778 5788 964 5848 postea
988 5782 1165 5836 stetit.
1196 5805 1210 5832 ι
1247 5779 1652 5836 Monumentum

105 5860 192 5919 huc
228 5881 450 5920 (ausam
485 5865 610 5939 Pist.
639 5860 659 5925 ζ
695 5879 748 5926 et
792 5868 1012 5939 Sigouio
1033 5872 1178 5929 dedit
1211 5872 1476 5930 scrilxrndi
1504 5872 1650 5941 prin-

1764 4693 1884 4748 quze
1917 4679 2066 4748 prius
2111 4676 2288 4733 fuerat
2323 4678 2586 4749 hospitale
2621 4695 2869 4752 parvum,
2913 4683 3052 4740 facta
3095 4697 3179 4742 est
3213 4706 3331 4742 mo-

1765 4770 2057 4824 nasterium
2086 4785 2340 4841 magnum
2387 4782 2442 4826 et
2479 4775 2675 4840 nobile,
2707 4785 2761 4829 et
2791 4777 2982 4832 ibidem
3010 4779 3175 4833 abbas
3205 4795 3330 4833 cum

1765 4863 2045 4917 monachis
2093 4873 2372 4919 cantantes
2433 4865 2644 4920 divinas
2691 4878 3094 4936 nocturnasque
3144 4869 3332 4927 laudes

1763 4963 1932 5020 stant;
1971 4965 2023 5009 et
2073 4956 2217 5010 dicta
2261 4957 2485 5010 ecclesia
2524 4957 2660 5009 facta
2708 4958 2826 5023 fuit,
2861 4959 3002 5013 sicut
3033 4961 3192 5016 modo
3223 4973 3330 5028 est,

1765 5064 1980 5118 magna,
2007 5059 2058 5103 et
2090 5049 2332 5118 pulchra,
2355 5058 2405 5102 et.
2435 5049 2561 5110 lata,
2586 5048 2846 5125 etdotata
2879 5049 2980 5105 fuit
3008 5067 3103 5122 per
3129 5053 3328 5110 dictam

1765 5143 2082 5209 Bcatricem,
2118 5153 2171 5197 et
2213 5159 2308 5212 per
2352 5141 2648 5197 Mathildim
2695 5145 2814 5214 ejus
2847 5145 3033 5213 ﬁliam,
3061 5151 3220 5220 quasi
3264 5152 3333 5206 de

1763 5233 2015 5286 omnibus
2061 5248 2181 5300 qua:
2224 5233 2384 5286 habet
2413 5233 2553 5286 inter
2582 5232 2789 5290 Padum
2840 5247 2892 5293 et
2928 5238 3151 5305 Lacum,
3182 5254 3234 5296 et
3264 5243 3332 5297 de

1761 5330 1868 5374 tota
1905 5319 2055 5374 curia
2083 5318 2401 5374 Fornicataa.
2437 5319 2518 5376 0b
2545 5338 2777 5392 quorum
2813 5327 3169 5384 reverentiam
3207 5330 3327 5383 infl-

1760 5411 1885 5464 nit‘aa
1949 5411 2217 5478 nationes,
2274 5423 2381 5466 tam
2428 5412 2962 5471 Ultramontanorum
2997 5434 3160 5489 quan
3195 5420 3321 5472 Ala-

1759 5515 2104 5568 mannorum,
2145 5504 2305 5557 etiam
2350 5501 2778 5559 Lombardorum
2821 5517 2875 5562 et
2911 5509 3232 5572 Tuscorum,
3269 5520 3326 5562 et

1758 5596 2093 5652 diversarum
2118 5599 2394 5650 nationum
2415 5597 2658 5652 solebant
2680 5601 2864 5656 venire
2883 5610 3105 5671 propter
3120 5600 3318 5654 dictum

1757 5689 2093 5742 devotionem
2131 5688 2195 5741 ad
2240 5687 2510 5742 civitatem
2553 5687 2801 5754 Mantuae,
2850 5702 3086 5759 tempore
3113 5685 3319 5744 A§cen-

1759 5776 1930 5830 sionis
1977 5773 2210 5838 Domini,
2243 5783 2291 5828 ct
2332 5775 2402 5830 ibi
2454 5778 2620 5832 multa
2677 5779 2899 5831 donaria
2936 5779 3235 5843 faciebant;
3275 5791 3322 5833 τι

1762 5870 1811 5922 in
1859 5867 2073 5922 civitate
2128 5867 2354 5922 Mantum
2395 5867 2740 5936 jejunabalur
2795 5869 2933 5921 dit-la
2986 5868 3321 5924 bebvlounuia
