3944 6358
205 419 290 472 0τί
1073 406 1355 462 APPEND.
1395 404 1481 460 Ill.
1518 435 1587 447 -
1623 404 1743 459 MO?

1855 403 2052 459 IENTA
2093 403 2554 462 GliEGORlANl.
3322 409 3426 461 2’62

206 527 389 583 Aistus
411 523 768 593 erat'quippe,
799 523 890 576 sed
925 538 1031 576 non
1056 522 1202 575 stetit
1227 519 1451 589 impiger
1485 519 1617 583 iste;

205 616 436 668 Alterius
471 613 616 667 venit
640 613 768 666 dum
799 611 1031 680 denique
1059 619 1210 665 sexta
1229 609 1356 674 diei,
1387 603 1390 608 ’

205 702 463 774 Reginam
504 699 738 768 claram,
786 708 1054 770 sumptam
1101 698 1262 754 simu.
1299 697 1418 767 ejus
1467 703 1519 750 et
1564 696 1760 749 Abram

1243 843 1248 846 .
1491 788 1511 860 ι
1544 789 1689 858 (553)

206 883 318 951 Alta
346 880 591 935 Canossa
612 889 777 946 tenet,
801 878 885 933 vel
909 894 1002 933 eas
1027 893 1084 932 se
1105 877 1290 932 laudat
1317 877 1534 932 habere.

202 970 322 1026 Haec
349 985 486 1024 nova
509 971 646 1024 clam
678 968 926 1034 Romam,
947 984 1070 1022 mox
1094 984 1246 1038 papae
1269 968 1469 1038 dirigit,
1487 982 1650 1020 orans

202 1065 372 1133 Atque
396 1069 585 1132 petens
620 1062 797 1130 ipsum
833 1075 942 1129 quo
971 1060 1261 1125 consilium
1301 1059 1402 1114 sibi
1434 1058 1655 1127 dignum

201 1151 276 1207 Ex
300 1153 403 1206 hac
434 1166 492 1204 re
522 1158 758 1220 praestet,
789 1149 916 1204 dare
947 1149 1189 1218 reginam
1213 1149 1338 1217 quia
1363 1148 1522 1200 vellet

199 1239 378 1295 Ottoni
406 1241 538 1310 regi,
567 1239 651 1293 cui
675 1254 805 1308 gens
828 1238 1174 1292 Alemanniea
1200 1237 1347 1306 (554)
1369 1234 1565 1300 servit;

201 1332 429 1402 Scripsit
448 1332 498 1386 ei
527 1346 732 1400 magna:
760 1330 1039 1402 probitatis
1062 1345 1198 1400 papa
1219 1327 1457 1382 Joannes
1485 1328 1654 1397 (555),

199 1421 326 1487 Quae
360 1420 528 1491 gessit
562 1419 808 1485 laudans,
841 1417 965 1488 agat
992 1418 1116 1482 hoc,
1145 1425 1204 1471 ut
1225 1418 1341 1471 vult
1368 1423 1421 1470 et
1449 1417 1683 1486 adnptat.

199 1510 427 1565 Nuntius
457 1509 671 1564 Attonis
692 1517 815 1579 post
847 1508 961 1577 haec
983 1507 1241 1562 conduxit
1268 1507 1322 1560 in
1353 1507 1464 1560 oris

202 1602 422 1656 Verona:
455 1615 656 1670 regem,
693 1614 818 1654 cum
838 1613 1001 1668 parva
1034 1597 1264 1667 denique
1289 1607 1463 1667 gente.

198 1691 275 1746 Ad
303 1690 449 1763 quod
476 1705 570 1744 rex
593 1687 718 1744 Otto
738 1689 902 1755 venit,
930 1688 1032 1742 sibi
1059 1703 1185 1742 cum
1209 1688 1329 1742 tulit
1358 1687 1503 1757 (556)
1541 1688 1685 1753 Atto,

201 1780 459 1852 Reginam
490 1781 645 1835 duxit
677 1795 798 1850 quze
825 1781 934 1849 regi
965 1788 1091 1833 tunc
1121 1794 1337 1849 quoque
1367 1780 1550 1849 nupsit
1579 1797 1590 1830 :

167 1856 176 1864 ”
197 1869 435 1939 Conjuge
465 1879 714 1939 suscepta
735 1869 873 1932 redit
896 1868 961 1922 ad
987 1869 1262 1938 pr0priam
1291 1870 1399 1924 cito
1433 1877 1650 1933 terram,
1702 1889 1707 1894 ’

196 1959 376 2012 Attoni
408 1959 680 2027 spondens
705 1957 852 2026 quod
874 1957 940 2011 de
963 1972 1020 2012 se
1041 1957 1274 2010 maxima
1306 1965 1507 2025 posset.

199 2049 309 2116 ilex
331 2047 722 2118 Longobardus
743 2047 983 2101 nondum
1012 2055 1338 2116 cognoverat
1363 2055 1516 2101 actus

198 2135 332 2192 Istos
365 2137 584 2207 reginas,
607 2151 781 2206 neque
803 2151 912 2206 quo
937 2135 1253 2207 confugerat
1281 2138 1422 2192 idem

199 2225 543 2296 Reppererat,
567 2226 738 2280 donec
757 2227 901 2296 quod
924 2241 1016 2279 rex
1046 2224 1147 2280 fuit
1169 2225 1294 2282 Otto
1324 2227 1548 2282 Verona:

197 2317 429 2382 Audivit,
469 2317 704 2383 tandem,
735 2317 880 2386 quod
910 2325 964 2371 et
988 2316 1112 2371 Atto
1142 2317 1343 2373 fecerat
1364 2321 1501 2374 hanc
1529 2334 1638 2372 :em
1673 2337 1684 2370 :

175 2405 389 2470 ~lratus,
423 2404 700 2471 frendens,
724 2405 1038 2459 coadunans
1068 2406 1221 2460 illico.
1242 2414 1460 2476 gentes;

203 2493 354 2549 Venit
375 2495 696 2559 Canossam,
727 2504 879 2564 putat
911 2496 1054 2549 illam
1085 2495 1330 2568 frangere
1363 2505 1612 2552 cunctam
1649 2518 1660 2550 :

199 2587 328 2643 Sum
363 2598 536 2658 petra,
573 2604 681 2642 non
709 2590 936 2658 lignum,
969 2597 1151 2644 manet
1179 2589 1303 2643 Atto
1331 2591 1562 2661 desuper
1588 2592 1755 2657 intus,

200 2675 393 2732 Secum
426 2677 718 2745 prudentes
743 2678 990 2732 homines
1025 2687 1170 2744 sunt,
1202 2687 1256 2732 et
1281 2681 1581 2747 sapientes;

198 2767 309 2844 Rex
331 2766 640 2836 Berengeri,
666 2774 928 2836 quantum
951 2768 1051 2833 vis,
1077 2778 1294 2837 percute
1315 2770 1453 2824 telis.

197 2859 333 2913 Ante
375 2858 555 2929 perire
581 2866 753 2929 potes,
785 2873 947 2928 quam
982 2868 1222 2914 nostram
1258 2876 1508 2931 rumpere
1538 2861 1754 2927 molem,

198 2944 314 3000 Non
359 2947 541 3015 aries,
584 2947 759 3016 vulpis
799 2946 967 3018 (557),
1008 2963 1182 3017 neque
1213 2950 1461 3004 machina
1507 2952 1760 3019 praevalet

532 3115 534 3118 ν
1512 3040 1532 3112 [
1565 3042 1689 3096 ullis

198 3129 396 3188 Ictibus
422 3131 650 3187 excelsis
674 3131 877 3185 nostris
898 3131 1201 3200 pertingere
1233 3131 1402 3186 tectis.

196 3220 524 3276 Confortans
561 3221 741 3274 hostes
777 3235 867 3273 rex
899 3234 983 3274 me
1005 3220 1300 3273 circumdat
1324 3222 1378 3272 in
1405 3221 1609 3285 orbem,

201 3309 350 3378 Saepe
377 3318 569 3380 petens
596 3295 754 3372 bello,
781 3309 874 3377 qui
906 3324 999 3360 rex
1025 3309 1170 3361 stetit
1193 3308 1246 3359 in
1272 3307 1556 3360 Lavadello
1585 3309 1752 3377 (558),

199 3399 376 3454 Donec
407 3413 497 3453 me
532 3393 708 3452 wneat
737 3414 843 3452 non
866 3397 986 3450 inde
1013 3397 1259 3451 recedere
1289 3412 1530 3464 sperans.

200 3489 331 3544 Hinc
359 3505 528 3560 prope
555 3489 756 3561 gignita
778 3505 941 3560 quam
964 3504 1118 3542 mons
1146 3487 1445 3541 Branciana
1470 3498 1659 3542 vocata
1686 3507 1701 3554 ;

200 3581 388 3635 Turris
418 3581 486 3634 de
513 3567 728 3634 summo
754 3580 1077 3634 descendere
1109 3594 1250 3648 sape
1271 3565 1523 3635 deorsum

198 3671 447 3742 Ceperat
470 3669 595 3724 Atto
621 3670 851 3739 loquens
873 3670 977 3735 bis,
1006 3670 1101 3743 qui
1125 3669 1340 3723 fuerant
1365 3672 1633 3725 meliores.

200 3761 310 3818 lloc
332 3763 425 3817 ubi
457 3763 708 3832 cognovit
731 3777 822 3815 rex
849 3761 998 3814 illum
1030 3760 1260 3829 pendere
1284 3760 1467 3829 ponit;

199 3853 426 3920 Quidam
459 3854 524 3907 de
547 3855 689 3908 notis
710 3854 810 3907 hoc
839 3853 1050 3906 eminus
1072 3852 1282 3905 nuntiat
1307 3852 1388 3904 ori

199 3945 429 4009 Attonis,
463 3945 703 3998 clamans
725 3953 780 3996 ut
815 3945 864 3997 ei
885 3945 950 3998 de
975 3953 1121 3997 turre
1142 3959 1238 4012 per
1268 3953 1472 3997 arctam

198 4033 312 4104 Ipse
341 4032 703 4087 feuestrellam
738 4033 1078 4101 loqueretur;
1106 4033 1352 4102 protinus
1373 4043 1524 4086 extra

199 4168 384 4242 durat,
408 4166 700 4242 etfamiliae
728 4164 892 4242 nobili
915 4161 1236 4242 deuCanossa
1263 4176 1560 4242 cognomen
1587 4161 1752 4242 dedit,

198 4253 318 4307 quae
353 4230 428 4292 ibi
458 4244 582 4307 post
603 4235 936 4290 comitissam
975 4233 1284 4288 Mathildem
1324 4230 1596 4287 dominata
1633 4230 1752 4285 fuit.

199 4307 396 4448 Μῖ1555
457 4375 600 4428 Abra
634 4374 831 4430 Grzecis
860 4374 1074 4439 ancilla,

214 4517 222 4518 ί
271 4377 580 4518 (554)-.13ω
616 4454 729 4518 tum
753 4445 881 4514 ergo
923 4444 1074 4518 (licet

1100 4373 1437 4443 pedissequa.
1476 4371 1623 4426 LEIB.

271 4443 580 4518 {554)AJam
616 4454 729 4518 tum
753 4445 881 4514 ergo
923 4444 1094 4518 (licetﬁ
1113 4444 1310 4518 rarius)
1354 4443 1636 4518 Alemanni
1661 4458 1756 4511 pro

199 4510 505 4580 Germanis,
553 4524 612 4567 ut
656 4510 840 4568 etiam'
867 4510 1008 4581 apud
1056 4510 1401 4566 Guilielmum
1464 4510 1754 4580 Appulum.
1793 4510 1836 4563 D

199 4585 420 4724 ¹⁴Ε(15³55)
455 4649 761 4724 ποιωλιΙ,
809 4649 911 4724 Sed
953 4660 1081 4724 tunc
1121 4650 1348 4724 sedebat
1389 4650 1658 4724 Agapctus
1693 4648 1755 4724 ll,

198 4720 290 4795 qui
325 4720 450 4794 post
489 4720 942 4795 nuptiasOttonis
981 4730 1034 4776 et
1055 4721 1574 4795 Adelhejdisauhue
1603 4720 1754 4787 vixit,

201 4790 679 4861 successoremque
703 4792 891 4861 habuit
901 4790 1178 4861 Joannem
1203 4790 1338 4843 Xlll.
1362 4790 1510 4861 Lais.

269 4863 418 4934 (556)
457 4852 865 4934 [abii-losume‘t
897 4860 1477 4934 Romaniscahistoria
1509 4860 1751 4934 dignum.

201 4927 451 5056 Otttine'm
579 4930 717 4985 clam
746 4931 814 4985 ad
834 4927 1178 4986 Adelheidem
1212 4929 1542 4985 liberandam
1573 4927 1753 4984 venis-

203 5019 276 5056 se.
330 5017 457 5056 nam.

203 5019 276 5058 se.
307 5017 457 5057 ΙιΕΙΒ.

80 5117 86 5122 ,
171 5134 176 5140 _
271 5071 329 5126 ιιι
372 5071 496 5128 cod.
540 5068 771 5124 Padolir.
797 5108 813 5134 ,
865 5070 1281 5140 cpntulitLAgit
1323 5070 1411 5140 hic
1454 5069 1659 5124 Donizo
1694 5070 1760 5124 de

205 5143 406 5211 nuptiis
436 5139 849 5211 Adelaidiscum
875 5136 1619 5211 OttoneyagnoGermanize
1638 5155 1762 5209 rege

205 5155 406 5211 nuptns
436 5155 704 5195 nuetanus
724 5155 849 5194 cum
875 5155 1069 5197 unone
1090 5155 1284 5259 magno
1307 5155 1609 5194 uermama:
1638 5155 1760 5209 rege

203 5213 454 5278 peractis,
499 5209 673 5265 inscio
713 5208 1037 5279 Berengario
1073 5205 1138 5279 l_l,
1213 5209 1352 5262 taliae
1394 5223 1550 5279 rege;
1587 5209 1760 5278 iisque

203 5276 466 5348 peractis,
511 5279 691 5334 subdit
741 5276 1043 5348 recessisse,
1077 5276 1326 5348 0ttone_m
1373 5279 1442 5348 ad
1463 5276 1758 5348 'propriizm

207 5345 419 5404 terram.
450 5348 519 5402 At
552 5347 999 5419 chronographus
1025 5347 1169 5402 Saxo
1201 5362 1232 5400 a
1259 5345 1528 5419 Leibnitio
1553 5345 1755 5419 editus,

206 5419 549 5474 eontinuator
566 5416 903 5488 iReginonis,
927 5418 1125 5488 aliique
1149 5416 1756 5488 egregii_historicitra-

205 5489 340 5544 dunt
375 5502 520 5543 anno
556 5485 771 5558 9523b
803 5486 997 5558 Ottone
1033 5485 1298 5558 dejectum
1351 5485 1754 5558 Berengarium,

207 5567 524 5628 captamque
547 5556 617 5628 ab
634 5570 701 5610 eo
724 5557 928 5628 regiam
959 5555 1145 5611 urbem
1179 5555 1449 5628 Ticinum,
1477 5555 1568 5608 ubi
1593 5556 1755 5628 etiam

208 5623 400 5694 nuptiae
435 5623 612 5698 'regali
645 5623 1002 5705 muniﬁcentia
1043 5627 1332 5681 celebratae.
1368 5623 1465 5678 Hic
1505 5625 1760 5704 "ergo.di-

207 5693 530 5750 seedendum
558 5712 591 5750 a
620 5694 912 5750 Donizone.
927 5698 1026 5750 ‘aui
1058 5698 1133 5750 rei
1163 5696 1377 5750 quidem
1399 5693 1756 5748 substantiam

207 5711 530 5758 seeaenuum
558 5712 591 5751 a
620 5711 1026 5765 uomzone,’qui
1058 5713 1133 5751 rei
1163 5711 1377 5766 quidem
1399 5711 1756 5748 SUDSlallllalll

206 5763 386 5832 tradit,
435 5766 528 5822 sed
557 5765 762 5836 aliquot
801 5763 1238 5820 circumstantias
1276 5763 1556 5835 ignoravit.
1607 5761 1757 5818 Unus

1847 4942 1986 5007 '950,

1792 523 1834 577 A
1862 520 1985 574 Atto
2011 529 2173 589 caput
2201 520 2414 590 jactaus
2438 519 2641 574 audivit
2667 521 2826 574 verba
2853 521 3078 576 beanda.

1865 609 2063 665 Ventre
2085 610 2280 664 famem
2305 618 2520 679 gestans
2547 626 2709 665 ursus
2737 627 3031 680 suspensus
3058 613 3123 666 ad
3144 627 3317 681 escas,

1862 698 2016 764 Quod
2051 700 2309 768 languore
2329 699 2492 764 dolet,
2522 701 2664 754 cervi
2695 703 2970 771 componit
3003 717 3188 758 amore
3222 706 3394 777 (559),

1863 787 2054 842 Visitet
2077 789 2349 842 intirmum
2373 804 2584 854 cervus,
2612 791 2905 857 mandavit,
2933 801 2993 846 ut
3015 793 3211 862 ipsum.

1861 876 1959 931 lvit
1980 893 2195 943 cervus,
2223 878 2293 944 ei,
2327 878 2455 932 dum
2484 877 2798 946 loqueretur
2828 880 2997 950 (540),
3027 881 3252 935 adhzesit

1861 964 2134 1020 Auricula:
2159 965 2322 1031 cervi,
2353 965 2666 1033 diseerpens
2692 967 2988 1036 unguibus,
3024 977 3078 1023 et
3101 971 3182 1023 sic

1863 1057 2146 1111 Dimittens
2179 1056 2378 1125 ipsum,
2406 1056 2600 1110 direxit
2628 1056 2805 1110 denuo
2825 1059 3076 1124 missum,

1863 1148 1932 1203 Ut
1959 1150 2140 1202 veniat
2161 1151 2446 1218 mandans,
2473 1152 2634 1220 dabo,
2658 1152 2704 1206 si
2737 1155 2951 1208 veneris
2976 1156 3070 1208 tibi
3096 1172 3309 1224 magna.

1859 1238 2063 1293 Cervus
2099 1240 2297 1294 oblitus
2326 1250 2462 1308 erat,
2487 1258 2611 1311 qua:
2640 1241 2766 1297 fecit
2793 1243 2963 1298 bestia
2989 1260 3128 1298 sawa

1859 1328 2100 1383 Accessit
2130 1328 2304 1396 juxta,
2336 1330 2504 1383 trahit
2528 1346 2764 1400 unguem
2789 1332 2964 1387 bellua
2991 1334 3156 1387 cruda

1860 1417 2138 1471 Abstrahit
2159 1417 2479 1482 auriculam,
2511 1434 2672 1488 quam
2697 1435 2857 1476 cervo
2891 1422 3121 1491 liquerat
3142 1438 3338 1492 uuam;

1859 1507 2294 1576 Quideturpatus
2316 1509 2474 1562 rediit
2500 1510 2665 1564 miser
2699 1509 3019 1567 infatuatus.

1860 1596 2032 1652 Ursus
2053 1613 2246 1652 amans
2273 1613 2512 1664 cervum,
2541 1600 2702 1652 mittit
2735 1601 2836 1654 sibi
2870 1601 3048 1654 denuo
3072 1602 3317 1668 verbum,

1861 1686 1928 1741 Ut
1955 1696 2067 1744 tute
2091 1694 2279 1743 currat
2303 1729 2318 1756 ,
2345 1688 2474 1758 quia
2505 1689 2620 1741 vult
2650 1689 2749 1743 sibi
2777 1690 3008 1758 pandere
3043 1690 3245 1756 multa;

1858 1776 2058 1831 Amcns
2083 1784 2138 1832 et
2168 1779 2364 1834 stultus
2394 1778 2627 1848 perrexit
2649 1793 2840 1832 cervus
2867 1778 2938 1832 ad
2975 1795 3183 1846 ursum,

1790 1863 1830 1916 Β
1858 1867 2080 1935 Aspicit,
2105 1866 2306 1932 arridet
2326 1867 2580 1931 venienti,
2607 1865 2748 1920 fatur
2779 1867 2939 1936 eique

1859 1957 2026 2012 Dente
2045 1963 2262 2027 repente
2295 1957 2481 2013 furens
2507 1960 2778 2028 captivum
2813 1959 3047 2014 disseeat
3068 1975 3245 2032 ungue
3272 1981 3284 2015 :

1861 2048 1978 2103 Vita
2006 2050 2267 2120 privatus,
2290 2050 2438 2120 vulpi
2464 2050 2624 2104 datur
2649 2051 2772 2121 igne
2799 2054 3144 2119 cremandus,

1759 2179 1763 2184 .
1860 2137 2048 2209 Vulpis
2077 2155 2201 2195 eum
2224 2149 2457 2206 torrens,
2483 2149 2607 2210 post
2635 2157 2764 2196 urso
2790 2141 2984 2196 detulit
3009 2159 3258 2206 omnem;

1858 2227 1966 2282 Cor
1989 2229 2228 2284 retinens
2257 2238 2488 2297 tantum,
2512 2231 2647 2285 sciat
2672 2247 2834 2286 ursus
2867 2232 3011 2287 illius
3035 2233 3180 2303 (5M)
3217 2241 3423 2303 astum;

1862 2317 2034 2372 Ursus
2058 2319 2262 2373 habens
2295 2335 2534 2386 carnem,
2563 2336 2658 2374 cor
2683 2322 2828 2374 cervi
2854 2324 3103 2390 quaeritat
3126 2333 3283 2392 ante;

1859 2407 2157 2477 Respondit
2177 2408 2373 2477 vulpis,
2393 2424 2488 2463 cor
2522 2424 2629 2463 non
2653 2409 2860 2476 habuit,
2899 2426 3072 2480 neque
3103 2412 3307 2480 sumpsi
3337 2427 3349 2460 :

1858 2498 2002 2553 Dixit
2034 2499 2082 2553 ei
2115 2515 2333 2554 rursum
2369 2518 2381 2552 :
2412 2499 2520 2554 Cor
2540 2516 2665 2555 mox
2699 2502 2843 2557 volo.
2881 2500 3070 2571 Vulpis
3105 2502 3172 2556 ad
3194 2516 3382 2554 ursum
3409 2517 3422 2552 :

1860 2587 1996 2641 Dum
2032 2589 2295 2657 quazsitus
2321 2589 2474 2642 adest
2505 2598 2605 2654 ter,
2635 2591 2796 2644 corde
2821 2605 3006 2645 carere
3029 2591 3308 2659 probatur.

1859 2677 1982 2731 llam
2009 2680 2104 2731 tibi
2130 2680 2202 2732 sit
2222 2679 2408 2745 chara,
2433 2694 2589 2733 meus
2619 2681 2765 2745 Atto,
2797 2680 2977 2735 fabula
3013 2683 3192 2749 plana.

1857 2765 1981 2818 Atto
2007 2780 2402 2836 recognoscens
2430 2781 2528 2820 cur
2557 2767 2660 2820 hoc
2679 2766 2963 2834 referebat,
2993 2768 3062 2821 ob
3098 2767 3200 2822 hoc
3227 2783 3284 2822 se

1857 2855 2194 2913 Constrinxit
2227 2874 2468 2926 sursum,
2499 2875 2608 2913 non
2631 2859 2862 2928 amplius
2887 2859 2999 2928 ipse
3025 2859 3280 2914 deorsum

1859 2946 2163 3014 Descendit,
2184 2949 2358 3004 donec
2387 2965 2481 3003 rex
2520 2951 2720 3004 mansit
2743 2949 2809 3004 ad
2834 2949 3192 3004 obsidionem.

1858 3037 1971 3091 Rex
2005 3039 2228 3094 ﬁrmans
2257 3055 2497 3109 gressus,
2521 3055 2620 3094 nec
2645 3054 2753 3094 non
2785 3039 3054 3095 exercitus
3077 3039 3216 3109 ejus,

1856 3125 2083 3198 Pergere
2116 3143 2226 3182 non
2257 3144 2508 3200 usquam,
2546 3131 2729 3200 capiar
2762 3131 2908 3202 (542)
2941 3131 3067 3198 nisi,
3099 3131 3296 3201 cogitat
3324 3147 3424 3184 un-

2269 3205 2271 3210 1
3100 3219 3120 3292 [
3157 3237 3342 3290 quam.

1856 3307 2012 3364 Circa
2045 3324 2131 3362 me
2157 3308 2312 3363 factis
2342 3325 2505 3364 semis
2533 3312 2692 3364 simul
2717 3321 2770 3366 et
2805 3312 2976 3366 tribus
3002 3313 3160 3366 annis
3197 3313 3364 3382 (fi/t5),

1856 3401 2106 3453 Attonem
2136 3398 2295 3473 taedet
2320 3407 2426 3451 tam
2453 3400 2669 3468 longam
2698 3400 2838 3455 ferre
2861 3402 3096 3471 quietem
3121 3419 3135 3468 ;

1859 3486 2047 3542 Stabat
2066 3488 2210 3540 enim
2232 3502 2472 3553 sursum,
2510 3487 2739 3542 faciebat
2766 3491 2841 3543 nil
2872 3491 2977 3544 nisi
3005 3491 3216 3557 ludum,

1858 3577 2022 3633 Nocte
2062 3577 2194 3634 foris
2230 3579 2459 3634 missum
2498 3581 2729 3654 pepulit,
2771 3581 3034 3637 mandans
3083 3582 3246 3637 breve
3286 3581 3422 3636 scri-

2766 3669 2772 3676 ’
3110 3671 3352 3744 [pwm,

1857 3755 2038 3809 Ottoni
2066 3758 2200 3826 regi,
2225 3759 2469 3828 rogitans
2498 3769 2558 3813 ut
2585 3775 2692 3812 non
2724 3760 3046 3829 pedetentim

1858 3842 1933 3898 De
1949 3858 2132 3913 prOpe,
2160 3846 2386 3900 fidenter
2413 3848 2515 3901 sibi
2539 3849 2632 3903 sed
2665 3863 2983 3903 succurrere
3007 3857 3206 3916 tentet;

1857 3942 2302 4001 Commemorans
2334 3947 2432 4014 illi,
2455 3949 2599 4018 quod
2625 3950 2828 4005 dudum
2853 3950 3143 4020 sponderat
3170 3952 3290 4022 ipsi.

1859 4044 1982 4099 Otto
2007 4046 2196 4103 videns
2223 4048 2451 4103 missum
2480 4050 2690 4105 laetatur
2715 4059 2799 4106 sat
2827 4067 2988 4120 super
3009 4051 3213 4120 ipsum;

1860 4183 2067 4250 tantum
2093 4174 2367 4250 Ditmarus
2395 4179 2488 4231 lib.
2519 4195 2558 4231 ιι
2597 4178 2800 4250 Chron.
2833 4171 3040 4250 aliquid
3071 4179 3233 4250 habet
3277 4181 3421 4250 quod

1858 4244 1927 4297 ab
1956 4244 2057 4297 hac
2087 4245 2398 4300 narratione
2430 4261 2537 4301 non
2566 4248 2794 4301 multum
2825 4244 3050 4303 abludit.
3086 4248 3228 4303 Men.

1892 4382 1902 4393 ο
1929 4313 2077 4394 (557)
2129 4313 2333 4382 Vulpis,
2358 4316 2629 4394 machina,
2657 4318 2758 4372 sub
2809 4334 2916 4388 qua
2939 4319 3063 4374 tecti
3085 4319 3302 4386 milites,
3339 4329 3418 4385 ut,

1861 4385 1941 4439 sic
1953 4385 2164 4449 dicam,
2197 4396 2373 4440 caute.
2411 4385 2557 4440 Lam.

1933 4455 2082 4525 (558)
2121 4454 2253 4525 Cod.
2283 4466 2395 4510 ant.
2424 4456 2742 4512 Lavaelello.
2782 4457 2930 4513 LEIB.

1861 4524 2080 4645 LF(:39)
2119 4524 2275 4579 Cervi
2327 4527 2559 4582 habendi
2609 4543 2793 4583 amore
2851 4528 3005 4598 fingit
3047 4544 3106 4584 se
3146 4529 3420 4634 languere.

1908 4609 2010 4646 ΕΙΒ.
3208 4631 3211 4634 -

1955 4662 2080 4735 ξῇρ)
2118 4662 2250 4735 Cod.
2284 4661 2546 4735 Padolirq
2581 4665 2670 4719 sed
2691 4666 2814 4719 dunt
2837 4667 3149 4735 loqueretur.
3185 4663 3328 4720 Mun.

2117 4732 2250 4815 Cod.
2281 4731 2522 4815 Regienv
2558 4752 2710 4789 ursus
2733 4746 2788 4789 ut
2812 4731 2975 4788 illius.
3003 4733 3145 4788 Mus.

1955 4801 2079 4872 542)
2119 4801 2308 4872 Capiet
2331 4801 2450 4858 nisi.
2479 4804 2627 4860 Lata.

1955 4870 2080 4933 545)
2119 4870 2252 4927 Cum
2278 4872 2567 4928 Lotbarius
2585 4889 2679 4926 rex
2703 4870 3008 4928 Adelheidae
3029 4875 3260 4931 maritus
3279 4891 3428 4933 anno

2067 4943 2308 4996 ovembri
2344 4958 2528 4997 mense
2563 4942 2778 5006 obierit,
2808 4950 2862 4996 et
2887 4941 3011 4999 Otto
3046 4942 3116 4998 M.
3143 4961 3269 4999 ann.
3297 4945 3423 5011 951,

1862 5013 1946 5066 vel
1975 5012 2081 5066 952
2106 5013 2159 5066 in
2197 5011 2401 5064 Italiam
2427 5027 2549 5066 cum
2577 5013 2812 5066 exercitu
2829 5014 3050 5068 veniens
3078 5014 3423 5070 Adelhcidem

1861 5081 1914 5133 in
1960 5079 2265 5154 Canusiana
2323 5096 2446 5154 arce
2491 5083 2770 5154 obsessam
2804 5083 3148 5154 liberaverit,
3174 5084 3428 5154 pejusque

1859 5148 2113 5218 conjugio
2145 5149 2215 5203 sit
2240 5149 2458 5218 petitus,
2492 5153 2663 5206 tribus
2687 5153 2844 5206 annis
2877 5168 2999 5205 cum
3023 5148 3246 5208 dimidio
3274 5148 3424 5208 obsi-

1859 5218 1950 5272 dio
1991 5217 2270 5273 Canusina
2323 5220 2518 5277 durare
2569 5237 2677 5276 non
2711 5222 2900 5277 notuit.
2964 5219 3080 5275 Etsi
3112 5221 3422 5277 Chronicon

1859 5234 1950 5272 mo
1991 5234 2270 5285 Canusina
2323 5234 2518 5277 durare
2569 5237 2677 5276 non
2711 5234 2900 5290 pount.
2964 5234 3080 5275 ισιῑςι
3112 5234 3422 5278 Chronicon

1861 5303 2078 5358 quoque
2119 5288 2491 5345 Novaliciense
2531 5292 2770 5360 reginam
2798 5290 2971 5345 tribus
3013 5306 3151 5361 pene
3176 5293 3332 5347 annis
3366 5292 3422 5343 in

1859 5366 2040 5414 castro
2066 5358 2234 5414 fuisse
2264 5360 2481 5413 scribat.
2511 5359 2656 5412 Lam

1893 5375 2040 5414 αεῑτο
2066 5375 2234 5414 1111888
2264 5375 2481 5413 861⁵1031».
2511 5375 2656 5412 LEIB.

1872 5481 1875 5484 _
1933 5427 2003 5484 Ut
2038 5438 2097 5483 ut
2135 5427 2244 5489 Leti
2288 5427 2554 5483 Ostiensis
2594 5438 2648 5482 et
2689 5438 2880 5484 auctor
2922 5428 3161 5485 chronici
3206 5426 3422 5481 Novali-

1859 5497 2318 5569 ciensisscribant
2340 5497 2647 5569 Adelaidem
2671 5500 2935 5569 reginam,
2959 5511 3089 5569 mox
3121 5495 3419 5569 Augustam

1858 5584 1922 5622 ac
1948 5566 2227 5620 mulierem
2260 5573 2527 5632 sanctam,
2564 5565 2928 5623 tribus'annis
2949 5565 3206 5618 Canossae
3224 5565 3416 5620 Obses-

1845 5633 1976 5691 sam
2010 5634 2210 5700 fuisse,
2248 5649 2357 5689 non
2408 5637 2460 5690 id
2504 5631 2651 5692 certe
2686 5635 2846 5689 tradit
2881 5631 3131 5703 Dognizo.‘
3164 5632 3266 5703 Sed
3299 5645 3423 5703 post

1859 5705 2230 5759 liberationem
2276 5716 2328 5759 et
2363 5707 2579 5775 nuptias
2603 5703 2867 5757 Adelaidis
2890 5700 3052 5755 refert
3085 5699 3418 5757 obsidionem
