3944 6408
539 456 642 507 9ῗ9

535 565 689 622 Dono
718 563 933 621 fulsisse
963 580 1178 620 servum
1209 563 1458 635 regisque
1482 563 1718 629 dedisse,

535 654 749 710 Mantua
770 670 894 711 cum
918 670 1124 725 regem,
1161 653 1467 724 pariterque
1492 654 1682 708 ducem
1714 653 1985 708 retineret.

535 744 689 801 Tune
712 762 896 802 eomes
923 745 1068 817 (6’23)
1094 745 1344 801 Albertus
1373 746 1489 800 vice
1514 746 1685 810 dives,
1721 746 1952 800 maxime
1983 762 2098 800 ser-

1881 835 2024 907 [vus.

533 926 889 998 Prmdictique
908 926 1082 992 ducis,
1111 926 1379 981 habitator
1404 935 1457 980 et
1484 925 1655 995 ipsius
1682 926 1851 996 urbis,

534 1017 865 1088 Cornipedes
889 1026 1106 1072 centum
1134 1015 1279 1085 (626)
1307 1015 1454 1070 tilios
1474 1016 1568 1085 qui
1585 1016 1709 1086 jure
1739 1017 2032 1082 nitescunt,

468 1132 471 1137 -
536 1106 675 1162 Cum
699 1106 921 1162 rudibus
951 1106 1115 1173 seltis,
1146 1106 1371 1161 rudibus
1402 1104 1569 1160 frenis
1595 1106 1678 1160 vel
1703 1106 1927 1179 habenis

534 1195 770 1268 Mutatos
799 1195 945 1268 (627)
982 1204 1219 1263 centum,
1257 1210 1363 1250 non
1383 1203 1617 1250 mutatos
1639 1212 1854 1267 quoque
1883 1206 2097 1253 centum

532 1285 760 1342 Astures
781 1286 1036 1356 pulchros
1058 1286 1170 1357 regi
1192 1286 1352 1340 simul
1375 1286 1566 1341 obtulit
1587 1286 1745 1341 ultro.
1948 1350 1953 1355 ι

534 1375 669 1443 Quis
698 1376 777 1431 vir
801 1377 889 1432 1110
914 1391 1038 1449 esse
1082 1384 1259 1442 sonat,
1287 1376 1379 1447 qui
1401 1377 1553 1432 vobis
1573 1377 1720 1447 (628)
1746 1378 1872 1433 talia
1895 1369 2099 1435 donat?

533 1466 743 1522 Clamat
770 1467 970 1538 regina.
994 1464 1093 1521 Cui
1123 1466 1259 1521 dixit
1284 1482 1377 1522 rex
1410 1468 1569 1539 quasi
1594 1469 1800 1524 mirans
1840 1488 1852 1523 :

426 1581 435 1590 ο
532 1557 638 1625 Qui
662 1559 743 1613 vir
765 1558 912 1629 (629)
944 1558 1104 1613 habet
1124 1574 1309 1615 servos
1329 1560 1516 1629 quales
1540 1559 1873 1628 Bonifacius,
1899 1576 2029 1633 ergo

529 1646 591 1704 In
618 1656 730 1703 toto
752 1663 917 1720 regno
939 1648 1168 1704 similem
1192 1650 1296 1706 sibi
1322 1665 1430 1704 non
1457 1665 1558 1722 ego
1585 1660 1785 1721 specto.

532 1736 790 1793 Servulus
809 1739 908 1793 iste
934 1754 1065 1795 suus
1090 1738 1288 1796 referat
1311 1741 1464 1807 mihi,
1491 1744 1636 1812 quod
1660 1744 1759 1799 sibi
1788 1759 1931 1800 nunc
1963 1746 2094 1823 vult.

527 1825 617 1881 Nil
642 1829 787 1883 aliud
815 1844 1019 1898 quaero,
1050 1830 1193 1898 volo,
1228 1846 1328 1886 nec
1361 1833 1539 1902 cupio,
1568 1849 1741 1904 neque
1763 1851 1921 1906 spero

527 1916 578 1971 Α
598 1925 668 1984 te,
701 1918 755 1971 ni
781 1926 987 1973 tantum
1010 1936 1162 1975 meus
1193 1930 1252 1975 ut
1279 1898 1529 1978 dominus
1555 1924 1625 1978 sit
1647 1898 1885 1992 amatus;
2130 1898 2173 1954 Β

527 2004 644 2062 Hoc
674 2008 750 2061 ait
779 2008 1028 2065 Albertus
1058 2010 1192 2081 regi,
1228 2026 1387 2081 quem
1418 2027 1513 2067 rex
1534 2014 1786 2084 rogitavit

528 2096 610 2151 Ad
639 2099 907 2168 propriam
932 2114 1174 2153 mensam
1199 2116 1382 2156 secum
1412 2103 1673 2171 prandere
1700 2102 1984 2169 refertam;

528 2184 647 2242 Hoc
670 2187 848 2244 timuit
867 2189 1109 2255 verbum,
1136 2189 1395 2245 Bonifacii
1431 2192 1557 2261 quia
1581 2208 1787 2248 servus.

527 2274 783 2334 llandere
804 2295 912 2335 non
950 2296 1188 2351 unquam
1216 2297 1400 2338 secum
1425 2282 1523 2337 fuit
1550 2299 1717 2339 ausus
1742 2284 1809 2340 ad
1840 2301 2003 2340 unam

527 2365 769 2423 lensam
792 2385 914 2425 cum
939 2386 1080 2442 rege,
1105 2373 1196 2441 qui
1216 2373 1541 2429 manducare
1564 2384 1782 2444 repente

529 2456 767 2514 Debebat
797 2459 951 2526 forte,
974 2477 1135 2532 quem
1167 2478 1259 2517 rex
1294 2472 1402 2519 stat
1421 2465 1658 2532 postulat
1678 2465 1748 2520 ob
1771 2481 1882 2520 rem

525 2538 865 2619 Praidictam,
895 2553 1107 2617 tandem
1133 2553 1241 2607 dux
1268 2568 1380 2608 rem
1415 2556 1683 2611 concessit
1716 2557 1955 2611 eamdem

519 2639 665 2696 Cum
712 2642 850 2697 duce
889 2657 1015 2713 rege
1061 2642 1223 2698 simul
1268 2644 1351 2697 vir
1396 2644 1508 2714 jam
1564 2646 1800 2715 scriptus
1853 2645 1963 2702 fere
2014 2663 2100 2712 vt-.

716 2729 720 2734 ’
1730 2736 1853 2808 [vus
1875 2737 2021 2807 (650)

527 2817 742 2876 lntrans
767 2821 834 2875 ad
856 2838 1118 2890 massam,
1144 2825 1237 2879 sed
1267 2840 1482 2893 parvam
1512 2825 1734 2895 suscipit
1755 2844 1955 2882 escam.

528 2906 641 2964 Rex
667 2909 770 2964 sibi
808 2904 1291 2984 mastrucas‘(65l)
1332 2922 1454 2983 post
1484 2929 1662 2969 escam
1705 2918 1939 2971 maxime
1976 2918 2095 2987 pul-

1086 3050 1089 3053 λ
1148 3028 1151 3031 λ
1482 2993 1486 2996 ⁴
1910 3004 2093 3077 [cbras

518 3087 776 3167 Donavit,
802 3091 993 3148 florent
1011 3092 1214 3164 pariter
1240 3104 1455 3167 quoque
1477 3093 1808 3171 pelliciones,

528 3177 642 3234 Hoc
672 3181 815 3251 regis
842 3197 1041 3237 munus
1072 3183 1226 3238 ducis
1255 3185 1320 3239 ad
1345 3200 1617 3241 cameram
1644 3177 1793 3257 tulit;
1818 3201 1987 3241 unum
2038 3220 2043 3221 κ
2117 3218 2161 3275 C
2190 3177 2444 3227 (λθνθωοε
2478 3177 2679 3255 ml!!!“
2710 3177 2837 3229 Ϊθείι
2861 3190 3184 3245 componere
3206 3180 3464 3249 Ριιιοδΐοε

528 3268 595 3323 Et
619 3270 828 3325 corium
856 3272 1018 3328 cervi.
1052 3272 1195 3328 quod
1218 3273 1458 3328 nummis
1479 3274 1594 3328 ipse
1624 3275 1879 3328 replevit:
2082 3295 2086 3305 ι
2172 3257 2412 3313 Libram
2445 3261 2722 3317 candelam
2745 3278 2881 3319 cem
2902 3264 3064 3320 δίπηυί
3086 3268 3266 3324 mullis
3293 3271 3528 3328 Ῐιόδεδθι

508 3268 595 3342 ⁴Ει
619 3270 828 3325 corium
856 3272 1018 3338 cervi,
1052 3272 1195 3342 quod
1218 3273 1458 3328 nummis
1479 3274 1594 3343 ipse
1624 3275 1879 3342 replevit;
2082 3295 2116 3351 χ

526 3357 795 3430 Principis
820 3369 945 3414 ante
976 3360 1139 3430 pedes
1168 3360 1391 3427 cecidit,
1417 3362 1519 3418 sibi
1551 3376 1775 3432 parcere
1794 3358 2068 3434 quaerens,

526 3443 728 3502 Mensae
751 3448 916 3523 regali
941 3448 1087 3518 quod
1117 3464 1299 3504 secum
1320 3450 1672 3520 participarit.
1808 3440 1810 3443 ’

491 3588 498 3595 ,
526 3531 623 3590 Ille
651 3544 970 3604 potestatem
997 3553 1230 3595 noscens
1255 3540 1506 3605 retinere,
1530 3540 1689 3601 beate

492 3636 495 3639 '
531 3621 760 3677 Indulsit
786 3640 962 3692 servo,
993 3626 1204 3682 facinus
1230 3637 1410 3687 tamen
1434 3624 1539 3683 hoc
1562 3629 1920 3698 prohibendo.

1112 3757 1338 3812 CAPUT
1375 3757 1511 3814 Xlll.

533 3845 688 3919 Quod
709 3846 993 3919 aliquando
1024 3850 1091 3919 in;
1112 3847 1330 3903 consilio
1357 3865 1478 3912 suo,
1512 3847 1796 3919 aliquando
1824 3852 2097 3905 occasione

605 3917 803 4055 pigilim
833 3919 1018 3971 noctis;
1044 3916 1303 3971 Henricus
1340 3934 1429 3971 rex
1457 3916 1671 3972 tentauit
1706 3936 1887 3989 capere
1927 3920 2095 3975 Boui—
2129 3925 2132 3928 ’

628 4003 823 4040 actum.
1512 4010 1515 4011 ν

628 4003 823 4040 actum.
1512 4010 1515 4011 ⁷

534 4085 781 4162 Quotidie
802 4097 1049 4173 princeps
1067 4113 1315 4155 crescens
1345 4097 1653 4156 Bonifacius
1677 4100 1782 4156 iste

535 4185 690 4241 Alma
724 4188 856 4244 fides
879 4190 1054 4259 ipsum
1082 4190 1328 4245 servabat
1351 4190 1474 4260 jure
1500 4191 1812 4262 benignum.

535 4273 738 4330 Invidia
772 4286 945 4333 tactus
983 4279 1146 4333 nimia
1169 4296 1265 4335 rex
1276 4281 1389 4352 jam
1421 4291 1750 4347 memoratus

537 4364 758 4436 Ingenio
788 4369 955 4421 crudo
980 4369 1265 4428 meditatur
1288 4372 1547 4441 prendere
1568 4372 1713 4428 furto

536 4454 714 4522 Illum,
739 4457 839 4512 sub
859 4457 994 4511 coelo
1016 4457 1191 4526 potuit
1218 4475 1376 4528 quem
1399 4463 1661 4529 prendere
1682 4478 1859 4517 nemo.

538 4545 701 4602 Stans
728 4547 782 4601 in
817 4548 1056 4602 conclavi
1079 4549 1299 4618 cupiens
1326 4564 1418 4604 rex
1451 4548 1726 4604 consiliari

604 4657 752 4725 (625)
811 4654 993 4710 Comes
1014 4656 1261 4712 Albcrtus
1284 4658 1389 4712 uice
1419 4658 1471 4712 id
1492 4665 1575 4711 est
1596 4655 1916 4712 vicccomes.
1940 4655 2088 4725 Lam.

538 4794 567 4846 ὁ
607 4726 753 4846 (6216)
794 4727 876 4779 An
907 4726 1092 4792 balios,
1127 4728 1209 4781 vel
1233 4726 1455 4785 badios?
1484 4726 1650 4781 Color
1680 4735 1764 4781 est
1805 4726 1899 4796 qui
1928 4724 2094 4810 Gallis

572 4811 656 4846 au.
724 4812 827 4846 EIB.

572 4812 656 4848 au.
679 4812 827 4848 LEIB.

605 4811 1052 4934 ἵόᾗῗηὶἶυιαιος,
1076 4865 1127 4920 id
1153 4874 1235 4920 est
1263 4866 1443 4921 varios
1460 4906 1476 4932 ,
1502 4864 1748 4920 colorum
1778 4863 2089 4918 varietatem

507 4993 511 4998 ‘
542 4928 761 4983 unum
778 4940 970 4986 vocant
989 4928 1143 4988 Galli.
1161 4934 1309 4990 Lam.

611 4998 852 5075 (62§)_ln
876 5002 994 5057 cod.
1029 5001 1238 5075 _E_step_si
1256 5046 1271 5071 ,
1300 5005 1391 5065 ubi
1413 5019 1575 5075 supra
1601 5002 1815 5059 laudata
1846 5000 2091 5073 Epitome

540 5076 680 5123 msta
696 5068 939 5133 habetur,
964 5069 1126 5123 nobis.
1157 5068 1296 5125 Men.
1319 5079 1322 5082 ’

610 5136 763 5212 (629)
793 5136 852 5191 111
896 5137 1120 5212 eodicib.
1161 5137 1341 5212 Esten.
1388 5149 1443 5195 et
1491 5141 1707 5212 Regicn.
1757 5161 1769 5195 :
1816 5140 1945 5207 Quis
1987 5141 2085 5206 vir,

540 5205 1146 5278 nempelinterrogando.
1171 5205 1311 5278 Mun.

610 5274 760 5398 (63g)
796 5274 911 5331 Hoc
946 5274 1047 5341 est,
1093 5290 1203 5345 pne
1241 5276 1435 5330 timore
1474 5276 1563 5329 vix
1600 5277 1782 5342 vivus,
1803 5278 2088 5334 semimor-

610 5362 685 5398 us.
766 5361 852 5398 1111.
1866 5366 1871 5371 ·

542 5354 685 5402 “IIIS.
710 5354 852 5400 MUR.
1866 5366 1871 5371 '

611 5414 757 5487 (651)
801 5413 973 5487 vestis
998 5427 1165 5483 genus
1192 5427 1258 5469 ex
1290 5413 1518 5487 pellibps
1557 5410 1821 5487 ferarum,
1850 5429 1960 5483 quo
2005 5431 2091 5469 se-

579 5480 922 5539 tentrionales
948 5480 1191 5548 utuntur,
1220 5491 1274 5538 et
1292 5480 1420 5539 olim
1445 5480 1598 5537 Sardi
1622 5480 1929 5549 utebantur,
1952 5492 2089 5538 teste

590 5553 1055 5618 ullio.Prudentio,
1073 5551 1295 5608 Isidem.
1334 5551 1531 5605 Bursas
1552 5552 1872 5620 epitomator
1896 5560 2086 5607 mstus.

542 5619 834 5679 Donizonis
855 5631 938 5678 est
960 5622 1267 5678 arbitratus.
1296 5619 1606 5674 Pellicioncs
1635 5619 1775 5675 infra
1810 5622 2092 5676 memorati

544 5689 771 5746 fortasse
785 5691 1002 5746 fuerunt
1016 5693 1291 5760 augustius
1309 5691 1619 5747 earumdem
1635 5691 1862 5747 vestium
1886 5705 2055 5760 genus
2074 5708 2086 5743 :

549 5774 671 5834 qua)
698 5775 799 5816 vox
837 5761 974 5832 apud
1007 5757 1164 5817 Italos
1192 5770 1244 5818 et
1276 5761 1515 5818 Francos
1549 5761 1722 5816 11111110
1757 5757 1914 5833 viget:
1944 5757 2083 5815 Men.

1500 451 1592 505 AD
1627 448 1853 507 OPERA
1893 448 1950 504 S.
1987 446 2311 506 GREGORII
2348 448 2790 505 APPENDICES.

2130 562 2167 619 Α
2196 561 2279 619 Ad
2306 577 2363 644 se
2386 561 2580 641 festiue
2600 562 2707 618 dux
2733 572 2794 618 ut
2817 571 2972 619 catus
3133 562 3365 627 veniret,

3670 48 3908 788 ἢ

2201 639 2390 717 Jussit,
2428 638 2487 705 ut
2516 651 2618 707 11οο
2642 659 2763 706 astu
2786 653 2966 722 quiret
2986 641 3218 708 retinere
3237 663 3485 708 coactum
3511 670 3533 707 τ

2201 738 2270 795 Ut
2307 750 2521 796 teneant
2549 743 2753 808 valvas,
2774 743 2931 813 jubet
2958 744 3177 809 editae,
3204 743 3340 799 bene
3375 745 3612 807 clausas,

2199 828 2350 887 llaud
2384 830 2489 885 nisi
2522 846 2580 911 se
2608 832 2797 902 quinto
2826 832 2973 904 (652)
3002 826 3312 889 Bonifacius
3333 834 3494 889 intret
3517 843 3572 888 et
3592 834 3749 888 intro

2104 956 2109 959 ι
2199 918 2277 973 Ad
2308 919 2450 988 quod
2474 935 2564 974 rex
2591 922 2829 988 mandat,
2863 938 2988 977 mox
3011 939 3070 978 se
3089 923 3198 978 dux
3221 923 3298 979 ire
3325 924 3634 990 remandat,

2198 1006 2470 1080 Adversus
2501 1007 2705 1063 dictum
2731 994 2877 1080 (655)
2906 1011 2981 1064 1111
3004 1010 3224 1066 doctum
3258 1028 3414 1082 posse
3440 1013 3739 1075 recordor,

2195 1096 2451 1154 Namdax
2476 1100 2715 1169 privatos
2743 1101 2889 1172 (65.1)
2914 1104 3159 1174 praprios
3184 1104 3293 1160 cito
3314 1105 3782 1177 conglomeratos,

2196 1188 2273 1244 Ac
2294 1190 2431 1246 alios
2456 1192 2654 1248 multos
2683 1192 2890 1264 gladios
2921 1195 3024 1250 sub
3051 1205 3196 1251 veste
3225 1204 3469 1252 retrusos

2194 1278 2478 1337 Portantes
2500 1291 2621 1351 post
2641 1298 2699 1338 se
2722 1284 2975 1367 prmeepit
3001 1301 3222 1357 pergere
3242 1295 3509 1357 prompte,

2195 1367 2478 1425 Nobilibus
2509 1378 2693 1440 septus
2722 1373 3029 1443 properavit
3053 1376 3298 1431 marcbio
3322 1377 3521 1439 celsus,

2195 1454 2296 1511 Cui
2318 1458 2520 1526 regiam
2545 1460 2774 1528 primam
2802 1476 3046 1518 reserare
3068 1463 3219 1534 (655)
3252 1466 3456 1531 aeditui,
3482 1482 3657 1536 quam

2194 1546 2456 1603 Claudere
2478 1547 2763 1617 festinant,
2801 1551 2896 1606 sed
2922 1551 2982 1606 lit
3006 1562 3282 1609 contracta
3308 1570 3404 1624 per
3434 1556 3594 1625 iram,

2178 1635 2549 1708 .P-rogrediens
2584 1639 2724 1693 ultra
2746 1639 3075 1711 dirumpitur
3097 1651 3258 1714 atque
3282 1646 3553 1714 secunda,

2197 1726 2373 1783 Tertia
2400 1729 2658 1796 restabat,
2682 1729 2786 1785 sub
2816 1746 2923 1801 qua
2947 1740 3077 1787 tunc
3097 1748 3191 1787 rex
3216 1733 3513 1803 habitabat,
3589 1788 3602 1799 ,

2194 1815 2484 1889 Frangitur
2512 1833 2578 1874 ae
2624 1818 2764 1889 ipsa,
2801 1835 2925 1875 cum
2949 1821 3058 1877 dux
3098 1822 3244 1895 (656)
3274 1824 3645 1883 circumdatus
3693 1831 3801 1910 11ιεὶ

3570 1929 3704 1974 trat.

3570 1929 3587 1973 t

2197 1994 2351 2052 Unde
2372 1996 2533 2053 nimis
2564 2009 2743 2054 motus
2772 2016 2864 2055 rex
2892 2001 3117 2057 callidus
3144 2012 3307 2074 atque
3334 1917 3587 2075 dolosa};

2194 2084 2334 2151 Quid
2363 2085 2763 2166 video?.Quid?
2784 2090 2855 2143 ait
2894 2108 2906 2144 :
2936 2091 3105 2145 miror
3127 2092 3193 2147 de
3226 2102 3295 2161 te,
3318 2093 3583 2152 Bonifaci.

2196 2174 2350 2232 Hunc
2368 2167 2557 2232 habuit
2590 2193 2796 2234 morem
2815 2181 3026 2253 jugiter'
3051 2199 3171 2239 mea
3192 2201 3319 2239 nam
3341 2188 3557 2256 domus,
3584 2207 3618 2246 o
3649 2207 3776 2259 rex,

2194 2266 2329 2323 Esse
2358 2269 2463 2323 mei
2484 2284 2699 2325 mecum
2722 2272 2866 2327 soliti
2892 2289 3213 2345 semperque
3243 2278 3478 2335 fuerunt.

2194 2354 2308 2411 Hoc
2329 2357 2438 2412 dux
2466 2361 2744 2429 respondit
2771 2380 2783 2416 :
2813 2378 2997 2432 pacem
3026 2381 3118 2419 rex
3146 2367 3289 2422 illico
3316 2373 3601 2441 prompsit.

2194 2442 2305 2499 llae
2328 2445 2442 2500 vice
2464 2461 2556 2501 rex
2580 2447 2711 2504 vidit
2732 2451 2876 2519 quod
2907 2467 3029 2506 eum
3062 2454 3293 2510 retinere
3324 2460 3595 2532 nequivit;

2196 2530 2396 2589 lJeirco
2420 2534 2594 2604 planis
2617 2552 2804 2606 pacem
2828 2541 3004 2596 verbis
3025 2542 3318 2602 simulavit.

2193 2624 2379 2679 Denuo
2404 2636 2760 2696 pertractans,
2790 2639 2844 2684 et
2864 2633 3113 2688 eumdem
3140 2638 3404 2706 prendere
3429 2653 3665 2712 captans
3683 2684 3703 2713 ,

2192 2715 2305 2770 Hoc
2326 2732 2469 2772 caeco
2490 2717 2659 2775 Marte
2681 2718 2984 2778 faciendum
3010 2727 3211 2796 cngitat
3234 2738 3375 2799 apte.

2193 2806 2456 2896 :fempore
2477 2818 2743 2867 nocturno
2777 2828 2934 2882 super
2960 2815 3134 2883 ipsum
3154 2822 3391 2888 postulat
3414 2823 3555 2879 ultra
3587 2826 3750 2896 (657)

2194 2892 2264 2949 Ut
2288 2896 2395 2950 dux
2428 2895 2542 2966 ipse
2571 2913 2762 2968 parum
2793 2900 3171 2973 vigilet;1foret
3190 2907 3296 2963 hoc
3316 2909 3417 2964 sibi
3444 2892 3699 2982 gratum;

2193 2987 2369 3043 Getuli
2395 3004 2602 3044 morem
2622 2991 2726 3046 scit
2749 2992 2986 3061 prudens
3011 2995 3188 3065 vulpis
3210 2996 3266 3053 in
3291 3014 3404 3061 ore.

2191 3078 2521 3151 Obsequium
2559 3082 2701 3153 regis
2720 3076 3060 3156 nequaquam
3087 3080 3331 3144 marchio
3357 3094 3559 3162 sprevit
3576 3136 3595 3159 ,
3657 3132 3661 3135 -

2190 3169 2444 3227 Cereolos
2478 3161 2679 3249 multos
2710 3172 2837 3229 fecit
2861 3190 3184 3245 componere
3206 3161 3464 3249 pulchros

2192 3350 2367 3421 Atque
2390 3352 2504 3411 suis
2527 3354 2737 3410 cunctis
2759 3371 3019 3412 accensas
3047 3358 3146 3414 has
3170 3359 3301 3416 dare
3324 3361 3510 3431 jussit,

2192 3440 2261 3497 Et
2284 3450 2461 3498 tentas
2491 3443 2637 3514 (658)
2668 3444 2855 3501 hastas
2887 3462 3052 3516 super
3084 3449 3231 3522 ipsas
3263 3451 3428 3523 figere
3447 3458 3698 3526 mandat,

2192 3533 2331 3589 Ante
2363 3549 2518 3589 suam
2547 3535 2772 3589 multam
2798 3534 2988 3590 faciem
3009 3537 3165 3605 jubet
3193 3541 3272 3594 ire
3307 3543 3622 3603 columnam

2193 3623 2345 3679 Cera:
2368 3624 2735 3694 splendentem
2766 3611 2959 3698 grandi
2986 3626 3055 3681 de
3084 3626 3309 3696 lumine,
3344 3647 3540 3704 nempe

2193 3709 2454 3770 Militibus
2477 3713 2698 3777 densus;
2724 3722 2779 3768 et
2798 3715 2938 3769 miro
2959 3716 3162 3773 lumine
3179 3728 3379 3789 scptus

2194 3804 2358 3876 Regis
2379 3804 2446 3860 ad
2474 3793 2768 3875 hospitium
2800 3806 3161 3878 properabat;
3190 3810 3406 3883 longius
3429 3814 3614 3884 ipsum

2194 3895 2480 3965 Aspiciunt
2500 3895 2638 3950 servi
2667 3896 2968 3952 venientem
2991 3900 3406 3974 deniqueregis,

2197 3983 2315 4040 Una
2351 3986 2500 4040 velut
2528 3987 2661 4040 silva
2692 3986 2944 4058 ﬂagraret
2971 3995 3115 4044 terra
3143 3993 3223 4045 vel
3249 3992 3386 4063 ipsa,

2198 4076 2288 4133 Sic
2321 4078 2627 4150 apparebat.
2664 4078 2775 4134 Rex
2806 4080 2911 4136 hoc
2935 4098 3152 4153 quoque
3172 4086 3555 4156 prospiciebat,

2166 4168 2394 4224 “Contra
2428 4186 2587 4240 quem
2618 4186 2850 4229 noscens
2885 4173 3026 4229 idem
3053 4190 3147 4229 rex
3175 4174 3247 4231 nil
3274 4178 3435 4232 modo
3460 4195 3646 4248 posse,

2195 4259 2359 4315 Retro
2389 4261 2563 4330 redire
2597 4262 2699 4317 sibi
2731 4273 2918 4334 grates:
2933 4281 3263 4337 magnasque
3299 4269 3527 4324 remisit.
3630 4296 3640 4303 -

2772 4375 3000 4431 CAPUT
3032 4358 3175 4432 'xrv.

2268 4464 2420 4528 Quod
2446 4464 2757 4533 Bonifacius
2789 4467 3058 4521 studiosus
3084 4468 3186 4537 fuit
3219 4470 3272 4522 in
3292 4469 3486 4524 divinis
3518 4472 3695 4527 rebus.

2128 4553 2172 4606 D
2196 4554 2420 4608 Actibus
2456 4562 2516 4607 ut
2548 4555 2735 4609 mundi
2763 4555 2910 4626 (659)
2936 4555 3248 4613 Bonifacius
3272 4559 3372 4614 iste
3401 4560 3636 4631 refulsit,

2195 4662 2412 4786 LE(|§52)
2450 4662 2796 4731 Quintusmct
2834 4685 2846 4720 :
2892 4668 3007 4721 selb
3060 4666 3252 4736 funfte,
3302 4670 3378 4725 lui
3426 4673 3762 4745 cinquieme.

2239 4749 2343 4787 EIB.

2264 4802 2409 4873 (655)
2447 4802 2580 4859 Cod.
2624 4803 2843 4875 Regien.
2880 4806 3176 4862 :Adrersus
3215 4811 3447 4866 doctum.
3484 4812 3767 4873 Fortassis

2192 4872 2283 4951 1110
2307 4872 2549 4951 sensus“;
2560 4872 2819 4951 adversus
2842 4876 3116 4951 hominem
3137 4887 3373 4939 astutum
3391 4919 3405 4946 ,
3438 4896 3503 4935 ac
3522 4886 3767 4951 pruden-

2192 4942 2411 5014 Μαι-1111
2433 4943 2694 5014 c_alliditas
2715 4953 2907 5014 potest.
2936 4945 3077 5000 Mtrn.
3394 4942 3402 4946 '
3522 4942 3541 4951 '
3714 4962 3730 4976 .

2286 5010 2410 5080 654)
2444 5010 2783 5078 Familiares,
2809 5015 2921 5071 sive
2942 5015 3174 5072 famulos
3210 5032 3359 5073 suos.
3386 5016 3531 5071 Men.

2284 5079 2541 5161 655)“1Ξ11Δ
2564 5083 2684 5161 eod.
2724 5085 2897 5153 antiq.
2936 5086 3131 5157 legitur
3164 5087 3517 5161 :Reserarunt
3575 5089 3762 5143 mditui

2191 5149 2369 5220 quam,
2393 5149 2446 5203 id
2467 5159 2549 5205 est
2565 5151 2828 5224 janitores
2856 5149 3142 5224 postquam
3160 5154 3401 5224 primam
3427 5164 3641 5222 portam
3676 5175 3762 5214 re-

2194 5227 2457 5285 serarant,
2482 5221 2663 5275 statim
2699 5221 3015 5278 intromisso
3037 5221 3315 5276 Bonifacio
3340 5221 3615 5281 claudunt.
3653 5226 3758 5284 Sed

2194 5288 2404 5358 abiejus
2427 5291 2650 5346 asseclis
2685 5307 2877 5346 rursus
2898 5291 3218 5358 em-ingitur.
3254 5289 3400 5344 Lam.

2190 5357 2401 5479 MMati.
2453 5374 2693 5430 quoque,
2760 5361 2958 5430 quibus
3004 5357 3165 5424 utor,
3214 5359 3413 5415 habent
3456 5377 3756 5420 reseratum

2246 5443 2331 5479 un.

2246 5443 2331 5481 UB.

2263 5496 2387 5559 (656

2286 5564 2388 5618 657

2286 5632 2389 5687 658

2287 5639 2389 5687 658

2287 5639 2410 5772 (159)

2447 5497 2718 5565 Fortasse,
2741 5510 2898 5565 quam
2915 5494 3042 5549 dux.
3070 5493 3211 5552 Ilua.

2448 5565 2504 5646 ip
2519 5563 2761 5646 1110811³11(
2784 5563 3371 5646 god_.,.postulathultro.
3394 5570 3540 5646 Matt:

2439 5631 2750 5687 Habet'cod.
2790 5631 3092 5689 Padoliron.
3117 5655 3132 5690 :
3163 5634 3229 5691 Et
3258 5639 3627 5697 tensas.'Muu.

2445 5701 2571 5756 Post
2607 5701 2720 5755 hinc
2746 5702 2798 5755 111
2833 5703 3049 5778 antiqua
3081 5707 3310 5778 epitome
3347 5717 3507 5765 msta.
3546 5708 3757 5766 codicis

3224 5881 3908 6364 ad
