  <div class='ocr_page' id='page_1' title='image "/cluster/home/n/w/nwhite01/storage/ocr_20150623/148/uva.x000829792/496.png"; bbox 0 0 3944 6414; ppageno 0'>
   <div class='ocr_carea' id='block_1_1' title="bbox 189 424 290 479">
    <p class='ocr_par' dir='ltr' id='par_1_1' title="bbox 189 424 290 479">
     <span class='ocr_line' id='line_1_1' title="bbox 189 424 290 479; baseline 0 -1"><span class='ocrx_word' id='word_1_1' title='bbox 189 424 290 479; x_wconf 72' lang='grc'><strong>981</strong></span> 
     </span>
    </p>
   </div>
   <div class='ocr_carea' id='block_1_2' title="bbox 189 537 1422 598">
    <p class='ocr_par' dir='ltr' id='par_1_2' title="bbox 189 537 1422 598">
     <span class='ocr_line' id='line_1_2' title="bbox 189 537 1422 598; baseline 0.006 -9"><span class='ocrx_word' id='word_1_2' title='bbox 189 537 282 592; x_wconf 86' lang='lat' dir='ltr'><strong>Sic</strong></span> <span class='ocrx_word' id='word_1_3' title='bbox 311 537 456 593; x_wconf 89' lang='lat' dir='ltr'><strong>eluit</strong></span> <span class='ocrx_word' id='word_1_4' title='bbox 491 537 545 591; x_wconf 91' lang='lat' dir='ltr'><strong>in</strong></span> <span class='ocrx_word' id='word_1_5' title='bbox 572 537 727 592; x_wconf 79' lang='lat' dir='ltr'><strong>factis</strong></span> <span class='ocrx_word' id='word_1_6' title='bbox 754 538 953 594; x_wconf 81' lang='lat' dir='ltr'><strong>divinis</strong></span> <span class='ocrx_word' id='word_1_7' title='bbox 983 554 1045 594; x_wconf 92' lang='lat' dir='ltr'><strong>ac</strong></span> <span class='ocrx_word' id='word_1_8' title='bbox 1069 543 1422 598; x_wconf 76' lang='lat' dir='ltr'><strong>venerandis:</strong></span> 
     </span>
    </p>
   </div>
   <div class='ocr_carea' id='block_1_3' title="bbox 183 628 1628 703">
    <p class='ocr_par' dir='ltr' id='par_1_3' title="bbox 183 628 1628 703">
     <span class='ocr_line' id='line_1_3' title="bbox 183 628 1628 703; baseline 0.006 -23"><span class='ocrx_word' id='word_1_9' title='bbox 183 628 499 683; x_wconf 78' lang='lat' dir='ltr'><strong>Pontifices</strong></span> <span class='ocrx_word' id='word_1_10' title='bbox 531 644 717 683; x_wconf 89' lang='lat' dir='ltr'><strong>sacros</strong></span> <span class='ocrx_word' id='word_1_11' title='bbox 743 629 931 684; x_wconf 87' lang='lat' dir='ltr'><strong>habuit</strong></span> <span class='ocrx_word' id='word_1_12' title='bbox 960 646 1123 700; x_wconf 89' lang='lat' dir='ltr'><strong>quam</strong></span> <span class='ocrx_word' id='word_1_13' title='bbox 1149 635 1380 688; x_wconf 78' lang='lat' dir='ltr'><strong>maxime</strong></span> <span class='ocrx_word' id='word_1_14' title='bbox 1414 634 1628 703; x_wconf 83' lang='lat' dir='ltr'><strong>ebaros,</strong></span> 
     </span>
    </p>
   </div>
   <div class='ocr_carea' id='block_1_4' title="bbox 186 717 1457 794">
    <p class='ocr_par' dir='ltr' id='par_1_4' title="bbox 186 717 1457 794">
     <span class='ocr_line' id='line_1_4' title="bbox 186 717 1457 794; baseline 0.007 -24"><span class='ocrx_word' id='word_1_15' title='bbox 186 717 326 786; x_wconf 88' lang='lat' dir='ltr'><strong>Ipsis</strong></span> <span class='ocrx_word' id='word_1_16' title='bbox 352 718 622 784; x_wconf 85' lang='lat' dir='ltr'><strong>donabat,</strong></span> <span class='ocrx_word' id='word_1_17' title='bbox 647 737 768 789; x_wconf 65' lang='lat' dir='ltr'><strong>qua:</strong></span> <span class='ocrx_word' id='word_1_18' title='bbox 789 723 1001 775; x_wconf 84' lang='lat' dir='ltr'><strong>censuit</strong></span> <span class='ocrx_word' id='word_1_19' title='bbox 1030 723 1114 777; x_wconf 91' lang='lat' dir='ltr'><strong>his</strong></span> <span class='ocrx_word' id='word_1_20' title='bbox 1136 722 1249 778; x_wconf 82' lang='lat' dir='ltr'><strong>fore</strong></span> <span class='ocrx_word' id='word_1_21' title='bbox 1271 734 1419 794; x_wconf 85' lang='lat' dir='ltr'><strong>grata</strong></span> <span class='ocrx_word' id='word_1_22' title='bbox 1445 744 1457 791; x_wconf 91' lang='lat'><strong>;</strong></span> 
     </span>
    </p>
   </div>
   <div class='ocr_carea' id='block_1_5' title="bbox 185 808 1384 880">
    <p class='ocr_par' dir='ltr' id='par_1_5' title="bbox 185 808 1384 880">
     <span class='ocr_line' id='line_1_5' title="bbox 185 808 1384 880; baseline 0.007 -19"><span class='ocrx_word' id='word_1_23' title='bbox 185 808 513 863; x_wconf 88' lang='lat' dir='ltr'><strong>Psallebant</strong></span> <span class='ocrx_word' id='word_1_24' title='bbox 547 827 760 880; x_wconf 80' lang='lat' dir='ltr'><strong>semper</strong></span> <span class='ocrx_word' id='word_1_25' title='bbox 790 813 1052 880; x_wconf 87' lang='lat' dir='ltr'><strong>capellani</strong></span> <span class='ocrx_word' id='word_1_26' title='bbox 1077 826 1384 869; x_wconf 77' lang='lat' dir='ltr'><strong>reverenter</strong></span> 
     </span>
    </p>
   </div>
   <div class='ocr_carea' id='block_1_6' title="bbox 183 897 1511 973">
    <p class='ocr_par' dir='ltr' id='par_1_6' title="bbox 183 897 1511 973">
     <span class='ocr_line' id='line_1_6' title="bbox 183 897 1511 973; baseline 0.008 -22"><span class='ocrx_word' id='word_1_27' title='bbox 183 897 364 954; x_wconf 85' lang='lat' dir='ltr'><strong>lloras</strong></span> <span class='ocrx_word' id='word_1_28' title='bbox 398 909 710 955; x_wconf 88' lang='lat' dir='ltr'><strong>nocturnas</strong></span> <span class='ocrx_word' id='word_1_29' title='bbox 743 903 843 955; x_wconf 90' lang='lat' dir='ltr'><strong>sibi</strong></span> <span class='ocrx_word' id='word_1_30' title='bbox 877 904 1229 973; x_wconf 90' lang='lat' dir='ltr'><strong>quotidieque</strong></span> <span class='ocrx_word' id='word_1_31' title='bbox 1262 906 1511 970; x_wconf 88' lang='lat' dir='ltr'><strong>diurnas;</strong></span> 
     </span>
    </p>
   </div>
   <div class='ocr_carea' id='block_1_7' title="bbox 180 990 1766 1064">
    <p class='ocr_par' dir='ltr' id='par_1_7' title="bbox 180 990 1766 1064">
     <span class='ocr_line' id='line_1_7' title="bbox 180 990 1766 1064; baseline 0.004 -21"><span class='ocrx_word' id='word_1_32' title='bbox 180 990 359 1045; x_wconf 81' lang='lat' dir='ltr'><strong>Nemo</strong></span> <span class='ocrx_word' id='word_1_33' title='bbox 398 993 668 1060; x_wconf 75' lang='lat' dir='ltr'><strong>capellam</strong></span> <span class='ocrx_word' id='word_1_34' title='bbox 697 1008 856 1062; x_wconf 85' lang='lat' dir='ltr'><strong>super</strong></span> <span class='ocrx_word' id='word_1_35' title='bbox 899 994 1076 1062; x_wconf 90' lang='lat' dir='ltr'><strong>ipsum</strong></span> <span class='ocrx_word' id='word_1_36' title='bbox 1107 994 1264 1064; x_wconf 57' lang='lat'><strong>{(640)</strong></span> <span class='ocrx_word' id='word_1_37' title='bbox 1293 997 1487 1064; x_wconf 64' lang='lat' dir='ltr'><strong>prresul</strong></span> <span class='ocrx_word' id='word_1_38' title='bbox 1519 996 1766 1051; x_wconf 82' lang='lat' dir='ltr'><strong>habebat.</strong></span> 
     </span>
    </p>
   </div>
   <div class='ocr_carea' id='block_1_8' title="bbox 181 1079 1642 1157">
    <p class='ocr_par' dir='ltr' id='par_1_8' title="bbox 181 1079 1642 1157">
     <span class='ocr_line' id='line_1_8' title="bbox 181 1079 1642 1157; baseline 0.005 -25"><span class='ocrx_word' id='word_1_39' title='bbox 181 1079 390 1134; x_wconf 78' lang='lat' dir='ltr'><strong>Dilexit</strong></span> <span class='ocrx_word' id='word_1_40' title='bbox 409 1082 645 1148; x_wconf 85' lang='lat' dir='ltr'><strong>clerum,</strong></span> <span class='ocrx_word' id='word_1_41' title='bbox 678 1083 770 1138; x_wconf 90' lang='lat' dir='ltr'><strong>sed</strong></span> <span class='ocrx_word' id='word_1_42' title='bbox 793 1098 858 1137; x_wconf 93' lang='lat' dir='ltr'><strong>eo</strong></span> <span class='ocrx_word' id='word_1_43' title='bbox 883 1085 1211 1138; x_wconf 78' lang='lat' dir='ltr'><strong>monachum</strong></span> <span class='ocrx_word' id='word_1_44' title='bbox 1240 1100 1395 1157; x_wconf 67' lang='lat' dir='ltr'><strong>.nage</strong></span> <span class='ocrx_word' id='word_1_45' title='bbox 1424 1103 1642 1140; x_wconf 85' lang='lat' dir='ltr'><strong>verum:</strong></span> 
     </span>
    </p>
   </div>
   <div class='ocr_carea' id='block_1_9' title="bbox 180 1171 1507 1245">
    <p class='ocr_par' dir='ltr' id='par_1_9' title="bbox 180 1171 1507 1245">
     <span class='ocr_line' id='line_1_9' title="bbox 180 1171 1507 1245; baseline 0.005 -21"><span class='ocrx_word' id='word_1_46' title='bbox 180 1171 419 1240; x_wconf 84' lang='lat' dir='ltr'><strong>Propria</strong></span> <span class='ocrx_word' id='word_1_47' title='bbox 446 1181 671 1241; x_wconf 87' lang='lat' dir='ltr'><strong>peccata</strong></span> <span class='ocrx_word' id='word_1_48' title='bbox 698 1189 995 1244; x_wconf 75' lang='lat' dir='ltr'><strong>generosus</strong></span> <span class='ocrx_word' id='word_1_49' title='bbox 1023 1176 1111 1230; x_wconf 84' lang='lat' dir='ltr'><strong>hic</strong></span> <span class='ocrx_word' id='word_1_50' title='bbox 1144 1187 1306 1245; x_wconf 58' lang='lat' dir='ltr'><strong>atque.</strong></span> <span class='ocrx_word' id='word_1_51' title='bbox 1337 1177 1507 1245; x_wconf 83' lang='lat' dir='ltr'><strong>piacia</strong></span> 
     </span>
    </p>
   </div>
   <div class='ocr_carea' id='block_1_10' title="bbox 177 1259 1525 1334">
    <p class='ocr_par' dir='ltr' id='par_1_10' title="bbox 177 1259 1525 1334">
     <span class='ocr_line' id='line_1_10' title="bbox 177 1259 1525 1334; baseline 0.002 -17"><span class='ocrx_word' id='word_1_52' title='bbox 177 1259 323 1317; x_wconf 85' lang='lat' dir='ltr'><strong>Cum</strong></span> <span class='ocrx_word' id='word_1_53' title='bbox 359 1263 553 1317; x_wconf 90' lang='lat' dir='ltr'><strong>studio</strong></span> <span class='ocrx_word' id='word_1_54' title='bbox 578 1279 775 1334; x_wconf 81' lang='lat' dir='ltr'><strong>magno</strong></span> <span class='ocrx_word' id='word_1_55' title='bbox 798 1266 1067 1334; x_wconf 80' lang='lat' dir='ltr'><strong>pandebat</strong></span> <span class='ocrx_word' id='word_1_56' title='bbox 1101 1266 1358 1322; x_wconf 76' lang='lat' dir='ltr'><strong>fratribus</strong></span> <span class='ocrx_word' id='word_1_57' title='bbox 1383 1281 1525 1321; x_wconf 90' lang='lat' dir='ltr'><strong>anno</strong></span> 
     </span>
    </p>
   </div>
   <div class='ocr_carea' id='block_1_11' title="bbox 181 1347 1505 1424">
    <p class='ocr_par' dir='ltr' id='par_1_11' title="bbox 181 1347 1505 1424">
     <span class='ocr_line' id='line_1_11' title="bbox 181 1347 1505 1424; baseline 0.004 -18"><span class='ocrx_word' id='word_1_58' title='bbox 181 1351 370 1419; x_wconf 86' lang='lat' dir='ltr'><strong>Omni,</strong></span> <span class='ocrx_word' id='word_1_59' title='bbox 408 1368 693 1424; x_wconf 76' lang='lat' dir='ltr'><strong>pomposze</strong></span> <span class='ocrx_word' id='word_1_60' title='bbox 716 1353 934 1410; x_wconf 77' lang='lat' dir='ltr'><strong>Christo</strong></span> <span class='ocrx_word' id='word_1_61' title='bbox 964 1347 1375 1422; x_wconf 76' lang='lat' dir='ltr'><strong>famulantibus,</strong></span> <span class='ocrx_word' id='word_1_62' title='bbox 1410 1372 1505 1412; x_wconf 91' lang='lat' dir='ltr'><strong>ore</strong></span> 
     </span>
    </p>
   </div>
   <div class='ocr_carea' id='block_1_12' title="bbox 180 1441 1771 1516">
    <p class='ocr_par' dir='ltr' id='par_1_12' title="bbox 180 1441 1771 1516">
     <span class='ocr_line' id='line_1_12' title="bbox 180 1441 1771 1516; baseline 0.004 -20"><span class='ocrx_word' id='word_1_63' title='bbox 180 1441 320 1496; x_wconf 82' lang='lat' dir='ltr'><strong>Cum</strong></span> <span class='ocrx_word' id='word_1_64' title='bbox 358 1445 613 1513; x_wconf 88' lang='lat' dir='ltr'><strong>proprio,</strong></span> <span class='ocrx_word' id='word_1_65' title='bbox 645 1447 918 1516; x_wconf 78' lang='lat' dir='ltr'><strong>plangens</strong></span> <span class='ocrx_word' id='word_1_66' title='bbox 938 1462 1061 1502; x_wconf 88' lang='lat' dir='ltr'><strong>cum</strong></span> <span class='ocrx_word' id='word_1_67' title='bbox 1109 1447 1291 1512; x_wconf 88' lang='lat' dir='ltr'><strong>corde,</strong></span> <span class='ocrx_word' id='word_1_68' title='bbox 1317 1459 1503 1516; x_wconf 82' lang='lat' dir='ltr'><strong>petens</strong></span> <span class='ocrx_word' id='word_1_69' title='bbox 1532 1449 1771 1503; x_wconf 85' lang='lat' dir='ltr'><strong>veniam-</strong></span> 
     </span>
    </p>
   </div>
   <div class='ocr_carea' id='block_1_13' title="bbox 182 1532 1696 1611">
    <p class='ocr_par' dir='ltr' id='par_1_13' title="bbox 182 1532 1696 1611">
     <span class='ocr_line' id='line_1_13' title="bbox 182 1532 1696 1611; baseline 0.003 -23"><span class='ocrx_word' id='word_1_70' title='bbox 182 1532 412 1589; x_wconf 80' lang='lat' dir='ltr'><strong>Fratres</strong></span> <span class='ocrx_word' id='word_1_71' title='bbox 437 1551 505 1590; x_wconf 90' lang='lat' dir='ltr'><strong>ac</strong></span> <span class='ocrx_word' id='word_1_72' title='bbox 527 1536 695 1590; x_wconf 87' lang='lat' dir='ltr'><strong>abbas</strong></span> <span class='ocrx_word' id='word_1_73' title='bbox 725 1537 843 1606; x_wconf 85' lang='lat' dir='ltr'><strong>ejus</strong></span> <span class='ocrx_word' id='word_1_74' title='bbox 866 1538 1058 1591; x_wconf 85' lang='lat' dir='ltr'><strong>delicta</strong></span> <span class='ocrx_word' id='word_1_75' title='bbox 1093 1538 1373 1604; x_wconf 77' lang='lat' dir='ltr'><strong>lavabant;</strong></span> <span class='ocrx_word' id='word_1_76' title='bbox 1541 1538 1696 1611; x_wconf 82' lang='lat' dir='ltr'><strong>[quc;</strong></span> 
     </span>
    </p>
   </div>
   <div class='ocr_carea' id='block_1_14' title="bbox 183 1624 1496 1698">
    <p class='ocr_par' dir='ltr' id='par_1_14' title="bbox 183 1624 1496 1698">
     <span class='ocr_line' id='line_1_14' title="bbox 183 1624 1496 1698; baseline 0.004 -20"><span class='ocrx_word' id='word_1_77' title='bbox 183 1624 450 1681; x_wconf 67' lang='lat' dir='ltr'><strong>Ecclesiae</strong></span> <span class='ocrx_word' id='word_1_78' title='bbox 475 1643 708 1696; x_wconf 90' lang='lat' dir='ltr'><strong>quorum</strong></span> <span class='ocrx_word' id='word_1_79' title='bbox 739 1628 899 1682; x_wconf 86' lang='lat' dir='ltr'><strong>solito</strong></span> <span class='ocrx_word' id='word_1_80' title='bbox 921 1629 1084 1682; x_wconf 85' lang='lat' dir='ltr'><strong>dabat</strong></span> <span class='ocrx_word' id='word_1_81' title='bbox 1114 1630 1311 1698; x_wconf 72' lang='lat' dir='ltr'><strong>optima</strong></span> <span class='ocrx_word' id='word_1_82' title='bbox 1336 1629 1496 1694; x_wconf 90' lang='lat' dir='ltr'><strong>dona,</strong></span> 
     </span>
    </p>
   </div>
   <div class='ocr_carea' id='block_1_15' title="bbox 183 1716 1550 1787">
    <p class='ocr_par' dir='ltr' id='par_1_15' title="bbox 183 1716 1550 1787">
     <span class='ocr_line' id='line_1_15' title="bbox 183 1716 1550 1787; baseline 0.004 -17"><span class='ocrx_word' id='word_1_83' title='bbox 183 1716 300 1772; x_wconf 75' lang='lat' dir='ltr'><strong>llex</strong></span> <span class='ocrx_word' id='word_1_84' title='bbox 337 1718 552 1771; x_wconf 87' lang='lat' dir='ltr'><strong>etenim</strong></span> <span class='ocrx_word' id='word_1_85' title='bbox 577 1733 852 1787; x_wconf 81' lang='lat' dir='ltr'><strong>nunquam</strong></span> <span class='ocrx_word' id='word_1_86' title='bbox 875 1719 1020 1774; x_wconf 79' lang='lat' dir='ltr'><strong>dedit</strong></span> <span class='ocrx_word' id='word_1_87' title='bbox 1049 1721 1191 1775; x_wconf 84' lang='lat' dir='ltr'><strong>ullus</strong></span> <span class='ocrx_word' id='word_1_88' title='bbox 1215 1720 1286 1773; x_wconf 86' lang='lat' dir='ltr'><strong>ibi</strong></span> <span class='ocrx_word' id='word_1_89' title='bbox 1310 1721 1550 1775; x_wconf 82' lang='lat' dir='ltr'><strong>meliora.</strong></span> 
     </span>
    </p>
   </div>
   <div class='ocr_carea' id='block_1_16' title="bbox 181 1807 1446 1880">
    <p class='ocr_par' dir='ltr' id='par_1_16' title="bbox 181 1807 1446 1880">
     <span class='ocr_line' id='line_1_16' title="bbox 181 1807 1446 1880; baseline 0.003 -20"><span class='ocrx_word' id='word_1_90' title='bbox 181 1807 432 1878; x_wconf 74' lang='lat' dir='ltr'><strong>Contigit</strong></span> <span class='ocrx_word' id='word_1_91' title='bbox 463 1808 545 1862; x_wconf 89' lang='lat' dir='ltr'><strong>ire</strong></span> <span class='ocrx_word' id='word_1_92' title='bbox 572 1809 736 1863; x_wconf 84' lang='lat' dir='ltr'><strong>semel</strong></span> <span class='ocrx_word' id='word_1_93' title='bbox 760 1809 904 1873; x_wconf 75' lang='lat' dir='ltr'><strong>illuc,</strong></span> <span class='ocrx_word' id='word_1_94' title='bbox 931 1825 1243 1880; x_wconf 85' lang='lat' dir='ltr'><strong>moremque</strong></span> <span class='ocrx_word' id='word_1_95' title='bbox 1264 1820 1446 1864; x_wconf 88' lang='lat' dir='ltr'><strong>tenere</strong></span> 
     </span>
    </p>
   </div>
   <div class='ocr_carea' id='block_1_17' title="bbox 183 1898 1513 1969">
    <p class='ocr_par' dir='ltr' id='par_1_17' title="bbox 183 1898 1513 1969">
     <span class='ocr_line' id='line_1_17' title="bbox 183 1898 1513 1969; baseline 0.004 -18"><span class='ocrx_word' id='word_1_96' title='bbox 183 1898 364 1964; x_wconf 87' lang='lat' dir='ltr'><strong>Illum,</strong></span> <span class='ocrx_word' id='word_1_97' title='bbox 394 1915 564 1969; x_wconf 85' lang='lat' dir='ltr'><strong>quem</strong></span> <span class='ocrx_word' id='word_1_98' title='bbox 596 1901 798 1955; x_wconf 84' lang='lat' dir='ltr'><strong>dudum</strong></span> <span class='ocrx_word' id='word_1_99' title='bbox 829 1902 1058 1957; x_wconf 80' lang='lat' dir='ltr'><strong>retinere</strong></span> <span class='ocrx_word' id='word_1_100' title='bbox 1089 1903 1294 1958; x_wconf 83' lang='lat' dir='ltr'><strong>solebat</strong></span> <span class='ocrx_word' id='word_1_101' title='bbox 1315 1903 1368 1956; x_wconf 85' lang='lat' dir='ltr'><strong>in</strong></span> <span class='ocrx_word' id='word_1_102' title='bbox 1393 1920 1513 1968; x_wconf 90' lang='lat' dir='ltr'><strong>usu,</strong></span> 
     </span>
    </p>
   </div>
   <div class='ocr_carea' id='block_1_18' title="bbox 186 1989 1528 2061">
    <p class='ocr_par' dir='ltr' id='par_1_18' title="bbox 186 1989 1528 2061">
     <span class='ocr_line' id='line_1_18' title="bbox 186 1989 1528 2061; baseline 0.001 -16"><span class='ocrx_word' id='word_1_103' title='bbox 186 1989 411 2045; x_wconf 86' lang='lat' dir='ltr'><strong>Scilicet</strong></span> <span class='ocrx_word' id='word_1_104' title='bbox 437 1992 704 2046; x_wconf 83' lang='lat' dir='ltr'><strong>assistens</strong></span> <span class='ocrx_word' id='word_1_105' title='bbox 727 1993 791 2045; x_wconf 91' lang='lat' dir='ltr'><strong>ad</strong></span> <span class='ocrx_word' id='word_1_106' title='bbox 819 2008 956 2060; x_wconf 83' lang='lat' dir='ltr'><strong>opus</strong></span> <span class='ocrx_word' id='word_1_107' title='bbox 990 1995 1173 2046; x_wconf 88' lang='lat' dir='ltr'><strong>divum</strong></span> <span class='ocrx_word' id='word_1_108' title='bbox 1197 1993 1369 2048; x_wconf 87' lang='lat' dir='ltr'><strong>bonus</strong></span> <span class='ocrx_word' id='word_1_109' title='bbox 1395 1993 1528 2061; x_wconf 84' lang='lat' dir='ltr'><strong>ipse,</strong></span> 
     </span>
    </p>
   </div>
   <div class='ocr_carea' id='block_1_19' title="bbox 185 2080 1518 2154">
    <p class='ocr_par' dir='ltr' id='par_1_19' title="bbox 185 2080 1518 2154">
     <span class='ocr_line' id='line_1_19' title="bbox 185 2080 1518 2154; baseline 0.004 -21"><span class='ocrx_word' id='word_1_110' title='bbox 185 2080 380 2134; x_wconf 85' lang='lat' dir='ltr'><strong>Stabat</strong></span> <span class='ocrx_word' id='word_1_111' title='bbox 414 2080 473 2133; x_wconf 92' lang='lat' dir='ltr'><strong>in</strong></span> <span class='ocrx_word' id='word_1_112' title='bbox 499 2082 714 2136; x_wconf 82' lang='lat' dir='ltr'><strong>excelso</strong></span> <span class='ocrx_word' id='word_1_113' title='bbox 745 2083 899 2148; x_wconf 91' lang='lat' dir='ltr'><strong>solio,</strong></span> <span class='ocrx_word' id='word_1_114' title='bbox 927 2098 1035 2136; x_wconf 91' lang='lat' dir='ltr'><strong>non</strong></span> <span class='ocrx_word' id='word_1_115' title='bbox 1065 2085 1225 2138; x_wconf 87' lang='lat' dir='ltr'><strong>corde</strong></span> <span class='ocrx_word' id='word_1_116' title='bbox 1248 2085 1480 2154; x_wconf 86' lang='lat' dir='ltr'><strong>superbo</strong></span> <span class='ocrx_word' id='word_1_117' title='bbox 1505 2101 1518 2148; x_wconf 89' lang='lat'><strong>;</strong></span> 
     </span>
    </p>
   </div>
   <div class='ocr_carea' id='block_1_20' title="bbox 184 2171 1547 2244">
    <p class='ocr_par' dir='ltr' id='par_1_20' title="bbox 184 2171 1547 2244">
     <span class='ocr_line' id='line_1_20' title="bbox 184 2171 1547 2244; baseline 0.001 -20"><span class='ocrx_word' id='word_1_118' title='bbox 184 2171 588 2241; x_wconf 76' lang='lat' dir='ltr'><strong>Aspiciensque</strong></span> <span class='ocrx_word' id='word_1_119' title='bbox 621 2173 868 2238; x_wconf 86' lang='lat' dir='ltr'><strong>chorum,</strong></span> <span class='ocrx_word' id='word_1_120' title='bbox 899 2173 1064 2229; x_wconf 80' lang='lat' dir='ltr'><strong>facies</strong></span> <span class='ocrx_word' id='word_1_121' title='bbox 1094 2174 1227 2228; x_wconf 82' lang='lat' dir='ltr'><strong>vidit</strong></span> <span class='ocrx_word' id='word_1_122' title='bbox 1254 2190 1547 2244; x_wconf 87' lang='lat' dir='ltr'><strong>puerorum</strong></span> 
     </span>
    </p>
   </div>
   <div class='ocr_carea' id='block_1_21' title="bbox 184 2262 1458 2334">
    <p class='ocr_par' dir='ltr' id='par_1_21' title="bbox 184 2262 1458 2334">
     <span class='ocr_line' id='line_1_21' title="bbox 184 2262 1458 2334; baseline 0.001 -18"><span class='ocrx_word' id='word_1_123' title='bbox 184 2262 242 2317; x_wconf 88' lang='lat' dir='ltr'><strong>In</strong></span> <span class='ocrx_word' id='word_1_124' title='bbox 274 2274 422 2317; x_wconf 84' lang='lat' dir='ltr'><strong>terra</strong></span> <span class='ocrx_word' id='word_1_125' title='bbox 446 2279 672 2332; x_wconf 89' lang='lat' dir='ltr'><strong>pronas,</strong></span> <span class='ocrx_word' id='word_1_126' title='bbox 706 2265 996 2334; x_wconf 87' lang='lat' dir='ltr'><strong>psallentes</strong></span> <span class='ocrx_word' id='word_1_127' title='bbox 1022 2265 1252 2320; x_wconf 90' lang='lat' dir='ltr'><strong>dulciter</strong></span> <span class='ocrx_word' id='word_1_128' title='bbox 1273 2267 1458 2330; x_wconf 84' lang='lat' dir='ltr'><strong>horas,</strong></span> 
     </span>
    </p>
   </div>
   <div class='ocr_carea' id='block_1_22' title="bbox 186 2353 1760 2426">
    <p class='ocr_par' dir='ltr' id='par_1_22' title="bbox 186 2353 1760 2426">
     <span class='ocr_line' id='line_1_22' title="bbox 186 2353 1760 2426; baseline 0.003 -20"><span class='ocrx_word' id='word_1_129' title='bbox 186 2353 260 2409; x_wconf 87' lang='lat' dir='ltr'><strong>De</strong></span> <span class='ocrx_word' id='word_1_130' title='bbox 287 2354 498 2422; x_wconf 82' lang='lat' dir='ltr'><strong>quibus</strong></span> <span class='ocrx_word' id='word_1_131' title='bbox 533 2356 824 2422; x_wconf 88' lang='lat' dir='ltr'><strong>admirans,</strong></span> <span class='ocrx_word' id='word_1_132' title='bbox 854 2357 924 2410; x_wconf 87' lang='lat' dir='ltr'><strong>ita</strong></span> <span class='ocrx_word' id='word_1_133' title='bbox 971 2373 1070 2411; x_wconf 91' lang='lat' dir='ltr'><strong>cur</strong></span> <span class='ocrx_word' id='word_1_134' title='bbox 1103 2366 1268 2422; x_wconf 82' lang='lat' dir='ltr'><strong>stant,</strong></span> <span class='ocrx_word' id='word_1_135' title='bbox 1314 2371 1477 2426; x_wconf 88' lang='lat' dir='ltr'><strong>seque</strong></span> <span class='ocrx_word' id='word_1_136' title='bbox 1500 2355 1760 2424; x_wconf 76' lang='lat' dir='ltr'><strong>regii-ant.</strong></span> 
     </span>
    </p>
   </div>
   <div class='ocr_carea' id='block_1_23' title="bbox 185 2444 1640 2517">
    <p class='ocr_par' dir='ltr' id='par_1_23' title="bbox 185 2444 1640 2517">
     <span class='ocr_line' id='line_1_23' title="bbox 185 2444 1640 2517; baseline 0.002 -20"><span class='ocrx_word' id='word_1_137' title='bbox 185 2444 541 2500; x_wconf 81' lang='lat' dir='ltr'><strong>Amonaehis</strong></span> <span class='ocrx_word' id='word_1_138' title='bbox 563 2446 768 2511; x_wconf 81' lang='lat' dir='ltr'><strong>didicit,</strong></span> <span class='ocrx_word' id='word_1_139' title='bbox 799 2463 1011 2516; x_wconf 85' lang='lat' dir='ltr'><strong>semper</strong></span> <span class='ocrx_word' id='word_1_140' title='bbox 1041 2449 1186 2517; x_wconf 88' lang='lat' dir='ltr'><strong>quod</strong></span> <span class='ocrx_word' id='word_1_141' title='bbox 1217 2456 1381 2512; x_wconf 88' lang='lat' dir='ltr'><strong>stant,</strong></span> <span class='ocrx_word' id='word_1_142' title='bbox 1415 2448 1485 2500; x_wconf 83' lang='lat' dir='ltr'><strong>ita</strong></span> <span class='ocrx_word' id='word_1_143' title='bbox 1513 2447 1600 2500; x_wconf 71' lang='lat' dir='ltr'><strong>ﬁxi</strong></span> <span class='ocrx_word' id='word_1_144' title='bbox 1627 2466 1640 2514; x_wconf 93' lang='lat'><strong>;</strong></span> 
     </span>
    </p>
   </div>
   <div class='ocr_carea' id='block_1_24' title="bbox 187 2533 1434 2607">
    <p class='ocr_par' dir='ltr' id='par_1_24' title="bbox 187 2533 1434 2607">
     <span class='ocr_line' id='line_1_24' title="bbox 187 2533 1434 2607; baseline 0.005 -20"><span class='ocrx_word' id='word_1_145' title='bbox 187 2533 301 2590; x_wconf 88' lang='lat' dir='ltr'><strong>Iloc</strong></span> <span class='ocrx_word' id='word_1_146' title='bbox 331 2551 444 2590; x_wconf 87' lang='lat' dir='ltr'><strong>non</strong></span> <span class='ocrx_word' id='word_1_147' title='bbox 473 2537 674 2591; x_wconf 91' lang='lat' dir='ltr'><strong>oblitus</strong></span> <span class='ocrx_word' id='word_1_148' title='bbox 692 2537 967 2607; x_wconf 89' lang='lat' dir='ltr'><strong>jucundus</strong></span> <span class='ocrx_word' id='word_1_149' title='bbox 993 2538 1102 2592; x_wconf 76' lang='lat' dir='ltr'><strong>dux</strong></span> <span class='ocrx_word' id='word_1_150' title='bbox 1123 2547 1176 2592; x_wconf 87' lang='lat' dir='ltr'><strong>et</strong></span> <span class='ocrx_word' id='word_1_151' title='bbox 1197 2539 1434 2607; x_wconf 85' lang='lat' dir='ltr'><strong>opimus,</strong></span> 
     </span>
    </p>
   </div>
   <div class='ocr_carea' id='block_1_25' title="bbox 188 2625 1552 2699">
    <p class='ocr_par' dir='ltr' id='par_1_25' title="bbox 188 2625 1552 2699">
     <span class='ocr_line' id='line_1_25' title="bbox 188 2625 1552 2699; baseline 0.002 -20"><span class='ocrx_word' id='word_1_152' title='bbox 188 2625 270 2680; x_wconf 86' lang='lat' dir='ltr'><strong>ire</strong></span> <span class='ocrx_word' id='word_1_153' title='bbox 293 2642 465 2698; x_wconf 85' lang='lat' dir='ltr'><strong>super</strong></span> <span class='ocrx_word' id='word_1_154' title='bbox 495 2636 694 2683; x_wconf 88' lang='lat' dir='ltr'><strong>tectum</strong></span> <span class='ocrx_word' id='word_1_155' title='bbox 721 2629 858 2682; x_wconf 90' lang='lat' dir='ltr'><strong>clam</strong></span> <span class='ocrx_word' id='word_1_156' title='bbox 888 2630 1068 2699; x_wconf 76' lang='lat' dir='ltr'><strong>templi</strong></span> <span class='ocrx_word' id='word_1_157' title='bbox 1104 2628 1231 2684; x_wconf 72' lang='lat' dir='ltr'><strong>fecit</strong></span> <span class='ocrx_word' id='word_1_158' title='bbox 1266 2628 1552 2683; x_wconf 83' lang='lat' dir='ltr'><strong>honestum</strong></span> 
     </span>
    </p>
   </div>
   <div class='ocr_carea' id='block_1_26' title="bbox 190 2718 1762 2788">
    <p class='ocr_par' dir='ltr' id='par_1_26' title="bbox 190 2718 1762 2788">
     <span class='ocr_line' id='line_1_26' title="bbox 190 2718 1762 2788; baseline 0.002 -18"><span class='ocrx_word' id='word_1_159' title='bbox 190 2718 494 2784; x_wconf 84' lang='lat' dir='ltr'><strong>Quemdam</strong></span> <span class='ocrx_word' id='word_1_160' title='bbox 551 2720 748 2788; x_wconf 85' lang='lat' dir='ltr'><strong>quippe</strong></span> <span class='ocrx_word' id='word_1_161' title='bbox 792 2720 968 2772; x_wconf 89' lang='lat' dir='ltr'><strong>virum</strong></span> <span class='ocrx_word' id='word_1_162' title='bbox 1017 2735 1140 2773; x_wconf 88' lang='lat' dir='ltr'><strong>cum</strong></span> <span class='ocrx_word' id='word_1_163' title='bbox 1169 2721 1424 2785; x_wconf 88' lang='lat' dir='ltr'><strong>nummis,</strong></span> <span class='ocrx_word' id='word_1_164' title='bbox 1477 2720 1590 2772; x_wconf 91' lang='lat' dir='ltr'><strong>vult</strong></span> <span class='ocrx_word' id='word_1_165' title='bbox 1636 2719 1762 2787; x_wconf 85' lang='lat' dir='ltr'><strong>quia</strong></span> 
     </span>
    </p>
   </div>
   <div class='ocr_carea' id='block_1_27' title="bbox 1001 2809 1691 2888">
    <p class='ocr_par' dir='ltr' id='par_1_27' title="bbox 1021 2809 1691 2888">
     <span class='ocr_line' id='line_1_27' title="bbox 1021 2809 1691 2888; baseline 0.001 -26"><span class='ocrx_word' id='word_1_166' title='bbox 1021 2882 1065 2888; x_wconf 65' lang='lat'>_</span> <span class='ocrx_word' id='word_1_167' title='bbox 1467 2809 1691 2881; x_wconf 87' lang='lat' dir='ltr'><strong>[mirum</strong></span> 
     </span>
    </p>
   </div>
   <div class='ocr_carea' id='block_1_28' title="bbox 192 2899 1538 2975">
    <p class='ocr_par' dir='ltr' id='par_1_28' title="bbox 192 2899 1538 2975">
     <span class='ocr_line' id='line_1_28' title="bbox 192 2899 1538 2975; baseline 0.001 -21"><span class='ocrx_word' id='word_1_168' title='bbox 192 2899 309 2971; x_wconf 92' lang='lat' dir='ltr'><strong>Ipse</strong></span> <span class='ocrx_word' id='word_1_169' title='bbox 342 2902 549 2968; x_wconf 88' lang='lat' dir='ltr'><strong>videre,</strong></span> <span class='ocrx_word' id='word_1_170' title='bbox 582 2902 766 2957; x_wconf 88' lang='lat' dir='ltr'><strong>decem</strong></span> <span class='ocrx_word' id='word_1_171' title='bbox 792 2902 960 2957; x_wconf 90' lang='lat' dir='ltr'><strong>libras</strong></span> <span class='ocrx_word' id='word_1_172' title='bbox 984 2900 1069 2956; x_wconf 89' lang='lat' dir='ltr'><strong>vir</strong></span> <span class='ocrx_word' id='word_1_173' title='bbox 1091 2901 1263 2971; x_wconf 88' lang='lat' dir='ltr'><strong>jactat</strong></span> <span class='ocrx_word' id='word_1_174' title='bbox 1280 2901 1348 2957; x_wconf 91' lang='lat' dir='ltr'><strong>ab</strong></span> <span class='ocrx_word' id='word_1_175' title='bbox 1369 2902 1479 2956; x_wconf 64' lang='lat' dir='ltr'><strong>aede</strong></span> <span class='ocrx_word' id='word_1_176' title='bbox 1536 2973 1538 2975; x_wconf 92' lang='lat'><em>_</em></span> 
     </span>
    </p>
   </div>
   <div class='ocr_carea' id='block_1_29' title="bbox 193 2990 1653 3066">
    <p class='ocr_par' dir='ltr' id='par_1_29' title="bbox 193 2990 1653 3066">
     <span class='ocr_line' id='line_1_29' title="bbox 193 2990 1653 3066; baseline 0.002 -22"><span class='ocrx_word' id='word_1_177' title='bbox 193 2990 248 3045; x_wconf 92' lang='lat' dir='ltr'><strong>In</strong></span> <span class='ocrx_word' id='word_1_178' title='bbox 273 2993 568 3066; x_wconf 86' lang='lat' dir='ltr'><strong>medioque</strong></span> <span class='ocrx_word' id='word_1_179' title='bbox 594 2993 1040 3061; x_wconf 88' lang='lat' dir='ltr'><strong>chorostrepitus</strong></span> <span class='ocrx_word' id='word_1_180' title='bbox 1056 3002 1233 3059; x_wconf 77' lang='lat' dir='ltr'><strong>sonat,</strong></span> <span class='ocrx_word' id='word_1_181' title='bbox 1261 3001 1316 3047; x_wconf 89' lang='lat' dir='ltr'><strong>et</strong></span> <span class='ocrx_word' id='word_1_182' title='bbox 1340 3008 1653 3062; x_wconf 86' lang='lat' dir='ltr'><strong>puerorum,</strong></span> 
     </span>
    </p>
   </div>
   <div class='ocr_carea' id='block_1_30' title="bbox 192 3080 1460 3156">
    <p class='ocr_par' dir='ltr' id='par_1_30' title="bbox 192 3080 1460 3156">
     <span class='ocr_line' id='line_1_30' title="bbox 192 3080 1460 3156; baseline 0 -20"><span class='ocrx_word' id='word_1_183' title='bbox 192 3080 436 3148; x_wconf 81' lang='lat' dir='ltr'><strong>Quorum</strong></span> <span class='ocrx_word' id='word_1_184' title='bbox 467 3085 732 3156; x_wconf 75' lang='lat' dir='ltr'><strong>palpebra:</strong></span> <span class='ocrx_word' id='word_1_185' title='bbox 755 3083 970 3152; x_wconf 89' lang='lat' dir='ltr'><strong>penitus</strong></span> <span class='ocrx_word' id='word_1_186' title='bbox 995 3097 1094 3137; x_wconf 90' lang='lat' dir='ltr'><strong>nec</strong></span> <span class='ocrx_word' id='word_1_187' title='bbox 1117 3082 1196 3137; x_wconf 85' lang='lat' dir='ltr'><strong>sic</strong></span> <span class='ocrx_word' id='word_1_188' title='bbox 1220 3091 1460 3151; x_wconf 88' lang='lat' dir='ltr'><strong>patuere,</strong></span> 
     </span>
    </p>
   </div>
   <div class='ocr_carea' id='block_1_31' title="bbox 193 3174 1549 3246">
    <p class='ocr_par' dir='ltr' id='par_1_31' title="bbox 193 3174 1549 3246">
     <span class='ocr_line' id='line_1_31' title="bbox 193 3174 1549 3246; baseline -0.001 -18"><span class='ocrx_word' id='word_1_189' title='bbox 193 3177 416 3246; x_wconf 75' lang='lat' dir='ltr'><strong>Aspexit</strong></span> <span class='ocrx_word' id='word_1_190' title='bbox 442 3190 748 3240; x_wconf 76' lang='lat' dir='ltr'><strong>nummum,</strong></span> <span class='ocrx_word' id='word_1_191' title='bbox 775 3174 948 3245; x_wconf 79' lang='lat' dir='ltr'><strong>tetigit</strong></span> <span class='ocrx_word' id='word_1_192' title='bbox 970 3189 1078 3228; x_wconf 89' lang='lat' dir='ltr'><strong>non</strong></span> <span class='ocrx_word' id='word_1_193' title='bbox 1113 3174 1256 3229; x_wconf 89' lang='lat' dir='ltr'><strong>ullus</strong></span> <span class='ocrx_word' id='word_1_194' title='bbox 1278 3181 1332 3228; x_wconf 88' lang='lat' dir='ltr'><strong>et</strong></span> <span class='ocrx_word' id='word_1_195' title='bbox 1360 3188 1549 3228; x_wconf 86' lang='lat' dir='ltr'><strong>unum.</strong></span> 
     </span>
    </p>
   </div>
   <div class='ocr_carea' id='block_1_32' title="bbox 193 3265 1584 3338">
    <p class='ocr_par' dir='ltr' id='par_1_32' title="bbox 193 3265 1584 3338">
     <span class='ocr_line' id='line_1_32' title="bbox 193 3265 1584 3338; baseline -0.002 -18"><span class='ocrx_word' id='word_1_196' title='bbox 193 3265 346 3322; x_wconf 78' lang='lat' dir='ltr'><strong>Unde</strong></span> <span class='ocrx_word' id='word_1_197' title='bbox 368 3267 546 3338; x_wconf 83' lang='lat' dir='ltr'><strong>magis</strong></span> <span class='ocrx_word' id='word_1_198' title='bbox 565 3268 804 3338; x_wconf 84' lang='lat' dir='ltr'><strong>gaudens</strong></span> <span class='ocrx_word' id='word_1_199' title='bbox 827 3265 1122 3335; x_wconf 66' lang='lat' dir='ltr'><strong>prreclarus</strong></span> <span class='ocrx_word' id='word_1_200' title='bbox 1150 3265 1280 3330; x_wconf 79' lang='lat' dir='ltr'><strong>dux,</strong></span> <span class='ocrx_word' id='word_1_201' title='bbox 1309 3265 1386 3319; x_wconf 87' lang='lat' dir='ltr'><strong>ait</strong></span> <span class='ocrx_word' id='word_1_202' title='bbox 1406 3273 1584 3318; x_wconf 86' lang='lat' dir='ltr'><strong>autem</strong></span> 
     </span>
    </p>
   </div>
   <div class='ocr_carea' id='block_1_33' title="bbox 194 3355 1445 3424">
    <p class='ocr_par' dir='ltr' id='par_1_33' title="bbox 194 3355 1445 3424">
     <span class='ocr_line' id='line_1_33' title="bbox 194 3355 1445 3424; baseline -0.002 -15"><span class='ocrx_word' id='word_1_203' title='bbox 194 3356 249 3410; x_wconf 89' lang='lat' dir='ltr'><strong>In</strong></span> <span class='ocrx_word' id='word_1_204' title='bbox 280 3359 513 3412; x_wconf 66' lang='lat' dir='ltr'><strong>modicis</strong></span> <span class='ocrx_word' id='word_1_205' title='bbox 541 3357 701 3412; x_wconf 88' lang='lat' dir='ltr'><strong>annis</strong></span> <span class='ocrx_word' id='word_1_206' title='bbox 735 3365 863 3411; x_wconf 89' lang='lat' dir='ltr'><strong>sunt</strong></span> <span class='ocrx_word' id='word_1_207' title='bbox 882 3356 938 3410; x_wconf 87' lang='lat' dir='ltr'><strong>bi</strong></span> <span class='ocrx_word' id='word_1_208' title='bbox 960 3356 1112 3424; x_wconf 91' lang='lat' dir='ltr'><strong>pueri</strong></span> <span class='ocrx_word' id='word_1_209' title='bbox 1143 3356 1291 3408; x_wconf 88' lang='lat' dir='ltr'><strong>velut</strong></span> <span class='ocrx_word' id='word_1_210' title='bbox 1315 3355 1445 3419; x_wconf 90' lang='lat' dir='ltr'><strong>alni,</strong></span> 
     </span>
    </p>
   </div>
   <div class='ocr_carea' id='block_1_34' title="bbox 196 3446 1464 3518">
    <p class='ocr_par' dir='ltr' id='par_1_34' title="bbox 196 3446 1464 3518">
     <span class='ocr_line' id='line_1_34' title="bbox 196 3446 1464 3518; baseline -0.003 -17"><span class='ocrx_word' id='word_1_211' title='bbox 196 3447 340 3504; x_wconf 83' lang='lat' dir='ltr'><strong>Talis</strong></span> <span class='ocrx_word' id='word_1_212' title='bbox 367 3449 620 3504; x_wconf 86' lang='lat' dir='ltr'><strong>laudetur</strong></span> <span class='ocrx_word' id='word_1_213' title='bbox 635 3448 811 3518; x_wconf 87' lang='lat' dir='ltr'><strong>jocus,</strong></span> <span class='ocrx_word' id='word_1_214' title='bbox 841 3461 905 3502; x_wconf 88' lang='lat' dir='ltr'><strong>ac</strong></span> <span class='ocrx_word' id='word_1_215' title='bbox 930 3446 1187 3502; x_wconf 87' lang='lat' dir='ltr'><strong>recitetur</strong></span> <span class='ocrx_word' id='word_1_216' title='bbox 1235 3453 1464 3498; x_wconf 89' lang='lat' dir='ltr'><strong>ametur.</strong></span> 
     </span>
    </p>
   </div>
   <div class='ocr_carea' id='block_1_35' title="bbox 789 3578 1168 3637">
    <p class='ocr_par' dir='ltr' id='par_1_35' title="bbox 789 3578 1168 3637">
     <span class='ocr_line' id='line_1_35' title="bbox 789 3578 1168 3637; baseline -0.011 0"><span class='ocrx_word' id='word_1_217' title='bbox 789 3579 1015 3637; x_wconf 75' lang='lat' dir='ltr'><strong>CAPUT</strong></span> <span class='ocrx_word' id='word_1_218' title='bbox 1052 3578 1168 3634; x_wconf 69' lang='lat' dir='ltr'><strong>XV.</strong></span> 
     </span>
    </p>
   </div>
   <div class='ocr_carea' id='block_1_36' title="bbox 201 3706 1761 3782">
    <p class='ocr_par' dir='ltr' id='par_1_36' title="bbox 201 3706 1761 3782">
     <span class='ocr_line' id='line_1_36' title="bbox 201 3706 1761 3782; baseline -0.004 -16"><span class='ocrx_word' id='word_1_219' title='bbox 201 3712 348 3777; x_wconf 82' lang='lat' dir='ltr'><strong>Quod</strong></span> <span class='ocrx_word' id='word_1_220' title='bbox 385 3730 418 3766; x_wconf 90' lang='lat' dir='ltr'><strong>a</strong></span> <span class='ocrx_word' id='word_1_221' title='bbox 476 3714 686 3782; x_wconf 68' lang='lat' dir='ltr'><strong>regibus</strong></span> <span class='ocrx_word' id='word_1_222' title='bbox 728 3712 1061 3770; x_wconf 83' lang='lat' dir='ltr'><strong>Theutonicis</strong></span> <span class='ocrx_word' id='word_1_223' title='bbox 1101 3712 1240 3764; x_wconf 83' lang='lat' dir='ltr'><strong>venit</strong></span> <span class='ocrx_word' id='word_1_224' title='bbox 1280 3725 1388 3782; x_wconf 74' lang='lat' dir='ltr'><strong>nios</strong></span> <span class='ocrx_word' id='word_1_225' title='bbox 1433 3706 1761 3782; x_wconf 68' lang='lat' dir='ltr'><strong>ueriundandi</strong></span> 
     </span>
    </p>
   </div>
   <div class='ocr_carea' id='block_1_37' title="bbox 264 3777 1763 3903">
    <p class='ocr_par' dir='ltr' id='par_1_37' title="bbox 264 3777 1763 3903">
     <span class='ocr_line' id='line_1_37' title="bbox 264 3777 1763 3903; baseline -0.005 -68"><span class='ocrx_word' id='word_1_226' title='bbox 264 3777 607 3847; x_wconf 45' lang='lat' dir='ltr'><strong>ecclesias,“</strong></span> <span class='ocrx_word' id='word_1_227' title='bbox 629 3783 763 3852; x_wconf 82' lang='lat' dir='ltr'><strong>quod</strong></span> <span class='ocrx_word' id='word_1_228' title='bbox 793 3782 1104 3903; x_wconf 54' lang='lat' dir='ltr'><strong>Bonifacin?</strong></span> <span class='ocrx_word' id='word_1_229' title='bbox 1137 3780 1334 3848; x_wconf 83' lang='lat' dir='ltr'><strong>accepit</strong></span> <span class='ocrx_word' id='word_1_230' title='bbox 1361 3777 1481 3830; x_wconf 84' lang='lat' dir='ltr'><strong>inde</strong></span> <span class='ocrx_word' id='word_1_231' title='bbox 1509 3778 1763 3845; x_wconf 75' lang='lat' dir='ltr'><strong>pazniten-</strong></span> 
     </span>
     <span class='ocr_line' id='line_1_38' title="bbox 270 3851 1147 3903; baseline 0 0"><span class='ocrx_word' id='word_1_232' title='bbox 270 3855 400 3903; x_wconf 85' lang='lat' dir='ltr'><strong>tiam</strong></span> <span class='ocrx_word' id='word_1_233' title='bbox 437 3871 470 3903; x_wconf 86' lang='lat' dir='ltr'><strong>a</strong></span> <span class='ocrx_word' id='word_1_234' title='bbox 499 3853 732 3903; x_wconf 83' lang='lat' dir='ltr'><strong>Guidone</strong></span> <span class='ocrx_word' id='word_1_235' title='bbox 768 3852 911 3903; x_wconf 67' lang='lat' dir='ltr'><strong>(Sili</strong></span> <span class='ocrx_word' id='word_1_236' title='bbox 945 3851 1074 3903; x_wconf 91' lang='lat' dir='ltr'><strong>abba</strong></span> <span class='ocrx_word' id='word_1_237' title='bbox 1103 3867 1147 3903; x_wconf 91' lang='lat' dir='ltr'><strong>e.</strong></span> 
     </span>
    </p>
   </div>
   <div class='ocr_carea' id='block_1_38' title="bbox 270 3851 1147 3922">
    <p class='ocr_par' dir='ltr' id='par_1_38' title="bbox 270 3851 1147 3922">
     <span class='ocr_line' id='line_1_39' title="bbox 270 3851 1147 3922; baseline -0.005 -16"><span class='ocrx_word' id='word_1_238' title='bbox 270 3855 400 3911; x_wconf 85' lang='lat' dir='ltr'><strong>tiam</strong></span> <span class='ocrx_word' id='word_1_239' title='bbox 437 3871 470 3908; x_wconf 91' lang='lat' dir='ltr'><strong>a</strong></span> <span class='ocrx_word' id='word_1_240' title='bbox 499 3851 732 3908; x_wconf 80' lang='lat' dir='ltr'><strong>Guidone</strong></span> <span class='ocrx_word' id='word_1_241' title='bbox 768 3852 911 3922; x_wconf 70' lang='lat' dir='ltr'><strong>(6-H)</strong></span> <span class='ocrx_word' id='word_1_242' title='bbox 945 3851 1147 3905; x_wconf 81' lang='lat' dir='ltr'><strong>abbate.</strong></span> 
     </span>
    </p>
   </div>
   <div class='ocr_carea' id='block_1_39' title="bbox 201 3961 1553 4034">
    <p class='ocr_par' dir='ltr' id='par_1_39' title="bbox 201 3961 1553 4034">
     <span class='ocr_line' id='line_1_40' title="bbox 201 3961 1553 4034; baseline -0.001 -20"><span class='ocrx_word' id='word_1_243' title='bbox 201 3961 520 4018; x_wconf 88' lang='lat' dir='ltr'><strong>Theutonici</strong></span> <span class='ocrx_word' id='word_1_244' title='bbox 537 3979 690 4034; x_wconf 81' lang='lat' dir='ltr'><strong>reges</strong></span> <span class='ocrx_word' id='word_1_245' title='bbox 712 3978 1023 4032; x_wconf 88' lang='lat' dir='ltr'><strong>perversum</strong></span> <span class='ocrx_word' id='word_1_246' title='bbox 1041 3962 1233 4032; x_wconf 80' lang='lat' dir='ltr'><strong>dogma</strong></span> <span class='ocrx_word' id='word_1_247' title='bbox 1246 3968 1553 4029; x_wconf 84' lang='lat' dir='ltr'><strong>sequentes,</strong></span> 
     </span>
    </p>
   </div>
   <div class='ocr_carea' id='block_1_40' title="bbox 200 4049 1692 4124">
    <p class='ocr_par' dir='ltr' id='par_1_40' title="bbox 200 4049 1692 4124">
     <span class='ocr_line' id='line_1_41' title="bbox 200 4049 1692 4124; baseline -0.002 -19"><span class='ocrx_word' id='word_1_248' title='bbox 200 4051 418 4124; x_wconf 86' lang='lat' dir='ltr'><strong>&#39;l‘empla</strong></span> <span class='ocrx_word' id='word_1_249' title='bbox 443 4055 644 4109; x_wconf 90' lang='lat' dir='ltr'><strong>dabant</strong></span> <span class='ocrx_word' id='word_1_250' title='bbox 664 4054 861 4109; x_wconf 90' lang='lat' dir='ltr'><strong>summi</strong></span> <span class='ocrx_word' id='word_1_251' title='bbox 887 4051 1100 4106; x_wconf 89' lang='lat' dir='ltr'><strong>Domini</strong></span> <span class='ocrx_word' id='word_1_252' title='bbox 1125 4051 1424 4120; x_wconf 70' lang='lat' dir='ltr'><strong>smpissime</strong></span> <span class='ocrx_word' id='word_1_253' title='bbox 1454 4049 1692 4104; x_wconf 89' lang='lat' dir='ltr'><strong>nummis</strong></span> 
     </span>
    </p>
   </div>
   <div class='ocr_carea' id='block_1_41' title="bbox 198 4141 1656 4211">
    <p class='ocr_par' dir='ltr' id='par_1_41' title="bbox 198 4141 1656 4211">
     <span class='ocr_line' id='line_1_42' title="bbox 198 4141 1656 4211; baseline 0 -17"><span class='ocrx_word' id='word_1_254' title='bbox 198 4141 524 4201; x_wconf 64' lang='lat' dir='ltr'><strong>Prmsulibus</strong></span> <span class='ocrx_word' id='word_1_255' title='bbox 549 4145 776 4209; x_wconf 87' lang='lat' dir='ltr'><strong>cunctis,</strong></span> <span class='ocrx_word' id='word_1_256' title='bbox 801 4144 893 4198; x_wconf 91' lang='lat' dir='ltr'><strong>sed</strong></span> <span class='ocrx_word' id='word_1_257' title='bbox 916 4151 970 4198; x_wconf 90' lang='lat' dir='ltr'><strong>et</strong></span> <span class='ocrx_word' id='word_1_258' title='bbox 995 4142 1173 4197; x_wconf 90' lang='lat' dir='ltr'><strong>omnis</strong></span> <span class='ocrx_word' id='word_1_259' title='bbox 1197 4142 1483 4211; x_wconf 87' lang='lat' dir='ltr'><strong>episcopus</strong></span> <span class='ocrx_word' id='word_1_260' title='bbox 1506 4141 1656 4194; x_wconf 84' lang='lat' dir='ltr'><strong>urbis</strong></span> 
     </span>
    </p>
   </div>
   <div class='ocr_carea' id='block_1_42' title="bbox 199 4232 1584 4304">
    <p class='ocr_par' dir='ltr' id='par_1_42' title="bbox 199 4232 1584 4304">
     <span class='ocr_line' id='line_1_43' title="bbox 199 4232 1584 4304; baseline 0.001 -19"><span class='ocrx_word' id='word_1_261' title='bbox 199 4232 384 4290; x_wconf 85' lang='lat' dir='ltr'><strong>Plebes</strong></span> <span class='ocrx_word' id='word_1_262' title='bbox 411 4235 694 4301; x_wconf 73' lang='lat' dir='ltr'><strong>vendebat,</strong></span> <span class='ocrx_word' id='word_1_263' title='bbox 718 4250 855 4304; x_wconf 89' lang='lat' dir='ltr'><strong>quas</strong></span> <span class='ocrx_word' id='word_1_264' title='bbox 877 4235 980 4290; x_wconf 85' lang='lat' dir='ltr'><strong>sub</strong></span> <span class='ocrx_word' id='word_1_265' title='bbox 999 4250 1056 4289; x_wconf 91' lang='lat' dir='ltr'><strong>se</strong></span> <span class='ocrx_word' id='word_1_266' title='bbox 1083 4234 1316 4304; x_wconf 83' lang='lat' dir='ltr'><strong>quisque</strong></span> <span class='ocrx_word' id='word_1_267' title='bbox 1350 4233 1584 4303; x_wconf 84' lang='lat' dir='ltr'><strong>regebat.</strong></span> 
     </span>
    </p>
   </div>
   <div class='ocr_carea' id='block_1_43' title="bbox 202 4387 1760 4459">
    <p class='ocr_par' dir='ltr' id='par_1_43' title="bbox 202 4387 1760 4459">
     <span class='ocr_line' id='line_1_44' title="bbox 202 4387 1760 4459; baseline 0.003 -18"><span class='ocrx_word' id='word_1_268' title='bbox 202 4387 443 4450; x_wconf 69' lang='lat' dir='ltr'><strong>Estensis</strong></span> <span class='ocrx_word' id='word_1_269' title='bbox 477 4394 578 4448; x_wconf 84' lang='lat' dir='ltr'><strong>ista</strong></span> <span class='ocrx_word' id='word_1_270' title='bbox 601 4393 908 4450; x_wconf 85' lang='lat' dir='ltr'><strong>adduntur:</strong></span> <span class='ocrx_word' id='word_1_271' title='bbox 948 4392 1070 4446; x_wconf 72' lang='lat' dir='ltr'><strong>Dux-</strong></span> <span class='ocrx_word' id='word_1_272' title='bbox 1109 4401 1158 4446; x_wconf 89' lang='lat' dir='ltr'><strong>et</strong></span> <span class='ocrx_word' id='word_1_273' title='bbox 1190 4392 1421 4445; x_wconf 86' lang='lat' dir='ltr'><strong>marchio</strong></span> <span class='ocrx_word' id='word_1_274' title='bbox 1454 4392 1760 4459; x_wconf 71' lang='lat' dir='ltr'><strong>Bonifacius</strong></span> 
     </span>
    </p>
   </div>
   <div class='ocr_carea' id='block_1_44' title="bbox 204 4459 1758 4534">
    <p class='ocr_par' dir='ltr' id='par_1_44' title="bbox 204 4459 1758 4534">
     <span class='ocr_line' id='line_1_45' title="bbox 204 4459 1758 4534; baseline 0.005 -24"><span class='ocrx_word' id='word_1_275' title='bbox 204 4459 300 4526; x_wconf 73' lang='lat' dir='ltr'><strong>{ait</strong></span> <span class='ocrx_word' id='word_1_276' title='bbox 332 4467 563 4534; x_wconf 81' lang='lat' dir='ltr'><strong>sapiens,</strong></span> <span class='ocrx_word' id='word_1_277' title='bbox 596 4464 862 4533; x_wconf 81' lang='lat' dir='ltr'><strong>benignus,</strong></span> <span class='ocrx_word' id='word_1_278' title='bbox 893 4471 942 4534; x_wconf 79' lang='lat' dir='ltr'><strong>et</strong></span> <span class='ocrx_word' id='word_1_279' title='bbox 972 4463 1218 4529; x_wconf 85' lang='lat' dir='ltr'><strong>prudens,</strong></span> <span class='ocrx_word' id='word_1_280' title='bbox 1247 4471 1303 4534; x_wconf 74' lang='lat' dir='ltr'><strong>et</strong></span> <span class='ocrx_word' id='word_1_281' title='bbox 1329 4461 1528 4529; x_wconf 78' lang='lat' dir='ltr'><strong>largus,</strong></span> <span class='ocrx_word' id='word_1_282' title='bbox 1549 4471 1758 4534; x_wconf 80' lang='lat' dir='ltr'><strong>_e_t_pau—</strong></span> 
     </span>
    </p>
   </div>
   <div class='ocr_carea' id='block_1_45' title="bbox 1117 429 2595 509">
    <p class='ocr_par' dir='ltr' id='par_1_45' title="bbox 1117 429 2595 509">
     <span class='ocr_line' id='line_1_46' title="bbox 1117 429 2595 509; baseline 0.006 -27"><span class='ocrx_word' id='word_1_283' title='bbox 1117 429 1402 485; x_wconf 82' lang='lat' dir='ltr'><strong>APPEND.</strong></span> <span class='ocrx_word' id='word_1_284' title='bbox 1441 432 1525 486; x_wconf 88' lang='lat' dir='ltr'><strong>Ill.</strong></span> <span class='ocrx_word' id='word_1_285' title='bbox 1565 464 1633 509; x_wconf 47' lang='grc' dir='ltr'>ε</span> <span class='ocrx_word' id='word_1_286' title='bbox 1668 429 2098 489; x_wconf 75' lang='lat' dir='ltr'><strong>MONUMENTA</strong></span> <span class='ocrx_word' id='word_1_287' title='bbox 2136 431 2595 491; x_wconf 73' lang='lat' dir='ltr'><strong>GREGORIANA.</strong></span> 
     </span>
    </p>
   </div>
   <div class='ocr_carea' id='block_1_46' title="bbox 1809 543 3210 614">
    <p class='ocr_par' dir='ltr' id='par_1_46' title="bbox 1809 543 3210 614">
     <span class='ocr_line' id='line_1_47' title="bbox 1809 543 3210 614; baseline 0.004 -18"><span class='ocrx_word' id='word_1_288' title='bbox 1809 547 1853 602; x_wconf 76' lang='grc' dir='ltr'>Α</span> <span class='ocrx_word' id='word_1_289' title='bbox 1879 543 2138 613; x_wconf 86' lang='lat' dir='ltr'><strong>Exemplo</strong></span> <span class='ocrx_word' id='word_1_290' title='bbox 2161 559 2392 614; x_wconf 91' lang='lat' dir='ltr'><strong>quorum</strong></span> <span class='ocrx_word' id='word_1_291' title='bbox 2419 547 2669 600; x_wconf 74' lang='lat' dir='ltr'><strong>manibus</strong></span> <span class='ocrx_word' id='word_1_292' title='bbox 2696 561 2794 600; x_wconf 90' lang='lat' dir='ltr'><strong>nec</strong></span> <span class='ocrx_word' id='word_1_293' title='bbox 2822 561 2927 600; x_wconf 81' lang='lat' dir='ltr'><strong>non</strong></span> <span class='ocrx_word' id='word_1_294' title='bbox 2950 546 3210 601; x_wconf 76' lang='lat' dir='ltr'><strong>la‘icormu</strong></span> 
     </span>
    </p>
   </div>
   <div class='ocr_carea' id='block_1_47' title="bbox 1869 633 3073 693">
    <p class='ocr_par' dir='ltr' id='par_1_47' title="bbox 1869 633 3073 693">
     <span class='ocr_line' id='line_1_48' title="bbox 1869 633 3073 693; baseline 0.004 -5"><span class='ocrx_word' id='word_1_295' title='bbox 1869 633 2124 689; x_wconf 77' lang='lat' dir='ltr'><strong>Ecclesiae</strong></span> <span class='ocrx_word' id='word_1_296' title='bbox 2149 634 2350 689; x_wconf 88' lang='lat' dir='ltr'><strong>Christi</strong></span> <span class='ocrx_word' id='word_1_297' title='bbox 2373 637 2741 693; x_wconf 78' lang='lat' dir='ltr'><strong>vendebantur</strong></span> <span class='ocrx_word' id='word_1_298' title='bbox 2776 639 3073 693; x_wconf 87' lang='lat' dir='ltr'><strong>maledictis</strong></span> 
     </span>
    </p>
   </div>
   <div class='ocr_carea' id='block_1_48' title="bbox 1875 720 3245 798">
    <p class='ocr_par' dir='ltr' id='par_1_48' title="bbox 1875 720 3245 798">
     <span class='ocr_line' id='line_1_49' title="bbox 1875 720 3245 798; baseline 0.004 -24"><span class='ocrx_word' id='word_1_299' title='bbox 1875 720 2226 793; x_wconf 84' lang='lat' dir='ltr'><strong>Presbyteris,</strong></span> <span class='ocrx_word' id='word_1_300' title='bbox 2258 724 2436 789; x_wconf 91' lang='lat' dir='ltr'><strong>cleris,</strong></span> <span class='ocrx_word' id='word_1_301' title='bbox 2465 727 2609 795; x_wconf 89' lang='lat' dir='ltr'><strong>quod</strong></span> <span class='ocrx_word' id='word_1_302' title='bbox 2638 735 2753 780; x_wconf 88' lang='lat' dir='ltr'><strong>erat</strong></span> <span class='ocrx_word' id='word_1_303' title='bbox 2782 727 3031 782; x_wconf 81' lang='lat' dir='ltr'><strong>confusio</strong></span> <span class='ocrx_word' id='word_1_304' title='bbox 3059 729 3245 798; x_wconf 82' lang='lat' dir='ltr'><strong>plebis,</strong></span> 
     </span>
    </p>
   </div>
   <div class='ocr_carea' id='block_1_49' title="bbox 1873 811 3080 890">
    <p class='ocr_par' dir='ltr' id='par_1_49' title="bbox 1873 811 3080 890">
     <span class='ocr_line' id='line_1_50' title="bbox 1873 811 3080 890; baseline 0.007 -24"><span class='ocrx_word' id='word_1_305' title='bbox 1873 811 1988 878; x_wconf 88' lang='lat' dir='ltr'><strong>Qua</strong></span> <span class='ocrx_word' id='word_1_306' title='bbox 2007 815 2073 869; x_wconf 91' lang='lat' dir='ltr'><strong>de</strong></span> <span class='ocrx_word' id='word_1_307' title='bbox 2107 831 2165 869; x_wconf 91' lang='lat' dir='ltr'><strong>re</strong></span> <span class='ocrx_word' id='word_1_308' title='bbox 2186 814 2360 870; x_wconf 89' lang='lat' dir='ltr'><strong>Guido</strong></span> <span class='ocrx_word' id='word_1_309' title='bbox 2384 832 2536 871; x_wconf 89' lang='lat' dir='ltr'><strong>sacer</strong></span> <span class='ocrx_word' id='word_1_310' title='bbox 2557 817 2723 873; x_wconf 87' lang='lat' dir='ltr'><strong>abbas</strong></span> <span class='ocrx_word' id='word_1_311' title='bbox 2747 819 2944 890; x_wconf 79' lang='lat' dir='ltr'><strong>arguit,</strong></span> <span class='ocrx_word' id='word_1_312' title='bbox 2973 820 3080 874; x_wconf 91' lang='lat' dir='ltr'><strong>imo</strong></span> 
     </span>
    </p>
   </div>
   <div class='ocr_carea' id='block_1_50' title="bbox 1871 903 3378 980">
    <p class='ocr_par' dir='ltr' id='par_1_50' title="bbox 1871 903 3378 980">
     <span class='ocr_line' id='line_1_51' title="bbox 1871 903 3378 980; baseline 0.003 -22"><span class='ocrx_word' id='word_1_313' title='bbox 1871 903 2024 959; x_wconf 86' lang='lat' dir='ltr'><strong>Nunc</strong></span> <span class='ocrx_word' id='word_1_314' title='bbox 2042 905 2353 962; x_wconf 81' lang='lat' dir='ltr'><strong>Bonifacius</strong></span> <span class='ocrx_word' id='word_1_315' title='bbox 2389 907 2533 978; x_wconf 57' lang='grc' dir='ltr'>(ϐω)</span> <span class='ocrx_word' id='word_1_316' title='bbox 2559 924 2624 962; x_wconf 91' lang='lat' dir='ltr'><strong>ne</strong></span> <span class='ocrx_word' id='word_1_317' title='bbox 2645 910 2900 964; x_wconf 83' lang='lat' dir='ltr'><strong>venderet</strong></span> <span class='ocrx_word' id='word_1_318' title='bbox 2926 912 3178 980; x_wconf 87' lang='lat' dir='ltr'><strong>amplius,</strong></span> <span class='ocrx_word' id='word_1_319' title='bbox 3209 911 3378 980; x_wconf 84' lang='lat' dir='ltr'><strong>ipsum</strong></span> 
     </span>
    </p>
   </div>
   <div class='ocr_carea' id='block_1_51' title="bbox 1871 993 3180 1067">
    <p class='ocr_par' dir='ltr' id='par_1_51' title="bbox 1871 993 3180 1067">
     <span class='ocr_line' id='line_1_52' title="bbox 1871 993 3180 1067; baseline 0.005 -21"><span class='ocrx_word' id='word_1_320' title='bbox 1871 995 2008 1050; x_wconf 83' lang='lat' dir='ltr'><strong>Ante</strong></span> <span class='ocrx_word' id='word_1_321' title='bbox 2037 993 2132 1050; x_wconf 89' lang='lat' dir='ltr'><strong>Dei</strong></span> <span class='ocrx_word' id='word_1_322' title='bbox 2167 997 2356 1051; x_wconf 88' lang='lat' dir='ltr'><strong>matris</strong></span> <span class='ocrx_word' id='word_1_323' title='bbox 2381 999 2549 1051; x_wconf 90' lang='lat' dir='ltr'><strong>altare</strong></span> <span class='ocrx_word' id='word_1_324' title='bbox 2572 997 2799 1067; x_wconf 79' lang='lat' dir='ltr'><strong>ﬂagellat</strong></span> <span class='ocrx_word' id='word_1_325' title='bbox 2822 1016 3006 1055; x_wconf 87' lang='lat' dir='ltr'><strong>amare</strong></span> <span class='ocrx_word' id='word_1_326' title='bbox 3035 1000 3180 1067; x_wconf 61' lang='lat' dir='ltr'><strong>(6L3)</strong></span> 
     </span>
    </p>
   </div>
   <div class='ocr_carea' id='block_1_52' title="bbox 1874 1085 3148 1159">
    <p class='ocr_par' dir='ltr' id='par_1_52' title="bbox 1874 1085 3148 1159">
     <span class='ocr_line' id='line_1_53' title="bbox 1874 1085 3148 1159; baseline 0.006 -23"><span class='ocrx_word' id='word_1_327' title='bbox 1874 1085 2200 1142; x_wconf 75' lang='lat' dir='ltr'><strong>Verberibus</strong></span> <span class='ocrx_word' id='word_1_328' title='bbox 2226 1087 2453 1153; x_wconf 91' lang='lat' dir='ltr'><strong>nudum,</strong></span> <span class='ocrx_word' id='word_1_329' title='bbox 2488 1089 2579 1159; x_wconf 87' lang='lat' dir='ltr'><strong>qui</strong></span> <span class='ocrx_word' id='word_1_330' title='bbox 2611 1089 2818 1144; x_wconf 86' lang='lat' dir='ltr'><strong>deliciis</strong></span> <span class='ocrx_word' id='word_1_331' title='bbox 2843 1099 2960 1143; x_wconf 82' lang='lat' dir='ltr'><strong>erat</strong></span> <span class='ocrx_word' id='word_1_332' title='bbox 2994 1106 3148 1156; x_wconf 85' lang='lat' dir='ltr'><strong>usus,</strong></span> 
     </span>
    </p>
   </div>
   <div class='ocr_carea' id='block_1_53' title="bbox 1871 1175 3074 1247">
    <p class='ocr_par' dir='ltr' id='par_1_53' title="bbox 1871 1175 3074 1247">
     <span class='ocr_line' id='line_1_54' title="bbox 1871 1175 3074 1247; baseline 0.002 -17"><span class='ocrx_word' id='word_1_333' title='bbox 1871 1175 2154 1246; x_wconf 66' lang='lat' dir='ltr'><strong>Pomposa:</strong></span> <span class='ocrx_word' id='word_1_334' title='bbox 2179 1177 2326 1230; x_wconf 82' lang='lat' dir='ltr'><strong>vovit</strong></span> <span class='ocrx_word' id='word_1_335' title='bbox 2352 1186 2479 1232; x_wconf 93' lang='lat' dir='ltr'><strong>tunc</strong></span> <span class='ocrx_word' id='word_1_336' title='bbox 2502 1177 2788 1247; x_wconf 85' lang='lat' dir='ltr'><strong>abbatique</strong></span> <span class='ocrx_word' id='word_1_337' title='bbox 2822 1177 3074 1242; x_wconf 89' lang='lat' dir='ltr'><strong>Guidoni,</strong></span> 
     </span>
    </p>
   </div>
   <div class='ocr_carea' id='block_1_54' title="bbox 1872 1266 3438 1338">
    <p class='ocr_par' dir='ltr' id='par_1_54' title="bbox 1872 1266 3438 1338">
     <span class='ocr_line' id='line_1_55' title="bbox 1872 1266 3438 1338; baseline 0.001 -18"><span class='ocrx_word' id='word_1_338' title='bbox 1872 1266 2165 1322; x_wconf 76' lang='lat' dir='ltr'><strong>Ecclesium</strong></span> <span class='ocrx_word' id='word_1_339' title='bbox 2192 1267 2395 1321; x_wconf 89' lang='lat' dir='ltr'><strong>nullam</strong></span> <span class='ocrx_word' id='word_1_340' title='bbox 2421 1269 2563 1338; x_wconf 87' lang='lat' dir='ltr'><strong>quod</strong></span> <span class='ocrx_word' id='word_1_341' title='bbox 2586 1268 2697 1337; x_wconf 89' lang='lat' dir='ltr'><strong>ipse</strong></span> <span class='ocrx_word' id='word_1_342' title='bbox 2721 1267 2864 1337; x_wconf 67' lang='grc'>(644)</span> <span class='ocrx_word' id='word_1_343' title='bbox 2892 1269 3144 1322; x_wconf 87' lang='lat' dir='ltr'><strong>venderet</strong></span> <span class='ocrx_word' id='word_1_344' title='bbox 3168 1283 3438 1337; x_wconf 86' lang='lat' dir='ltr'><strong>unquam:</strong></span> 
     </span>
    </p>
   </div>
   <div class='ocr_carea' id='block_1_55' title="bbox 1872 1356 3078 1433">
    <p class='ocr_par' dir='ltr' id='par_1_55' title="bbox 1872 1356 3078 1433">
     <span class='ocr_line' id='line_1_56' title="bbox 1872 1356 3078 1433; baseline 0.001 -23"><span class='ocrx_word' id='word_1_345' title='bbox 1872 1356 1986 1412; x_wconf 87' lang='lat' dir='ltr'><strong>Iloc</strong></span> <span class='ocrx_word' id='word_1_346' title='bbox 2017 1370 2114 1433; x_wconf 68' lang='lat' dir='ltr'><strong>pro</strong></span> <span class='ocrx_word' id='word_1_347' title='bbox 2133 1365 2374 1426; x_wconf 90' lang='lat' dir='ltr'><strong>peccato,</strong></span> <span class='ocrx_word' id='word_1_348' title='bbox 2412 1359 2596 1412; x_wconf 88' lang='lat' dir='ltr'><strong>multis</strong></span> <span class='ocrx_word' id='word_1_349' title='bbox 2619 1358 2843 1427; x_wconf 88' lang='lat' dir='ltr'><strong>aliisque</strong></span> <span class='ocrx_word' id='word_1_350' title='bbox 2869 1367 3078 1428; x_wconf 90' lang='lat' dir='ltr'><strong>patrato</strong></span> 
     </span>
    </p>
   </div>
   <div class='ocr_carea' id='block_1_56' title="bbox 1871 1443 3241 1517">
    <p class='ocr_par' dir='ltr' id='par_1_56' title="bbox 1871 1443 3241 1517">
     <span class='ocr_line' id='line_1_57' title="bbox 1871 1443 3241 1517; baseline 0.001 -19"><span class='ocrx_word' id='word_1_351' title='bbox 1871 1443 2031 1501; x_wconf 74' lang='lat' dir='ltr'><strong>Vovit</strong></span> <span class='ocrx_word' id='word_1_352' title='bbox 2061 1447 2238 1501; x_wconf 89' lang='lat' dir='ltr'><strong>adhuc</strong></span> <span class='ocrx_word' id='word_1_353' title='bbox 2262 1454 2444 1500; x_wconf 90' lang='lat' dir='ltr'><strong>votum</strong></span> <span class='ocrx_word' id='word_1_354' title='bbox 2475 1448 2754 1502; x_wconf 83' lang='lat' dir='ltr'><strong>nonnullis</strong></span> <span class='ocrx_word' id='word_1_355' title='bbox 2775 1447 3005 1517; x_wconf 87' lang='lat' dir='ltr'><strong>denique</strong></span> <span class='ocrx_word' id='word_1_356' title='bbox 3033 1457 3241 1513; x_wconf 88' lang='lat' dir='ltr'><strong>notum,</strong></span> 
     </span>
    </p>
   </div>
   <div class='ocr_carea' id='block_1_57' title="bbox 1875 1535 3367 1610">
    <p class='ocr_par' dir='ltr' id='par_1_57' title="bbox 1875 1535 3367 1610">
     <span class='ocr_line' id='line_1_58' title="bbox 1875 1535 3367 1610; baseline 0.003 -21"><span class='ocrx_word' id='word_1_357' title='bbox 1875 1535 2091 1592; x_wconf 86' lang='lat' dir='ltr'><strong>Scilicet</strong></span> <span class='ocrx_word' id='word_1_358' title='bbox 2112 1538 2178 1592; x_wconf 84' lang='lat' dir='ltr'><strong>ad</strong></span> <span class='ocrx_word' id='word_1_359' title='bbox 2201 1537 2406 1592; x_wconf 88' lang='lat' dir='ltr'><strong>cultum</strong></span> <span class='ocrx_word' id='word_1_360' title='bbox 2434 1536 2655 1602; x_wconf 87' lang='lat' dir='ltr'><strong>Christi,</strong></span> <span class='ocrx_word' id='word_1_361' title='bbox 2683 1547 3039 1610; x_wconf 84' lang='lat' dir='ltr'><strong>sanctumque</strong></span> <span class='ocrx_word' id='word_1_362' title='bbox 3062 1541 3367 1609; x_wconf 79' lang='lat' dir='ltr'><strong>sepulcrum</strong></span> 
     </span>
    </p>
   </div>
   <div class='ocr_carea' id='block_1_58' title="bbox 1873 1626 3228 1699">
    <p class='ocr_par' dir='ltr' id='par_1_58' title="bbox 1873 1626 3228 1699">
     <span class='ocr_line' id='line_1_59' title="bbox 1873 1626 3228 1699; baseline 0.002 -18"><span class='ocrx_word' id='word_1_363' title='bbox 1873 1626 1947 1681; x_wconf 89' lang='lat' dir='ltr'><strong>De</strong></span> <span class='ocrx_word' id='word_1_364' title='bbox 1977 1643 2142 1698; x_wconf 84' lang='lat' dir='ltr'><strong>prope</strong></span> <span class='ocrx_word' id='word_1_365' title='bbox 2167 1629 2395 1683; x_wconf 85' lang='lat' dir='ltr'><strong>debebat</strong></span> <span class='ocrx_word' id='word_1_366' title='bbox 2421 1630 2564 1697; x_wconf 84' lang='lat' dir='ltr'><strong>quod</strong></span> <span class='ocrx_word' id='word_1_367' title='bbox 2589 1645 2827 1699; x_wconf 87' lang='lat' dir='ltr'><strong>pergere,</strong></span> <span class='ocrx_word' id='word_1_368' title='bbox 2860 1632 2905 1684; x_wconf 89' lang='lat' dir='ltr'><strong>si</strong></span> <span class='ocrx_word' id='word_1_369' title='bbox 2946 1632 3047 1685; x_wconf 87' lang='lat' dir='ltr'><strong>sibi</strong></span> <span class='ocrx_word' id='word_1_370' title='bbox 3073 1633 3228 1686; x_wconf 85' lang='lat' dir='ltr'><strong>cedat</strong></span> 
     </span>
    </p>
   </div>
   <div class='ocr_carea' id='block_1_59' title="bbox 1873 1713 3354 1788">
    <p class='ocr_par' dir='ltr' id='par_1_59' title="bbox 1873 1713 3354 1788">
     <span class='ocr_line' id='line_1_60' title="bbox 1873 1713 3354 1788; baseline 0.004 -21"><span class='ocrx_word' id='word_1_371' title='bbox 1873 1713 2013 1781; x_wconf 79' lang='lat' dir='ltr'><strong>Vita,</strong></span> <span class='ocrx_word' id='word_1_372' title='bbox 2051 1717 2219 1781; x_wconf 86' lang='lat' dir='ltr'><strong>salus,</strong></span> <span class='ocrx_word' id='word_1_373' title='bbox 2252 1725 2460 1772; x_wconf 87' lang='lat' dir='ltr'><strong>tantum</strong></span> <span class='ocrx_word' id='word_1_374' title='bbox 2484 1718 2565 1771; x_wconf 88' lang='lat' dir='ltr'><strong>vel</strong></span> <span class='ocrx_word' id='word_1_375' title='bbox 2589 1719 2654 1772; x_wconf 88' lang='lat' dir='ltr'><strong>ad</strong></span> <span class='ocrx_word' id='word_1_376' title='bbox 2683 1735 2850 1772; x_wconf 80' lang='lat' dir='ltr'><strong>unum</strong></span> <span class='ocrx_word' id='word_1_377' title='bbox 2875 1720 3100 1788; x_wconf 86' lang='lat' dir='ltr'><strong>plenitcr</strong></span> <span class='ocrx_word' id='word_1_378' title='bbox 3120 1736 3354 1786; x_wconf 84' lang='lat' dir='ltr'><strong>annum;</strong></span> 
     </span>
    </p>
   </div>
   <div class='ocr_carea' id='block_1_60' title="bbox 1874 1810 3163 1882">
    <p class='ocr_par' dir='ltr' id='par_1_60' title="bbox 1874 1810 3163 1882">
     <span class='ocr_line' id='line_1_61' title="bbox 1874 1810 3163 1882; baseline 0.002 -19"><span class='ocrx_word' id='word_1_379' title='bbox 1874 1810 2046 1880; x_wconf 86' lang='lat' dir='ltr'><strong>Atque</strong></span> <span class='ocrx_word' id='word_1_380' title='bbox 2070 1826 2262 1864; x_wconf 86' lang='lat' dir='ltr'><strong>novam</strong></span> <span class='ocrx_word' id='word_1_381' title='bbox 2288 1812 2508 1880; x_wconf 89' lang='lat' dir='ltr'><strong>puppim</strong></span> <span class='ocrx_word' id='word_1_382' title='bbox 2533 1812 2648 1864; x_wconf 79' lang='lat' dir='ltr'><strong>ﬁeri</strong></span> <span class='ocrx_word' id='word_1_383' title='bbox 2673 1813 2780 1866; x_wconf 78' lang='lat' dir='ltr'><strong>dux</strong></span> <span class='ocrx_word' id='word_1_384' title='bbox 2806 1813 2946 1867; x_wconf 87' lang='lat' dir='ltr'><strong>illico</strong></span> <span class='ocrx_word' id='word_1_385' title='bbox 2966 1814 3163 1882; x_wconf 83' lang='lat' dir='ltr'><strong>jussit,</strong></span> 
     </span>
    </p>
   </div>
   <div class='ocr_carea' id='block_1_61' title="bbox 1873 1901 3326 1971">
    <p class='ocr_par' dir='ltr' id='par_1_61' title="bbox 1873 1901 3326 1971">
     <span class='ocr_line' id='line_1_62' title="bbox 1873 1901 3326 1971; baseline 0.003 -18"><span class='ocrx_word' id='word_1_386' title='bbox 1873 1901 2130 1970; x_wconf 82' lang='lat' dir='ltr'><strong>Sumptus</strong></span> <span class='ocrx_word' id='word_1_387' title='bbox 2162 1909 2324 1971; x_wconf 87' lang='lat' dir='ltr'><strong>atque</strong></span> <span class='ocrx_word' id='word_1_388' title='bbox 2345 1903 2487 1956; x_wconf 86' lang='lat' dir='ltr'><strong>locat</strong></span> <span class='ocrx_word' id='word_1_389' title='bbox 2511 1916 2618 1970; x_wconf 88' lang='lat' dir='ltr'><strong>quo</strong></span> <span class='ocrx_word' id='word_1_390' title='bbox 2635 1903 2907 1970; x_wconf 83' lang='lat' dir='ltr'><strong>compleat.</strong></span> <span class='ocrx_word' id='word_1_391' title='bbox 2927 1905 3038 1957; x_wconf 78' lang='lat' dir='ltr'><strong>haec</strong></span> <span class='ocrx_word' id='word_1_392' title='bbox 3062 1921 3158 1957; x_wconf 82' lang='lat' dir='ltr'><strong>sua</strong></span> <span class='ocrx_word' id='word_1_393' title='bbox 3185 1915 3326 1957; x_wconf 77' lang='lat' dir='ltr'><strong>vota.</strong></span> 
     </span>
    </p>
   </div>
   <div class='ocr_carea' id='block_1_62' title="bbox 1871 1989 3432 2061">
    <p class='ocr_par' dir='ltr' id='par_1_62' title="bbox 1871 1989 3432 2061">
     <span class='ocr_line' id='line_1_63' title="bbox 1871 1989 3432 2061; baseline 0.003 -17"><span class='ocrx_word' id='word_1_394' title='bbox 1871 1989 1974 2044; x_wconf 87' lang='lat' dir='ltr'><strong>Sed</strong></span> <span class='ocrx_word' id='word_1_395' title='bbox 1997 1993 2264 2060; x_wconf 90' lang='lat' dir='ltr'><strong>complere</strong></span> <span class='ocrx_word' id='word_1_396' title='bbox 2297 1993 2503 2061; x_wconf 88' lang='lat' dir='ltr'><strong>nequit,</strong></span> <span class='ocrx_word' id='word_1_397' title='bbox 2539 1993 2664 2060; x_wconf 85' lang='lat' dir='ltr'><strong>quia</strong></span> <span class='ocrx_word' id='word_1_398' title='bbox 2701 2007 2846 2046; x_wconf 89' lang='lat' dir='ltr'><strong>mors</strong></span> <span class='ocrx_word' id='word_1_399' title='bbox 2879 2009 2986 2046; x_wconf 88' lang='lat' dir='ltr'><strong>non</strong></span> <span class='ocrx_word' id='word_1_400' title='bbox 3016 1995 3117 2047; x_wconf 87' lang='lat' dir='ltr'><strong>hoc</strong></span> <span class='ocrx_word' id='word_1_401' title='bbox 3149 1996 3250 2048; x_wconf 87' lang='lat' dir='ltr'><strong>sibi</strong></span> <span class='ocrx_word' id='word_1_402' title='bbox 3273 1997 3432 2048; x_wconf 67' lang='lat' dir='ltr'><strong>cedit.</strong></span> 
     </span>
    </p>
   </div>
   <div class='ocr_carea' id='block_1_63' title="bbox 1868 2077 3251 2152">
    <p class='ocr_par' dir='ltr' id='par_1_63' title="bbox 1868 2077 3251 2152">
     <span class='ocr_line' id='line_1_64' title="bbox 1868 2077 3251 2152; baseline 0.004 -21"><span class='ocrx_word' id='word_1_403' title='bbox 1868 2077 1993 2148; x_wconf 86' lang='lat' dir='ltr'><strong>Ipse</strong></span> <span class='ocrx_word' id='word_1_404' title='bbox 2015 2080 2099 2134; x_wconf 90' lang='lat' dir='ltr'><strong>die</strong></span> <span class='ocrx_word' id='word_1_405' title='bbox 2121 2089 2271 2135; x_wconf 76' lang='lat' dir='ltr'><strong>sexta</strong></span> <span class='ocrx_word' id='word_1_406' title='bbox 2295 2082 2443 2151; x_wconf 65' lang='grc'>(615)</span> <span class='ocrx_word' id='word_1_407' title='bbox 2474 2080 2596 2134; x_wconf 82' lang='lat' dir='ltr'><strong>Maii</strong></span> <span class='ocrx_word' id='word_1_408' title='bbox 2623 2092 2746 2150; x_wconf 87' lang='lat' dir='ltr'><strong>post</strong></span> <span class='ocrx_word' id='word_1_409' title='bbox 2763 2083 2959 2152; x_wconf 89' lang='lat' dir='ltr'><strong>quippe</strong></span> <span class='ocrx_word' id='word_1_410' title='bbox 2985 2082 3251 2137; x_wconf 78' lang='lat' dir='ltr'><strong>Kalendas</strong></span> 
     </span>
    </p>
   </div>
   <div class='ocr_carea' id='block_1_64' title="bbox 1868 2167 3159 2239">
    <p class='ocr_par' dir='ltr' id='par_1_64' title="bbox 1868 2167 3159 2239">
     <span class='ocr_line' id='line_1_65' title="bbox 1868 2167 3159 2239; baseline 0.002 -18"><span class='ocrx_word' id='word_1_411' title='bbox 1868 2167 2115 2223; x_wconf 86' lang='lat' dir='ltr'><strong>Deseruit</strong></span> <span class='ocrx_word' id='word_1_412' title='bbox 2157 2179 2376 2235; x_wconf 90' lang='lat' dir='ltr'><strong>terram,</strong></span> <span class='ocrx_word' id='word_1_413' title='bbox 2420 2185 2580 2239; x_wconf 89' lang='lat' dir='ltr'><strong>quem</strong></span> <span class='ocrx_word' id='word_1_414' title='bbox 2626 2169 2878 2225; x_wconf 86' lang='lat' dir='ltr'><strong>Christus</strong></span> <span class='ocrx_word' id='word_1_415' title='bbox 2913 2172 3159 2225; x_wconf 83' lang='lat' dir='ltr'><strong>ducatad</strong></span> 
     </span>
    </p>
   </div>
   <div class='ocr_carea' id='block_1_65' title="bbox 2928 2258 3358 2330">
    <p class='ocr_par' dir='ltr' id='par_1_65' title="bbox 2928 2258 3358 2330">
     <span class='ocr_line' id='line_1_66' title="bbox 2928 2258 3358 2330; baseline 0.002 -17"><span class='ocrx_word' id='word_1_416' title='bbox 2928 2258 3176 2330; x_wconf 57' lang='lat' dir='ltr'><strong>[asthram</strong></span> <span class='ocrx_word' id='word_1_417' title='bbox 3195 2261 3358 2326; x_wconf 70' lang='grc'>(646).</span> 
     </span>
    </p>
   </div>
   <div class='ocr_carea' id='block_1_66' title="bbox 1865 2346 3326 2418">
    <p class='ocr_par' dir='ltr' id='par_1_66' title="bbox 1865 2346 3326 2418">
     <span class='ocr_line' id='line_1_67' title="bbox 1865 2346 3326 2418; baseline 0 -18"><span class='ocrx_word' id='word_1_418' title='bbox 1865 2346 2091 2412; x_wconf 86' lang='lat' dir='ltr'><strong>Quando</strong></span> <span class='ocrx_word' id='word_1_419' title='bbox 2124 2347 2432 2412; x_wconf 75' lang='lat' dir='ltr'><strong>defunétus,</strong></span> <span class='ocrx_word' id='word_1_420' title='bbox 2458 2356 2614 2402; x_wconf 75' lang='lat' dir='ltr'><strong>terrae</strong></span> <span class='ocrx_word' id='word_1_421' title='bbox 2638 2349 2815 2414; x_wconf 89' lang='lat' dir='ltr'><strong>datus,</strong></span> <span class='ocrx_word' id='word_1_422' title='bbox 2847 2358 3034 2416; x_wconf 89' lang='lat' dir='ltr'><strong>estque</strong></span> <span class='ocrx_word' id='word_1_423' title='bbox 3069 2351 3326 2418; x_wconf 81' lang='lat' dir='ltr'><strong>sepultus,</strong></span> 
     </span>
    </p>
   </div>
   <div class='ocr_carea' id='block_1_67' title="bbox 1865 2435 3324 2505">
    <p class='ocr_par' dir='ltr' id='par_1_67' title="bbox 1865 2435 3324 2505">
     <span class='ocr_line' id='line_1_68' title="bbox 1865 2435 3324 2505; baseline 0.001 -17"><span class='ocrx_word' id='word_1_424' title='bbox 1865 2435 2019 2490; x_wconf 90' lang='lat' dir='ltr'><strong>Tunc</strong></span> <span class='ocrx_word' id='word_1_425' title='bbox 2041 2436 2432 2505; x_wconf 82' lang='lat' dir='ltr'><strong>quinquaginta</strong></span> <span class='ocrx_word' id='word_1_426' title='bbox 2458 2436 2565 2490; x_wconf 90' lang='lat' dir='ltr'><strong>duo</strong></span> <span class='ocrx_word' id='word_1_427' title='bbox 2589 2444 2830 2505; x_wconf 79' lang='lat' dir='ltr'><strong>tempora</strong></span> <span class='ocrx_word' id='word_1_428' title='bbox 2854 2438 2996 2490; x_wconf 90' lang='lat' dir='ltr'><strong>mille</strong></span> <span class='ocrx_word' id='word_1_429' title='bbox 3020 2437 3111 2490; x_wconf 90' lang='lat' dir='ltr'><strong>Dei</strong></span> <span class='ocrx_word' id='word_1_430' title='bbox 3140 2446 3284 2491; x_wconf 86' lang='lat' dir='ltr'><strong>stant</strong></span> <span class='ocrx_word' id='word_1_431' title='bbox 3311 2457 3324 2500; x_wconf 84' lang='lat'><strong>;</strong></span> 
     </span>
    </p>
   </div>
   <div class='ocr_carea' id='block_1_68' title="bbox 1865 2525 3363 2596">
    <p class='ocr_par' dir='ltr' id='par_1_68' title="bbox 1865 2525 3363 2596">
     <span class='ocr_line' id='line_1_69' title="bbox 1865 2525 3363 2596; baseline 0.002 -17"><span class='ocrx_word' id='word_1_432' title='bbox 1865 2525 2080 2580; x_wconf 85' lang='lat' dir='ltr'><strong>Mantua</strong></span> <span class='ocrx_word' id='word_1_433' title='bbox 2105 2543 2304 2596; x_wconf 91' lang='lat' dir='ltr'><strong>corpus</strong></span> <span class='ocrx_word' id='word_1_434' title='bbox 2332 2527 2518 2591; x_wconf 87' lang='lat' dir='ltr'><strong>habes,</strong></span> <span class='ocrx_word' id='word_1_435' title='bbox 2542 2527 2716 2581; x_wconf 90' lang='lat' dir='ltr'><strong>honor</strong></span> <span class='ocrx_word' id='word_1_436' title='bbox 2735 2527 2925 2596; x_wconf 82' lang='lat' dir='ltr'><strong>ingens</strong></span> <span class='ocrx_word' id='word_1_437' title='bbox 2943 2536 3026 2580; x_wconf 87' lang='lat' dir='ltr'><strong>est</strong></span> <span class='ocrx_word' id='word_1_438' title='bbox 3052 2527 3165 2591; x_wconf 84' lang='lat' dir='ltr'><strong>tibi,</strong></span> <span class='ocrx_word' id='word_1_439' title='bbox 3191 2539 3363 2595; x_wconf 79' lang='lat' dir='ltr'><strong>grates</strong></span> 
     </span>
    </p>
   </div>
   <div class='ocr_carea' id='block_1_69' title="bbox 1866 2614 3047 2682">
    <p class='ocr_par' dir='ltr' id='par_1_69' title="bbox 1866 2614 3047 2682">
     <span class='ocr_line' id='line_1_70' title="bbox 1866 2614 3047 2682; baseline 0.003 -16"><span class='ocrx_word' id='word_1_440' title='bbox 1866 2615 1991 2669; x_wconf 89' lang='lat' dir='ltr'><strong>Inde</strong></span> <span class='ocrx_word' id='word_1_441' title='bbox 2014 2615 2216 2668; x_wconf 81' lang='lat' dir='ltr'><strong>referre</strong></span> <span class='ocrx_word' id='word_1_442' title='bbox 2242 2614 2351 2668; x_wconf 87' lang='lat' dir='ltr'><strong>Deo</strong></span> <span class='ocrx_word' id='word_1_443' title='bbox 2373 2616 2537 2668; x_wconf 91' lang='lat' dir='ltr'><strong>debes</strong></span> <span class='ocrx_word' id='word_1_444' title='bbox 2563 2615 2860 2682; x_wconf 79' lang='lat' dir='ltr'><strong>szepissimc</strong></span> <span class='ocrx_word' id='word_1_445' title='bbox 2880 2633 2892 2678; x_wconf 94' lang='lat'>;</span> <span class='ocrx_word' id='word_1_446' title='bbox 2916 2630 3047 2669; x_wconf 87' lang='lat' dir='ltr'><strong>vero</strong></span> 
     </span>
    </p>
   </div>
   <div class='ocr_carea' id='block_1_70' title="bbox 1864 2703 3248 2773">
    <p class='ocr_par' dir='ltr' id='par_1_70' title="bbox 1864 2703 3248 2773">
     <span class='ocr_line' id='line_1_71' title="bbox 1864 2703 3248 2773; baseline -0.002 -17"><span class='ocrx_word' id='word_1_447' title='bbox 1864 2703 1995 2772; x_wconf 84' lang='lat' dir='ltr'><strong>Ejus</strong></span> <span class='ocrx_word' id='word_1_448' title='bbox 2018 2713 2127 2757; x_wconf 92' lang='lat' dir='ltr'><strong>uta</strong></span> <span class='ocrx_word' id='word_1_449' title='bbox 2151 2705 2327 2773; x_wconf 77' lang='lat' dir='ltr'><strong>pmuis</strong></span> <span class='ocrx_word' id='word_1_450' title='bbox 2350 2705 2586 2757; x_wconf 90' lang='lat' dir='ltr'><strong>animam</strong></span> <span class='ocrx_word' id='word_1_451' title='bbox 2610 2713 2796 2758; x_wconf 84' lang='lat' dir='ltr'><strong>caveat</strong></span> <span class='ocrx_word' id='word_1_452' title='bbox 2824 2703 2965 2758; x_wconf 88' lang='lat' dir='ltr'><strong>Deus</strong></span> <span class='ocrx_word' id='word_1_453' title='bbox 2995 2704 3080 2758; x_wconf 88' lang='lat' dir='ltr'><strong>avi</strong></span> <span class='ocrx_word' id='word_1_454' title='bbox 3104 2704 3248 2773; x_wconf 71' lang='grc'>(647)</span> 
     </span>
    </p>
   </div>
   <div class='ocr_carea' id='block_1_71' title="bbox 1863 2791 3195 2864">
    <p class='ocr_par' dir='ltr' id='par_1_71' title="bbox 1863 2791 3195 2864">
     <span class='ocr_line' id='line_1_72' title="bbox 1863 2791 3195 2864; baseline 0.002 -18"><span class='ocrx_word' id='word_1_455' title='bbox 1863 2791 2036 2848; x_wconf 89' lang='lat' dir='ltr'><strong>Corde</strong></span> <span class='ocrx_word' id='word_1_456' title='bbox 2064 2793 2233 2848; x_wconf 88' lang='lat' dir='ltr'><strong>Deum</strong></span> <span class='ocrx_word' id='word_1_457' title='bbox 2255 2801 2402 2849; x_wconf 75' lang='lat' dir='ltr'><strong>recto</strong></span> <span class='ocrx_word' id='word_1_458' title='bbox 2418 2794 2620 2864; x_wconf 85' lang='lat' dir='ltr'><strong>jugiter</strong></span> <span class='ocrx_word' id='word_1_459' title='bbox 2644 2796 2858 2864; x_wconf 89' lang='lat' dir='ltr'><strong>pulsare</strong></span> <span class='ocrx_word' id='word_1_460' title='bbox 2884 2805 3156 2850; x_wconf 86' lang='lat' dir='ltr'><strong>memento</strong></span> <span class='ocrx_word' id='word_1_461' title='bbox 3182 2814 3195 2861; x_wconf 89' lang='lat'><strong>;</strong></span> 
     </span>
    </p>
   </div>
   <div class='ocr_carea' id='block_1_72' title="bbox 1863 2883 3434 2959">
    <p class='ocr_par' dir='ltr' id='par_1_72' title="bbox 1863 2883 3434 2959">
     <span class='ocr_line' id='line_1_73' title="bbox 1863 2883 3434 2959; baseline 0.001 -21"><span class='ocrx_word' id='word_1_462' title='bbox 1863 2883 2090 2955; x_wconf 81' lang='lat' dir='ltr'><strong>Propter</strong></span> <span class='ocrx_word' id='word_1_463' title='bbox 2118 2901 2279 2956; x_wconf 91' lang='lat' dir='ltr'><strong>quem</strong></span> <span class='ocrx_word' id='word_1_464' title='bbox 2322 2885 2602 2941; x_wconf 87' lang='lat' dir='ltr'><strong>Christum</strong></span> <span class='ocrx_word' id='word_1_465' title='bbox 2652 2896 2806 2959; x_wconf 79' lang='lat' dir='ltr'><strong>roget</strong></span> <span class='ocrx_word' id='word_1_466' title='bbox 2832 2888 3012 2942; x_wconf 86' lang='lat' dir='ltr'><strong>omnis</strong></span> <span class='ocrx_word' id='word_1_467' title='bbox 3034 2888 3197 2941; x_wconf 88' lang='lat' dir='ltr'><strong>homo</strong></span> <span class='ocrx_word' id='word_1_468' title='bbox 3219 2889 3434 2942; x_wconf 79' lang='lat' dir='ltr'><strong>cruciﬁ-</strong></span> 
     </span>
    </p>
   </div>
   <div class='ocr_carea' id='block_1_73' title="bbox 1865 2970 3358 3046">
    <p class='ocr_par' dir='ltr' id='par_1_73' title="bbox 1865 2970 3358 3046">
     <span class='ocr_line' id='line_1_74' title="bbox 1865 2970 3358 3046; baseline 0.002 -20"><span class='ocrx_word' id='word_1_469' title='bbox 1865 2972 2106 3028; x_wconf 89' lang='lat' dir='ltr'><strong>Tartarei</strong></span> <span class='ocrx_word' id='word_1_470' title='bbox 2131 2990 2322 3044; x_wconf 64' lang='lat' dir='ltr'><strong>poenas</strong></span> <span class='ocrx_word' id='word_1_471' title='bbox 2347 2975 2490 3030; x_wconf 90' lang='lat' dir='ltr'><strong>Deus</strong></span> <span class='ocrx_word' id='word_1_472' title='bbox 2501 2970 2655 3030; x_wconf 81' lang='lat' dir='ltr'><strong>aufer</strong></span> <span class='ocrx_word' id='word_1_473' title='bbox 2676 2977 2835 3044; x_wconf 92' lang='lat' dir='ltr'><strong>eique</strong></span> <span class='ocrx_word' id='word_1_474' title='bbox 2858 2986 3101 3041; x_wconf 86' lang='lat' dir='ltr'><strong>catenas,</strong></span> <span class='ocrx_word' id='word_1_475' title='bbox 3174 2975 3358 3046; x_wconf 76' lang='lat' dir='ltr'><strong>[xuuiz</strong></span> 
     </span>
    </p>
   </div>
   <div class='ocr_carea' id='block_1_74' title="bbox 1861 3063 3287 3134">
    <p class='ocr_par' dir='ltr' id='par_1_74' title="bbox 1861 3063 3287 3134">
     <span class='ocr_line' id='line_1_75' title="bbox 1861 3063 3287 3134; baseline 0.001 -16"><span class='ocrx_word' id='word_1_476' title='bbox 1861 3063 2000 3118; x_wconf 82' lang='lat' dir='ltr'><strong>Cum</strong></span> <span class='ocrx_word' id='word_1_477' title='bbox 2031 3065 2243 3119; x_wconf 86' lang='lat' dir='ltr'><strong>veneris</strong></span> <span class='ocrx_word' id='word_1_478' title='bbox 2263 3065 2430 3134; x_wconf 80' lang='lat' dir='ltr'><strong>judex</strong></span> <span class='ocrx_word' id='word_1_479' title='bbox 2456 3081 2580 3119; x_wconf 88' lang='lat' dir='ltr'><strong>cum</strong></span> <span class='ocrx_word' id='word_1_480' title='bbox 2605 3067 2827 3130; x_wconf 89' lang='lat' dir='ltr'><strong>sanctis,</strong></span> <span class='ocrx_word' id='word_1_481' title='bbox 2857 3066 2923 3119; x_wconf 85' lang='lat' dir='ltr'><strong>da</strong></span> <span class='ocrx_word' id='word_1_482' title='bbox 2958 3067 3060 3120; x_wconf 90' lang='lat' dir='ltr'><strong>sibi</strong></span> <span class='ocrx_word' id='word_1_483' title='bbox 3082 3067 3287 3132; x_wconf 90' lang='lat' dir='ltr'><strong>lucem;</strong></span> 
     </span>
    </p>
   </div>
   <div class='ocr_carea' id='block_1_75' title="bbox 1791 3158 3288 3245">
    <p class='ocr_par' dir='ltr' id='par_1_75' title="bbox 1791 3158 3288 3245">
     <span class='ocr_line' id='line_1_76' title="bbox 1791 3158 3288 3245; baseline 0 -32"><span class='ocrx_word' id='word_1_484' title='bbox 1791 3187 1832 3245; x_wconf 63' lang='grc' dir='ltr'><strong>ρ</strong></span> <span class='ocrx_word' id='word_1_485' title='bbox 1865 3158 2031 3231; x_wconf 73' lang='lat' dir='ltr'><strong>Virgo</strong></span> <span class='ocrx_word' id='word_1_486' title='bbox 2058 3159 2226 3215; x_wconf 85' lang='lat' dir='ltr'><strong>Maria</strong></span> <span class='ocrx_word' id='word_1_487' title='bbox 2248 3168 2431 3230; x_wconf 88' lang='lat' dir='ltr'><strong>caput,</strong></span> <span class='ocrx_word' id='word_1_488' title='bbox 2453 3160 2699 3215; x_wconf 80' lang='lat' dir='ltr'><strong>dextram</strong></span> <span class='ocrx_word' id='word_1_489' title='bbox 2722 3159 3056 3230; x_wconf 80' lang='lat' dir='ltr'><strong>Michaelque</strong></span> <span class='ocrx_word' id='word_1_490' title='bbox 3076 3160 3288 3242; x_wconf 84' lang='lat' dir='ltr'><strong>beatus,</strong></span> 
     </span>
    </p>
   </div>
   <div class='ocr_carea' id='block_1_76' title="bbox 1865 3250 3214 3322">
    <p class='ocr_par' dir='ltr' id='par_1_76' title="bbox 1865 3250 3214 3322">
     <span class='ocr_line' id='line_1_77' title="bbox 1865 3250 3214 3322; baseline -0.001 -17"><span class='ocrx_word' id='word_1_491' title='bbox 1865 3250 2058 3306; x_wconf 85' lang='lat' dir='ltr'><strong>Petrus</strong></span> <span class='ocrx_word' id='word_1_492' title='bbox 2084 3261 2138 3306; x_wconf 89' lang='lat' dir='ltr'><strong>et</strong></span> <span class='ocrx_word' id='word_1_493' title='bbox 2157 3251 2423 3319; x_wconf 85' lang='lat' dir='ltr'><strong>Andreas,</strong></span> <span class='ocrx_word' id='word_1_494' title='bbox 2454 3252 2771 3321; x_wconf 81' lang='lat' dir='ltr'><strong>Apollonius</strong></span> <span class='ocrx_word' id='word_1_495' title='bbox 2792 3267 3006 3322; x_wconf 89' lang='lat' dir='ltr'><strong>quoque</strong></span> <span class='ocrx_word' id='word_1_496' title='bbox 3027 3253 3214 3307; x_wconf 68' lang='lat' dir='ltr'><strong>lzevam</strong></span> 
     </span>
    </p>
   </div>
   <div class='ocr_carea' id='block_1_77' title="bbox 1864 3339 3428 3411">
    <p class='ocr_par' dir='ltr' id='par_1_77' title="bbox 1864 3339 3428 3411">
     <span class='ocr_line' id='line_1_78' title="bbox 1864 3339 3428 3411; baseline 0.002 -18"><span class='ocrx_word' id='word_1_497' title='bbox 1864 3339 2010 3395; x_wconf 77' lang='lat' dir='ltr'><strong>Illius</strong></span> <span class='ocrx_word' id='word_1_498' title='bbox 2031 3341 2310 3407; x_wconf 84' lang='lat' dir='ltr'><strong>extollant,</strong></span> <span class='ocrx_word' id='word_1_499' title='bbox 2324 3350 2378 3395; x_wconf 89' lang='lat' dir='ltr'><strong>et</strong></span> <span class='ocrx_word' id='word_1_500' title='bbox 2397 3357 2519 3396; x_wconf 92' lang='lat' dir='ltr'><strong>eum</strong></span> <span class='ocrx_word' id='word_1_501' title='bbox 2544 3357 2707 3411; x_wconf 88' lang='lat' dir='ltr'><strong>super</strong></span> <span class='ocrx_word' id='word_1_502' title='bbox 2727 3349 2874 3396; x_wconf 89' lang='lat' dir='ltr'><strong>astra</strong></span> <span class='ocrx_word' id='word_1_503' title='bbox 2896 3342 3209 3396; x_wconf 77' lang='lat' dir='ltr'><strong>recondam.</strong></span> <span class='ocrx_word' id='word_1_504' title='bbox 3235 3341 3428 3396; x_wconf 77' lang='lat' dir='ltr'><strong>Amen.</strong></span> 
     </span>
    </p>
   </div>
   <div class='ocr_carea' id='block_1_78' title="bbox 2424 3451 2844 3506">
    <p class='ocr_par' dir='ltr' id='par_1_78' title="bbox 2424 3451 2844 3506">
     <span class='ocr_line' id='line_1_79' title="bbox 2424 3451 2844 3506; baseline -0.002 0"><span class='ocrx_word' id='word_1_505' title='bbox 2424 3451 2668 3506; x_wconf 76' lang='lat' dir='ltr'><strong>CAPUT</strong></span> <span class='ocrx_word' id='word_1_506' title='bbox 2705 3451 2844 3505; x_wconf 75' lang='lat' dir='ltr'><strong>XVI.</strong></span> 
     </span>
    </p>
   </div>
   <div class='ocr_carea' id='block_1_79' title="bbox 1869 3538 3429 3596">
    <p class='ocr_par' dir='ltr' id='par_1_79' title="bbox 1869 3538 3429 3596">
     <span class='ocr_line' id='line_1_80' title="bbox 1869 3538 3429 3596; baseline 0.002 -2"><span class='ocrx_word' id='word_1_507' title='bbox 1869 3538 2081 3594; x_wconf 84' lang='lat' dir='ltr'><strong>Urbana</strong></span> <span class='ocrx_word' id='word_1_508' title='bbox 2098 3539 2376 3594; x_wconf 81' lang='lat' dir='ltr'><strong>altercatio</strong></span> <span class='ocrx_word' id='word_1_509' title='bbox 2397 3541 2534 3594; x_wconf 85' lang='lat' dir='ltr'><strong>inter</strong></span> <span class='ocrx_word' id='word_1_510' title='bbox 2554 3539 2840 3594; x_wconf 86' lang='lat' dir='ltr'><strong>Canossam</strong></span> <span class='ocrx_word' id='word_1_511' title='bbox 2862 3550 2911 3592; x_wconf 88' lang='lat' dir='ltr'><strong>et</strong></span> <span class='ocrx_word' id='word_1_512' title='bbox 2943 3539 3213 3593; x_wconf 78' lang='lat' dir='ltr'><strong>Mantuam</strong></span> <span class='ocrx_word' id='word_1_513' title='bbox 3241 3542 3304 3596; x_wconf 70' lang='lat' dir='ltr'><strong>de</strong></span> <span class='ocrx_word' id='word_1_514' title='bbox 3320 3559 3429 3596; x_wconf 77' lang='lat' dir='ltr'><strong>ror—</strong></span> 
     </span>
    </p>
   </div>
   <div class='ocr_carea' id='block_1_80' title="bbox 2037 3609 3241 3680">
    <p class='ocr_par' dir='ltr' id='par_1_80' title="bbox 2037 3609 3241 3680">
     <span class='ocr_line' id='line_1_81' title="bbox 2037 3609 3241 3680; baseline 0.002 -18"><span class='ocrx_word' id='word_1_515' title='bbox 2037 3626 2159 3679; x_wconf 80' lang='lat' dir='ltr'><strong>pore</strong></span> <span class='ocrx_word' id='word_1_516' title='bbox 2185 3611 2335 3663; x_wconf 81' lang='lat' dir='ltr'><strong>ducis</strong></span> <span class='ocrx_word' id='word_1_517' title='bbox 2372 3621 2419 3664; x_wconf 90' lang='lat' dir='ltr'><strong>et</strong></span> <span class='ocrx_word' id='word_1_518' title='bbox 2446 3611 2761 3664; x_wconf 76' lang='lat' dir='ltr'><strong>marcliionis</strong></span> <span class='ocrx_word' id='word_1_519' title='bbox 2785 3609 3047 3678; x_wconf 80' lang='lat' dir='ltr'><strong>Bonifacii</strong></span> <span class='ocrx_word' id='word_1_520' title='bbox 3077 3613 3241 3680; x_wconf 74' lang='grc'>(648).</span> 
     </span>
    </p>
   </div>
   <div class='ocr_carea' id='block_1_81' title="bbox 2436 3715 2854 3755">
    <p class='ocr_par' dir='ltr' id='par_1_81' title="bbox 2436 3715 2854 3755">
     <span class='ocr_line' id='line_1_82' title="bbox 2436 3715 2854 3755; baseline -0.002 0"><span class='ocrx_word' id='word_1_521' title='bbox 2436 3716 2659 3755; x_wconf 61' lang='grc' dir='ltr'><strong>ωδοεςλ</strong></span> <span class='ocrx_word' id='word_1_522' title='bbox 2691 3715 2854 3754; x_wconf 72' lang='grc' dir='ltr'><strong>ῡισιτ.</strong></span> 
     </span>
    </p>
   </div>
   <div class='ocr_carea' id='block_1_82' title="bbox 1865 3783 3275 3858">
    <p class='ocr_par' dir='ltr' id='par_1_82' title="bbox 1865 3783 3275 3858">
     <span class='ocr_line' id='line_1_83' title="bbox 1865 3783 3275 3858; baseline 0.001 -16"><span class='ocrx_word' id='word_1_523' title='bbox 1865 3791 1920 3844; x_wconf 88' lang='lat' dir='ltr'><strong>In</strong></span> <span class='ocrx_word' id='word_1_524' title='bbox 1946 3790 2154 3844; x_wconf 91' lang='lat' dir='ltr'><strong>tumulo</strong></span> <span class='ocrx_word' id='word_1_525' title='bbox 2183 3799 2398 3858; x_wconf 86' lang='lat' dir='ltr'><strong>patrum</strong></span> <span class='ocrx_word' id='word_1_526' title='bbox 2434 3783 2686 3845; x_wconf 80' lang='lat' dir='ltr'><strong>deminus</strong></span> <span class='ocrx_word' id='word_1_527' title='bbox 2712 3805 2863 3844; x_wconf 89' lang='lat' dir='ltr'><strong>meus</strong></span> <span class='ocrx_word' id='word_1_528' title='bbox 2895 3805 3015 3844; x_wconf 87' lang='lat' dir='ltr'><strong>esse</strong></span> <span class='ocrx_word' id='word_1_529' title='bbox 3039 3791 3275 3844; x_wconf 80' lang='lat' dir='ltr'><strong>locatum</strong></span> 
     </span>
    </p>
   </div>
   <div class='ocr_carea' id='block_1_83' title="bbox 1863 3877 3196 3948">
    <p class='ocr_par' dir='ltr' id='par_1_83' title="bbox 1863 3877 3196 3948">
     <span class='ocr_line' id='line_1_84' title="bbox 1863 3877 3196 3948; baseline 0.002 -17"><span class='ocrx_word' id='word_1_530' title='bbox 1863 3877 2077 3947; x_wconf 88' lang='lat' dir='ltr'><strong>Optavit</strong></span> <span class='ocrx_word' id='word_1_531' title='bbox 2100 3894 2297 3948; x_wconf 89' lang='lat' dir='ltr'><strong>corpus</strong></span> <span class='ocrx_word' id='word_1_532' title='bbox 2322 3880 2602 3948; x_wconf 83' lang='lat' dir='ltr'><strong>preprium</strong></span> <span class='ocrx_word' id='word_1_533' title='bbox 2636 3878 2964 3934; x_wconf 76' lang='lat' dir='ltr'><strong>Bonifacius.</strong></span> <span class='ocrx_word' id='word_1_534' title='bbox 3007 3879 3116 3932; x_wconf 88' lang='lat' dir='ltr'><strong>lloc</strong></span> <span class='ocrx_word' id='word_1_535' title='bbox 3141 3890 3196 3933; x_wconf 91' lang='lat' dir='ltr'><strong>tu</strong></span> 
     </span>
    </p>
   </div>
   <div class='ocr_carea' id='block_1_84' title="bbox 1864 3968 3196 4038">
    <p class='ocr_par' dir='ltr' id='par_1_84' title="bbox 1864 3968 3196 4038">
     <span class='ocr_line' id='line_1_85' title="bbox 1864 3968 3196 4038; baseline -0.002 -16"><span class='ocrx_word' id='word_1_536' title='bbox 1864 3968 2061 4023; x_wconf 75' lang='lat' dir='ltr'><strong>Verum</strong></span> <span class='ocrx_word' id='word_1_537' title='bbox 2085 3985 2417 4038; x_wconf 64' lang='lat' dir='ltr'><strong>praesumens</strong></span> <span class='ocrx_word' id='word_1_538' title='bbox 2438 3969 2688 4037; x_wconf 88' lang='lat' dir='ltr'><strong>rapuisti,</strong></span> <span class='ocrx_word' id='word_1_539' title='bbox 2713 3968 3086 4030; x_wconf 79' lang='lat' dir='ltr'><strong>Mantua..Cur</strong></span> <span class='ocrx_word' id='word_1_540' title='bbox 3112 3984 3196 4020; x_wconf 87' lang='lat' dir='ltr'><strong>me</strong></span> 
     </span>
    </p>
   </div>
   <div class='ocr_carea' id='block_1_85' title="bbox 1861 4054 3093 4124">
    <p class='ocr_par' dir='ltr' id='par_1_85' title="bbox 1861 4054 3093 4124">
     <span class='ocr_line' id='line_1_86' title="bbox 1861 4054 3093 4124; baseline -0.005 -14"><span class='ocrx_word' id='word_1_541' title='bbox 1861 4056 2098 4124; x_wconf 88' lang='lat' dir='ltr'><strong>Corpore</strong></span> <span class='ocrx_word' id='word_1_542' title='bbox 2127 4057 2193 4110; x_wconf 92' lang='lat' dir='ltr'><strong>de</strong></span> <span class='ocrx_word' id='word_1_543' title='bbox 2219 4065 2367 4110; x_wconf 90' lang='lat' dir='ltr'><strong>tanto</strong></span> <span class='ocrx_word' id='word_1_544' title='bbox 2391 4056 2639 4120; x_wconf 85' lang='lat' dir='ltr'><strong>turbasti,</strong></span> <span class='ocrx_word' id='word_1_545' title='bbox 2675 4070 2760 4107; x_wconf 89' lang='lat' dir='ltr'><strong>me</strong></span> <span class='ocrx_word' id='word_1_546' title='bbox 2781 4054 3093 4122; x_wconf 86' lang='lat' dir='ltr'><strong>spoliando?</strong></span> 
     </span>
    </p>
   </div>
   <div class='ocr_carea' id='block_1_86' title="bbox 2359 4159 2923 4198">
    <p class='ocr_par' dir='ltr' id='par_1_86' title="bbox 2359 4159 2923 4198">
     <span class='ocr_line' id='line_1_87' title="bbox 2359 4159 2923 4198; baseline -0.002 0"><span class='ocrx_word' id='word_1_547' title='bbox 2359 4160 2569 4198; x_wconf 65' lang='lat' dir='ltr'><strong>MANTlTA</strong></span> <span class='ocrx_word' id='word_1_548' title='bbox 2601 4159 2923 4198; x_wconf 69' lang='lat' dir='ltr'><strong>RESPONDET.</strong></span> 
     </span>
    </p>
   </div>
   <div class='ocr_carea' id='block_1_87' title="bbox 1863 4231 3244 4307">
    <p class='ocr_par' dir='ltr' id='par_1_87' title="bbox 1863 4231 3244 4307">
     <span class='ocr_line' id='line_1_88' title="bbox 1863 4231 3244 4307; baseline -0.004 -16"><span class='ocrx_word' id='word_1_549' title='bbox 1863 4233 2004 4291; x_wconf 90' lang='lat' dir='ltr'><strong>Urbs</strong></span> <span class='ocrx_word' id='word_1_550' title='bbox 2030 4250 2129 4307; x_wconf 74' lang='lat' dir='ltr'><strong>ego</strong></span> <span class='ocrx_word' id='word_1_551' title='bbox 2152 4251 2273 4290; x_wconf 90' lang='lat' dir='ltr'><strong>sum</strong></span> <span class='ocrx_word' id='word_1_552' title='bbox 2309 4235 2449 4290; x_wconf 90' lang='lat' dir='ltr'><strong>dicta</strong></span> <span class='ocrx_word' id='word_1_553' title='bbox 2477 4253 2489 4288; x_wconf 88' lang='lat'>:</span> <span class='ocrx_word' id='word_1_554' title='bbox 2521 4242 2576 4288; x_wconf 92' lang='lat' dir='ltr'><strong>tu</strong></span> <span class='ocrx_word' id='word_1_555' title='bbox 2602 4234 2794 4289; x_wconf 89' lang='lat' dir='ltr'><strong>diceris</strong></span> <span class='ocrx_word' id='word_1_556' title='bbox 2823 4250 2921 4287; x_wconf 81' lang='lat' dir='ltr'><strong>arx</strong></span> <span class='ocrx_word' id='word_1_557' title='bbox 2950 4231 3244 4288; x_wconf 87' lang='lat' dir='ltr'><strong>Canusina.</strong></span> 
     </span>
    </p>
   </div>
   <div class='ocr_carea' id='block_1_88' title="bbox 1935 4384 3424 4461">
    <p class='ocr_par' dir='ltr' id='par_1_88' title="bbox 1935 4384 3424 4461">
     <span class='ocr_line' id='line_1_89' title="bbox 1935 4384 3424 4461; baseline -0.003 -17"><span class='ocrx_word' id='word_1_558' title='bbox 1935 4390 2083 4461; x_wconf 70' lang='grc'>(645)</span> <span class='ocrx_word' id='word_1_559' title='bbox 2114 4389 2208 4444; x_wconf 87' lang='lat' dir='ltr'><strong>Est</strong></span> <span class='ocrx_word' id='word_1_560' title='bbox 2237 4389 2365 4461; x_wconf 73' lang='lat' dir='ltr'><strong>mihi</strong></span> <span class='ocrx_word' id='word_1_561' title='bbox 2389 4385 2898 4461; x_wconf 66' lang='lat' dir='ltr'><strong>charlaconcordite</strong></span> <span class='ocrx_word' id='word_1_562' title='bbox 2925 4387 3066 4461; x_wconf 59' lang='lat' dir='ltr'><strong>inter</strong></span> <span class='ocrx_word' id='word_1_563' title='bbox 3090 4384 3424 4461; x_wconf 52' lang='lat' dir='ltr'><strong>Bonifatium</strong></span> 
     </span>
    </p>
   </div>
   <div class='ocr_carea' id='block_1_89' title="bbox 1863 4453 3411 4526">
    <p class='ocr_par' dir='ltr' id='par_1_89' title="bbox 1863 4453 3411 4526">
     <span class='ocr_line' id='line_1_90' title="bbox 1863 4453 3411 4526; baseline -0.006 -11"><span class='ocrx_word' id='word_1_564' title='bbox 1863 4453 2110 4514; x_wconf 79' lang='lat' dir='ltr'><strong>nostrum</strong></span> <span class='ocrx_word' id='word_1_565' title='bbox 2137 4467 2298 4526; x_wconf 89' lang='lat' dir='ltr'><strong>atque</strong></span> <span class='ocrx_word' id='word_1_566' title='bbox 2323 4457 2503 4510; x_wconf 85' lang='lat' dir='ltr'><strong>Ottam</strong></span> <span class='ocrx_word' id='word_1_567' title='bbox 2551 4457 2879 4511; x_wconf 86' lang='lat' dir='ltr'><strong>abbatissam</strong></span> <span class='ocrx_word' id='word_1_568' title='bbox 2923 4455 3279 4526; x_wconf 84' lang='lat' dir='ltr'><strong>Parthenonis</strong></span> <span class='ocrx_word' id='word_1_569' title='bbox 3303 4453 3411 4526; x_wconf 77' lang='lat' dir='ltr'><strong>Bri-</strong></span> 
     </span>
    </p>
   </div>
   <div class='ocr_carea' id='block_1_90' title="bbox 201 4511 3422 4597">
    <p class='ocr_par' dir='ltr' id='par_1_90' title="bbox 201 4511 3422 4597">
     <span class='ocr_line' id='line_1_91' title="bbox 201 4511 3422 4597; baseline -0.002 -14"><span class='ocrx_word' id='word_1_570' title='bbox 201 4511 1686 4597; x_wconf 42' lang='lat' dir='ltr'><strong>beatii‘25i5i3£,&#39;éiiiiié’ric&#39;ois,&quot;desidibus’intumis:</strong></span> <span class='ocrx_word' id='word_1_571' title='bbox 1699 4511 1758 4583; x_wconf 48' lang='lat'><strong>12:</strong></span> <span class='ocrx_word' id='word_1_572' title='bbox 1792 4511 1835 4564; x_wconf 83' lang='grc' dir='ltr'>Ῑ)</span> <span class='ocrx_word' id='word_1_573' title='bbox 1862 4511 2064 4582; x_wconf 47' lang='lat' dir='ltr'><strong>mensis</strong></span> <span class='ocrx_word' id='word_1_574' title='bbox 2112 4511 2321 4582; x_wconf 68' lang='lat' dir='ltr'><strong>Satictm</strong></span> <span class='ocrx_word' id='word_1_575' title='bbox 2358 4527 2530 4590; x_wconf 55' lang='lat' dir='ltr'><strong>iuliae,</strong></span> <span class='ocrx_word' id='word_1_576' title='bbox 2571 4527 2769 4596; x_wconf 88' lang='lat' dir='ltr'><strong>scripta</strong></span> <span class='ocrx_word' id='word_1_577' title='bbox 2814 4527 3000 4594; x_wconf 87' lang='lat' dir='ltr'><strong>paucis</strong></span> <span class='ocrx_word' id='word_1_578' title='bbox 3050 4535 3174 4597; x_wconf 90' lang='lat' dir='ltr'><strong>ante</strong></span> <span class='ocrx_word' id='word_1_579' title='bbox 3213 4524 3422 4597; x_wconf 70' lang='lat' dir='ltr'><strong>diebus.</strong></span> 
     </span>
    </p>
   </div>
   <div class='ocr_carea' id='block_1_91' title="bbox 201 4598 1760 4671">
    <p class='ocr_par' dir='ltr' id='par_1_91' title="bbox 201 4598 1760 4671">
     <span class='ocr_line' id='line_1_92' title="bbox 201 4598 1760 4671; baseline 0.001 -21"><span class='ocrx_word' id='word_1_580' title='bbox 201 4599 256 4651; x_wconf 80' lang='lat' dir='ltr'><strong>in</strong></span> <span class='ocrx_word' id='word_1_581' title='bbox 279 4604 512 4656; x_wconf 73' lang='lat' dir='ltr'><strong>consiliis</strong></span> <span class='ocrx_word' id='word_1_582' title='bbox 531 4602 798 4671; x_wconf 71' lang='lat' dir='ltr'><strong>providus,</strong></span> <span class='ocrx_word' id='word_1_583' title='bbox 810 4611 859 4653; x_wconf 87' lang='lat' dir='ltr'><strong>et</strong></span> <span class='ocrx_word' id='word_1_584' title='bbox 872 4599 1167 4671; x_wconf 66' lang='lat' dir='ltr'><strong>discretus,</strong></span> <span class='ocrx_word' id='word_1_585' title='bbox 1195 4600 1452 4668; x_wconf 79' lang='lat' dir='ltr'><strong>facundus</strong></span> <span class='ocrx_word' id='word_1_586' title='bbox 1475 4599 1528 4671; x_wconf 80' lang='lat' dir='ltr'><strong>in</strong></span> <span class='ocrx_word' id='word_1_587' title='bbox 1553 4598 1760 4671; x_wconf 75' lang='lat' dir='ltr'><strong>loquela</strong></span> 
     </span>
    </p>
   </div>
   <div class='ocr_carea' id='block_1_92' title="bbox 203 4669 1757 4739">
    <p class='ocr_par' dir='ltr' id='par_1_92' title="bbox 203 4669 1757 4739">
     <span class='ocr_line' id='line_1_93' title="bbox 203 4669 1757 4739; baseline 0 -17"><span class='ocrx_word' id='word_1_588' title='bbox 203 4676 513 4739; x_wconf 22' lang='lat' dir='ltr'><strong>etﬂconstans</strong></span> <span class='ocrx_word' id='word_1_589' title='bbox 532 4669 726 4734; x_wconf 81' lang='lat' dir='ltr'><strong>animo,</strong></span> <span class='ocrx_word' id='word_1_590' title='bbox 752 4669 1112 4723; x_wconf 80' lang='lat' dir='ltr'><strong>Ecclesiarum</strong></span> <span class='ocrx_word' id='word_1_591' title='bbox 1136 4670 1394 4739; x_wconf 73' lang='lat' dir='ltr'><strong>defensor,</strong></span> <span class='ocrx_word' id='word_1_592' title='bbox 1419 4678 1466 4721; x_wconf 82' lang='lat' dir='ltr'><strong>el</strong></span> <span class='ocrx_word' id='word_1_593' title='bbox 1495 4670 1547 4720; x_wconf 87' lang='lat' dir='ltr'><strong>in</strong></span> <span class='ocrx_word' id='word_1_594' title='bbox 1565 4669 1757 4722; x_wconf 80' lang='lat' dir='ltr'><strong>divinis</strong></span> 
     </span>
    </p>
   </div>
   <div class='ocr_carea' id='block_1_93' title="bbox 204 4739 1756 4803">
    <p class='ocr_par' dir='ltr' id='par_1_93' title="bbox 204 4739 1756 4803">
     <span class='ocr_line' id='line_1_94' title="bbox 204 4739 1756 4803; baseline 0.001 -13"><span class='ocrx_word' id='word_1_595' title='bbox 204 4739 376 4803; x_wconf 65' lang='lat' dir='ltr'><strong>ofﬁciis</strong></span> <span class='ocrx_word' id='word_1_596' title='bbox 407 4741 626 4792; x_wconf 81' lang='lat' dir='ltr'><strong>libenter</strong></span> <span class='ocrx_word' id='word_1_597' title='bbox 663 4740 926 4803; x_wconf 80' lang='lat' dir='ltr'><strong>audiebat,</strong></span> <span class='ocrx_word' id='word_1_598' title='bbox 975 4749 1022 4792; x_wconf 89' lang='lat' dir='ltr'><strong>et</strong></span> <span class='ocrx_word' id='word_1_599' title='bbox 1062 4739 1291 4792; x_wconf 85' lang='lat' dir='ltr'><strong>donabat</strong></span> <span class='ocrx_word' id='word_1_600' title='bbox 1328 4739 1598 4801; x_wconf 76' lang='lat' dir='ltr'><strong>Ecclesiis,</strong></span> <span class='ocrx_word' id='word_1_601' title='bbox 1654 4747 1756 4792; x_wconf 84' lang='lat' dir='ltr'><strong>etc.</strong></span> 
     </span>
    </p>
   </div>
   <div class='ocr_carea' id='block_1_94' title="bbox 206 4802 1760 4878">
    <p class='ocr_par' dir='ltr' id='par_1_94' title="bbox 206 4802 1760 4878">
     <span class='ocr_line' id='line_1_95' title="bbox 206 4802 1760 4878; baseline 0.001 -21"><span class='ocrx_word' id='word_1_602' title='bbox 206 4802 326 4860; x_wconf 59' lang='lat' dir='ltr'><strong>Ilico</strong></span> <span class='ocrx_word' id='word_1_603' title='bbox 349 4809 540 4878; x_wconf 89' lang='lat' dir='ltr'><strong>procul</strong></span> <span class='ocrx_word' id='word_1_604' title='bbox 568 4809 731 4863; x_wconf 91' lang='lat' dir='ltr'><strong>dubio</strong></span> <span class='ocrx_word' id='word_1_605' title='bbox 753 4826 782 4863; x_wconf 91' lang='lat' dir='ltr'><strong>e</strong></span> <span class='ocrx_word' id='word_1_606' title='bbox 804 4802 1094 4878; x_wconf 78' lang='lat' dir='ltr'><strong>Donizouis</strong></span> <span class='ocrx_word' id='word_1_607' title='bbox 1116 4810 1353 4863; x_wconf 88' lang='lat' dir='ltr'><strong>carmine</strong></span> <span class='ocrx_word' id='word_1_608' title='bbox 1373 4808 1618 4870; x_wconf 85' lang='lat' dir='ltr'><strong>deducta,</strong></span> <span class='ocrx_word' id='word_1_609' title='bbox 1636 4822 1760 4860; x_wconf 87' lang='lat' dir='ltr'><strong>cum</strong></span> 
     </span>
    </p>
   </div>
   <div class='ocr_carea' id='block_1_95' title="bbox 205 4874 1759 4946">
    <p class='ocr_par' dir='ltr' id='par_1_95' title="bbox 205 4874 1759 4946">
     <span class='ocr_line' id='line_1_96' title="bbox 205 4874 1759 4946; baseline 0 -18"><span class='ocrx_word' id='word_1_610' title='bbox 205 4874 379 4933; x_wconf 81' lang='lat' dir='ltr'><strong>tamen</strong></span> <span class='ocrx_word' id='word_1_611' title='bbox 410 4880 544 4933; x_wconf 87' lang='lat' dir='ltr'><strong>nihil</strong></span> <span class='ocrx_word' id='word_1_612' title='bbox 590 4879 781 4934; x_wconf 89' lang='lat' dir='ltr'><strong>borum</strong></span> <span class='ocrx_word' id='word_1_613' title='bbox 813 4874 864 4936; x_wconf 80' lang='lat' dir='ltr'><strong>i&#39;n</strong></span> <span class='ocrx_word' id='word_1_614' title='bbox 892 4879 1047 4933; x_wconf 89' lang='lat' dir='ltr'><strong>editis</strong></span> <span class='ocrx_word' id='word_1_615' title='bbox 1083 4888 1352 4932; x_wconf 79' lang='lat' dir='ltr'><strong>occurrat.</strong></span> <span class='ocrx_word' id='word_1_616' title='bbox 1383 4878 1643 4946; x_wconf 12' lang='lat' dir='ltr'><strong>Autiergo</strong></span> <span class='ocrx_word' id='word_1_617' title='bbox 1677 4878 1759 4929; x_wconf 88' lang='lat' dir='ltr'><strong>in—</strong></span> 
     </span>
    </p>
   </div>
   <div class='ocr_carea' id='block_1_96' title="bbox 205 4945 1758 5018">
    <p class='ocr_par' dir='ltr' id='par_1_96' title="bbox 205 4945 1758 5018">
     <span class='ocr_line' id='line_1_97' title="bbox 205 4945 1758 5018; baseline -0.001 -18"><span class='ocrx_word' id='word_1_618' title='bbox 205 4949 480 5006; x_wconf 86' lang='lat' dir='ltr'><strong>tercidisse</strong></span> <span class='ocrx_word' id='word_1_619' title='bbox 512 4951 781 5018; x_wconf 85' lang='lat' dir='ltr'><strong>putandus</strong></span> <span class='ocrx_word' id='word_1_620' title='bbox 801 4947 882 5002; x_wconf 74' lang='lat' dir='ltr'><strong>est</strong></span> <span class='ocrx_word' id='word_1_621' title='bbox 908 4947 1102 5015; x_wconf 89' lang='lat' dir='ltr'><strong>aliquis</strong></span> <span class='ocrx_word' id='word_1_622' title='bbox 1126 4963 1336 5012; x_wconf 90' lang='lat' dir='ltr'><strong>versus,</strong></span> <span class='ocrx_word' id='word_1_623' title='bbox 1365 4957 1458 5018; x_wconf 88' lang='lat' dir='ltr'><strong>aut</strong></span> <span class='ocrx_word' id='word_1_624' title='bbox 1487 4945 1758 5018; x_wconf 79' lang='lat' dir='ltr'><strong>Epitomcs</strong></span> 
     </span>
    </p>
   </div>
   <div class='ocr_carea' id='block_1_97' title="bbox 209 5017 1754 5087">
    <p class='ocr_par' dir='ltr' id='par_1_97' title="bbox 209 5017 1754 5087">
     <span class='ocr_line' id='line_1_98' title="bbox 209 5017 1754 5087; baseline 0.002 -21"><span class='ocrx_word' id='word_1_625' title='bbox 209 5026 390 5072; x_wconf 80' lang='lat' dir='ltr'><strong>auctor</strong></span> <span class='ocrx_word' id='word_1_626' title='bbox 417 5017 647 5074; x_wconf 79' lang='lat' dir='ltr'><strong>reddidit</strong></span> <span class='ocrx_word' id='word_1_627' title='bbox 676 5020 761 5087; x_wconf 87' lang='lat' dir='ltr'><strong>his</strong></span> <span class='ocrx_word' id='word_1_628' title='bbox 790 5018 966 5087; x_wconf 81' lang='lat' dir='ltr'><strong>verbis</strong></span> <span class='ocrx_word' id='word_1_629' title='bbox 992 5025 1154 5084; x_wconf 85' lang='lat' dir='ltr'><strong>caput</strong></span> <span class='ocrx_word' id='word_1_630' title='bbox 1181 5019 1214 5070; x_wconf 90' lang='lat'><strong>8</strong></span> <span class='ocrx_word' id='word_1_631' title='bbox 1242 5019 1404 5087; x_wconf 85' lang='lat' dir='ltr'><strong>hujus</strong></span> <span class='ocrx_word' id='word_1_632' title='bbox 1429 5017 1552 5070; x_wconf 88' lang='lat' dir='ltr'><strong>libri</strong></span> <span class='ocrx_word' id='word_1_633' title='bbox 1583 5033 1640 5081; x_wconf 84' lang='grc' dir='ltr'><strong>ιι,</strong></span> <span class='ocrx_word' id='word_1_634' title='bbox 1666 5017 1754 5070; x_wconf 80' lang='lat' dir='ltr'><strong>ubi</strong></span> 
     </span>
    </p>
   </div>
   <div class='ocr_carea' id='block_1_98' title="bbox 208 5086 1369 5144">
    <p class='ocr_par' dir='ltr' id='par_1_98' title="bbox 208 5086 1369 5144">
     <span class='ocr_line' id='line_1_99' title="bbox 208 5086 1369 5144; baseline 0.003 -9"><span class='ocrx_word' id='word_1_635' title='bbox 208 5096 331 5141; x_wconf 86' lang='lat' dir='ltr'><strong>sunt</strong></span> <span class='ocrx_word' id='word_1_636' title='bbox 363 5088 548 5142; x_wconf 88' lang='lat' dir='ltr'><strong>laudes</strong></span> <span class='ocrx_word' id='word_1_637' title='bbox 575 5086 854 5140; x_wconf 84' lang='lat' dir='ltr'><strong>Bonifacii.</strong></span> <span class='ocrx_word' id='word_1_638' title='bbox 893 5086 1033 5139; x_wconf 78' lang='lat' dir='ltr'><strong>Mea.</strong></span> <span class='ocrx_word' id='word_1_639' title='bbox 1319 5086 1326 5087; x_wconf 52' lang='grc'><strong>“</strong></span> <span class='ocrx_word' id='word_1_640' title='bbox 1367 5142 1369 5144; x_wconf 58' lang='grc'><em>,</em></span> 
     </span>
    </p>
   </div>
   <div class='ocr_carea' id='block_1_99' title="bbox 296 5155 1402 5226">
    <p class='ocr_par' dir='ltr' id='par_1_99' title="bbox 296 5155 1402 5226">
     <span class='ocr_line' id='line_1_100' title="bbox 296 5155 1402 5226; baseline -0.001 -17"><span class='ocrx_word' id='word_1_641' title='bbox 296 5155 418 5226; x_wconf 74' lang='grc'>040)</span> <span class='ocrx_word' id='word_1_642' title='bbox 441 5156 614 5226; x_wconf 87' lang='lat' dir='ltr'><strong>Ipsius</strong></span> <span class='ocrx_word' id='word_1_643' title='bbox 641 5156 839 5226; x_wconf 89' lang='lat' dir='ltr'><strong>capella</strong></span> <span class='ocrx_word' id='word_1_644' title='bbox 870 5155 1225 5226; x_wconf 73' lang='lat' dir='ltr'><strong>ornatiorem.</strong></span> <span class='ocrx_word' id='word_1_645' title='bbox 1241 5155 1402 5226; x_wconf 70' lang='lat' dir='ltr'><strong>Lena.</strong></span> 
     </span>
    </p>
   </div>
   <div class='ocr_carea' id='block_1_100' title="bbox 299 5221 1751 5298">
    <p class='ocr_par' dir='ltr' id='par_1_100' title="bbox 299 5221 1751 5298">
     <span class='ocr_line' id='line_1_101' title="bbox 299 5221 1751 5298; baseline -0.003 -20"><span class='ocrx_word' id='word_1_646' title='bbox 299 5225 420 5298; x_wconf 64' lang='grc'>041)</span> <span class='ocrx_word' id='word_1_647' title='bbox 449 5221 526 5281; x_wconf 66' lang='grc' dir='ltr'><strong>Ϊιε</strong></span> <span class='ocrx_word' id='word_1_648' title='bbox 547 5221 762 5298; x_wconf 75' lang='lat' dir='ltr'><strong>quoque</strong></span> <span class='ocrx_word' id='word_1_649' title='bbox 785 5225 856 5298; x_wconf 81' lang='lat' dir='ltr'><strong>in</strong></span> <span class='ocrx_word' id='word_1_650' title='bbox 870 5223 1120 5298; x_wconf 77' lang='lat' dir='ltr'><strong>Regiensi</strong></span> <span class='ocrx_word' id='word_1_651' title='bbox 1135 5225 1336 5298; x_wconf 76' lang='lat' dir='ltr'><strong>codice.</strong></span> <span class='ocrx_word' id='word_1_652' title='bbox 1351 5223 1424 5298; x_wconf 87' lang='lat' dir='ltr'><strong>_In</strong></span> <span class='ocrx_word' id='word_1_653' title='bbox 1445 5221 1751 5298; x_wconf 68' lang='lat' dir='ltr'><strong>Padoliron.</strong></span> 
     </span>
    </p>
   </div>
   <div class='ocr_carea' id='block_1_101' title="bbox 212 5290 1746 5358">
    <p class='ocr_par' dir='ltr' id='par_1_101' title="bbox 212 5290 1746 5358">
     <span class='ocr_line' id='line_1_102' title="bbox 212 5290 1746 5358; baseline -0.001 -14"><span class='ocrx_word' id='word_1_654' title='bbox 212 5290 416 5349; x_wconf 80' lang='lat' dir='ltr'><strong>additur</strong></span> <span class='ocrx_word' id='word_1_655' title='bbox 441 5314 474 5349; x_wconf 91' lang='lat' dir='ltr'><strong>a</strong></span> <span class='ocrx_word' id='word_1_656' title='bbox 497 5290 692 5350; x_wconf 49' lang='lat' dir='ltr'><strong>sancto—</strong></span> <span class='ocrx_word' id='word_1_657' title='bbox 720 5290 974 5350; x_wconf 58' lang='lat' dir='ltr'><strong>Guidone:</strong></span> <span class='ocrx_word' id='word_1_658' title='bbox 1012 5293 1125 5350; x_wconf 87' lang='lat' dir='ltr'><strong>Hoc</strong></span> <span class='ocrx_word' id='word_1_659' title='bbox 1164 5303 1245 5348; x_wconf 89' lang='lat' dir='ltr'><strong>est</strong></span> <span class='ocrx_word' id='word_1_660' title='bbox 1281 5293 1472 5347; x_wconf 86' lang='lat' dir='ltr'><strong>abbate</strong></span> <span class='ocrx_word' id='word_1_661' title='bbox 1519 5291 1746 5358; x_wconf 83' lang='lat' dir='ltr'><strong>Pompo-</strong></span> 
     </span>
    </p>
   </div>
   <div class='ocr_carea' id='block_1_102' title="bbox 212 5361 1756 5433">
    <p class='ocr_par' dir='ltr' id='par_1_102' title="bbox 212 5361 1756 5433">
     <span class='ocr_line' id='line_1_103' title="bbox 212 5361 1756 5433; baseline -0.001 -19"><span class='ocrx_word' id='word_1_662' title='bbox 212 5361 344 5433; x_wconf 83' lang='lat' dir='ltr'><strong>siani</strong></span> <span class='ocrx_word' id='word_1_663' title='bbox 363 5367 593 5420; x_wconf 70' lang='lat' dir='ltr'><strong>emnobii</strong></span> <span class='ocrx_word' id='word_1_664' title='bbox 623 5367 677 5419; x_wconf 92' lang='lat' dir='ltr'><strong>in</strong></span> <span class='ocrx_word' id='word_1_665' title='bbox 703 5364 1031 5418; x_wconf 86' lang='lat' dir='ltr'><strong>Ferrariensi</strong></span> <span class='ocrx_word' id='word_1_666' title='bbox 1050 5379 1178 5433; x_wconf 83' lang='lat' dir='ltr'><strong>agro</strong></span> <span class='ocrx_word' id='word_1_667' title='bbox 1204 5379 1394 5417; x_wconf 90' lang='lat' dir='ltr'><strong>versus</strong></span> <span class='ocrx_word' id='word_1_668' title='bbox 1425 5361 1756 5433; x_wconf 79' lang='lat' dir='ltr'><strong>Adriaticum</strong></span> 
     </span>
    </p>
   </div>
   <div class='ocr_carea' id='block_1_103' title="bbox 215 5430 1759 5516">
    <p class='ocr_par' dir='ltr' id='par_1_103' title="bbox 215 5430 1759 5516">
     <span class='ocr_line' id='line_1_104' title="bbox 215 5430 1759 5516; baseline -0.001 -33"><span class='ocrx_word' id='word_1_669' title='bbox 347 5433 590 5516; x_wconf 66' lang='lat' dir='ltr'><strong>Probata:</strong></span> <span class='ocrx_word' id='word_1_670' title='bbox 619 5435 918 5516; x_wconf 57' lang='lat' dir='ltr'><strong>sanctitatis</strong></span> <span class='ocrx_word' id='word_1_671' title='bbox 947 5430 1154 5516; x_wconf 61' lang='lat' dir='ltr'><strong>famam</strong></span> <span class='ocrx_word' id='word_1_672' title='bbox 1197 5433 1441 5516; x_wconf 72' lang='lat' dir='ltr'><strong>adeptus,</strong></span> <span class='ocrx_word' id='word_1_673' title='bbox 1470 5432 1535 5516; x_wconf 82' lang='lat' dir='ltr'><strong>ad</strong></span> <span class='ocrx_word' id='word_1_674' title='bbox 1563 5430 1759 5516; x_wconf 63' lang='lat' dir='ltr'><strong>cmlum</strong></span> 
     </span>
    </p>
   </div>
   <div class='ocr_carea' id='block_1_104' title="bbox 215 5503 1758 5570">
    <p class='ocr_par' dir='ltr' id='par_1_104' title="bbox 215 5503 1758 5570">
     <span class='ocr_line' id='line_1_105' title="bbox 215 5503 1758 5570; baseline -0.001 -16"><span class='ocrx_word' id='word_1_675' title='bbox 215 5514 457 5570; x_wconf 72' lang='lat' dir='ltr'><strong>evocatus</strong></span> <span class='ocrx_word' id='word_1_676' title='bbox 485 5511 567 5557; x_wconf 88' lang='lat' dir='ltr'><strong>est</strong></span> <span class='ocrx_word' id='word_1_677' title='bbox 592 5519 736 5556; x_wconf 88' lang='lat' dir='ltr'><strong>anno</strong></span> <span class='ocrx_word' id='word_1_678' title='bbox 762 5505 918 5569; x_wconf 56' lang='lat'><strong>1046,</strong></span> <span class='ocrx_word' id='word_1_679' title='bbox 947 5503 1254 5558; x_wconf 90' lang='lat' dir='ltr'><strong>Hermanno</strong></span> <span class='ocrx_word' id='word_1_680' title='bbox 1279 5503 1568 5570; x_wconf 82' lang='lat' dir='ltr'><strong>Contracto</strong></span> <span class='ocrx_word' id='word_1_681' title='bbox 1602 5507 1758 5566; x_wconf 86' lang='lat' dir='ltr'><strong>teste,</strong></span> 
     </span>
    </p>
   </div>
   <div class='ocr_carea' id='block_1_105' title="bbox 215 5568 1394 5642">
    <p class='ocr_par' dir='ltr' id='par_1_105' title="bbox 215 5568 1394 5642">
     <span class='ocr_line' id='line_1_106' title="bbox 215 5568 1394 5642; baseline -0.007 -12"><span class='ocrx_word' id='word_1_682' title='bbox 215 5568 431 5642; x_wconf 69' lang='lat' dir='ltr'><strong>eiusque</strong></span> <span class='ocrx_word' id='word_1_683' title='bbox 461 5573 636 5627; x_wconf 73' lang='lat' dir='ltr'><strong>Vitam</strong></span> <span class='ocrx_word' id='word_1_684' title='bbox 668 5568 957 5642; x_wconf 74' lang='lat' dir='ltr'><strong>Bollandus</strong></span> <span class='ocrx_word' id='word_1_685' title='bbox 981 5573 1165 5628; x_wconf 88' lang='lat' dir='ltr'><strong>edidit.</strong></span> <span class='ocrx_word' id='word_1_686' title='bbox 1199 5571 1338 5624; x_wconf 73' lang='lat' dir='ltr'><strong>Mea.</strong></span> <span class='ocrx_word' id='word_1_687' title='bbox 1391 5579 1394 5582; x_wconf 75' lang='lat'>‘</span> 
     </span>
    </p>
   </div>
   <div class='ocr_carea' id='block_1_106' title="bbox 282 5639 1558 5710">
    <p class='ocr_par' dir='ltr' id='par_1_106' title="bbox 282 5639 1558 5710">
     <span class='ocr_line' id='line_1_107' title="bbox 282 5639 1558 5710; baseline -0.002 -15"><span class='ocrx_word' id='word_1_688' title='bbox 282 5639 422 5709; x_wconf 55' lang='lat'><strong>(652)</strong></span> <span class='ocrx_word' id='word_1_689' title='bbox 452 5643 574 5698; x_wconf 72' lang='grc' dir='ltr'><strong>Μεῑί</strong></span> <span class='ocrx_word' id='word_1_690' title='bbox 597 5641 828 5706; x_wconf 78' lang='lat' dir='ltr'><strong>codices,</strong></span> <span class='ocrx_word' id='word_1_691' title='bbox 859 5658 994 5695; x_wconf 87' lang='lat' dir='ltr'><strong>nunc</strong></span> <span class='ocrx_word' id='word_1_692' title='bbox 1025 5643 1380 5710; x_wconf 70' lang='lat' dir='ltr'><strong>Bonifatium.</strong></span> <span class='ocrx_word' id='word_1_693' title='bbox 1417 5639 1558 5694; x_wconf 75' lang='lat' dir='ltr'><strong>Man.</strong></span> 
     </span>
    </p>
   </div>
   <div class='ocr_carea' id='block_1_107' title="bbox 280 5710 1356 5785">
    <p class='ocr_par' dir='ltr' id='par_1_107' title="bbox 280 5710 1356 5785">
     <span class='ocr_line' id='line_1_108' title="bbox 280 5710 1356 5785; baseline -0.002 -19"><span class='ocrx_word' id='word_1_694' title='bbox 280 5710 421 5785; x_wconf 55' lang='lat' dir='ltr'><strong>(lilii)</strong></span> <span class='ocrx_word' id='word_1_695' title='bbox 451 5713 589 5785; x_wconf 74' lang='lat' dir='ltr'><strong>Cod.</strong></span> <span class='ocrx_word' id='word_1_696' title='bbox 619 5710 944 5785; x_wconf 81' lang='lat' dir='ltr'><strong>Padoliron.’,</strong></span> <span class='ocrx_word' id='word_1_697' title='bbox 968 5713 1190 5785; x_wconf 84' lang='lat' dir='ltr'><strong>amaris.</strong></span> <span class='ocrx_word' id='word_1_698' title='bbox 1208 5711 1356 5785; x_wconf 53' lang='lat' dir='ltr'><strong>plus.</strong></span> 
     </span>
    </p>
   </div>
   <div class='ocr_carea' id='block_1_108' title="bbox 285 5779 1347 5852">
    <p class='ocr_par' dir='ltr' id='par_1_108' title="bbox 285 5779 1347 5852">
     <span class='ocr_line' id='line_1_109' title="bbox 285 5779 1347 5852; baseline 0.006 -23"><span class='ocrx_word' id='word_1_699' title='bbox 285 5779 361 5850; x_wconf 69' lang='lat' dir='ltr'><strong>{lii</strong></span> <span class='ocrx_word' id='word_1_700' title='bbox 380 5783 420 5852; x_wconf 68' lang='grc' dir='ltr'>Ξ)</span> <span class='ocrx_word' id='word_1_701' title='bbox 454 5782 594 5836; x_wconf 77' lang='lat' dir='ltr'><strong>Idem</strong></span> <span class='ocrx_word' id='word_1_702' title='bbox 626 5781 810 5847; x_wconf 71' lang='lat' dir='ltr'><strong>codex,</strong></span> <span class='ocrx_word' id='word_1_703' title='bbox 842 5783 974 5849; x_wconf 76' lang='lat' dir='ltr'><strong>quod</strong></span> <span class='ocrx_word' id='word_1_704' title='bbox 999 5797 1088 5847; x_wconf 85' lang='lat' dir='ltr'><strong>per</strong></span> <span class='ocrx_word' id='word_1_705' title='bbox 1112 5798 1180 5834; x_wconf 78' lang='lat' dir='ltr'><strong>se.</strong></span> <span class='ocrx_word' id='word_1_706' title='bbox 1207 5779 1347 5835; x_wconf 72' lang='lat' dir='ltr'><strong>Muri.</strong></span> 
     </span>
    </p>
   </div>
   <div class='ocr_carea' id='block_1_109' title="bbox 1859 4593 3423 4670">
    <p class='ocr_par' dir='ltr' id='par_1_109' title="bbox 1859 4593 3423 4670">
     <span class='ocr_line' id='line_1_110' title="bbox 1859 4593 3423 4670; baseline -0.004 -18"><span class='ocrx_word' id='word_1_707' title='bbox 1859 4599 2125 4670; x_wconf 59' lang='lat' dir='ltr'><strong>videlicet,</strong></span> <span class='ocrx_word' id='word_1_708' title='bbox 2202 4614 2340 4670; x_wconf 82' lang='lat' dir='ltr'><strong>anno</strong></span> <span class='ocrx_word' id='word_1_709' title='bbox 2405 4593 2694 4670; x_wconf 63' lang='lat' dir='ltr'><strong>millesimo</strong></span> <span class='ocrx_word' id='word_1_710' title='bbox 2728 4593 3155 4670; x_wconf 68' lang='lat' dir='ltr'><strong>quinquagesimo</strong></span> <span class='ocrx_word' id='word_1_711' title='bbox 3201 4593 3423 4670; x_wconf 44' lang='lat' dir='ltr'><strong>sgmx-do</strong></span> 
     </span>
    </p>
   </div>
   <div class='ocr_carea' id='block_1_110' title="bbox 1862 4662 3422 4737">
    <p class='ocr_par' dir='ltr' id='par_1_110' title="bbox 1862 4662 3422 4737">
     <span class='ocr_line' id='line_1_111' title="bbox 1862 4662 3422 4737; baseline -0.005 -17"><span class='ocrx_word' id='word_1_712' title='bbox 1862 4667 2120 4721; x_wconf 81' lang='lat' dir='ltr'><strong>Henricus</strong></span> <span class='ocrx_word' id='word_1_713' title='bbox 2164 4667 2340 4737; x_wconf 69' lang='lat' dir='ltr'><strong>gratia</strong></span> <span class='ocrx_word' id='word_1_714' title='bbox 2383 4666 2489 4737; x_wconf 80' lang='lat' dir='ltr'><strong>Dei</strong></span> <span class='ocrx_word' id='word_1_715' title='bbox 2529 4667 2653 4737; x_wconf 79' lang='lat' dir='ltr'><strong>imp.</strong></span> <span class='ocrx_word' id='word_1_716' title='bbox 2705 4662 2878 4737; x_wconf 42' lang='lat' dir='ltr'><strong>Aug”:</strong></span> <span class='ocrx_word' id='word_1_717' title='bbox 2897 4662 3031 4737; x_wconf 81' lang='lat' dir='ltr'><strong>anno</strong></span> <span class='ocrx_word' id='word_1_718' title='bbox 3067 4662 3270 4737; x_wconf 62' lang='lat' dir='ltr'><strong>imperii</strong></span> <span class='ocrx_word' id='word_1_719' title='bbox 3310 4662 3422 4727; x_wconf 75' lang='lat' dir='ltr'><strong>ejus</strong></span> 
     </span>
    </p>
   </div>
   <div class='ocr_carea' id='block_1_111' title="bbox 1886 4730 3421 4808">
    <p class='ocr_par' dir='ltr' id='par_1_111' title="bbox 1886 4730 3421 4808">
     <span class='ocr_line' id='line_1_112' title="bbox 1886 4730 3421 4808; baseline -0.008 -18"><span class='ocrx_word' id='word_1_720' title='bbox 1886 4746 2024 4802; x_wconf 67' lang='lat' dir='ltr'><strong>mito,</strong></span> <span class='ocrx_word' id='word_1_721' title='bbox 2060 4730 2248 4808; x_wconf 65' lang='lat' dir='ltr'><strong>quarto</strong></span> <span class='ocrx_word' id='word_1_722' title='bbox 2282 4734 2555 4808; x_wconf 71' lang='lat' dir='ltr'><strong>Kalendas</strong></span> <span class='ocrx_word' id='word_1_723' title='bbox 2591 4730 2970 4808; x_wconf 43' lang='lat' dir='ltr'><strong>A])1:ll58:,_llid.</strong></span> <span class='ocrx_word' id='word_1_724' title='bbox 3003 4732 3202 4808; x_wconf 71' lang='lat' dir='ltr'><strong>quinta.</strong></span> <span class='ocrx_word' id='word_1_725' title='bbox 3235 4730 3421 4808; x_wconf 36' lang='lat' dir='ltr'><strong>flet-um</strong></span> 
     </span>
    </p>
   </div>
   <div class='ocr_carea' id='block_1_112' title="bbox 1860 4798 3482 4862">
    <p class='ocr_par' dir='ltr' id='par_1_112' title="bbox 1860 4798 3482 4862">
     <span class='ocr_line' id='line_1_113' title="bbox 1860 4798 3482 4862; baseline -0.007 0"><span class='ocrx_word' id='word_1_726' title='bbox 1860 4813 1913 4862; x_wconf 80' lang='lat' dir='ltr'><strong>in</strong></span> <span class='ocrx_word' id='word_1_727' title='bbox 1937 4798 2147 4861; x_wconf 75' lang='lat' dir='ltr'><strong>civitate</strong></span> <span class='ocrx_word' id='word_1_728' title='bbox 2173 4805 2411 4858; x_wconf 74' lang='lat' dir='ltr'><strong>Mantua:</strong></span> <span class='ocrx_word' id='word_1_729' title='bbox 2439 4806 2491 4855; x_wconf 87' lang='lat' dir='ltr'><strong>in</strong></span> <span class='ocrx_word' id='word_1_730' title='bbox 2518 4798 2731 4854; x_wconf 75' lang='lat' dir='ltr'><strong>Palatio</strong></span> <span class='ocrx_word' id='word_1_731' title='bbox 2756 4803 2920 4854; x_wconf 58' lang='lat' dir='ltr'><strong>(idem</strong></span> <span class='ocrx_word' id='word_1_732' title='bbox 2963 4798 3279 4851; x_wconf 81' lang='lat' dir='ltr'><strong>marcbionis</strong></span> <span class='ocrx_word' id='word_1_733' title='bbox 3319 4798 3423 4851; x_wconf 83' lang='lat' dir='ltr'><strong>b’o-</strong></span> <span class='ocrx_word' id='word_1_734' title='bbox 3477 4798 3482 4808; x_wconf 65' lang='grc'><strong><em>³</em></strong></span> 
     </span>
    </p>
   </div>
   <div class='ocr_carea' id='block_1_113' title="bbox 1864 4869 3420 4944">
    <p class='ocr_par' dir='ltr' id='par_1_113' title="bbox 1864 4869 3420 4944">
     <span class='ocr_line' id='line_1_114' title="bbox 1864 4869 3420 4944; baseline -0.006 -14"><span class='ocrx_word' id='word_1_735' title='bbox 1864 4879 2070 4944; x_wconf 73' lang='grc' dir='ltr'><strong>ηἰῙαείἱ.</strong></span> <span class='ocrx_word' id='word_1_736' title='bbox 2102 4877 2282 4944; x_wconf 85' lang='lat' dir='ltr'><strong>Quare</strong></span> <span class='ocrx_word' id='word_1_737' title='bbox 2303 4873 2471 4944; x_wconf 81' lang='lat' dir='ltr'><strong>vides,</strong></span> <span class='ocrx_word' id='word_1_738' title='bbox 2508 4878 2651 4944; x_wconf 81' lang='lat' dir='ltr'><strong>recte</strong></span> <span class='ocrx_word' id='word_1_739' title='bbox 2699 4871 2821 4944; x_wconf 72' lang='lat' dir='ltr'><strong>lucc,</strong></span> <span class='ocrx_word' id='word_1_740' title='bbox 2848 4883 3143 4944; x_wconf 67' lang='lat' dir='ltr'><strong>congruere</strong></span> <span class='ocrx_word' id='word_1_741' title='bbox 3169 4884 3291 4944; x_wconf 79' lang='lat' dir='ltr'><strong>cum</strong></span> <span class='ocrx_word' id='word_1_742' title='bbox 3333 4869 3420 4944; x_wconf 67' lang='lat' dir='ltr'><strong>iis,</strong></span> 
     </span>
    </p>
   </div>
   <div class='ocr_carea' id='block_1_114' title="bbox 1864 4938 3422 5015">
    <p class='ocr_par' dir='ltr' id='par_1_114' title="bbox 1864 4938 3422 5015">
     <span class='ocr_line' id='line_1_115' title="bbox 1864 4938 3422 5015; baseline -0.004 -18"><span class='ocrx_word' id='word_1_743' title='bbox 1864 4938 1984 5015; x_wconf 67' lang='lat' dir='ltr'><strong>qua:</strong></span> <span class='ocrx_word' id='word_1_744' title='bbox 2046 4938 2206 4999; x_wconf 85' lang='lat' dir='ltr'><strong>habet</strong></span> <span class='ocrx_word' id='word_1_745' title='bbox 2250 4943 2487 5015; x_wconf 84' lang='lat' dir='ltr'><strong>_Doui_zo._</strong></span> <span class='ocrx_word' id='word_1_746' title='bbox 2546 4940 2860 5008; x_wconf 77' lang='lat' dir='ltr'><strong>Arnulphus</strong></span> <span class='ocrx_word' id='word_1_747' title='bbox 2912 4938 3321 5015; x_wconf 71' lang='lat' dir='ltr'><strong>Mediolancnsis</strong></span> <span class='ocrx_word' id='word_1_748' title='bbox 3351 4939 3422 5015; x_wconf 67' lang='lat' dir='ltr'><strong>in</strong></span> 
     </span>
    </p>
   </div>
   <div class='ocr_carea' id='block_1_115' title="bbox 1865 5007 3425 5077">
    <p class='ocr_par' dir='ltr' id='par_1_115' title="bbox 1865 5007 3425 5077">
     <span class='ocr_line' id='line_1_116' title="bbox 1865 5007 3425 5077; baseline -0.006 -8"><span class='ocrx_word' id='word_1_749' title='bbox 1865 5007 2098 5070; x_wconf 77' lang='lat' dir='ltr'><strong>Historia</strong></span> <span class='ocrx_word' id='word_1_750' title='bbox 2124 5031 2219 5069; x_wconf 88' lang='lat' dir='ltr'><strong>sua</strong></span> <span class='ocrx_word' id='word_1_751' title='bbox 2249 5011 2584 5065; x_wconf 81' lang='lat' dir='ltr'><strong>Bonifacium</strong></span> <span class='ocrx_word' id='word_1_752' title='bbox 2608 5025 2864 5077; x_wconf 88' lang='lat' dir='ltr'><strong>perquam</strong></span> <span class='ocrx_word' id='word_1_753' title='bbox 2896 5023 3075 5061; x_wconf 88' lang='lat' dir='ltr'><strong>senem</strong></span> <span class='ocrx_word' id='word_1_754' title='bbox 3104 5007 3258 5061; x_wconf 87' lang='lat' dir='ltr'><strong>nobis</strong></span> <span class='ocrx_word' id='word_1_755' title='bbox 3279 5009 3425 5061; x_wconf 75' lang='lat' dir='ltr'><strong>exhi-</strong></span> 
     </span>
    </p>
   </div>
   <div class='ocr_carea' id='block_1_116' title="bbox 1865 5078 3422 5137">
    <p class='ocr_par' dir='ltr' id='par_1_116' title="bbox 1865 5078 3422 5137">
     <span class='ocr_line' id='line_1_117' title="bbox 1865 5078 3422 5137; baseline -0.005 0"><span class='ocrx_word' id='word_1_756' title='bbox 1865 5085 1968 5137; x_wconf 89' lang='lat' dir='ltr'><strong>bet.</strong></span> <span class='ocrx_word' id='word_1_757' title='bbox 2002 5085 2066 5136; x_wconf 87' lang='lat' dir='ltr'><strong>Et</strong></span> <span class='ocrx_word' id='word_1_758' title='bbox 2097 5097 2277 5136; x_wconf 81' lang='lat' dir='ltr'><strong>revera</strong></span> <span class='ocrx_word' id='word_1_759' title='bbox 2313 5096 2435 5134; x_wconf 86' lang='lat' dir='ltr'><strong>cum</strong></span> <span class='ocrx_word' id='word_1_760' title='bbox 2468 5079 2683 5134; x_wconf 89' lang='lat' dir='ltr'><strong>circiter</strong></span> <span class='ocrx_word' id='word_1_761' title='bbox 2721 5094 2922 5133; x_wconf 87' lang='lat' dir='ltr'><strong>annum</strong></span> <span class='ocrx_word' id='word_1_762' title='bbox 2973 5078 3104 5130; x_wconf 69' lang='lat' dir='ltr'><strong>10M</strong></span> <span class='ocrx_word' id='word_1_763' title='bbox 3154 5079 3422 5130; x_wconf 64' lang='lat' dir='ltr'><strong>mari-hio-</strong></span> 
     </span>
    </p>
   </div>
   <div class='ocr_carea' id='block_1_117' title="bbox 1863 5147 3425 5222">
    <p class='ocr_par' dir='ltr' id='par_1_117' title="bbox 1863 5147 3425 5222">
     <span class='ocr_line' id='line_1_118' title="bbox 1863 5147 3425 5222; baseline -0.004 -17"><span class='ocrx_word' id='word_1_764' title='bbox 1863 5169 1982 5207; x_wconf 89' lang='lat' dir='ltr'><strong>nem</strong></span> <span class='ocrx_word' id='word_1_765' title='bbox 2015 5168 2172 5222; x_wconf 87' lang='lat' dir='ltr'><strong>agere</strong></span> <span class='ocrx_word' id='word_1_766' title='bbox 2215 5151 2457 5220; x_wconf 77' lang='lat' dir='ltr'><strong>cmperit,</strong></span> <span class='ocrx_word' id='word_1_767' title='bbox 2488 5166 2630 5204; x_wconf 89' lang='lat' dir='ltr'><strong>anno</strong></span> <span class='ocrx_word' id='word_1_768' title='bbox 2683 5150 2838 5215; x_wconf 74' lang='grc'><strong>1052,</strong></span> <span class='ocrx_word' id='word_1_769' title='bbox 2885 5156 3048 5202; x_wconf 76' lang='lat' dir='ltr'><strong>senex</strong></span> <span class='ocrx_word' id='word_1_770' title='bbox 3076 5147 3234 5200; x_wconf 83' lang='lat' dir='ltr'><strong>fuerit</strong></span> <span class='ocrx_word' id='word_1_771' title='bbox 3261 5161 3425 5214; x_wconf 91' lang='lat' dir='ltr'><strong>opor-</strong></span> 
     </span>
    </p>
   </div>
   <div class='ocr_carea' id='block_1_118' title="bbox 1858 5222 2134 5276">
    <p class='ocr_par' dir='ltr' id='par_1_118' title="bbox 1858 5222 2134 5276">
     <span class='ocr_line' id='line_1_119' title="bbox 1858 5222 2134 5276; baseline 0.004 -1"><span class='ocrx_word' id='word_1_772' title='bbox 1858 5231 1952 5275; x_wconf 86' lang='lat' dir='ltr'><strong>tet.</strong></span> <span class='ocrx_word' id='word_1_773' title='bbox 1994 5222 2134 5276; x_wconf 70' lang='lat' dir='ltr'><strong>Men.</strong></span> 
     </span>
    </p>
   </div>
   <div class='ocr_carea' id='block_1_119' title="bbox 1935 5282 3420 5363">
    <p class='ocr_par' dir='ltr' id='par_1_119' title="bbox 1935 5282 3420 5363">
     <span class='ocr_line' id='line_1_120' title="bbox 1935 5282 3420 5363; baseline -0.008 -18"><span class='ocrx_word' id='word_1_774' title='bbox 1935 5291 2189 5363; x_wconf 13' lang='lat' dir='ltr'><strong>(0.i6)_Exr</strong></span> <span class='ocrx_word' id='word_1_775' title='bbox 2207 5291 2428 5363; x_wconf 80' lang='lat' dir='ltr'><strong>insidiis</strong></span> <span class='ocrx_word' id='word_1_776' title='bbox 2454 5289 2683 5363; x_wconf 77' lang='lat' dir='ltr'><strong>recisum</strong></span> <span class='ocrx_word' id='word_1_777' title='bbox 2712 5296 2894 5363; x_wconf 79' lang='lat' dir='ltr'><strong>narrat</strong></span> <span class='ocrx_word' id='word_1_778' title='bbox 2915 5285 3254 5363; x_wconf 75' lang='lat' dir='ltr'><strong>Hermannus</strong></span> <span class='ocrx_word' id='word_1_779' title='bbox 3277 5282 3420 5335; x_wconf 84' lang='lat' dir='ltr'><strong>Con-</strong></span> 
     </span>
    </p>
   </div>
   <div class='ocr_carea' id='block_1_120' title="bbox 1863 5356 3126 5426">
    <p class='ocr_par' dir='ltr' id='par_1_120' title="bbox 1863 5356 3126 5426">
     <span class='ocr_line' id='line_1_121' title="bbox 1863 5356 3126 5426; baseline -0.008 -11"><span class='ocrx_word' id='word_1_780' title='bbox 1863 5356 2069 5416; x_wconf 79' lang='lat' dir='ltr'><strong>tractus</strong></span> <span class='ocrx_word' id='word_1_781' title='bbox 2094 5361 2250 5424; x_wconf 64' lang='lat'><strong>105‘2,</strong></span> <span class='ocrx_word' id='word_1_782' title='bbox 2282 5360 2423 5426; x_wconf 88' lang='lat' dir='ltr'><strong>quod</strong></span> <span class='ocrx_word' id='word_1_783' title='bbox 2455 5369 2609 5425; x_wconf 85' lang='lat' dir='ltr'><strong>poeta</strong></span> <span class='ocrx_word' id='word_1_784' title='bbox 2629 5357 2954 5426; x_wconf 80' lang='lat' dir='ltr'><strong>dissimulat.</strong></span> <span class='ocrx_word' id='word_1_785' title='bbox 2981 5356 3126 5426; x_wconf 72' lang='lat' dir='ltr'><strong>LEIB.</strong></span> 
     </span>
    </p>
   </div>
   <div class='ocr_carea' id='block_1_121' title="bbox 1955 5417 3418 5502">
    <p class='ocr_par' dir='ltr' id='par_1_121' title="bbox 1955 5417 3418 5502">
     <span class='ocr_line' id='line_1_122' title="bbox 1955 5417 3418 5502; baseline -0.011 -18"><span class='ocrx_word' id='word_1_786' title='bbox 1955 5433 2078 5502; x_wconf 68' lang='grc'>647)</span> <span class='ocrx_word' id='word_1_787' title='bbox 2107 5417 2283 5491; x_wconf 81' lang='lat' dir='ltr'><strong>Forte,</strong></span> <span class='ocrx_word' id='word_1_788' title='bbox 2299 5417 2560 5481; x_wconf 42' lang='lat' dir='ltr'><strong>IDeus&#39;a’vi</strong></span> <span class='ocrx_word' id='word_1_789' title='bbox 2581 5444 2597 5489; x_wconf 89' lang='lat'><em>;</em></span> <span class='ocrx_word' id='word_1_790' title='bbox 2619 5425 2886 5502; x_wconf 65' lang='lat' dir='ltr'><strong>Dominus</strong></span> <span class='ocrx_word' id='word_1_791' title='bbox 2909 5424 3221 5502; x_wconf 49' lang='lat' dir='ltr'><strong>sicculorurn</strong></span> <span class='ocrx_word' id='word_1_792' title='bbox 3232 5417 3418 5502; x_wconf 40' lang='grc' dir='ltr'><strong>ςιξλειιι,</strong></span> 
     </span>
    </p>
   </div>
   <div class='ocr_carea' id='block_1_122' title="bbox 1956 5486 3418 5565">
    <p class='ocr_par' dir='ltr' id='par_1_122' title="bbox 1956 5486 3418 5565">
     <span class='ocr_line' id='line_1_123' title="bbox 1956 5486 3418 5565; baseline -0.008 -13"><span class='ocrx_word' id='word_1_793' title='bbox 1956 5518 1987 5552; x_wconf 92' lang='lat' dir='ltr'><strong>n</strong></span> <span class='ocrx_word' id='word_1_794' title='bbox 2017 5486 2294 5554; x_wconf 78' lang='lat' dir='ltr'><strong>codicibus</strong></span> <span class='ocrx_word' id='word_1_795' title='bbox 2322 5499 2496 5551; x_wconf 87' lang='lat' dir='ltr'><strong>mstis.</strong></span> <span class='ocrx_word' id='word_1_796' title='bbox 2539 5486 2737 5565; x_wconf 86' lang='lat' dir='ltr'><strong>quibus</strong></span> <span class='ocrx_word' id='word_1_797' title='bbox 2759 5492 3057 5563; x_wconf 10' lang='lat' dir='ltr'><strong>utor,IDcus</strong></span> <span class='ocrx_word' id='word_1_798' title='bbox 3093 5490 3209 5543; x_wconf 78' lang='lat' dir='ltr'><strong>wvi.</strong></span> <span class='ocrx_word' id='word_1_799' title='bbox 3234 5486 3418 5556; x_wconf 86' lang='lat' dir='ltr'><strong>Neque</strong></span> 
     </span>
    </p>
   </div>
   <div class='ocr_carea' id='block_1_123' title="bbox 1863 5565 2857 5624">
    <p class='ocr_par' dir='ltr' id='par_1_123' title="bbox 1863 5565 2857 5624">
     <span class='ocr_line' id='line_1_124' title="bbox 1863 5565 2857 5624; baseline -0.009 0"><span class='ocrx_word' id='word_1_800' title='bbox 1863 5569 2138 5624; x_wconf 79' lang='lat' dir='ltr'><strong>codicibus</strong></span> <span class='ocrx_word' id='word_1_801' title='bbox 2166 5582 2301 5624; x_wconf 81' lang='lat' dir='ltr'><strong>onus</strong></span> <span class='ocrx_word' id='word_1_802' title='bbox 2328 5576 2462 5620; x_wconf 90' lang='lat' dir='ltr'><strong>erat.</strong></span> <span class='ocrx_word' id='word_1_803' title='bbox 2495 5565 2635 5619; x_wconf 77' lang='lat' dir='ltr'><strong>Men.</strong></span> <span class='ocrx_word' id='word_1_804' title='bbox 2853 5578 2857 5582; x_wconf 89' lang='grc'><strong>·</strong></span> 
     </span>
    </p>
   </div>
   <div class='ocr_carea' id='block_1_124' title="bbox 1935 5625 3416 5707">
    <p class='ocr_par' dir='ltr' id='par_1_124' title="bbox 1935 5625 3416 5707">
     <span class='ocr_line' id='line_1_125' title="bbox 1935 5625 3416 5707; baseline -0.011 -15"><span class='ocrx_word' id='word_1_805' title='bbox 1935 5637 2080 5707; x_wconf 73' lang='grc'>(648)</span> <span class='ocrx_word' id='word_1_806' title='bbox 2119 5635 2172 5689; x_wconf 84' lang='grc' dir='ltr'><strong>1η</strong></span> <span class='ocrx_word' id='word_1_807' title='bbox 2202 5625 2466 5707; x_wconf 78' lang='lat' dir='ltr'><strong>liactcnus</strong></span> <span class='ocrx_word' id='word_1_808' title='bbox 2518 5634 2687 5707; x_wconf 81' lang='lat' dir='ltr'><strong>editis</strong></span> <span class='ocrx_word' id='word_1_809' title='bbox 2719 5629 3151 5707; x_wconf 66' lang='lat' dir='ltr'><strong>subsequebatur</strong></span> <span class='ocrx_word' id='word_1_810' title='bbox 3192 5625 3416 5707; x_wconf 34' lang='lat' dir='ltr'><strong>cap.‘yi7</strong></span> 
     </span>
    </p>
   </div>
   <div class='ocr_carea' id='block_1_125' title="bbox 1861 5692 3416 5775">
    <p class='ocr_par' dir='ltr' id='par_1_125' title="bbox 1861 5692 3416 5775">
     <span class='ocr_line' id='line_1_126' title="bbox 1861 5692 3416 5775; baseline -0.01 -14"><span class='ocrx_word' id='word_1_811' title='bbox 1861 5692 1952 5762; x_wconf 49' lang='lat' dir='ltr'><strong>ita‘</strong></span> <span class='ocrx_word' id='word_1_812' title='bbox 1984 5692 2304 5775; x_wconf 61' lang='lat' dir='ltr'><strong>inscriptum</strong></span> <span class='ocrx_word' id='word_1_813' title='bbox 2332 5723 2344 5758; x_wconf 92' lang='lat'>:</span> <span class='ocrx_word' id='word_1_814' title='bbox 2394 5705 2530 5768; x_wconf 80' lang='lat' dir='ltr'><strong>Quot</strong></span> <span class='ocrx_word' id='word_1_815' title='bbox 2565 5703 2715 5754; x_wconf 78' lang='lat' dir='ltr'><strong>annis</strong></span> <span class='ocrx_word' id='word_1_816' title='bbox 2743 5703 2874 5775; x_wconf 68' lang='lat' dir='ltr'><strong>ria&#39;it</strong></span> <span class='ocrx_word' id='word_1_817' title='bbox 2903 5692 3150 5775; x_wconf 62' lang='lat' dir='ltr'><strong>&#39;Bcatrix,</strong></span> <span class='ocrx_word' id='word_1_818' title='bbox 3172 5692 3416 5775; x_wconf 40' lang='lat' dir='ltr'><strong>c_tc..\&quot;_ec</strong></span> 
     </span>
    </p>
   </div>
   <div class='ocr_carea' id='block_1_126' title="bbox 1866 5766 3419 5831">
    <p class='ocr_par' dir='ltr' id='par_1_126' title="bbox 1866 5766 3419 5831">
     <span class='ocr_line' id='line_1_127' title="bbox 1866 5766 3419 5831; baseline -0.008 -1"><span class='ocrx_word' id='word_1_819' title='bbox 1866 5793 1983 5830; x_wconf 90' lang='lat' dir='ltr'><strong>rum</strong></span> <span class='ocrx_word' id='word_1_820' title='bbox 2028 5776 2118 5831; x_wconf 87' lang='lat' dir='ltr'><strong>hic</strong></span> <span class='ocrx_word' id='word_1_821' title='bbox 2155 5766 2529 5831; x_wconf 34' lang='lat' dir='ltr'><strong>intersere-mla</strong></span> <span class='ocrx_word' id='word_1_822' title='bbox 2578 5781 2656 5826; x_wconf 81' lang='lat' dir='ltr'><strong>est</strong></span> <span class='ocrx_word' id='word_1_823' title='bbox 2714 5772 2910 5823; x_wconf 83' lang='lat' dir='ltr'><strong>urbana</strong></span> <span class='ocrx_word' id='word_1_824' title='bbox 2964 5766 3240 5818; x_wconf 75' lang='lat' dir='ltr'><strong>altercatio</strong></span> <span class='ocrx_word' id='word_1_825' title='bbox 3284 5766 3419 5817; x_wconf 71' lang='lat' dir='ltr'><strong>inter</strong></span> 
     </span>
    </p>
   </div>
  </div>
