3944 6404
207 448 346 504 ’997

758 555 985 612 CAPUT
1025 556 1313 612 I‘llllll'M.

233 647 322 702 De
355 651 779 720 primoqurentu
807 649 951 720 tertii,
985 648 1202 720 llenriti
1231 651 1386 720 regis,
1417 659 1465 702 et
1498 667 1648 720 νίψω
1679 650 1809 704 Cre-

315 719 450 790 goﬁrii
514 717 641 790 l_
665 717 1202 790 inLangobardimn,
1239 717 1297 771 et
1327 717 1620 790 (Irtuliter'a
1649 721 1814 773 dura-

314 786 443 841 tricc
505 786 755 838 .lfathillli
805 787 944 854 apud
981 787 1268 858 Crmnssuin
1306 786 1530 858 suscepti
1585 799 1703 841 sunt
1764 799 1812 842 et

311 858 448 924 quo-1
477 857 904 928 ratiirdenrregem
937 855 1188 928 subvertit
1225 855 1504 928 (iuiberlus
1549 860 1809 928 archiepi-

313 923 518 993 πυρίας,
564 935 612 977 et
658 923 766 977 alia
799 923 920 976 rice
959 925 1050 977 irit
1096 942 1212 977 cum
1261 942 1320 978 eo
1365 927 1580 980 Ιέυυιιιηι
1627 923 1812 982 contra

313 1011 526 1064 pupunu

229 1105 355 1162 Rex
389 1113 541 1174 rogat
565 1103 710 1173 (752)
727 1104 994 1168 abbatem,
1020 1103 1314 1158 Mathildim
1341 1105 1602 1174 supplicat
1626 1115 1808 1176 atque,

227 1196 369 1250 Post
400 1195 589 1249 matris
621 1203 850 1248 mortem
881 1193 1023 1248 fama
1048 1205 1298 1248 currente
1334 1211 1428 1264 per
1450 1197 1666 1262 urbem,

229 1284 439 1356 Regem
471 1286 789 1339 damnatum
825 1299 922 1352 per
947 1300 1140 1354 papam
1167 1297 1683 1354 commemoratum;

229 1375 462 1430 Turbati
490 1384 634 1429 certe
668 1373 834 1428 fortes
857 1383 988 1428 sunt
1005 1384 1167 1445 atque
1199 1385 1464 1444 potentes,

223 1461 338 1518 l‘cr
365 1475 535 1518 totum
563 1479 807 1534 regnum,
829 1464 1092 1529 dicentes,
1129 1481 1247 1520 esse
1269 1468 1582 1534 superbum,

223 1553 352 1608 Non
389 1570 577 1624 parcre
606 1555 710 1623 pie,
740 1555 1024 1609 sinceriter
1053 1565 1217 1624 atque
1240 1557 1468 1627 benigne

225 1641 493 1698 Romanae
514 1645 650 1709 sedi,
680 1659 800 1712 quae
827 1645 1007 1698 claves
1035 1646 1275 1702 continet
1302 1647 1429 1712 aevi;

223 1737 354 1802 Quo
388 1735 531 1790 circa
555 1750 732 1803 regem
758 1742 1004 1789 statuunt
1034 1746 1382 1790 contemnere
1403 1748 1575 1804 recte,

219 1822 295 1877 Ni
327 1824 537 1890 redeat;
566 1839 715 1892 papae
739 1838 924 1892 pacem
951 1826 1162 1879 studeat
1191 1841 1464 1902 revocare,

219 1913 345 1966 Non
376 1915 531 1967 aliter
559 1929 618 1968 se
647 1931 739 1967 rex
771 1929 1006 1968 noscens
1031 1930 1255 1984 regnare
1277 1912 1482 1983 valere,

219 2003 376 2070 (755)
407 2004 486 2055 Ad
516 2003 901 2057 consobrinam
928 2003 1227 2059 Matliildim
1259 2008 1427 2072 misit,
1460 2019 1518 2062 ut
1547 2009 1660 2079 ipsa

215 2092 526 2144 Consilium
549 2100 784 2160 caperet,
815 2109 926 2162 quo
952 2109 1089 2162 papa
1112 2095 1321 2150 veniret
1342 2097 1410 2150 ab
1448 2095 1592 2154 Urbe

216 2177 678 2248 Longobardiam,
703 2189 904 2250 peteret
932 2184 1141 2236 veniam
1168 2184 1271 2238 sibi
1301 2186 1520 2256 dignam
1538 2229 1552 2252 ,

213 2265 344 2336 Ipse
373 2285 531 2322 suum
554 2270 770 2338 jussum
811 2269 1012 2326 faceret
1039 2272 1206 2327 dubio
1227 2275 1417 2343 procul
1447 2277 1608 2330 ultro.

213 2355 365 2425 Papa
386 2373 682 2427 precesque
711 2359 899 2414 videns
924 2360 1158 2415 dominre
1183 2361 1456 2417 Mathildis
1472 2407 1486 2430 ,
1517 2367 1690 2419 eidem

211 2443 377 2511 Quod
405 2448 601 2514 qmerit
627 2448 812 2512 donat,
842 2448 1050 2502 dimisit
1077 2450 1310 2521 denique
1333 2451 1583 2521 Romam,

211 2531 398 2605 Opiliri
419 2537 614 2606 dignus
638 2535 939 2592 Canossam
973 2541 1121 2594 venit
1155 2551 1209 2596 et
1231 2543 1398 2610 intus,

211 2626 395 2692 Quem
417 2630 589 2684 sancti
616 2628 759 2684 Petri
787 2631 904 2685 vice
919 2631 1161 2702 dignitcr
1186 2635 1275 2688 ille
1303 2636 1504 2704 recepit
1533 2656 1544 2690 :

212 2717 533 2773 Salvificum
555 2734 734 2774 rorem
770 2736 891 2790 qua:
916 2737 1068 2790 papae
1096 2724 1327 2792 sumpsit
1347 2725 1414 2777 ab
1441 2740 1555 2779 ore.

211 2806 382 2878 Regis
406 2808 646 2876 Ilcnrici,
673 2810 893 2864 domina
916 2813 1209 2868 comitante
1233 2813 1472 2869 Mathildi
1494 2858 1510 2882 ,

209 2893 403 2948 Adfuit
425 2905 478 2950 et
493 2898 650 2966 juxta
671 2900 983 2967 praesentia,
1007 2902 1275 2971 turbaque
1298 2903 1500 2970 multa;

210 2985 295 3040 Ex
323 3003 410 3042 me
441 2988 607 3058 fitque
631 3005 790 3055 nova,
814 2990 945 3044 dum
969 2991 1106 3046 fiunt
1132 2994 1280 3058 talia,
1315 2994 1506 3049 Roma.

210 3076 358 3132 Urbs
386 3079 562 3133 honor
581 3094 706 3134 ecce
736 3090 884 3147 tuus,
910 3096 1122 3136 mecum
1151 3099 1243 3136 rex
1271 3099 1409 3153 papa
1433 3085 1595 3139 simul
1626 3087 1715 3152 sit,

205 3171 290 3225 Ae
316 3169 431 3224 Itali
466 3187 740 3240 proceres,
773 3187 871 3226 nec
903 3187 1011 3226 non
1048 3173 1204 3238 Galli,
1232 3191 1594 3246 proceresque

209 3258 637 3327 Ultramontani,
665 3261 918 3329 Romani,
943 3265 1242 3330 pontificali

207 3347 511 3404 Stemmate
534 3345 822 3419 fulgentes,
851 3352 1050 3404 adsunt
1069 3353 1250 3420 plures
1272 3355 1573 3421 sapientes,

203 3439 356 3494 Inter
375 3455 514 3510 quos
539 3441 708 3495 abbas
735 3439 890 3510 Ilugo
915 3439 1290 3497 Cluniacensis
1318 3443 1404 3498 hic
1433 3453 1604 3509 astat,

157 3587 163 3592 _
204 3529 312 3596 Qui
337 3529 497 3585 Pater
524 3531 672 3601 (754)
702 3532 752 3584 in
777 3531 996 3585 lavacro
1018 3532 1160 3602 regis
1183 3532 1358 3587 fuerat
1376 3527 1742 3591 sacrosancto.

202 3618 364 3674 Pacis
385 3635 668 3674 sermones
698 3621 1003 3675 tractabant
1023 3621 1078 3674 hi
1110 3623 1388 3689 seniores;

204 3708 357 3780 (735)
400 3708 650 3780 Cumque
689 3711 806 3766 dies
849 3719 1058 3767 starent
1106 3727 1204 3782 per
1252 3722 1363 3769 tres
1401 3729 1500 3784 pro
1533 3733 1665 3786 pace
1695 3719 1778 3773 lo-

684 3785 694 3810 "
918 3807 923 3812 “
946 3870 950 3880 ε
1298 3785 1565 3875 [quentes,

201 3886 273 3941 Et
298 3902 404 3959 pax
439 3905 548 3945 non
569 3900 744 3958 esset,
780 3909 875 3948 rex
905 3881 1068 3964 atque
1089 3895 1338 3951 recedere
1360 3897 1547 3964 vellet;

201 3975 477 4046 Capellam
508 3982 681 4034 sancti
705 3983 840 4049 petit
858 3982 1001 4037 idem
1025 4000 1124 4038 rex
1145 3983 1373 4052 Nicolai,

200 4065 263 4120 In
288 4082 394 4136 qua
429 4075 700 4135 pastorem
723 4070 1030 4140 lacrymans
1063 4074 1241 4128 oravit
1267 4073 1572 4147 Hugonem,

198 4155 275 4211 Ut
292 4171 392 4226 pro
411 4173 544 4227 pace
565 4173 663 4212 sua
695 4155 982 4227 tidejussor
1007 4161 1110 4215 sibi
1135 4161 1244 4215 tiat.

197 4246 319 4302 Non
345 4248 471 4302 licet
495 4249 618 4314 hoc,
636 4249 824 4306 abbas
846 4251 958 4320 regi
983 4252 1281 4320 respondit,
1301 4260 1357 4307 et
1382 4262 1568 4310 astans

197 4337 312 4394 Illic
333 4338 608 4394 Mathildis
629 4340 883 4409 rogitavlt
902 4355 1049 4407 eum,
1073 4342 1170 4396 sed
1191 4352 1245 4396 et
1267 4343 1397 4412 ipsi;

270 4519 416 4588 (732)
458 4516 689 4572 Versum
725 4517 871 4573 hunc
909 4517 964 4571 in
1011 4487 1218 4572 textum
1261 4518 1554 4579 Donizonis
1587 4523 1769 4582 intulit

194 4587 526 4666 lfeibn-itius;
559 4589 873 4666 veruin,_uti
909 4589 962 4666 in
985 4587 1300 4666 prmfatione
1331 4592 1540 4658 monui,
1569 4612 1769 4666 suppo—
1802 4593 1845 4646 Ι)

194 4659 337 4734 situs
359 4657 406 4709 is
430 4655 1001 4734 eratllgurgeﬂenrici
1036 4658 1179 4728 regis
1220 4658 1272 4734 in
1309 4676 1483 4730 genua
1510 4655 1766 4734 prec-um-

192 4725 371 4808 hentis
386 4720 533 4808 ante:
550 4720 870 4808 Mithildim,
894 4742 1000 4808 qua
1033 4720 1156 4808 cuin
1185 4720 1360 4808 pictus
1387 4720 1548 4786 etiam
1570 4751 1766 4808 cerne.

193 4791 542 4873 batur-“Ilugo
586 4791 962 4873 Cluniacensis
1007 4791 1200 4873 abbas:
1233 4797 1411 4873 Quare
1452 4813 1617 4873 caput
1661 4806 1765 4860 hoc

191 4861 668 4933 exordiumﬁrmit
699 4877 729 4915 a
757 4861 1124 4933 Postmatris,
1163 4861 1275 4923 etc:
1297 4869 1437 4925 Men.

266 4933 438 5012 (Ἱδ-ξ).
473 4929 773 5012 §equentes
826 4932 860 4985 8
932 4929 1124 4990 versus
1172 4939 1365 4994 recitat
1418 4941 1543 4995 Bar.
1593 4942 1758 5012 1077,

192 5000 345 5056 num.
377 5000 650 5061 2|.ferm.
1183 5019 1186 5024 λ

261 5072 430 5146 (754)-
451 5069 773 5146 susceptum
797 5068 862 5122 ad
886 5084 1083 5146 sacros
1095 5071 1272 5130 fontes
1293 5076 1362 5130 ab
1381 5075 1606 5146 Hugone
1630 5080 1762 5134 Clu:

192 5139 434 5211 uiaeensi
462 5139 754 5211 Henricum
788 5154 966 5211 regem
999 5139 1259 5196 infantem
1283 5160 1427 5198 anno
1446 5139 1608 5211 [ΟΒ-Ι,
1642 5156 1757 5203 tra-

190 5208 270 5282 dit
301 5208 466 5282 etiam
500 5207 1322 5282 _Hildebertus;_Ccnomancnsis
1367 5207 1655 5282 episcopus
1704 5218 1759 5270 in

191 5275 602 5348 Yitauejusdem
638 5279 824 5348 sancti,
849 5276 1108 5348 IIugonis.
1155 5278 1252 5335 llis
1293 5275 1610 5348 proceribus
1663 5286 1758 5339 ad-

191 5343 596 5422 dendinquoque
635 5355 761 5422 sunt.
792 5343 966 5422 imo;
1015 5349 1247 5422 mare/tio
1275 5343 1556 5422 _Este_n_sis,
1591 5360 1757 5422 atque

191 5411 473 5467 Adltelheis
510 5411 893 5486 ntarcuionissa
926 5415 1094 5482 Susis,
1139 5419 1378 5486 ejusdem
1415 5411 1630 5474 Henrici
1662 5411 1756 5476 so-

193 5498 337 5558 crus,
359 5481 882 5558 unagutndmadeo
903 5481 1089 5540 comite
1128 5481 1261 5557 ﬁlio,
1301 5488 1394 5558 qui
1433 5489 1595 5542 simul
1630 5507 1756 5548 cum

193 5550 466 5628 comitissa
486 5548 741 5628 hlatlrilde
759 5553 905 5628 pacis
930 5548 1294 5628 celeberrimae
1315 5548 1620 5627 sequestres
1646 5560 1757 5618 fue-

190 5629 334 5683 runt,
361 5626 418 5673 ut
448 5618 638 5671 monui
661 5618 716 5671 in
739 5621 988 5683 antiquit.
1016 5625 1200 5681 Estcn.
1227 5629 1368 5682 Men.

261 5690 407 5758 (755)
449 5687 576 5758 Seq.
613 5686 678 5738 It)
701 5702 842 5741 vers.
870 5686 1090 5758 Raram,
1118 5696 1220 5752 loc.
1247 5699 1336 5753 cit.
1374 5697 1521 5752 LEIB.

259 5756 407 5833 (756)
443 5757 841 5812 Jun-amentum.
882 5756 1030 5813 LEIB,
1077 5756 1083 5758 ’
1372 5780 1375 5782 ,

1125 447 1408 503 ᾸῘΨΕΝΙ).
1449 449 1533 502 lll.
1569 481 1630 488 —-
1673 449 2099 504 ΜΟΧΙῙΜΕΧΤᾹ
2140 453 2602 509 (ἑιζιίίῖυῐῖιίὶΧΑ.
2698 522 2714 533 ⁹

3395 465 3502 520 998

1855 565 1898 617 Α
1929 560 2038 615 lluc
2070 562 2230 616 faciet
2256 580 2438 628 nemo,
2467 568 2763 632 respondit,
2790 575 2846 619 tu
2876 575 3001 632 nisi,
3034 573 3214 624 credo.

1921 651 2222 722 Poplitibus
2245 655 2397 708 ﬂexis
2420 655 2558 710 dixit
2583 673 2677 710 rex
2705 667 2865 726 atque
2904 658 3148 714 )Iatliildi
3184 678 3196 714 :

1919 741 2000 797 Tu
2036 744 2139 796 nisi
2171 761 2255 798 mc
2293 747 2520 798 Inuitum
2547 746 2756 815 jnveris
2793 749 2974 812 modo,
3009 765 3116 803 non
3144 766 3245 821 ego
3283 762 3498 807 scutum

1918 832 2154 889 l.'ltcrius
2178 834 2443 903 frangam,
2473 838 2720 892 multavit
2749 854 2834 893 me
2861 841 2984 908 quia
3023 857 3180 910 papa.

1915 923 2258 980 Consobrina
2285 929 2471 982 valens
2509 927 2592 983 fac
2619 946 2704 982 me
2731 931 3067 995 benedicere,
3096 935 3254 998 vade;

1913 1013 2141 1084 Ipsaque
2165 1018 2419 1083 surrexit,
2448 1020 2670 1088 regique
2698 1023 3007 1090 spopondit,
3031 1031 3082 1075 et
3107 1025 3218 1078 exit

1914 1105 2225 1161 Ascendens
2258 1124 2500 1173 sursum,
2536 1111 2685 1163 stetit
2709 1127 2773 1162 ac
2794 1127 2886 1164 rex
2918 1112 3030 1180 ipse
3056 1115 3347 1182 deorsum;

1914 1194 2222 1264 Alloquitur
2250 1213 2443 1267 papam
2472 1200 2537 1252 de
2573 1202 2716 1269 regis
2751 1202 2854 1254 line
2883 1203 3212 1271 reclamans,

1916 1284 2152 1339 Sinceris
2177 1287 2336 1342 dictis
2359 1290 2593 1342 domina:
2623 1292 2949 1346 venerabilis
2988 1293 3106 1347 istis

1910 1375 2150 1430 Credidit
2177 1377 2439 1443 Antistes,
2480 1389 2540 1433 ut
2565 1381 2711 1448 juret
2749 1383 3031 1436 sidtamcn
3069 1385 3182 1453 ipse

1912 1463 2022 1518 Rex
2057 1467 2152 1530 illi,
2191 1468 2304 1522 sedi
2329 1469 2586 1524 Romana:
2609 1471 2788 1539 sitque
2818 1473 3018 1537 fidelis;

1908 1553 2112 1608 Pnesul
2136 1573 2365 1626 quzequc
2391 1560 2517 1613 velit
2542 1560 2854 1630 Gregorius,
2881 1564 2983 1616 line
3010 1563 3132 1628 sibi,
3159 1563 3286 1618 fecit
3313 1565 3460 1636 (756)

1910 1643 2024 1698 Rex
2061 1655 2207 1701 retro
2244 1649 2480 1717 scriptus
2528 1649 2708 1718 (757);
2760 1651 3031 1722 solitoque
3074 1670 3297 1709 munere
3333 1672 3490 1726 mage

2573 1729 2576 1732 i
3212 1744 3409 1816 [frigus

1906 1825 2240 1881 Pernimium
2274 1844 2530 1896 magnum
2554 1829 2725 1886 Janus
2761 1832 2919 1887 dabat
2951 1835 3052 1890 hoc
3075 1844 3128 1889 et
3157 1836 3210 1890 iu
3235 1854 3411 1909 anno;

1834 1929 1875 1983 Β
1905 1916 2052 1987 (758)
2082 1919 2218 1972 Ante
2252 1921 2368 1974 dies
2394 1931 2622 1990 septem,
2651 1939 2814 1990 quam
2848 1925 3004 1979 tinem
3030 1926 3200 1982 Janus
3239 1929 3484 1997 haberet,

1902 2006 2042 2058 Ante
2070 2023 2222 2060 suam
2256 2007 2446 2062 faciem
2475 2012 2746 2065 concessit
2781 2028 2915 2081 papa
2946 2015 3129 2070 venire

1903 2093 2124 2166 Regem,
2161 2111 2283 2152 eum
2315 2099 2514 2168 plantis
2541 2103 2720 2167 nudis,
2755 2121 2784 2156 a
2813 2102 3010 2172 frigore
3031 2107 3235 2176 captis;

1903 2188 1960 2240 In
1984 2205 2145 2244 cruce
2173 2190 2320 2259 (759)
2349 2207 2407 2246 se
2429 2193 2643 2260 jactans
2676 2211 2845 2264 papae,
2870 2199 3166 2266 sa-pissime
3189 2201 3430 2256 clamans
3467 2222 3480 2258 :

1899 2273 2089 2342 Parce,
2115 2278 2272 2333 beate
2297 2276 2476 2344 Pater,
2506 2283 2590 2349 pie
2613 2299 2775 2352 parce
2804 2286 2934 2340 mihi
2967 2298 3088 2356 peto
3113 2291 3288 2358 plane.

1897 2361 2042 2434 Papa
2073 2368 2258 2423 videns
2284 2369 2520 2436 flentem,
2549 2373 2839 2428 miseratus
2867 2376 2915 2429 ei
2942 2378 3076 2431 satis
3096 2388 3198 2443 est,
3232 2390 3351 2447 est;

1897 2451 2030 2506 Nam
2058 2454 2328 2510 benedixit
2355 2475 2502 2523 eum,
2528 2475 2714 2529 pacem
2748 2463 2936 2517 tribuit
2959 2467 3082 2530 sibi,
3111 2450 3332 2524 demum
3439 2457 3443 2460 ’

1897 2545 2116 2601 Missam
2147 2548 2404 2612 cantavit,
2437 2565 2634 2619 corpus
2661 2552 2807 2606 dedit
2834 2563 2888 2607 et
2914 2554 3316 2627 Dcitatis’(7&0)
3346 2580 3358 2613 :

1899 2635 2095 2691 Secum
2130 2639 2448 2704 convivans,
2500 2656 2664 2709 super
2715 2657 2895 2696 arcem
2949 2646 3043 2713 qui
3093 2646 3477 2718 (7M):'oCanu-

3089 2731 3312 2804 [sinam,

1891 2815 2072 2884 Ipsum
2095 2817 2320 2882 dimisit,
2345 2827 2632 2887 postquam
2653 2819 2877 2888 juravit,
2903 2830 2956 2875 et
2980 2821 3074 2876 ivit
3203 2844 3206 2846 ·
3325 2815 3330 2819 ’

1897 2904 2090 2960 Urbem
2121 2905 2400 2984 Reginam,
2431 2924 2537 2978 qua
2563 2911 2742 2965 stabat
2777 2913 2930 2966 turba
2959 2915 3192 2984 maligna
3258 2947 3261 2949 >
3309 2903 3318 2909 ’

1890 2995 2236 3062 Pontilieum,
2265 2981 2417 3052 valde
2444 3007 2748 3055 metuentes
2781 3002 2920 3056 hanc
2952 3002 3066 3057 fore
3089 3019 3296 3073 pacem.

1890 3071 2062 3157 major
2091 3087 2238 3156 (742)
2270 3096 2386 3141 erat
2421 3090 2632 3143 cunctis
2659 3089 2972 3157 Guibertus,
3001 3071 3288 3165 episcopus
3319 3099 3472 3154 urbis

1892 3176 2184 3243 Raveunze,
2205 3178 2420 3242 doctus,
2451 3179 2670 3247 sapiens
2696 3189 2750 3234 et
2776 3182 2972 3238 nobilis
2997 3193 3172 3252 ortus,

1817 3261 1857 3317 C
1891 3266 2183 3321 Exstiterat
2218 3266 2426 3322 Parmm
2450 3269 2606 3336 civis,
2641 3287 2736 3326 seu
2767 3272 2997 3341 clericus
3024 3283 3168 3341 ante,
3259 3320 3267 3334 .

1889 3356 2028 3422 Dum
2069 3357 2172 3411 fuit
2196 3359 2399 3413 electus
2427 3359 2721 3430 Gregorius
2757 3363 2877 3428 iste,
2905 3363 3198 3421 Guibertus

1888 3443 1992 3512 Ipsi
2013 3445 2237 3512 juravit,
2270 3455 2457 3500 contra
2488 3463 2651 3516 quem
2689 3465 2836 3504 nunc
2857 3452 2996 3505 male
3023 3454 3198 3507 sancit
3222 3454 3369 3524 (745)
3396 3472 3409 3506 :

1887 3532 2050 3602 Regis
2071 3535 2214 3590 enim
2245 3544 2482 3589 mentem
2515 3546 2704 3592 contra
2741 3555 2933 3609 papam
2957 3541 3117 3596 docet
3143 3558 3285 3609 esse,
3307 3529 3320 3542 ’

1885 3621 2107 3692 Rexque
2128 3625 2214 3680 die
2240 3635 2395 3680 sexto
2423 3629 2683 3682 remeavit
2710 3629 3066 3686 Bihianelluni
3107 3634 3195 3701 (74
3207 3634 3284 3703 4);

1881 3713 2056 3770 Corde
2086 3715 2213 3769 dolo
2232 3718 2410 3786 pleno,
2443 3735 2567 3773 cum
2600 3720 2753 3788 plena
2789 3732 2973 3776 ruente
2995 3739 3227 3779 veneno.

1880 3801 2075 3858 Pastor
2104 3803 2225 3859 felle
2245 3822 2439 3862 carens
2461 3810 2525 3862 ad
2563 3825 2686 3863 eum
2722 3811 2999 3868 descendit
3033 3814 3101 3867 ab
3127 3830 3253 3869 arce

1879 3893 2083 3948 Crebro
2114 3896 2312 3964 scripta
2346 3913 2531 3966 supra,
2561 3883 2687 3953 mox
2717 3910 2801 3954 est
2822 3902 3100 3958 comitissa
3124 3915 3330 3962 secuta.

1878 3983 2118 4040 Callidus
2141 3994 2196 4040 at
2230 3987 2398 4042 multa
2434 4006 2528 4043 rex
2554 3975 2716 4062 papa:
2739 3991 2894 4059 dixit,
2922 4003 2976 4047 et
2997 3994 3140 4050 ultra

1878 4073 2174 4131 Eridanum
2201 4078 2445 4144 fluvium,
2471 4097 2761 4137 commune
2791 4085 2940 4153 cupit
2969 4087 3084 4139 ﬁeri
3112 4095 3245 4141 tunc

1874 4163 2248 4235 Colloquium;
2275 4169 2460 4224 laudat
2480 4172 2626 4240 quod
2661 4188 2828 4242 papa,
2861 4174 3134 4230 Mathildis
3164 4185 3218 4230 et
3242 4186 3411 4246 optat.

1847 4259 1986 4316 ‘Cur
2010 4262 2112 4318 hoc
2140 4279 2233 4318 rex
2270 4266 2441 4330 malit,
2475 4267 2728 4336 ignorant
2750 4271 2805 4323 bi
2829 4271 2938 4326 duo
2963 4272 3130 4339 clari;

1867 4360 2088 4423 Mantua
2115 4381 2299 4422 revera
2327 4367 2525 4436 placito
2548 4369 2813 4443 subdique
2840 4373 3096 4429 timebat:

1941 4537 2088 4618 (737-)
2128 4538 2264 4618 Cod,
2298 4543 2468 4618 antiq.
2504 4561 2515 4596 :
2549 4543 2820 4618 Solitqu
2862 4557 3028 4600 nlvem
3065 4565 3213 4617 mage
3253 4553 3443 4618 pigris,
3487 4529 3492 4534 l

1873 4609 2338 4731 idestLJauuarius
2364 4609 2541 4666 nivem
2571 4622 2625 4666 et
2651 4609 2826 4685 frigus
2856 4619 2996 4670 ultra
3030 4609 3264 4671 solitum'
3283 4609 3446 4672 (Ιὸαεξ-ἰ

1873 4687 1973 4731 rat.
2061 4695 2164 4731 EIB.
3265 4719 3267 4721 -
3499 4708 3502 4711 -

1871 4687 2256 4819 ῗθέζῖῗξέῗιῖἧοε.
2315 4751 2349 4805 5
2399 4754 2844 4808 versusmecitat.
2885 4753 3008 4806 Bar.
3057 4719 3314 4819 '1077,'n.
3347 4756 3452 4810 20.‘

1868 4817 2082 4956 ΙἘίῗὲει)
2124 4887 2183 4957 In
2217 4888 2557 4957 pmnitentia.
2584 4889 2734 4942 LEIB.

1938 4956 2084 5026 (740)
2121 4956 2441 5033 Lambertus
2468 4967 2655 5033 narrat
2676 4959 2923 5013 absoluto
2939 4976 3065 5031 rege
3090 4977 3284 5033 papam
3313 4966 3444 5018 mis-

1865 5041 2048 5101 sarum
2097 5026 2357 5101 solemnia
2403 5025 2724 5101 celebrasse,
2769 5038 2824 5083 et
2870 5041 2928 5083 ut
2960 5025 3028 5084 se
3063 5025 3342 5101 purgaret.
3371 5033 3443 5087 al)

1863 5093 2075 5170 objecto
2107 5093 2364 5170 Simonize
2379 5093 2628 5161 crimine,
2656 5107 2863 5170 partem
2888 5093 3135 5170 corporis
3166 5093 3437 5156 Rominici
3500 5161 3502 5163 _

1861 5162 2153 5241 accepisse,
2197 5161 2470 5241 aliamque
2507 5171 2624 5241 regi
2656 5161 2947 5241 obtulisse,
2986 5161 3245 5225 iestanda:
3277 5173 3462 5224 inno-'

1860 5233 2050 5350 {zentize
2095 5233 2311 5300 gratia;
2363 5233 2455 5285 sed
2507 5233 2609 5290 hoc
2660 5238 3005 5307 deprecatum
3054 5254 3173 5292 esse
3226 5255 3429 5310 regem.
3481 5291 3485 5294 .

1885 5316 2007 5352 nam.

2114 5368 2475 5442 antiq.,
2509 5375 2653 5442 quin.
2688 5375 2832 5427 Lam.

1860 5439 2080 5561 “(7:2)
2122 5439 2247 5508 ch.
2288 5440 2368 5508 55
2400 5439 2589 5495 versus
2621 5445 2810 5496 recitat
2848 5443 2969 5496 Bar.
3027 5443 3180 5509 l077,
3226 5461 3278 5496 n.
3317 5451 3427 5501 iui,

1860 5541 1872 5554 -
1934 5549 1946 5561 .
2007 5525 2130 5562 Ima.
2211 5546 2214 5548 ν
2838 5524 2843 5538 '

2116 5577 2248 5655 god.
2291 5577 2533 5655 Regienn
2565 5594 2699 5629 mmc
2722 5579 2864 5631 mala
2892 5583 3081 5648 sancit.
3115 5582 3256 5650 Men.

1929 5641 2076 5718 (7M)
2117 5644 2288 5718 Nune,
2319 5641 2588 5718 Bianello,
2625 5661 2790 5700 unum
2824 5665 2886 5702 ex
2918 5644 3153 5718 quatuor
3186 5648 3428 5702 castellis

1859 5731 1964 5770 non
1996 5715 2150 5784 longe
2184 5731 2210 5766 a
2242 5714 2502 5767 Canossa.
2541 5713 2684 5767 Mra.
