3944 6428
473 497 610 556 10οὸ

472 612 634 684 Regis
659 612 727 667 a‘b
749 610 1010 681 obsequio
1029 609 1232 680 jugiter
1263 605 1524 678 disjungit
1559 609 1764 678 iniquo,

469 703 895 759 Ultramontanis
928 717 991 754 ac
1012 699 1356 769 principibus
1379 699 1481 752 sibi
1504 699 1684 752 charis

468 793 694 847 Errores
727 791 868 861 regis
894 791 1078 845 scribit
1098 790 1269 843 vitare
1300 788 1534 842 rebellis.

473 881 668 951 Sicque
697 881 805 936 Deo
842 881 1068 934 multum
1098 879 1387 949 generabat
1413 879 1627 934 credula
1653 877 1886 933 fructum
1909 919 1924 943 ,

469 970 730 1041 Gregorio
751 986 901 1040 papae
926 984 1175 1038 proceres
1204 969 1407 1023 servire
1429 969 1665 1022 suadens
1683 1009 1698 1033 ,

469 1060 678 1115 Mittere
707 1061 794 1114 cui
828 1061 994 1129 gratis
1016 1059 1205 1113 crebro
1235 1059 1370 1113 solet
1402 1060 1453 1111 in
1486 1058 1766 1112 Lateranis

466 1147 642 1204 Xenia
669 1151 836 1204 multa
871 1149 1052 1213 nimis,
1083 1164 1246 1217 quam
1269 1164 1408 1218 papa
1429 1149 1516 1216 pie
1545 1147 1829 1201 benedicit.

469 1235 566 1292 Bis
589 1245 806 1292 centum
827 1237 992 1290 libras
1013 1237 1208 1290 domus
1233 1235 1440 1306 argenti
1472 1235 1748 1290 Canusina

471 1323 624 1382 Tunc
648 1327 798 1381 misit
817 1342 988 1396 papae,
1017 1341 1182 1395 quam
1209 1326 1367 1380 debet
1398 1341 1534 1395 papa
1558 1325 1740 1379 beare.

1070 1459 1296 1514 CAPUT
1336 1459 1420 1514 III.
1472 1488 1478 1493 -

469 1549 718 1620 Deiobitu
750 1567 898 1620 papa.’
928 1547 1184 1619 Gregorii,
1223 1560 1271 1603 et
1309 1552 1369 1603 de
1407 1550 1649 1620 electione
1678 1549 1943 1620 Desiderii
1981 1559 2030 1603 et

546 1619 757 1673 Urbani
775 1635 944 1688 papae,
993 1630 1040 1672 et
1070 1621 1204 1688 quod
1235 1621 1447 1672 domina
1489 1619 1766 1673 Mathildis
1796 1636 1890 1688 pro
1920 1619 2028 1671 Ro-

536 1705 694 1758 mana
729 1687 967 1742 Ecclesia
990 1687 1270 1758 pugnavit,
1327 1698 1377 1741 et
1407 1689 1469 1742 de
1509 1689 1653 1742 obitu
1687 1687 1744 1742 S.
1791 1687 2027 1742 Anselmi

540 1755 792 1811 Lucensis
818 1755 1064 1827 episcopi.

469 1843 678 1898 Interea
705 1844 849 1916 (767)
883 1846 1132 1914 planctus
1164 1845 1230 1899 de
1260 1844 1488 1914 praesule
1510 1827 1754 1898 nascitur
1784 1845 1925 1899 altus

1439 496 1528 552 AD
1563 495 1790 552 ornas
1826 495 1882 549 s.
1920 493 2244 550 cnnconn
2279 461 2734 548 ArpexntcEs;

2061 585 2104 666 Ᾰ
2124 605 2396 660 Cursores
2431 615 2657 660 currunt
2683 605 2751 659 ad
2780 603 3024 659 eamdem
3047 604 3290 659 crebrius
3322 605 3504 674 hujus,

3569 488 3719 544 1005

2138 691 2368 746 Densius
2397 691 2540 744 haud
2565 699 2742 745 cessat
2773 690 2960 745 Patres
2989 693 3088 744 hos
3124 693 3238 746 haec
3261 694 3376 747 vice
3404 709 3563 748 versa

2134 780 2351 835 Chartis
2379 791 2432 834 et
2457 782 2639 836 missis
2661 782 2880 849 pulsare
2905 782 3096 836 diebus
3126 782 3182 834 in
3214 782 3363 852 ipsis,

2132 869 2237 923 Pro
2263 872 2460 940 quibus
2493 860 2778 926 adversum
2818 887 2876 925 se
2910 872 3204 926 commovit
3232 871 3342 926 fere
3372 888 3607 942 regnum

2133 959 2376 1014 Italicum
2409 969 2602 1024 totum,
2631 958 2889 1030 Ligurum
2915 962 3269 1017 sedmaxime
3299 969 3471 1016 totum
3502 980 3517 1016 :

2133 1045 2250 1114 Ipsa
2273 1047 2404 1100 Padi
2428 1056 2652 1101 stratam
2682 1057 2848 1113 tenet,
2873 1049 3099 1103 urbibus
3129 1049 3272 1104 unde
3309 1049 3366 1103 fit
3392 1059 3512 1104 acta
3531 1050 3718 1120 (770),

2133 1133 2304 1203 lIujus
2332 1136 2460 1190 dum
2490 1146 2730 1205 pugnant
2757 1137 2988 1202 athletae,
3018 1137 3236 1191 nonnisi
3263 1138 3420 1206 culpa

2133 1223 2380 1291 Ipsorum
2413 1226 2663 1294 perdunt,
2697 1227 2789 1280 sed
2818 1227 3043 1280 vincunt
3069 1228 3268 1295 optime
3294 1228 3487 1282 bellum
3506 1269 3524 1293 ,

2133 1311 2366 1366 Urbibus
2395 1328 2460 1366 ex
2489 1313 2673 1367 multis
2701 1313 2846 1368 cives
2873 1316 2975 1369 hoc
3002 1323 3245 1384 tempore
3274 1316 3429 1370 multi

2132 1399 2353 1456 lnsimul
2384 1403 2577 1456 armati
2609 1404 2829 1474 clypeis,
2861 1413 2914 1458 et
2947 1406 3102 1474 equis
3131 1406 3432 1474 phalerati,

2129 1489 2375 1559 Principe
2398 1507 2522 1544 cum
2549 1493 2694 1546 celso
2721 1494 2968 1561 prudenti
2993 1510 3216 1563 prorsus
3244 1493 3441 1549 Oberto
3474 1495 3658 1568 (771)⁹

2132 1578 2343 1634 Ducunt
2369 1578 2715 1634 Parmensem
2745 1582 2922 1650 (772),
2947 1581 3209 1651 Reginum
3241 1583 3712 1655 pontiﬁcemque;

2132 1666 2378 1732 Romam,
2404 1676 2514 1722 tam
2541 1656 2715 1723 fortes.
2732 1669 2885 1722 aiunt
2908 1685 2965 1723 se
2986 1685 3208 1739 pergere
3229 1685 3406 1739 posse.

2129 1754 2196 1807 Ili
2229 1756 2518 1811 luctatores
2544 1757 2694 1810 ibant
2720 1772 2816 1826 pro
2846 1757 2987 1827 regis
3017 1757 3244 1826 honore,

2115 1843 2324 1912 _Terras
2352 1855 2625 1902 vastantes
2652 1846 3007 1921 circumcirca
3035 1857 3400 1916 peragrantes,

470 1933 752 2003 Gregorio,
781 1945 955 2004 gestat
989 1934 1242 1990 dominus
1263 1951 1422 2004 quem
1460 1935 1708 1990 Christus
1734 1937 1799 1991 ad
1834 1939 2022 2004 aethra,
2057 1935 2100 1990 B
2126 1932 2368 1988 Audaces
2397 1935 2612 1987 tandem
2638 1943 2839 1988 terram
2873 1933 3145 2010 Mathildis
3170 1946 3414 1991 amantes
3441 1936 3589 2009 (773)

467 2021 608 2076 Ante
636 2023 751 2077 dies
781 2032 983 2092 septem
1010 2023 1169 2078 Madii
1201 2041 1362 2094 quam
1387 2025 1509 2080 ﬁnis
1537 2027 1787 2094 adesset;

468 2110 624 2168 Hunc
645 2115 895 2168 monachi
917 2115 1132 2181 deﬂent,
1149 2118 1448 2172 monachus
1464 2118 1590 2187 quia
1616 2120 1863 2174 noscitur
1883 2135 2024 2188 esse;

469 2201 624 2258 Hunc
659 2203 836 2258 clerici
861 2204 1078 2270 ﬂebant,
1104 2205 1256 2259 valde
1279 2205 1510 2274 laicique
1531 2207 1815 2270 dolebant,

468 2290 612 2345 Pura
638 2292 770 2346 ﬁdes
799 2309 1032 2360 quorum
1062 2294 1250 2362 procul
1273 2302 1357 2348 est
1382 2309 1412 2346 a
1453 2295 1956 2361 schismaticorum;
1986 2341 1992 2349 .

468 2375 696 2444 Quando
722 2393 879 2433 suum
903 2389 1150 2434 sanctum
1179 2390 1485 2434 reverenter
1525 2397 1724 2452 corpus
1746 2382 2027 2438 humatum

463 2468 608 2540 (Anni
637 2460 787 2522 mille
826 2467 919 2522 Dei
956 2484 1049 2523 sex
1079 2469 1263 2523 insunt
1290 2470 1594 2540 octuageni.

468 2554 597 2611 Post
623 2546 769 2611 hunc
793 2557 852 2611 ﬁt
885 2573 1020 2626 papa
1044 2557 1354 2613 Desiderius
1379 2561 1582 2628 probus
1608 2561 1777 2617 abbas

468 2644 665 2699 Montis
684 2643 887 2709 Casini,
912 2646 1004 2714 qui
1028 2661 1194 2714 parvo
1218 2653 1458 2714 tempore
1480 2647 1639 2712 vixit,
1658 2697 1677 2718 ,

467 2737 625 2790 Anno
645 2744 768 2806 post
791 2737 955 2790 istum
979 2746 1164 2806 pastor
1197 2746 1444 2792 sacratur
1467 2739 1520 2792 in
1549 2739 1667 2808 ipso

469 2823 721 2882 Urbanus
782 2827 986 2891 rhetor,
1031 2827 1330 2882 monachus
1361 2829 1530 2897 prius,
1554 2838 1608 2882 et
1646 2827 1805 2884 modo
1828 2839 2024 2886 rector.

472 2911 723 2966 Ecclesia:
745 2912 893 2966 verbi
936 2914 1134 2967 summi
1163 2913 1360 2978 Patris,
1385 2924 1545 2983 atque
1575 2918 1827 2984 perennis
1852 2937 1866 2984 ;

457 2998 541 3057 .llt
564 2999 820 3054 Salomon
841 3001 992 3065 dicit,
1022 3001 1203 3069 justus
1225 3001 1388 3054 veluti
1413 3003 1497 3054 leo
1527 3003 1660 3056 ﬁdit.

437 3121 439 3123 ι
469 3088 567 3143 llic
586 3090 810 3144 damnat
831 3093 973 3159 regis
995 3091 1237 3156 Iidenter,
1265 3099 1318 3144 et
1345 3101 1463 3147 acta
1495 3091 1733 3148 Guiberti
1754 3134 1770 3159 ,

468 3167 573 3245 Qui
596 3179 742 3235 Petri
764 3182 945 3236 sedem
969 3181 1106 3236 falso
1129 3182 1353 3252 cupiens
1388 3184 1640 3250 retinere,

470 3268 710 3324 Advoca't
733 3269 1010 3323 Oddonem
1036 3269 1180 3339 (768)
1212 3271 1529 3339 prudentem
1559 3272 1624 3326 de
1651 3271 1868 3326 Tuliore

470 3357 742 3412 Adversus
766 3373 980 3427 papam,
1016 3374 1174 3427 quem
1206 3360 1345 3412 bello
1374 3375 1514 3427 saepe
1535 3370 1809 3426 coarctat;

469 3446 562 3501 Ille
589 3455 769 3501 tamen
792 3448 1003 3516 justus,
1037 3448 1160 3502 licet
1183 3457 1326 3510 esset
1357 3464 1497 3518 saepe
1525 3457 1810 3514 retunsus,

469 3533 766 3592 Immobilis
796 3537 974 3603 durat,
997 3553 1180 3607 pacem
1201 3547 1354 3608 putat
1382 3554 1504 3593 esse
1536 3537 1774 3593 futuram

471 3623 677 3682 Filiolte
700 3626 863 3693 Petri,
893 3627 1102 3682 Christi.
1123 3627 1445 3697 famulatque
1471 3629 1611 3695 ﬁdeli

471 3713 820 3778 Exhortando
853 3717 941 3785 pia
975 3708 1169 3771 direxit
1194 3728 1323 3772 tunc
1352 3733 1449 3770 sua
1481 3719 1704 3785 scripta,

475 3802 720 3874 Gregorii
740 3819 988 3858 normam
1015 3806 1137 3873 plus
1173 3806 1546 3874 praacipueque
1575 3806 1885 3870 recordans,

475 3892 750 3958 Quatenus
779 3894 1042 3965 observet,
1073 3909 1170 3949 nec
1197 3911 1314 3948 eam
1354 3895 1622 3949 dimittere
1650 3904 1834 3949 tentet.

474 3982 610 4037 Ilinc
641 3990 979 4052 peccatorum
1005 3985 1214 4037 veniam
1243 3984 1333 4036 dat
1367 3984 1523 4052 eique
1553 4000 1795 4038 suorum.

404 4071 410 4077 ’
453 4059 715 4145 Gregorii
744 4073 898 4128 missi
931 4073 1076 4143 (769)
1116 4073 1305 4127 crebro
1334 4061 1537 4142 petiere
1565 4074 1883 4140 Mathildim,

543 4207 688 4277 (767)
732 4206 856 4277 Seq.
906 4208 939 4261 6
1001 4224 1141 4263 vers.
1197 4205 1392 4261 Baron.
1444 4209 1633 4263 recitat
1675 4225 1818 4263 anno
1868 4207 2024 4275 1085,

475 4291 624 4329 num.
654 4278 736 4331 15.
767 4277 915 4331 Lam.

546 4344 689 4412 (768)
722 4345 772 4398 Is
798 4343 1056 4415 estAOddo
1080 4345 1364 4415 episcopus
1393 4345 1722 4415 Bajocensis,
1748 4346 2024 4408 Wilhelmi

477 4414 860 4494 conquestoris‘
874 4413 1238 4494 huglize‘regis
1265 4413 1446 4494 frater,
1462 4413 1549 4494 Jad
1577 4417 2024 4494 p_apatttln_s_acri-

477 4478 610 4556 legis
631 4480 766 4556 votis
790 4478 1034 4556 inhians,
1064 4481 1130 4533 de
1155 4478 1786 4556 qqurdericus'Vitalis
1834 4485 1924 4537 lib.
1951 4501 2024 4537 vlt

480 4545 617 4600 Hist.
648 4547 837 4600 eccles.
867 4549 933 4600 ad
955 4545 1342 4602 atinum71085.
1373 4549 1512 4602 Mun.

549 4614 708 4698 (769)¹
742 4613 992 4698 Illoc‘est,
1045 4615 1333 4698 Gregorius
1366 4616 1686 4698 \(Ilditteras
1709 4619 1765 4670 et
1803 4619 2021 4698 nuntios

477 4682 616 4754 saepe
645 4685 711 4738 ad
745 4682 1054 4737 Mathildam
1099 4682 1271 4749 misit;
1306 4686 1547 4740 crebrius
1575 4695 1753 4739 autem
1801 4687 1852 4740 id
1880 4702 2018 4756 pra:-

477 4751 981 4834 stitibUrban‘us‘ll.
1015 4751 1448 4834 Et.illa_yicissim
1478 4769 1582 4806 non
1606 4763 1786 4834 cessat
1809 4755 2022 4834 pulsare

465 4823 667 4877 litteris
692 4824 791 4891 hos
817 4820 1022 4891 Patres,
1050 4822 1161 4876 sive
1191 4821 1460 4877 Romanos
1492 4823 1788 4891 pontilices.
1809 4820 1966 4877 'Mun.

550 4891 693 4959 (770)
716 4890 937 4945 Pellitur
960 4890 1228 4946 Mathildis
1256 4890 1580 4959 urbibus’ad
1613 4891 1836 4956 Padum,
1869 4891 2017 4946 Lam.

547 4957 602 5009 In
621 4957 845 5030 _Estensi
887 4961 1091 5030 codice,
1142 4961 1233 5016 ubi
1261 4961 1491 5030 epitome
1533 4958 1822 5030 Donizpnis
1860 4969 2020 5026 msta,

481 5024 595 5078 haec
620 5027 864 5093 leguntur
887 5025 903 5080 ἐ
931 5027 998 5081 Et
1033 5024 1147 5093 ipsa
1169 5024 1380 5084 domina
1408 5028 1648 5081 transivit
1679 5028 1853 5082 Paudi
1885 5024 2024 5081 atra;

483 5102 621 5167 tam,
679 5101 727 5167 et
749 5094 877 5167 _ibat
921 5094 1153 5163 urbibus,
1189 5099 1343 5152 'unde
1365 5100 1438 5167 fit,
1453 5097 1586 5167 alta.
1621 5097 1797 5162 Quare
1842 5113 1906 5152 ex
1940 5099 2022 5152 his

481 5161 646 5214 alium
677 5159 826 5214 vides
854 5177 1122 5220 emergere
1142 5159 1384 5220 sensum:
1425 5165 1565 5219 Mun.

483 5181 646 5214 auum
677 5181 826 5214 VItIeS
854 5181 999 5216 emet
1033 5181 1122 5219 ere
1147 5181 1384 5220 sensum.
1426 5181 1565 5219 MUR.

483 5298 493 5308 '
549 5229 694 5308 (771.)
733 5228 805 5308 De
837 5231 940 5308 hoc
977 5181 1164 5284 ἅῡετεο
1195 5236 1489 5308 maleﬁcae
1522 5234 1844 5308 aliquidego
1871 5236 2019 5291 innui

482 5298 534 5350 in
560 5296 1057 5369 alitiQujtaEsteng
1076 5314 1192 5369 cap.
1224 5301 1389 5369 XXV,
1409 5317 1530 5369 pag.
1551 5296 1677 5357 2‘8.
1703 5296 1843 5358 Μυῖι.

512 5318 534 5350 il
564 5318 811 5367 unuqutt.
840 5318 1047 5361 nswn.,
1076 5318 1138 5353 ca
1179 5339 1192 5352 ι
1227 5318 1389 5365 ARV,
1409 5318 1476 5369 βα
1517 5342 1530 5354 .
1551 5318 1677 5357 248.
1703 5318 1843 5358 Μυιι.

512 5367 692 5488 ‘07?)
733 5365 947 5420 Scilicet
992 5318 1372 5432 Eberrardum,
1403 5378 1457 5422 et
1481 5318 1767 5438 gleginum,
1818 5373 2022 5429 scilicet

512 5436 664 5488 .andu
692 5436 866 5488 phum.
899 5436 1039 5488 Mun.

483 5433 866 5504 Gandulphum.
899 5436 1039 5490 Mun.

551 5504 694 5572 (775)
735 5505 982 5559 Fortasse
1028 5503 1285 5558 Donizoni
1337 5505 1592 5573 scriptum
1638 5505 1740 5559 fuit
1777 5516 2023 5562 amentes.

481 5567 584 5623 Pro
632 5567 1085 5643 te'rradMathildis
1119 5567 1461 5643 intelligenda
1498 5583 1622 5628 sunt
1653 5575 1769 5642 ejus
1813 5574 2026 5641 allodia,

484 5649 677 5704 castra,
707 5641 863 5704 villae,
893 5651 996 5694 etc.
1038 5642 1178 5695 Man.

471 5724 474 5744 ί
551 5707 711 5778 (771),
737 5707 944 5778 Villain
972 5725 1099 5778 agro
1124 5709 1413 5778 Mutinensi
1435 5712 1501 5767 ad
1526 5711 1744 5766 ﬂuvium
1783 5709 2028 5768 Sculten-

474 5787 606 5841 nam
635 5775 771 5827 infra
791 5775 1076 5832 civitatein.
1120 5777 1262 5836 Mra.

2127 2021 2351 2088 Intrant,
2378 2023 2653 2077 credentes
2676 2023 2845 2092 ipsam
2867 2033 3076 2078 vastare
3101 2034 3336 2094 repente.

2131 2110 2371 2165 Sustinet
2399 2111 2625 2166 istorum
2657 2111 2906 2167 Sorbaria
2939 2113 3090 2184 (771)
3114 2124 3291 2169 castra
3329 2117 3596 2183 virorum,

2128 2197 2184 2249 In
2215 2198 2443 2266 propriis
2472 2197 2676 2268 campis
2710 2199 2817 2255 illis
2843 2201 3031 2254 tribuit
3055 2202 3173 2255 loca
3201 2203 3398 2268 standi,

2127 2283 2291 2339 Nocte
2320 2287 2660 2354 quiescentes
2687 2287 2860 2342 oculis
2890 2303 3142 2342 somnum
3170 2292 3462 2358 capientes,

2128 2375 2303 2431 Julius
2324 2385 2601 2446 assumpta
2625 2377 2738 2445 jam
2765 2391 2892 2432 vero
2919 2378 3066 2448 (775)
3091 2380 3211 2433 luce
3235 2383 3492 2446 secunda,

2130 2465 2266 2520 hcce
2286 2474 2502 2535 repente
2523 2466 2754 2534 phalanx
2776 2465 3043 2522 Mathildis
3065 2468 3235 2534 adest,
3257 2468 3434 2535 Petre,
3459 2471 3720 2527 clamans

2081 2615 2088 2622 _
2130 2553 2405 2606 Auxiliare
2439 2553 2567 2607 tuis.
2609 2551 2846 2608 Inimicis
2890 2554 3037 2624 (776)
3077 2571 3295 2626 surgere
3330 2556 3433 2612 tuti

2130 2642 2419 2712 Incipiunt,
2448 2645 2624 2714 campi
2655 2655 2804 2701 tanto
2829 2647 3054 2716 strepitu
3077 2648 3380 2717 stupefacti,

2129 2733 2280 2788 Multi
2317 2735 2447 2789 dant
2468 2735 2720 2802 ‘dorsum,
2753 2746 2994 2808 pugnant
3025 2738 3285 2794 altissime
3305 2739 3464 2810 '(777)
3491 2755 3714 2806 morsu,

2129 2821 2552 2878 Prosternuntur
2587 2823 2660 2877 ibi
2687 2825 2888 2893 plures,
2912 2826 3200 2895 capiuntur
3222 2827 3414 2898 iniqui.

2129 2911 2367 2966 Marchio
2395 2911 2682 2980 pradictus
2713 2911 3002 2981 quemdam
3029 2915 3425 2970 transverberat
3447 2917 3586 2982 ictu;

2129 2998 2196 3052 Et
2224 2999 2381 3068 quasi
2401 3013 2534 3052 voce
2564 2998 2793 3068 loquens
2817 3017 2830 3053 :
2853 2997 3063 3066 Nonne,
3090 3002 3206 3056 sine
3229 3002 3365 3072 fugit
3387 3003 3595 3057 honore

2132 3086 2313 3141 Talem
2343 3085 2659 3157 grimnitum
2683 3085 2831 3156 (778)
2860 3093 3056 3156 pertat,
3081 3103 3182 3142 nec
3205 3089 3296 3154 hic
3319 3090 3572 3145 inimicus

2131 3178 2299 3233 Ducet
2339 3178 2486 3248 quod
2529 3193 2808 3249 nunquam
2846 3178 2991 3248 (779)
3037 3195 3197 3248 super
3225 3180 3364 3234 hanc
3399 3180 3706 3247 dominam,

3083 3285 3086 3290 ’
3193 3270 3348 3342 [puto
3380 3271 3595 3325 turbam
3615 3290 3630 3336 ;

2126 3360 2400 3415 Ebrardus
2433 3361 2633 3430 praesul
2667 3359 2978 3416 Parmensis
3007 3369 3197 3431 captus
3235 3362 3484 3427 habetur,

2125 3447 2439 3502 Pontificem
2463 3458 2641 3505 sentes
2664 3432 2926 3519 Reginum
2950 3465 3152 3519 perque
3172 3449 3286 3504 dies
3308 3459 3417 3504 tres

2123 3537 2474 3593 Abscondunt
2495 3539 2697 3594 nudum
2720 3539 3100 3610 Gandulphum
3122 3546 3338 3610 pectore
3360 3540 3592 3606 durum;

2124 3625 2377 3682 Nonnulli
2407 3629 2547 3697 capti
2571 3644 2844 3697 proceres,
2877 3628 2967 3682 alii
3003 3627 3114 3682 fere
3147 3629 3305 3698 lapsi.

2125 3719 2332 3772 Gaudet
2367 3719 2522 3770 turba
2558 3717 2723 3783 Petri,
2755 3719 3004 3771 turbatur
3027 3713 3217 3772 concio
3240 3719 3402 3788 regis.

2124 3803 2326 3874 Inclyta
2357 3803 2629 3858 Mathildis
2651 3811 2826 3861 terror
2847 3802 2950 3859 fuit
2978 3805 3230 3860 omnibus
3256 3805 3388 3872 illis;

2124 3890 2322 3946 Mensis
2357 3899 2419 3946 ut
2450 3892 2685 3957 advenit,
2711 3891 2804 3962 qui
2829 3893 3038 3961 primus
3063 3892 3117 3946 in
3143 3893 3332 3947 ordine
3354 3893 3523 3963 etrapit

2124 3980 2254 4048 Ejus
2281 3981 2334 4035 in
2363 3989 2556 4036 octavo
2587 3982 2907 4052 decimoque
2930 3983 3017 4039 die
3044 3984 3351 4038 dominator

2125 4066 2181 4121 ln
2205 4069 2355 4123 caelis
2367 4084 2598 4138 regnans
2618 4068 2932 4125 Anselmum
2953 4070 3098 4141 (780)
3113 4073 3328 4127 vexitad
3339 4073 3506 4128 :ethra
3521 4073 3701 4147 (781).

2220 4197 2340 4271 775)
2381 4197 2520 4271 Quid
2551 4199 2595 4253 si
2620 4200 2903 4271 legendum
2918 4202 3032 4270 jam
3059 4205 3213 4257 venit.
3254 4203 3393 4258 Mus.

2221 4268 2340 4335 776)
2379 4270 2512 4323 God.
2542 4268 2929 4335 ant.,'inimici.
2970 4271 3117 4326 LEID.
3218 4276 3221 4278 ’

2221 4336 2342 4414 777)
2380 4336 2673 4414 Οοάπηαῐῃη
2697 4338 2794 4414 al_i_i
2815 4340 2944 4414 sine.
2985 4339 3133 4394 Lam.
3175 4340 3232 4394 In
3254 4341 3453 4396 nostris
3473 4357 3702 4414 quoque

2124 4406 2418 4468 codicibus,
2447 4406 2544 4466 alii
2568 4407 2698 4458 sine.
2741 4406 2896 4459 Μυιι.⁸

2128 4473 2340 4593 be(778)
2379 4473 2684 4528 Padoliron.
2724 4474 2894 4527 codex
2933 4474 3005 4527 ita
3064 4476 3210 4530 hunc
3266 4493 3484 4532 versum
3535 4478 3703 4534 exhi-

2196 4667 2372 4722 Talem
2394 4671 2660 4740 grunitum
2681 4682 2855 4741 portat
2878 4691 3012 4728 nunc
3033 4675 3116 4739 hic
3141 4675 3408 4729 inimicus.

2123 4798 2247 4877 [hec
2285 4811 2464 4856 autem
2494 4804 2665 4877 verba
2705 4804 2966 4872 indicant,
3017 4823 3124 4861 non
3164 4808 3382 4877 quidem
3427 4799 3699 4870 cecidisse

2122 4868 2405 4943 Obertum,
2419 4872 2511 4943 sed
2531 4869 2732 4943 fugisse
2753 4884 2906 4943 tanto
2924 4868 3047 4930 eum
3081 4868 3361 4943 dedecore,
3387 4888 3442 4936 et
3467 4868 3704 4938 vulnere

2122 4940 2285 4992 etiam
2311 4941 2491 4994 addito
2519 4940 2790 5061 gortassi-s
2814 4945 2868 4998 in
2889 4942 3044 5014 facie)
3068 4955 3129 4999 ut
3153 4940 3428 5015 nunquam
3451 4951 3701 5020 amplius

2123 5015 2189 5060 ex
2225 5010 2485 5061 sententia
2575 5012 2822 5061 onizonis
2858 5013 3121 5061 ducturus
3157 5015 3464 5061 cmdemtnr
3503 5019 3698 5061 ωηιῐει.

2123 5015 2189 5086 ωε
2225 5010 2485 5086 sententia
2515 5010 2823 5086 Donizonis
2858 5010 3121 5086 ducturus
3157 5010 3464 5086 crederetur
3503 5010 3699 5086 capias

2125 5077 2380 5129 adversus
2407 5077 2724 5150 Mathildim.
2744 5149 2747 5150 ν
2767 5081 2889 5135 Sine
2919 5081 3056 5150 fugit
3090 5083 3308 5150 honore.
3349 5081 3474 5137 Haec
3504 5077 3700 5140 autem

2125 5151 2254 5220 acta
2279 5159 2420 5198 anno
2451 5148 2638 5220 potius
2663 5149 2819 5220 1085,
2852 5148 3015 5220 quam
3041 5149 3198 5220 1084.
3239 5149 3474 5220 Turbata
3507 5161 3696 5220 tamen

2124 5212 2177 5287 in
2203 5212 2290 5287 his
2312 5212 2766 5287 est_chronologia
2790 5212 3101 5274 Donizonis.
3125 5217 3175 5272 Is
3201 5219 3344 5287 enim
3370 5216 3697 5279 electionem

2124 5279 2337 5357 yrbani
2375 5281 2418 5334 II
2458 5285 2638 5357 primo
2684 5279 2880 5357 refert,
2929 5301 3050 5357 quae
3101 5286 3294 5357 accidit
3336 5302 3481 5344 anno
3526 5291 3695 5348 1088.

2124 5348 2262 5402 Tum
2310 5348 2550 5406 Anselmi
2583 5348 3131 5423 Lucensis'ep'iscopi
3177 5364 3405 5423 mortem
3448 5373 3698 5417 commc-

2123 5427 2317 5484 morat,
2352 5435 2474 5484 qua:
2499 5423 2567 5476 ad
2604 5438 2806 5476 annum
2846 5421 2982 5475 1086
3015 5421 3097 5476 est
3123 5422 3417 5479 referenda.
3469 5426 3616 5484 Man.

2127 5487 2340 5608 LE(7379)
2378 5487 2577 5559 Nempe
2613 5491 2686 5544 ibi
2724 5490 2916 5545 cecidit
2964 5491 3204 5546 marchio
3251 5491 3482 5552 Obertus
3526 5498 3695 5555 108].

2197 5622 2341 5760 (780)
2382 5624 2676 5679 Lucensem
2703 5625 3014 5703 episcopum
3047 5627 3198 5683 I086.
3238 5630 3384 5687 Lam.

2221 5691 2312 5744 781
2380 5693 2560 5746 Bonus
2593 5691 2795 5746 Donlzo
2834 5696 2901 5746 ad
2941 5696 3157 5751 ret/cram
3209 5702 3380 5760 serius

2221 5691 2341 5771 781)
2380 5693 2560 5771 Bonus
2593 5691 2795 5771 Doniao
2813 5691 2901 5771 ‘ad
2941 5696 3157 5751 ret/cram
3209 5702 3446 5771 scripsit,
3487 5713 3550 5757 ut
3591 5721 3703 5760 nos

2128 5769 2344 5812 monent
2379 5761 2589 5813 codices
2627 5760 2768 5813 msti.
2812 5760 2952 5816 Muri.
