  <div class='ocr_page' id='page_1' title='image "/cluster/home/n/w/nwhite01/storage/ocr_20150623/148/uva.x000829792/509.png"; bbox 0 0 3944 6402; ppageno 0'>
   <div class='ocr_carea' id='block_1_1' title="bbox 417 459 554 515">
    <p class='ocr_par' dir='ltr' id='par_1_1' title="bbox 417 459 554 515">
     <span class='ocr_line' id='line_1_1' title="bbox 417 459 554 515; baseline -0.044 1"><span class='ocrx_word' id='word_1_1' title='bbox 417 459 554 515; x_wconf 79' lang='grc' dir='ltr'>10οἳ</span> 
     </span>
    </p>
   </div>
   <div class='ocr_carea' id='block_1_2' title="bbox 413 557 1900 645">
    <p class='ocr_par' dir='ltr' id='par_1_2' title="bbox 413 557 1900 645">
     <span class='ocr_line' id='line_1_2' title="bbox 413 557 1900 645; baseline -0.009 -22"><span class='ocrx_word' id='word_1_2' title='bbox 413 567 553 645; x_wconf 76' lang='lat' dir='ltr'><strong>Cum</strong></span> <span class='ocrx_word' id='word_1_3' title='bbox 581 568 665 622; x_wconf 87' lang='lat' dir='ltr'><strong>bis</strong></span> <span class='ocrx_word' id='word_1_4' title='bbox 688 566 927 636; x_wconf 86' lang='lat' dir='ltr'><strong>quinque</strong></span> <span class='ocrx_word' id='word_1_5' title='bbox 949 563 1106 634; x_wconf 80' lang='lat' dir='ltr'><strong>quasi</strong></span> <span class='ocrx_word' id='word_1_6' title='bbox 1135 560 1426 618; x_wconf 87' lang='lat' dir='ltr'><strong>transirent</strong></span> <span class='ocrx_word' id='word_1_7' title='bbox 1440 560 1555 631; x_wconf 83' lang='lat' dir='ltr'><strong>jam</strong></span> <span class='ocrx_word' id='word_1_8' title='bbox 1582 557 1745 614; x_wconf 80' lang='lat' dir='ltr'><strong>simul</strong></span> <span class='ocrx_word' id='word_1_9' title='bbox 1772 557 1900 625; x_wconf 80' lang='lat' dir='ltr'><strong>anni</strong></span> 
     </span>
    </p>
   </div>
   <div class='ocr_carea' id='block_1_3' title="bbox 418 647 1985 727">
    <p class='ocr_par' dir='ltr' id='par_1_3' title="bbox 418 647 1985 727">
     <span class='ocr_line' id='line_1_3' title="bbox 418 647 1985 727; baseline -0.007 -17"><span class='ocrx_word' id='word_1_10' title='bbox 418 658 531 712; x_wconf 76' lang='lat' dir='ltr'><strong>ltex</strong></span> <span class='ocrx_word' id='word_1_11' title='bbox 557 656 698 727; x_wconf 80' lang='lat' dir='ltr'><strong>quod</strong></span> <span class='ocrx_word' id='word_1_12' title='bbox 727 657 795 710; x_wconf 92' lang='lat' dir='ltr'><strong>ab</strong></span> <span class='ocrx_word' id='word_1_13' title='bbox 823 654 970 710; x_wconf 90' lang='lat' dir='ltr'><strong>Italia</strong></span> <span class='ocrx_word' id='word_1_14' title='bbox 1009 654 1332 708; x_wconf 87' lang='lat' dir='ltr'><strong>discesserat</strong></span> <span class='ocrx_word' id='word_1_15' title='bbox 1368 650 1537 719; x_wconf 86' lang='lat'><strong>(798),</strong></span> <span class='ocrx_word' id='word_1_16' title='bbox 1578 658 1754 703; x_wconf 87' lang='lat' dir='ltr'><strong>armat</strong></span> <span class='ocrx_word' id='word_1_17' title='bbox 1787 647 1985 717; x_wconf 88' lang='lat' dir='ltr'><strong>equina</strong></span> 
     </span>
    </p>
   </div>
   <div class='ocr_carea' id='block_1_4' title="bbox 415 746 1819 816">
    <p class='ocr_par' dir='ltr' id='par_1_4' title="bbox 415 746 1819 816">
     <span class='ocr_line' id='line_1_4' title="bbox 415 746 1819 816; baseline -0.008 -13"><span class='ocrx_word' id='word_1_18' title='bbox 415 748 587 803; x_wconf 78' lang='lat' dir='ltr'><strong>llorsa</strong></span> <span class='ocrx_word' id='word_1_19' title='bbox 615 747 768 809; x_wconf 89' lang='lat' dir='ltr'><strong>viris,</strong></span> <span class='ocrx_word' id='word_1_20' title='bbox 789 746 980 816; x_wconf 83' lang='lat' dir='ltr'><strong>jurans</strong></span> <span class='ocrx_word' id='word_1_21' title='bbox 1006 760 1103 814; x_wconf 85' lang='lat' dir='ltr'><strong>per</strong></span> <span class='ocrx_word' id='word_1_22' title='bbox 1131 753 1334 813; x_wconf 89' lang='lat' dir='ltr'><strong>septem</strong></span> <span class='ocrx_word' id='word_1_23' title='bbox 1360 750 1624 810; x_wconf 88' lang='lat' dir='ltr'><strong>tempora,</strong></span> <span class='ocrx_word' id='word_1_24' title='bbox 1656 753 1819 809; x_wconf 81' lang='lat' dir='ltr'><strong>supra</strong></span> 
     </span>
    </p>
   </div>
   <div class='ocr_carea' id='block_1_5' title="bbox 416 831 1692 905">
    <p class='ocr_par' dir='ltr' id='par_1_5' title="bbox 416 831 1692 905">
     <span class='ocr_line' id='line_1_5' title="bbox 416 831 1692 905; baseline -0.006 -13"><span class='ocrx_word' id='word_1_25' title='bbox 416 838 689 893; x_wconf 80' lang='lat' dir='ltr'><strong>.‘tlathildis</strong></span> <span class='ocrx_word' id='word_1_26' title='bbox 712 845 909 891; x_wconf 88' lang='lat' dir='ltr'><strong>terram</strong></span> <span class='ocrx_word' id='word_1_27' title='bbox 932 836 1238 905; x_wconf 72' lang='lat' dir='ltr'><strong>persistere,</strong></span> <span class='ocrx_word' id='word_1_28' title='bbox 1266 847 1397 902; x_wconf 82' lang='lat' dir='ltr'><strong>pace</strong></span> <span class='ocrx_word' id='word_1_29' title='bbox 1416 831 1692 901; x_wconf 87' lang='lat' dir='ltr'><strong>neglecta;</strong></span> 
     </span>
    </p>
   </div>
   <div class='ocr_carea' id='block_1_6' title="bbox 416 921 1763 993">
    <p class='ocr_par' dir='ltr' id='par_1_6' title="bbox 416 921 1763 993">
     <span class='ocr_line' id='line_1_6' title="bbox 416 921 1763 993; baseline -0.007 -10"><span class='ocrx_word' id='word_1_30' title='bbox 416 929 610 983; x_wconf 90' lang='lat' dir='ltr'><strong>Castra</strong></span> <span class='ocrx_word' id='word_1_31' title='bbox 637 938 790 983; x_wconf 54' lang='lat' dir='ltr'><strong>vce-at</strong></span> <span class='ocrx_word' id='word_1_32' title='bbox 814 928 1000 993; x_wconf 89' lang='lat' dir='ltr'><strong>densa,</strong></span> <span class='ocrx_word' id='word_1_33' title='bbox 1024 925 1297 980; x_wconf 87' lang='lat' dir='ltr'><strong>descendit</strong></span> <span class='ocrx_word' id='word_1_34' title='bbox 1325 923 1391 978; x_wconf 90' lang='lat' dir='ltr'><strong>ad</strong></span> <span class='ocrx_word' id='word_1_35' title='bbox 1422 921 1551 976; x_wconf 89' lang='lat' dir='ltr'><strong>Itala</strong></span> <span class='ocrx_word' id='word_1_36' title='bbox 1578 934 1763 990; x_wconf 91' lang='lat' dir='ltr'><strong>regna.</strong></span> 
     </span>
    </p>
   </div>
   <div class='ocr_carea' id='block_1_7' title="bbox 417 1011 1708 1081">
    <p class='ocr_par' dir='ltr' id='par_1_7' title="bbox 417 1011 1708 1081">
     <span class='ocr_line' id='line_1_7' title="bbox 417 1011 1708 1081; baseline -0.009 -6"><span class='ocrx_word' id='word_1_37' title='bbox 417 1018 638 1075; x_wconf 87' lang='lat' dir='ltr'><strong>Tertius</strong></span> <span class='ocrx_word' id='word_1_38' title='bbox 665 1026 719 1072; x_wconf 88' lang='lat' dir='ltr'><strong>et</strong></span> <span class='ocrx_word' id='word_1_39' title='bbox 746 1016 952 1072; x_wconf 83' lang='lat' dir='ltr'><strong>mensis</strong></span> <span class='ocrx_word' id='word_1_40' title='bbox 978 1015 1123 1073; x_wconf 91' lang='lat' dir='ltr'><strong>foliis</strong></span> <span class='ocrx_word' id='word_1_41' title='bbox 1152 1015 1393 1081; x_wconf 89' lang='lat' dir='ltr'><strong>ﬁorebat,</strong></span> <span class='ocrx_word' id='word_1_42' title='bbox 1423 1022 1478 1067; x_wconf 91' lang='lat' dir='ltr'><strong>et</strong></span> <span class='ocrx_word' id='word_1_43' title='bbox 1503 1011 1708 1075; x_wconf 85' lang='lat' dir='ltr'><strong>herbis,</strong></span> 
     </span>
    </p>
   </div>
   <div class='ocr_carea' id='block_1_8' title="bbox 420 1100 1883 1178">
    <p class='ocr_par' dir='ltr' id='par_1_8' title="bbox 420 1100 1883 1178">
     <span class='ocr_line' id='line_1_8' title="bbox 420 1100 1883 1178; baseline -0.009 -12"><span class='ocrx_word' id='word_1_44' title='bbox 420 1110 563 1166; x_wconf 72' lang='lat' dir='ltr'><strong>lirbs</strong></span> <span class='ocrx_word' id='word_1_45' title='bbox 595 1109 828 1164; x_wconf 74' lang='lat' dir='ltr'><strong>domin-.e</strong></span> <span class='ocrx_word' id='word_1_46' title='bbox 859 1108 1105 1178; x_wconf 67' lang='lat' dir='ltr'><strong>quzedan.</strong></span> <span class='ocrx_word' id='word_1_47' title='bbox 1141 1106 1409 1176; x_wconf 66' lang='lat' dir='ltr'><strong>praedicta!</strong></span> <span class='ocrx_word' id='word_1_48' title='bbox 1436 1104 1600 1159; x_wconf 89' lang='lat' dir='ltr'><strong>chara</strong></span> <span class='ocrx_word' id='word_1_49' title='bbox 1630 1100 1883 1157; x_wconf 89' lang='lat' dir='ltr'><strong>manebat</strong></span> 
     </span>
    </p>
   </div>
   <div class='ocr_carea' id='block_1_9' title="bbox 419 1196 1672 1271">
    <p class='ocr_par' dir='ltr' id='par_1_9' title="bbox 419 1196 1672 1271">
     <span class='ocr_line' id='line_1_9' title="bbox 419 1196 1672 1271; baseline -0.008 -14"><span class='ocrx_word' id='word_1_50' title='bbox 419 1200 685 1271; x_wconf 85' lang='lat' dir='ltr'><strong>Tempore</strong></span> <span class='ocrx_word' id='word_1_51' title='bbox 712 1201 973 1270; x_wconf 76' lang='lat' dir='ltr'><strong>longaevo,</strong></span> <span class='ocrx_word' id='word_1_52' title='bbox 996 1199 1263 1253; x_wconf 87' lang='lat' dir='ltr'><strong>vocitatur</strong></span> <span class='ocrx_word' id='word_1_53' title='bbox 1287 1196 1503 1250; x_wconf 82' lang='lat' dir='ltr'><strong>Mantua</strong></span> <span class='ocrx_word' id='word_1_54' title='bbox 1523 1208 1672 1259; x_wconf 90' lang='lat' dir='ltr'><strong>vero,</strong></span> 
     </span>
    </p>
   </div>
   <div class='ocr_carea' id='block_1_10' title="bbox 420 1286 1706 1356">
    <p class='ocr_par' dir='ltr' id='par_1_10' title="bbox 420 1286 1706 1356">
     <span class='ocr_line' id='line_1_10' title="bbox 420 1286 1706 1356; baseline -0.005 -9"><span class='ocrx_word' id='word_1_55' title='bbox 420 1291 501 1349; x_wconf 76' lang='lat' dir='ltr'><strong>Ex</strong></span> <span class='ocrx_word' id='word_1_56' title='bbox 532 1294 717 1348; x_wconf 83' lang='lat' dir='ltr'><strong>multis</strong></span> <span class='ocrx_word' id='word_1_57' title='bbox 752 1293 915 1347; x_wconf 86' lang='lat' dir='ltr'><strong>rebus</strong></span> <span class='ocrx_word' id='word_1_58' title='bbox 948 1291 1098 1346; x_wconf 87' lang='lat' dir='ltr'><strong>dives</strong></span> <span class='ocrx_word' id='word_1_59' title='bbox 1124 1289 1257 1344; x_wconf 83' lang='lat' dir='ltr'><strong>satis</strong></span> <span class='ocrx_word' id='word_1_60' title='bbox 1290 1303 1356 1344; x_wconf 88' lang='lat' dir='ltr'><strong>ac</strong></span> <span class='ocrx_word' id='word_1_61' title='bbox 1391 1286 1706 1356; x_wconf 81' lang='lat' dir='ltr'><strong>speciebus;</strong></span> 
     </span>
    </p>
   </div>
   <div class='ocr_carea' id='block_1_11' title="bbox 420 1375 1604 1451">
    <p class='ocr_par' dir='ltr' id='par_1_11' title="bbox 420 1375 1604 1451">
     <span class='ocr_line' id='line_1_11' title="bbox 420 1375 1604 1451; baseline -0.008 -13"><span class='ocrx_word' id='word_1_62' title='bbox 420 1382 537 1438; x_wconf 76' lang='lat' dir='ltr'><strong>Rex</strong></span> <span class='ocrx_word' id='word_1_63' title='bbox 564 1382 786 1451; x_wconf 88' lang='lat' dir='ltr'><strong>cupiens</strong></span> <span class='ocrx_word' id='word_1_64' title='bbox 809 1380 1002 1450; x_wconf 89' lang='lat' dir='ltr'><strong>ipsam,</strong></span> <span class='ocrx_word' id='word_1_65' title='bbox 1031 1379 1148 1433; x_wconf 86' lang='lat' dir='ltr'><strong>ﬁxit</strong></span> <span class='ocrx_word' id='word_1_66' title='bbox 1176 1376 1410 1432; x_wconf 91' lang='lat' dir='ltr'><strong>tentoria</strong></span> <span class='ocrx_word' id='word_1_67' title='bbox 1438 1375 1604 1438; x_wconf 89' lang='lat' dir='ltr'><strong>circa,</strong></span> 
     </span>
    </p>
   </div>
   <div class='ocr_carea' id='block_1_12' title="bbox 421 1460 1993 1541">
    <p class='ocr_par' dir='ltr' id='par_1_12' title="bbox 421 1460 1993 1541">
     <span class='ocr_line' id='line_1_12' title="bbox 421 1460 1993 1541; baseline -0.01 -11"><span class='ocrx_word' id='word_1_68' title='bbox 421 1471 596 1541; x_wconf 82' lang='lat' dir='ltr'><strong>Quam</strong></span> <span class='ocrx_word' id='word_1_69' title='bbox 613 1487 733 1526; x_wconf 91' lang='lat' dir='ltr'><strong>mox</strong></span> <span class='ocrx_word' id='word_1_70' title='bbox 756 1470 971 1526; x_wconf 85' lang='lat' dir='ltr'><strong>athletis</strong></span> <span class='ocrx_word' id='word_1_71' title='bbox 995 1470 1061 1525; x_wconf 91' lang='lat' dir='ltr'><strong>de</strong></span> <span class='ocrx_word' id='word_1_72' title='bbox 1088 1467 1394 1538; x_wconf 81' lang='lat' dir='ltr'><strong>sumptibus</strong></span> <span class='ocrx_word' id='word_1_73' title='bbox 1419 1466 1565 1536; x_wconf 81' lang='lat'><strong>(799)</strong></span> <span class='ocrx_word' id='word_1_74' title='bbox 1587 1471 1748 1535; x_wconf 89' lang='lat' dir='ltr'><strong>atque</strong></span> <span class='ocrx_word' id='word_1_75' title='bbox 1769 1460 1993 1532; x_wconf 72' lang='lat' dir='ltr'><strong>replevit</strong></span> 
     </span>
    </p>
   </div>
   <div class='ocr_carea' id='block_1_13' title="bbox 419 1552 1866 1626">
    <p class='ocr_par' dir='ltr' id='par_1_13' title="bbox 419 1552 1866 1626">
     <span class='ocr_line' id='line_1_13' title="bbox 419 1552 1866 1626; baseline -0.007 -10"><span class='ocrx_word' id='word_1_76' title='bbox 419 1560 627 1618; x_wconf 76' lang='lat' dir='ltr'><strong>Nobilis</strong></span> <span class='ocrx_word' id='word_1_77' title='bbox 655 1555 713 1617; x_wconf 83' lang='lat' dir='ltr'><strong>et</strong></span> <span class='ocrx_word' id='word_1_78' title='bbox 732 1560 887 1616; x_wconf 88' lang='lat' dir='ltr'><strong>fortis</strong></span> <span class='ocrx_word' id='word_1_79' title='bbox 907 1560 1198 1626; x_wconf 87' lang='lat' dir='ltr'><strong>Mathildis,</strong></span> <span class='ocrx_word' id='word_1_80' title='bbox 1219 1558 1451 1613; x_wconf 90' lang='lat' dir='ltr'><strong>maxime</strong></span> <span class='ocrx_word' id='word_1_81' title='bbox 1464 1555 1673 1611; x_wconf 91' lang='lat' dir='ltr'><strong>doctrix</strong></span> <span class='ocrx_word' id='word_1_82' title='bbox 1697 1552 1866 1625; x_wconf 92' lang='lat'><strong>(800),</strong></span> 
     </span>
    </p>
   </div>
   <div class='ocr_carea' id='block_1_14' title="bbox 421 1645 1794 1724">
    <p class='ocr_par' dir='ltr' id='par_1_14' title="bbox 421 1645 1794 1724">
     <span class='ocr_line' id='line_1_14' title="bbox 421 1645 1794 1724; baseline -0.009 -17"><span class='ocrx_word' id='word_1_83' title='bbox 421 1652 545 1724; x_wconf 84' lang='lat' dir='ltr'><strong>Ipsa</strong></span> <span class='ocrx_word' id='word_1_84' title='bbox 578 1661 767 1705; x_wconf 89' lang='lat' dir='ltr'><strong>tenens</strong></span> <span class='ocrx_word' id='word_1_85' title='bbox 802 1658 1035 1716; x_wconf 88' lang='lat' dir='ltr'><strong>montes,</strong></span> <span class='ocrx_word' id='word_1_86' title='bbox 1064 1648 1311 1705; x_wconf 90' lang='lat' dir='ltr'><strong>inimicos</strong></span> <span class='ocrx_word' id='word_1_87' title='bbox 1331 1645 1560 1716; x_wconf 85' lang='lat' dir='ltr'><strong>despicit</strong></span> <span class='ocrx_word' id='word_1_88' title='bbox 1586 1658 1794 1698; x_wconf 90' lang='lat' dir='ltr'><strong>omnes.</strong></span> 
     </span>
    </p>
   </div>
   <div class='ocr_carea' id='block_1_15' title="bbox 424 1739 1756 1814">
    <p class='ocr_par' dir='ltr' id='par_1_15' title="bbox 424 1739 1756 1814">
     <span class='ocr_line' id='line_1_15' title="bbox 424 1739 1756 1814; baseline -0.005 -17"><span class='ocrx_word' id='word_1_89' title='bbox 424 1742 587 1814; x_wconf 78' lang='lat' dir='ltr'><strong>Regis</strong></span> <span class='ocrx_word' id='word_1_90' title='bbox 612 1743 748 1798; x_wconf 89' lang='lat' dir='ltr'><strong>bella</strong></span> <span class='ocrx_word' id='word_1_91' title='bbox 782 1742 1011 1812; x_wconf 84' lang='lat' dir='ltr'><strong>phalanx</strong></span> <span class='ocrx_word' id='word_1_92' title='bbox 1040 1743 1201 1798; x_wconf 85' lang='lat' dir='ltr'><strong>dabat</strong></span> <span class='ocrx_word' id='word_1_93' title='bbox 1228 1740 1349 1795; x_wconf 83' lang='lat' dir='ltr'><strong>urbi</strong></span> <span class='ocrx_word' id='word_1_94' title='bbox 1385 1739 1583 1808; x_wconf 60' lang='lat' dir='ltr'><strong>sapius</strong></span> <span class='ocrx_word' id='word_1_95' title='bbox 1611 1745 1756 1803; x_wconf 86' lang='lat' dir='ltr'><strong>atra;</strong></span> 
     </span>
    </p>
   </div>
   <div class='ocr_carea' id='block_1_16' title="bbox 421 1830 1639 1900">
    <p class='ocr_par' dir='ltr' id='par_1_16' title="bbox 421 1830 1639 1900">
     <span class='ocr_line' id='line_1_16' title="bbox 421 1830 1639 1900; baseline -0.005 -11"><span class='ocrx_word' id='word_1_96' title='bbox 421 1834 691 1889; x_wconf 72' lang='lat' dir='ltr'><strong>Exsiliunt</strong></span> <span class='ocrx_word' id='word_1_97' title='bbox 726 1834 889 1900; x_wconf 78' lang='lat' dir='ltr'><strong>cives,</strong></span> <span class='ocrx_word' id='word_1_98' title='bbox 914 1832 1075 1887; x_wconf 90' lang='lat' dir='ltr'><strong>simul</strong></span> <span class='ocrx_word' id='word_1_99' title='bbox 1096 1832 1309 1886; x_wconf 69' lang='lat' dir='ltr'><strong>athletae</strong></span> <span class='ocrx_word' id='word_1_100' title='bbox 1328 1830 1639 1894; x_wconf 80' lang='lat' dir='ltr'><strong>comitissae,</strong></span> 
     </span>
    </p>
   </div>
   <div class='ocr_carea' id='block_1_17' title="bbox 421 1919 1885 1992">
    <p class='ocr_par' dir='ltr' id='par_1_17' title="bbox 421 1919 1885 1992">
     <span class='ocr_line' id='line_1_17' title="bbox 421 1919 1885 1992; baseline -0.006 -15"><span class='ocrx_word' id='word_1_101' title='bbox 421 1922 707 1989; x_wconf 74' lang='lat' dir='ltr'><strong>Occidunt,</strong></span> <span class='ocrx_word' id='word_1_102' title='bbox 744 1921 1019 1992; x_wconf 82' lang='lat' dir='ltr'><strong>frangunt,</strong></span> <span class='ocrx_word' id='word_1_103' title='bbox 1048 1930 1247 1977; x_wconf 72' lang='lat' dir='ltr'><strong>emtum</strong></span> <span class='ocrx_word' id='word_1_104' title='bbox 1276 1920 1480 1990; x_wconf 90' lang='lat' dir='ltr'><strong>pellunt</strong></span> <span class='ocrx_word' id='word_1_105' title='bbox 1505 1919 1885 1978; x_wconf 74' lang='lat' dir='ltr'><strong>Alemannum.</strong></span> 
     </span>
    </p>
   </div>
   <div class='ocr_carea' id='block_1_18' title="bbox 422 2004 1815 2082">
    <p class='ocr_par' dir='ltr' id='par_1_18' title="bbox 422 2004 1815 2082">
     <span class='ocr_line' id='line_1_18' title="bbox 422 2004 1815 2082; baseline -0.006 -14"><span class='ocrx_word' id='word_1_106' title='bbox 422 2004 565 2076; x_wconf 81' lang='lat' dir='ltr'><strong>Urbs</strong></span> <span class='ocrx_word' id='word_1_107' title='bbox 592 2015 726 2067; x_wconf 86' lang='lat' dir='ltr'><strong>bene</strong></span> <span class='ocrx_word' id='word_1_108' title='bbox 758 2021 1019 2082; x_wconf 86' lang='lat' dir='ltr'><strong>protecta,</strong></span> <span class='ocrx_word' id='word_1_109' title='bbox 1045 2011 1270 2080; x_wconf 87' lang='lat' dir='ltr'><strong>degebat</strong></span> <span class='ocrx_word' id='word_1_110' title='bbox 1307 2024 1402 2063; x_wconf 92' lang='lat' dir='ltr'><strong>rex</strong></span> <span class='ocrx_word' id='word_1_111' title='bbox 1429 2007 1615 2077; x_wconf 83' lang='lat' dir='ltr'><strong>procul</strong></span> <span class='ocrx_word' id='word_1_112' title='bbox 1641 2013 1815 2069; x_wconf 90' lang='lat' dir='ltr'><strong>extra,</strong></span> 
     </span>
    </p>
   </div>
   <div class='ocr_carea' id='block_1_19' title="bbox 424 2099 1662 2158">
    <p class='ocr_par' dir='ltr' id='par_1_19' title="bbox 424 2099 1662 2158">
     <span class='ocr_line' id='line_1_19' title="bbox 424 2099 1662 2158; baseline -0.005 -1"><span class='ocrx_word' id='word_1_113' title='bbox 424 2104 699 2158; x_wconf 87' lang='lat' dir='ltr'><strong>Mensibus</strong></span> <span class='ocrx_word' id='word_1_114' title='bbox 730 2103 957 2157; x_wconf 89' lang='lat' dir='ltr'><strong>undenis</strong></span> <span class='ocrx_word' id='word_1_115' title='bbox 985 2102 1232 2156; x_wconf 87' lang='lat' dir='ltr'><strong>obsessio</strong></span> <span class='ocrx_word' id='word_1_116' title='bbox 1257 2100 1465 2155; x_wconf 91' lang='lat' dir='ltr'><strong>civibus</strong></span> <span class='ocrx_word' id='word_1_117' title='bbox 1490 2099 1662 2153; x_wconf 69' lang='lat' dir='ltr'><strong>haesit.</strong></span> 
     </span>
    </p>
   </div>
   <div class='ocr_carea' id='block_1_20' title="bbox 425 2187 1990 2264">
    <p class='ocr_par' dir='ltr' id='par_1_20' title="bbox 425 2187 1990 2264">
     <span class='ocr_line' id='line_1_20' title="bbox 425 2187 1990 2264; baseline -0.006 -15"><span class='ocrx_word' id='word_1_118' title='bbox 425 2195 578 2249; x_wconf 89' lang='lat' dir='ltr'><strong>Tune</strong></span> <span class='ocrx_word' id='word_1_119' title='bbox 608 2194 818 2264; x_wconf 80' lang='lat' dir='ltr'><strong>Ripalta</strong></span> <span class='ocrx_word' id='word_1_120' title='bbox 837 2195 982 2264; x_wconf 90' lang='lat' dir='ltr'><strong>(80l)</strong></span> <span class='ocrx_word' id='word_1_121' title='bbox 999 2194 1215 2263; x_wconf 79' lang='lat' dir='ltr'><strong>quidem</strong></span> <span class='ocrx_word' id='word_1_122' title='bbox 1244 2207 1459 2246; x_wconf 87' lang='lat' dir='ltr'><strong>menses</strong></span> <span class='ocrx_word' id='word_1_123' title='bbox 1475 2187 1990 2248; x_wconf 89' lang='lat' dir='ltr'><strong>hostradituriuter;</strong></span> 
     </span>
    </p>
   </div>
   <div class='ocr_carea' id='block_1_21' title="bbox 425 2278 1885 2353">
    <p class='ocr_par' dir='ltr' id='par_1_21' title="bbox 425 2278 1885 2353">
     <span class='ocr_line' id='line_1_21' title="bbox 425 2278 1885 2353; baseline -0.007 -12"><span class='ocrx_word' id='word_1_124' title='bbox 425 2287 676 2343; x_wconf 81' lang='lat' dir='ltr'><strong>Traditur</strong></span> <span class='ocrx_word' id='word_1_125' title='bbox 701 2297 752 2340; x_wconf 89' lang='lat' dir='ltr'><strong>et</strong></span> <span class='ocrx_word' id='word_1_126' title='bbox 775 2287 941 2341; x_wconf 90' lang='lat' dir='ltr'><strong>turris</strong></span> <span class='ocrx_word' id='word_1_127' title='bbox 963 2285 1271 2340; x_wconf 85' lang='lat' dir='ltr'><strong>Gubernula</strong></span> <span class='ocrx_word' id='word_1_128' title='bbox 1297 2283 1444 2352; x_wconf 67' lang='lat'><strong>(802)</strong></span> <span class='ocrx_word' id='word_1_129' title='bbox 1468 2283 1611 2353; x_wconf 86' lang='lat' dir='ltr'><strong>regis</strong></span> <span class='ocrx_word' id='word_1_130' title='bbox 1631 2278 1885 2335; x_wconf 87' lang='lat' dir='ltr'><strong>alumnis.</strong></span> 
     </span>
    </p>
   </div>
   <div class='ocr_carea' id='block_1_22' title="bbox 422 2368 1991 2437">
    <p class='ocr_par' dir='ltr' id='par_1_22' title="bbox 422 2368 1991 2437">
     <span class='ocr_line' id='line_1_22' title="bbox 422 2368 1991 2437; baseline -0.006 -7"><span class='ocrx_word' id='word_1_131' title='bbox 422 2376 543 2431; x_wconf 75' lang='lat' dir='ltr'><strong>Non</strong></span> <span class='ocrx_word' id='word_1_132' title='bbox 578 2376 837 2430; x_wconf 82' lang='lat' dir='ltr'><strong>famulam</strong></span> <span class='ocrx_word' id='word_1_133' title='bbox 866 2374 1009 2429; x_wconf 89' lang='lat' dir='ltr'><strong>Petri</strong></span> <span class='ocrx_word' id='word_1_134' title='bbox 1038 2382 1249 2428; x_wconf 88' lang='lat' dir='ltr'><strong>mutant</strong></span> <span class='ocrx_word' id='word_1_135' title='bbox 1287 2371 1601 2426; x_wconf 84' lang='lat' dir='ltr'><strong>discrimina</strong></span> <span class='ocrx_word' id='word_1_136' title='bbox 1642 2369 1786 2425; x_wconf 87' lang='lat' dir='ltr'><strong>sedis</strong></span> <span class='ocrx_word' id='word_1_137' title='bbox 1821 2368 1991 2437; x_wconf 77' lang='lat'><strong>(805),</strong></span> 
     </span>
    </p>
   </div>
   <div class='ocr_carea' id='block_1_23' title="bbox 424 2463 1797 2533">
    <p class='ocr_par' dir='ltr' id='par_1_23' title="bbox 424 2463 1797 2533">
     <span class='ocr_line' id='line_1_23' title="bbox 424 2463 1797 2533; baseline -0.005 -11"><span class='ocrx_word' id='word_1_138' title='bbox 424 2468 645 2523; x_wconf 87' lang='lat' dir='ltr'><strong>Civibus</strong></span> <span class='ocrx_word' id='word_1_139' title='bbox 674 2478 727 2522; x_wconf 85' lang='lat' dir='ltr'><strong>at</strong></span> <span class='ocrx_word' id='word_1_140' title='bbox 755 2467 954 2521; x_wconf 84' lang='lat' dir='ltr'><strong>multos</strong></span> <span class='ocrx_word' id='word_1_141' title='bbox 979 2465 1197 2520; x_wconf 79' lang='lat' dir='ltr'><strong>mandat</strong></span> <span class='ocrx_word' id='word_1_142' title='bbox 1218 2463 1513 2533; x_wconf 65' lang='lat' dir='ltr'><strong>srepissime</strong></span> <span class='ocrx_word' id='word_1_143' title='bbox 1547 2469 1797 2531; x_wconf 89' lang='lat' dir='ltr'><strong>sumptus</strong></span> 
     </span>
    </p>
   </div>
   <div class='ocr_carea' id='block_1_24' title="bbox 426 2550 1871 2627">
    <p class='ocr_par' dir='ltr' id='par_1_24' title="bbox 426 2550 1871 2627">
     <span class='ocr_line' id='line_1_24' title="bbox 426 2550 1871 2627; baseline -0.007 -15"><span class='ocrx_word' id='word_1_144' title='bbox 426 2557 652 2612; x_wconf 84' lang='lat' dir='ltr'><strong>Servent</strong></span> <span class='ocrx_word' id='word_1_145' title='bbox 680 2568 845 2627; x_wconf 91' lang='lat' dir='ltr'><strong>utque</strong></span> <span class='ocrx_word' id='word_1_146' title='bbox 864 2557 1020 2612; x_wconf 89' lang='lat' dir='ltr'><strong>ﬁdem</strong></span> <span class='ocrx_word' id='word_1_147' title='bbox 1046 2565 1197 2627; x_wconf 90' lang='lat' dir='ltr'><strong>rogat</strong></span> <span class='ocrx_word' id='word_1_148' title='bbox 1224 2556 1327 2609; x_wconf 90' lang='lat' dir='ltr'><strong>hoc</strong></span> <span class='ocrx_word' id='word_1_149' title='bbox 1347 2552 1678 2622; x_wconf 85' lang='lat' dir='ltr'><strong>permaxime</strong></span> <span class='ocrx_word' id='word_1_150' title='bbox 1705 2550 1871 2624; x_wconf 80' lang='lat' dir='ltr'><strong>cives,</strong></span> 
     </span>
    </p>
   </div>
   <div class='ocr_carea' id='block_1_25' title="bbox 426 2637 1590 2699">
    <p class='ocr_par' dir='ltr' id='par_1_25' title="bbox 426 2637 1590 2699">
     <span class='ocr_line' id='line_1_25' title="bbox 426 2637 1590 2699; baseline -0.008 0"><span class='ocrx_word' id='word_1_151' title='bbox 426 2644 529 2699; x_wconf 86' lang='lat' dir='ltr'><strong>Cui</strong></span> <span class='ocrx_word' id='word_1_152' title='bbox 557 2644 703 2699; x_wconf 87' lang='lat' dir='ltr'><strong>cives</strong></span> <span class='ocrx_word' id='word_1_153' title='bbox 727 2658 852 2698; x_wconf 87' lang='lat' dir='ltr'><strong>vere</strong></span> <span class='ocrx_word' id='word_1_154' title='bbox 874 2657 931 2697; x_wconf 89' lang='lat' dir='ltr'><strong>se</strong></span> <span class='ocrx_word' id='word_1_155' title='bbox 959 2641 1218 2696; x_wconf 88' lang='lat' dir='ltr'><strong>mandant</strong></span> <span class='ocrx_word' id='word_1_156' title='bbox 1241 2653 1364 2694; x_wconf 89' lang='lat' dir='ltr'><strong>esse</strong></span> <span class='ocrx_word' id='word_1_157' title='bbox 1388 2637 1590 2692; x_wconf 89' lang='lat' dir='ltr'><strong>ﬁdeles.</strong></span> 
     </span>
    </p>
   </div>
   <div class='ocr_carea' id='block_1_26' title="bbox 426 2729 1612 2793">
    <p class='ocr_par' dir='ltr' id='par_1_26' title="bbox 426 2729 1612 2793">
     <span class='ocr_line' id='line_1_26' title="bbox 426 2729 1612 2793; baseline -0.008 -2"><span class='ocrx_word' id='word_1_158' title='bbox 426 2736 642 2793; x_wconf 86' lang='lat' dir='ltr'><strong>Pollens</strong></span> <span class='ocrx_word' id='word_1_159' title='bbox 670 2734 943 2791; x_wconf 83' lang='lat' dir='ltr'><strong>Mathildis</strong></span> <span class='ocrx_word' id='word_1_160' title='bbox 967 2733 1139 2789; x_wconf 91' lang='lat' dir='ltr'><strong>ﬁdens</strong></span> <span class='ocrx_word' id='word_1_161' title='bbox 1160 2734 1214 2786; x_wconf 90' lang='lat' dir='ltr'><strong>in</strong></span> <span class='ocrx_word' id='word_1_162' title='bbox 1244 2732 1455 2786; x_wconf 89' lang='lat' dir='ltr'><strong>civibus</strong></span> <span class='ocrx_word' id='word_1_163' title='bbox 1486 2729 1612 2792; x_wconf 90' lang='lat' dir='ltr'><strong>illis,</strong></span> 
     </span>
    </p>
   </div>
   <div class='ocr_carea' id='block_1_27' title="bbox 430 2820 1685 2899">
    <p class='ocr_par' dir='ltr' id='par_1_27' title="bbox 430 2820 1685 2899">
     <span class='ocr_line' id='line_1_27' title="bbox 430 2820 1685 2899; baseline -0.006 -17"><span class='ocrx_word' id='word_1_164' title='bbox 430 2829 704 2899; x_wconf 83' lang='lat' dir='ltr'><strong>Decipitur</strong></span> <span class='ocrx_word' id='word_1_165' title='bbox 730 2827 909 2881; x_wconf 87' lang='lat' dir='ltr'><strong>verbis</strong></span> <span class='ocrx_word' id='word_1_166' title='bbox 936 2828 1199 2895; x_wconf 89' lang='lat' dir='ltr'><strong>ipsorum,</strong></span> <span class='ocrx_word' id='word_1_167' title='bbox 1222 2823 1361 2878; x_wconf 92' lang='lat' dir='ltr'><strong>clam</strong></span> <span class='ocrx_word' id='word_1_168' title='bbox 1390 2820 1516 2891; x_wconf 86' lang='lat' dir='ltr'><strong>quia</strong></span> <span class='ocrx_word' id='word_1_169' title='bbox 1540 2820 1685 2889; x_wconf 72' lang='lat' dir='ltr'><strong>regis</strong></span> 
     </span>
    </p>
   </div>
   <div class='ocr_carea' id='block_1_28' title="bbox 428 2905 1997 2983">
    <p class='ocr_par' dir='ltr' id='par_1_28' title="bbox 428 2905 1997 2983">
     <span class='ocr_line' id='line_1_28' title="bbox 428 2905 1997 2983; baseline -0.011 -8"><span class='ocrx_word' id='word_1_170' title='bbox 428 2918 764 2975; x_wconf 87' lang='lat' dir='ltr'><strong>Pertractant</strong></span> <span class='ocrx_word' id='word_1_171' title='bbox 797 2918 986 2972; x_wconf 89' lang='lat' dir='ltr'><strong>urbem</strong></span> <span class='ocrx_word' id='word_1_172' title='bbox 1020 2915 1269 2970; x_wconf 81' lang='lat' dir='ltr'><strong>manibus</strong></span> <span class='ocrx_word' id='word_1_173' title='bbox 1298 2911 1467 2983; x_wconf 71' lang='grc'>(801),</span> <span class='ocrx_word' id='word_1_174' title='bbox 1517 2917 1837 2982; x_wconf 84' lang='lat' dir='ltr'><strong>partemque</strong></span> <span class='ocrx_word' id='word_1_175' title='bbox 1861 2905 1997 2976; x_wconf 88' lang='lat' dir='ltr'><strong>pha-</strong></span> 
     </span>
    </p>
   </div>
   <div class='ocr_carea' id='block_1_29' title="bbox 1693 2996 1929 3073">
    <p class='ocr_par' dir='ltr' id='par_1_29' title="bbox 1693 2996 1929 3073">
     <span class='ocr_line' id='line_1_29' title="bbox 1693 2996 1929 3073; baseline -0.008 -18"><span class='ocrx_word' id='word_1_176' title='bbox 1693 2996 1929 3073; x_wconf 85' lang='lat' dir='ltr'><strong>[langem</strong></span> 
     </span>
    </p>
   </div>
   <div class='ocr_carea' id='block_1_30' title="bbox 430 3087 1913 3169">
    <p class='ocr_par' dir='ltr' id='par_1_30' title="bbox 430 3087 1913 3169">
     <span class='ocr_line' id='line_1_30' title="bbox 430 3087 1913 3169; baseline -0.009 -18"><span class='ocrx_word' id='word_1_177' title='bbox 430 3098 625 3169; x_wconf 82' lang='lat' dir='ltr'><strong>Ipsius,</strong></span> <span class='ocrx_word' id='word_1_178' title='bbox 662 3106 787 3151; x_wconf 84' lang='lat' dir='ltr'><strong>ante</strong></span> <span class='ocrx_word' id='word_1_179' title='bbox 815 3095 955 3149; x_wconf 86' lang='lat' dir='ltr'><strong>diem</strong></span> <span class='ocrx_word' id='word_1_180' title='bbox 988 3093 1209 3148; x_wconf 78' lang='lat' dir='ltr'><strong>Pascha:</strong></span> <span class='ocrx_word' id='word_1_181' title='bbox 1242 3093 1397 3156; x_wconf 90' lang='lat' dir='ltr'><strong>dare;</strong></span> <span class='ocrx_word' id='word_1_182' title='bbox 1426 3091 1492 3146; x_wconf 90' lang='lat' dir='ltr'><strong>de</strong></span> <span class='ocrx_word' id='word_1_183' title='bbox 1520 3103 1687 3159; x_wconf 89' lang='lat' dir='ltr'><strong>prope</strong></span> <span class='ocrx_word' id='word_1_184' title='bbox 1716 3087 1913 3159; x_wconf 88' lang='lat' dir='ltr'><strong>quippe</strong></span> 
     </span>
    </p>
   </div>
   <div class='ocr_carea' id='block_1_31' title="bbox 430 3175 2000 3257">
    <p class='ocr_par' dir='ltr' id='par_1_31' title="bbox 430 3175 2000 3257">
     <span class='ocr_line' id='line_1_31' title="bbox 430 3175 2000 3257; baseline -0.008 -16"><span class='ocrx_word' id='word_1_185' title='bbox 430 3188 580 3243; x_wconf 80' lang='lat' dir='ltr'><strong>Tunc</strong></span> <span class='ocrx_word' id='word_1_186' title='bbox 608 3188 751 3257; x_wconf 92' lang='lat' dir='ltr'><strong>quod</strong></span> <span class='ocrx_word' id='word_1_187' title='bbox 774 3196 890 3241; x_wconf 90' lang='lat' dir='ltr'><strong>erat</strong></span> <span class='ocrx_word' id='word_1_188' title='bbox 911 3186 1114 3240; x_wconf 72' lang='lat' dir='ltr'><strong>mundo</strong></span> <span class='ocrx_word' id='word_1_189' title='bbox 1136 3182 1515 3238; x_wconf 87' lang='lat' dir='ltr'><strong>celebrandum</strong></span> <span class='ocrx_word' id='word_1_190' title='bbox 1547 3193 1732 3234; x_wconf 83' lang='lat' dir='ltr'><strong>mense</strong></span> <span class='ocrx_word' id='word_1_191' title='bbox 1761 3175 2000 3231; x_wconf 90' lang='lat' dir='ltr'><strong>secundo</strong></span> 
     </span>
    </p>
   </div>
   <div class='ocr_carea' id='block_1_32' title="bbox 429 3266 1994 3341">
    <p class='ocr_par' dir='ltr' id='par_1_32' title="bbox 429 3266 1994 3341">
     <span class='ocr_line' id='line_1_32' title="bbox 429 3266 1994 3341; baseline -0.011 -7"><span class='ocrx_word' id='word_1_192' title='bbox 429 3279 729 3334; x_wconf 86' lang='lat' dir='ltr'><strong>Consilium</strong></span> <span class='ocrx_word' id='word_1_193' title='bbox 755 3278 989 3339; x_wconf 89' lang='lat' dir='ltr'><strong>ﬁrmant,</strong></span> <span class='ocrx_word' id='word_1_194' title='bbox 1021 3274 1172 3327; x_wconf 65' lang='lat' dir='ltr'><strong>Iuda:</strong></span> <span class='ocrx_word' id='word_1_195' title='bbox 1211 3273 1417 3341; x_wconf 74' lang='lat' dir='ltr'><strong>peragit</strong></span> <span class='ocrx_word' id='word_1_196' title='bbox 1448 3270 1593 3339; x_wconf 78' lang='lat'><strong>(803)</strong></span> <span class='ocrx_word' id='word_1_197' title='bbox 1622 3276 1676 3322; x_wconf 89' lang='lat' dir='ltr'><strong>et</strong></span> <span class='ocrx_word' id='word_1_198' title='bbox 1701 3266 1767 3321; x_wconf 87' lang='lat' dir='ltr'><strong>ad</strong></span> <span class='ocrx_word' id='word_1_199' title='bbox 1805 3266 1994 3319; x_wconf 89' lang='lat' dir='ltr'><strong>instar.</strong></span> 
     </span>
    </p>
   </div>
   <div class='ocr_carea' id='block_1_33' title="bbox 431 3354 1859 3437">
    <p class='ocr_par' dir='ltr' id='par_1_33' title="bbox 431 3354 1859 3437">
     <span class='ocr_line' id='line_1_33' title="bbox 431 3354 1859 3437; baseline -0.01 -16"><span class='ocrx_word' id='word_1_200' title='bbox 431 3368 565 3423; x_wconf 78' lang='lat' dir='ltr'><strong>Nam</strong></span> <span class='ocrx_word' id='word_1_201' title='bbox 594 3383 700 3437; x_wconf 88' lang='lat' dir='ltr'><strong>qua</strong></span> <span class='ocrx_word' id='word_1_202' title='bbox 734 3374 889 3419; x_wconf 85' lang='lat' dir='ltr'><strong>nocte</strong></span> <span class='ocrx_word' id='word_1_203' title='bbox 923 3363 1113 3425; x_wconf 87' lang='lat' dir='ltr'><strong>Deum,</strong></span> <span class='ocrx_word' id='word_1_204' title='bbox 1148 3360 1314 3414; x_wconf 87' lang='lat' dir='ltr'><strong>Judas</strong></span> <span class='ocrx_word' id='word_1_205' title='bbox 1348 3367 1635 3422; x_wconf 87' lang='lat' dir='ltr'><strong>mercator,</strong></span> <span class='ocrx_word' id='word_1_206' title='bbox 1674 3354 1859 3409; x_wconf 75' lang='lat' dir='ltr'><strong>Jesum</strong></span> 
     </span>
    </p>
   </div>
   <div class='ocr_carea' id='block_1_34' title="bbox 382 3445 1955 3523">
    <p class='ocr_par' dir='ltr' id='par_1_34' title="bbox 382 3445 1955 3523">
     <span class='ocr_line' id='line_1_34' title="bbox 382 3445 1955 3523; baseline -0.01 -11"><span class='ocrx_word' id='word_1_207' title='bbox 382 3500 389 3503; x_wconf 84' lang='lat'><strong>.</strong></span> <span class='ocrx_word' id='word_1_208' title='bbox 434 3457 696 3521; x_wconf 84' lang='lat' dir='ltr'><strong>Tradidit,</strong></span> <span class='ocrx_word' id='word_1_209' title='bbox 728 3455 828 3509; x_wconf 88' lang='lat' dir='ltr'><strong>hac</strong></span> <span class='ocrx_word' id='word_1_210' title='bbox 858 3454 972 3523; x_wconf 89' lang='lat' dir='ltr'><strong>ipsa</strong></span> <span class='ocrx_word' id='word_1_211' title='bbox 1004 3450 1104 3505; x_wconf 91' lang='lat' dir='ltr'><strong>fuit</strong></span> <span class='ocrx_word' id='word_1_212' title='bbox 1134 3451 1246 3505; x_wconf 62' lang='lat' dir='ltr'><strong>haec</strong></span> <span class='ocrx_word' id='word_1_213' title='bbox 1275 3449 1425 3511; x_wconf 88' lang='lat' dir='ltr'><strong>urbs,</strong></span> <span class='ocrx_word' id='word_1_214' title='bbox 1455 3447 1672 3501; x_wconf 78' lang='lat' dir='ltr'><strong>Mantua</strong></span> <span class='ocrx_word' id='word_1_215' title='bbox 1700 3445 1843 3500; x_wconf 87' lang='lat' dir='ltr'><strong>dicta</strong></span> <span class='ocrx_word' id='word_1_216' title='bbox 1950 3510 1955 3515; x_wconf 10' lang='grc' dir='ltr'><strong>ἢ</strong></span> 
     </span>
    </p>
   </div>
   <div class='ocr_carea' id='block_1_35' title="bbox 432 3536 1861 3611">
    <p class='ocr_par' dir='ltr' id='par_1_35' title="bbox 432 3536 1861 3611">
     <span class='ocr_line' id='line_1_35' title="bbox 432 3536 1861 3611; baseline -0.009 -9"><span class='ocrx_word' id='word_1_217' title='bbox 432 3547 673 3611; x_wconf 84' lang='lat' dir='ltr'><strong>Tradita,</strong></span> <span class='ocrx_word' id='word_1_218' title='bbox 710 3546 803 3601; x_wconf 88' lang='lat' dir='ltr'><strong>sed</strong></span> <span class='ocrx_word' id='word_1_219' title='bbox 837 3547 965 3599; x_wconf 91' lang='lat' dir='ltr'><strong>dum</strong></span> <span class='ocrx_word' id='word_1_220' title='bbox 993 3559 1084 3596; x_wconf 87' lang='lat' dir='ltr'><strong>rex</strong></span> <span class='ocrx_word' id='word_1_221' title='bbox 1108 3542 1273 3595; x_wconf 86' lang='lat' dir='ltr'><strong>intrat</strong></span> <span class='ocrx_word' id='word_1_222' title='bbox 1300 3539 1534 3594; x_wconf 88' lang='lat' dir='ltr'><strong>crudelis</strong></span> <span class='ocrx_word' id='word_1_223' title='bbox 1565 3538 1619 3592; x_wconf 93' lang='lat' dir='ltr'><strong>in</strong></span> <span class='ocrx_word' id='word_1_224' title='bbox 1652 3536 1861 3601; x_wconf 86' lang='lat' dir='ltr'><strong>urbem,</strong></span> 
     </span>
    </p>
   </div>
   <div class='ocr_carea' id='block_1_36' title="bbox 434 3629 1777 3708">
    <p class='ocr_par' dir='ltr' id='par_1_36' title="bbox 434 3629 1777 3708">
     <span class='ocr_line' id='line_1_36' title="bbox 434 3629 1777 3708; baseline -0.009 -14"><span class='ocrx_word' id='word_1_225' title='bbox 434 3641 665 3694; x_wconf 78' lang='lat' dir='ltr'><strong>Evasere</strong></span> <span class='ocrx_word' id='word_1_226' title='bbox 690 3640 905 3708; x_wconf 88' lang='lat' dir='ltr'><strong>quidem</strong></span> <span class='ocrx_word' id='word_1_227' title='bbox 933 3651 1116 3706; x_wconf 60' lang='lat' dir='ltr'><strong>procer</strong></span> <span class='ocrx_word' id='word_1_228' title='bbox 1128 3650 1186 3688; x_wconf 90' lang='lat' dir='ltr'><strong>es</strong></span> <span class='ocrx_word' id='word_1_229' title='bbox 1206 3633 1439 3687; x_wconf 73' lang='lat' dir='ltr'><strong>dominre</strong></span> <span class='ocrx_word' id='word_1_230' title='bbox 1465 3629 1777 3693; x_wconf 68' lang='lat' dir='ltr'><strong>eomitissaz,</strong></span> 
     </span>
    </p>
   </div>
   <div class='ocr_carea' id='block_1_37' title="bbox 433 3720 1809 3798">
    <p class='ocr_par' dir='ltr' id='par_1_37' title="bbox 433 3720 1809 3798">
     <span class='ocr_line' id='line_1_37' title="bbox 433 3720 1809 3798; baseline -0.009 -13"><span class='ocrx_word' id='word_1_231' title='bbox 433 3731 672 3787; x_wconf 73' lang='lat' dir='ltr'><strong>Navibus</strong></span> <span class='ocrx_word' id='word_1_232' title='bbox 698 3728 925 3785; x_wconf 76' lang='lat' dir='ltr'><strong>extracti</strong></span> <span class='ocrx_word' id='word_1_233' title='bbox 946 3725 1176 3798; x_wconf 80' lang='lat' dir='ltr'><strong>propriis</strong></span> <span class='ocrx_word' id='word_1_234' title='bbox 1204 3739 1326 3778; x_wconf 90' lang='lat' dir='ltr'><strong>eum</strong></span> <span class='ocrx_word' id='word_1_235' title='bbox 1352 3722 1515 3776; x_wconf 85' lang='lat' dir='ltr'><strong>rebus</strong></span> <span class='ocrx_word' id='word_1_236' title='bbox 1541 3729 1595 3775; x_wconf 89' lang='lat' dir='ltr'><strong>et</strong></span> <span class='ocrx_word' id='word_1_237' title='bbox 1622 3720 1809 3783; x_wconf 90' lang='lat' dir='ltr'><strong>armis,</strong></span> 
     </span>
    </p>
   </div>
   <div class='ocr_carea' id='block_1_38' title="bbox 442 3808 1860 3893">
    <p class='ocr_par' dir='ltr' id='par_1_38' title="bbox 442 3808 1860 3893">
     <span class='ocr_line' id='line_1_38' title="bbox 442 3808 1860 3893; baseline -0.011 -14"><span class='ocrx_word' id='word_1_238' title='bbox 442 3823 509 3879; x_wconf 76' lang='lat' dir='ltr'><strong>Ut</strong></span> <span class='ocrx_word' id='word_1_239' title='bbox 540 3823 675 3893; x_wconf 89' lang='lat' dir='ltr'><strong>lapis</strong></span> <span class='ocrx_word' id='word_1_240' title='bbox 709 3830 790 3876; x_wconf 82' lang='lat' dir='ltr'><strong>est</strong></span> <span class='ocrx_word' id='word_1_241' title='bbox 824 3822 1043 3875; x_wconf 86' lang='lat' dir='ltr'><strong>adamas</strong></span> <span class='ocrx_word' id='word_1_242' title='bbox 1069 3817 1280 3883; x_wconf 91' lang='lat' dir='ltr'><strong>ﬁrmus,</strong></span> <span class='ocrx_word' id='word_1_243' title='bbox 1310 3813 1389 3868; x_wconf 90' lang='lat' dir='ltr'><strong>sic</strong></span> <span class='ocrx_word' id='word_1_244' title='bbox 1414 3813 1568 3867; x_wconf 88' lang='lat' dir='ltr'><strong>ﬁrma</strong></span> <span class='ocrx_word' id='word_1_245' title='bbox 1591 3808 1860 3873; x_wconf 89' lang='lat' dir='ltr'><strong>dueatrix,</strong></span> 
     </span>
    </p>
   </div>
   <div class='ocr_carea' id='block_1_39' title="bbox 436 3900 1791 3985">
    <p class='ocr_par' dir='ltr' id='par_1_39' title="bbox 436 3900 1791 3985">
     <span class='ocr_line' id='line_1_39' title="bbox 436 3900 1791 3985; baseline -0.01 -17"><span class='ocrx_word' id='word_1_246' title='bbox 436 3915 493 3970; x_wconf 81' lang='lat' dir='ltr'><strong>in</strong></span> <span class='ocrx_word' id='word_1_247' title='bbox 522 3915 685 3968; x_wconf 88' lang='lat' dir='ltr'><strong>tantis</strong></span> <span class='ocrx_word' id='word_1_248' title='bbox 704 3912 916 3965; x_wconf 87' lang='lat' dir='ltr'><strong>damnis</strong></span> <span class='ocrx_word' id='word_1_249' title='bbox 937 3908 1275 3985; x_wconf 82' lang='lat' dir='ltr'><strong>venientibus</strong></span> <span class='ocrx_word' id='word_1_250' title='bbox 1300 3904 1385 3958; x_wconf 91' lang='lat' dir='ltr'><strong>his</strong></span> <span class='ocrx_word' id='word_1_251' title='bbox 1411 3911 1593 3957; x_wconf 90' lang='lat' dir='ltr'><strong>manet</strong></span> <span class='ocrx_word' id='word_1_252' title='bbox 1615 3900 1791 3956; x_wconf 90' lang='lat' dir='ltr'><strong>annis.</strong></span> 
     </span>
    </p>
   </div>
   <div class='ocr_carea' id='block_1_40' title="bbox 435 3988 1838 4070">
    <p class='ocr_par' dir='ltr' id='par_1_40' title="bbox 435 3988 1838 4070">
     <span class='ocr_line' id='line_1_40' title="bbox 435 3988 1838 4070; baseline -0.011 -7"><span class='ocrx_word' id='word_1_253' title='bbox 435 4006 522 4063; x_wconf 82' lang='lat' dir='ltr'><strong>Fit</strong></span> <span class='ocrx_word' id='word_1_254' title='bbox 550 4014 757 4061; x_wconf 84' lang='lat' dir='ltr'><strong>tantum</strong></span> <span class='ocrx_word' id='word_1_255' title='bbox 786 4003 961 4058; x_wconf 89' lang='lat' dir='ltr'><strong>dictus</strong></span> <span class='ocrx_word' id='word_1_256' title='bbox 992 3999 1127 4070; x_wconf 86' lang='lat' dir='ltr'><strong>lapis</strong></span> <span class='ocrx_word' id='word_1_257' title='bbox 1155 3998 1291 4051; x_wconf 67' lang='lat' dir='ltr'><strong>laedi</strong></span> <span class='ocrx_word' id='word_1_258' title='bbox 1323 3996 1584 4064; x_wconf 82' lang='lat' dir='ltr'><strong>sanguine</strong></span> <span class='ocrx_word' id='word_1_259' title='bbox 1612 3988 1838 4057; x_wconf 87' lang='lat' dir='ltr'><strong>scissus,</strong></span> 
     </span>
    </p>
   </div>
   <div class='ocr_carea' id='block_1_41' title="bbox 438 4086 2002 4160">
    <p class='ocr_par' dir='ltr' id='par_1_41' title="bbox 438 4086 2002 4160">
     <span class='ocr_line' id='line_1_41' title="bbox 438 4086 2002 4160; baseline -0.006 -9"><span class='ocrx_word' id='word_1_260' title='bbox 438 4096 555 4151; x_wconf 76' lang='lat' dir='ltr'><strong>Non</strong></span> <span class='ocrx_word' id='word_1_261' title='bbox 582 4098 720 4151; x_wconf 86' lang='lat' dir='ltr'><strong>cedit</strong></span> <span class='ocrx_word' id='word_1_262' title='bbox 755 4095 987 4158; x_wconf 83' lang='lat' dir='ltr'><strong>damnis,</strong></span> <span class='ocrx_word' id='word_1_263' title='bbox 1018 4090 1172 4147; x_wconf 84' lang='lat' dir='ltr'><strong>fusus</strong></span> <span class='ocrx_word' id='word_1_264' title='bbox 1199 4090 1361 4160; x_wconf 89' lang='lat' dir='ltr'><strong>plicat</strong></span> <span class='ocrx_word' id='word_1_265' title='bbox 1390 4088 1528 4142; x_wconf 88' lang='lat' dir='ltr'><strong>hanc</strong></span> <span class='ocrx_word' id='word_1_266' title='bbox 1556 4100 1731 4156; x_wconf 89' lang='lat' dir='ltr'><strong>neque</strong></span> <span class='ocrx_word' id='word_1_267' title='bbox 1761 4086 2002 4156; x_wconf 78' lang='lat' dir='ltr'><strong>sanguis,</strong></span> 
     </span>
    </p>
   </div>
   <div class='ocr_carea' id='block_1_42' title="bbox 439 4177 1817 4255">
    <p class='ocr_par' dir='ltr' id='par_1_42' title="bbox 439 4177 1817 4255">
     <span class='ocr_line' id='line_1_42' title="bbox 439 4177 1817 4255; baseline -0.007 -15"><span class='ocrx_word' id='word_1_268' title='bbox 439 4186 574 4242; x_wconf 81' lang='lat' dir='ltr'><strong>Nam</strong></span> <span class='ocrx_word' id='word_1_269' title='bbox 607 4200 769 4255; x_wconf 87' lang='lat' dir='ltr'><strong>supra</strong></span> <span class='ocrx_word' id='word_1_270' title='bbox 802 4184 1015 4237; x_wconf 87' lang='lat' dir='ltr'><strong>Petram</strong></span> <span class='ocrx_word' id='word_1_271' title='bbox 1045 4185 1254 4235; x_wconf 88' lang='lat' dir='ltr'><strong>ﬁrmam</strong></span> <span class='ocrx_word' id='word_1_272' title='bbox 1291 4179 1512 4233; x_wconf 85' lang='lat' dir='ltr'><strong>fundata</strong></span> <span class='ocrx_word' id='word_1_273' title='bbox 1547 4177 1817 4243; x_wconf 89' lang='lat' dir='ltr'><strong>manebat,</strong></span> 
     </span>
    </p>
   </div>
   <div class='ocr_carea' id='block_1_43' title="bbox 441 4268 2010 4345">
    <p class='ocr_par' dir='ltr' id='par_1_43' title="bbox 441 4268 2010 4345">
     <span class='ocr_line' id='line_1_43' title="bbox 441 4268 2010 4345; baseline -0.006 -14"><span class='ocrx_word' id='word_1_274' title='bbox 441 4275 778 4331; x_wconf 71' lang='lat' dir='ltr'><strong>Fluminibus</strong></span> <span class='ocrx_word' id='word_1_275' title='bbox 813 4271 958 4345; x_wconf 87' lang='lat'><strong>(806)</strong></span> <span class='ocrx_word' id='word_1_276' title='bbox 998 4270 1135 4325; x_wconf 88' lang='lat' dir='ltr'><strong>ﬁeeti</strong></span> <span class='ocrx_word' id='word_1_277' title='bbox 1169 4269 1353 4337; x_wconf 90' lang='lat' dir='ltr'><strong>nequit</strong></span> <span class='ocrx_word' id='word_1_278' title='bbox 1382 4268 1603 4331; x_wconf 88' lang='lat' dir='ltr'><strong>idcirco,</strong></span> <span class='ocrx_word' id='word_1_279' title='bbox 1627 4282 1802 4337; x_wconf 91' lang='lat' dir='ltr'><strong>neque</strong></span> <span class='ocrx_word' id='word_1_280' title='bbox 1834 4268 2010 4322; x_wconf 90' lang='lat' dir='ltr'><strong>ventis</strong></span> 
     </span>
    </p>
   </div>
   <div class='ocr_carea' id='block_1_44' title="bbox 442 4356 1766 4436">
    <p class='ocr_par' dir='ltr' id='par_1_44' title="bbox 442 4356 1766 4436">
     <span class='ocr_line' id='line_1_44' title="bbox 442 4356 1766 4436; baseline -0.008 -15"><span class='ocrx_word' id='word_1_281' title='bbox 442 4365 590 4436; x_wconf 83' lang='lat'><strong>(807)</strong></span> <span class='ocrx_word' id='word_1_282' title='bbox 614 4366 770 4420; x_wconf 78' lang='lat' dir='ltr'><strong>Anno</strong></span> <span class='ocrx_word' id='word_1_283' title='bbox 798 4364 1015 4418; x_wconf 89' lang='lat' dir='ltr'><strong>milleno</strong></span> <span class='ocrx_word' id='word_1_284' title='bbox 1037 4373 1316 4427; x_wconf 88' lang='lat' dir='ltr'><strong>nonageno</strong></span> <span class='ocrx_word' id='word_1_285' title='bbox 1344 4371 1561 4427; x_wconf 92' lang='lat' dir='ltr'><strong>quoque</strong></span> <span class='ocrx_word' id='word_1_286' title='bbox 1590 4356 1766 4426; x_wconf 89' lang='lat' dir='ltr'><strong>primo</strong></span> 
     </span>
    </p>
   </div>
   <div class='ocr_carea' id='block_1_45' title="bbox 443 4444 1716 4516">
    <p class='ocr_par' dir='ltr' id='par_1_45' title="bbox 443 4444 1716 4516">
     <span class='ocr_line' id='line_1_45' title="bbox 443 4444 1716 4516; baseline -0.009 -8"><span class='ocrx_word' id='word_1_287' title='bbox 443 4452 658 4508; x_wconf 90' lang='lat' dir='ltr'><strong>Mantua</strong></span> <span class='ocrx_word' id='word_1_288' title='bbox 685 4450 974 4514; x_wconf 74' lang='lat' dir='ltr'><strong>soi-descis,</strong></span> <span class='ocrx_word' id='word_1_289' title='bbox 1003 4449 1069 4503; x_wconf 90' lang='lat' dir='ltr'><strong>de</strong></span> <span class='ocrx_word' id='word_1_290' title='bbox 1100 4445 1402 4516; x_wconf 86' lang='lat' dir='ltr'><strong>proditione</strong></span> <span class='ocrx_word' id='word_1_291' title='bbox 1430 4444 1716 4516; x_wconf 88' lang='lat' dir='ltr'><strong>nigrescis.</strong></span> 
     </span>
    </p>
   </div>
   <div class='ocr_carea' id='block_1_46' title="bbox 1069 4556 1407 4612">
    <p class='ocr_par' dir='ltr' id='par_1_46' title="bbox 1069 4556 1407 4612">
     <span class='ocr_line' id='line_1_46' title="bbox 1069 4556 1407 4612; baseline 0 0"><span class='ocrx_word' id='word_1_292' title='bbox 1069 4556 1295 4612; x_wconf 78' lang='lat' dir='ltr'><strong>CAPUT</strong></span> <span class='ocrx_word' id='word_1_293' title='bbox 1342 4556 1407 4612; x_wconf 83' lang='lat' dir='ltr'><strong>V.</strong></span> 
     </span>
    </p>
   </div>
   <div class='ocr_carea' id='block_1_47' title="bbox 1396 430 2678 505">
    <p class='ocr_par' dir='ltr' id='par_1_47' title="bbox 1396 430 2678 505">
     <span class='ocr_line' id='line_1_47' title="bbox 1396 430 2678 505; baseline -0.007 0"><span class='ocrx_word' id='word_1_294' title='bbox 1396 448 1485 505; x_wconf 74' lang='lat' dir='ltr'><strong>AD</strong></span> <span class='ocrx_word' id='word_1_295' title='bbox 1522 448 1748 505; x_wconf 75' lang='lat' dir='ltr'><strong>OPERA</strong></span> <span class='ocrx_word' id='word_1_296' title='bbox 1784 447 1841 502; x_wconf 88' lang='lat' dir='ltr'><strong>S.</strong></span> <span class='ocrx_word' id='word_1_297' title='bbox 1883 442 2206 502; x_wconf 75' lang='lat' dir='ltr'><strong>GREGORII</strong></span> <span class='ocrx_word' id='word_1_298' title='bbox 2241 430 2678 498; x_wconf 69' lang='lat' dir='ltr'><strong>APPENDICES.</strong></span> 
     </span>
    </p>
   </div>
   <div class='ocr_carea' id='block_1_48' title="bbox 2017 547 3366 623">
    <p class='ocr_par' dir='ltr' id='par_1_48' title="bbox 2017 547 3366 623">
     <span class='ocr_line' id='line_1_48' title="bbox 2017 547 3366 623; baseline -0.006 -13"><span class='ocrx_word' id='word_1_299' title='bbox 2017 566 2061 619; x_wconf 73' lang='grc' dir='ltr'>Α</span> <span class='ocrx_word' id='word_1_300' title='bbox 2086 554 2384 610; x_wconf 84' lang='lat' dir='ltr'><strong>Prudenter</strong></span> <span class='ocrx_word' id='word_1_301' title='bbox 2414 552 2563 623; x_wconf 88' lang='lat'><strong>(808)</strong></span> <span class='ocrx_word' id='word_1_302' title='bbox 2594 550 2857 607; x_wconf 84' lang='lat' dir='ltr'><strong>tenuisset</strong></span> <span class='ocrx_word' id='word_1_303' title='bbox 2884 547 2932 604; x_wconf 90' lang='lat' dir='ltr'><strong>si</strong></span> <span class='ocrx_word' id='word_1_304' title='bbox 2959 548 3121 604; x_wconf 89' lang='lat' dir='ltr'><strong>modo</strong></span> <span class='ocrx_word' id='word_1_305' title='bbox 3150 549 3366 603; x_wconf 86' lang='lat' dir='ltr'><strong>clausas</strong></span> 
     </span>
    </p>
   </div>
   <div class='ocr_carea' id='block_1_49' title="bbox 3650 46 3887 139">
    <p class='ocr_par' dir='ltr' id='par_1_49' title="bbox 3650 46 3887 139">
     <span class='ocr_line' id='line_1_49' title="bbox 3650 46 3887 139; baseline -0.008 -63"><span class='ocrx_word' id='word_1_306' title='bbox 3650 46 3887 139; x_wconf 52' lang='grc' dir='ltr'><strong>Ἣ,</strong></span> 
     </span>
    </p>
   </div>
   <div class='ocr_carea' id='block_1_50' title="bbox 3478 395 3677 495">
    <p class='ocr_par' dir='ltr' id='par_1_50' title="bbox 3478 395 3677 495">
     <span class='ocr_line' id='line_1_50' title="bbox 3478 395 3677 495; baseline 0.01 -2"><span class='ocrx_word' id='word_1_307' title='bbox 3478 395 3677 495; x_wconf 64' lang='grc' dir='ltr'><strong>Δεθωε</strong></span> 
     </span>
    </p>
   </div>
   <div class='ocr_carea' id='block_1_51' title="bbox 2087 637 3520 716">
    <p class='ocr_par' dir='ltr' id='par_1_51' title="bbox 2087 637 3520 716">
     <span class='ocr_line' id='line_1_51' title="bbox 2087 637 3520 716; baseline -0.007 -16"><span class='ocrx_word' id='word_1_308' title='bbox 2087 645 2238 716; x_wconf 71' lang='lat' dir='ltr'><strong>lla-gi,</strong></span> <span class='ocrx_word' id='word_1_309' title='bbox 2266 644 2378 715; x_wconf 85' lang='lat' dir='ltr'><strong>jam</strong></span> <span class='ocrx_word' id='word_1_310' title='bbox 2408 657 2624 706; x_wconf 87' lang='lat' dir='ltr'><strong>nomen,</strong></span> <span class='ocrx_word' id='word_1_311' title='bbox 2647 641 2813 697; x_wconf 86' lang='lat' dir='ltr'><strong>decus</strong></span> <span class='ocrx_word' id='word_1_312' title='bbox 2837 648 2998 710; x_wconf 91' lang='lat' dir='ltr'><strong>atque</strong></span> <span class='ocrx_word' id='word_1_313' title='bbox 3022 648 3174 693; x_wconf 91' lang='lat' dir='ltr'><strong>tuum</strong></span> <span class='ocrx_word' id='word_1_314' title='bbox 3204 637 3394 708; x_wconf 85' lang='lat' dir='ltr'><strong>procul</strong></span> <span class='ocrx_word' id='word_1_315' title='bbox 3424 650 3520 691; x_wconf 86' lang='lat' dir='ltr'><strong>ore</strong></span> 
     </span>
    </p>
   </div>
   <div class='ocr_carea' id='block_1_52' title="bbox 2087 722 3356 798">
    <p class='ocr_par' dir='ltr' id='par_1_52' title="bbox 2087 722 3356 798">
     <span class='ocr_line' id='line_1_52' title="bbox 2087 722 3356 798; baseline -0.006 -11"><span class='ocrx_word' id='word_1_316' title='bbox 2087 722 2378 790; x_wconf 83' lang='lat' dir='ltr'><strong>Multorum</strong></span> <span class='ocrx_word' id='word_1_317' title='bbox 2403 732 2544 786; x_wconf 90' lang='lat' dir='ltr'><strong>volvi</strong></span> <span class='ocrx_word' id='word_1_318' title='bbox 2573 731 2685 786; x_wconf 89' lang='lat' dir='ltr'><strong>fere</strong></span> <span class='ocrx_word' id='word_1_319' title='bbox 2707 738 2905 785; x_wconf 77' lang='lat' dir='ltr'><strong>cuncto</strong></span> <span class='ocrx_word' id='word_1_320' title='bbox 2930 737 3168 798; x_wconf 69' lang='lat' dir='ltr'><strong>cmperat</strong></span> <span class='ocrx_word' id='word_1_321' title='bbox 3194 726 3312 781; x_wconf 88' lang='lat' dir='ltr'><strong>orbi</strong></span> <span class='ocrx_word' id='word_1_322' title='bbox 3343 745 3356 778; x_wconf 87' lang='lat'>:</span> 
     </span>
    </p>
   </div>
   <div class='ocr_carea' id='block_1_53' title="bbox 2087 817 3337 887">
    <p class='ocr_par' dir='ltr' id='par_1_53' title="bbox 2087 817 3337 887">
     <span class='ocr_line' id='line_1_53' title="bbox 2087 817 3337 887; baseline -0.007 -9"><span class='ocrx_word' id='word_1_323' title='bbox 2087 825 2162 879; x_wconf 92' lang='lat' dir='ltr'><strong>Te</strong></span> <span class='ocrx_word' id='word_1_324' title='bbox 2198 824 2387 880; x_wconf 80' lang='lat' dir='ltr'><strong>fortem</strong></span> <span class='ocrx_word' id='word_1_325' title='bbox 2414 838 2536 877; x_wconf 88' lang='lat' dir='ltr'><strong>vere</strong></span> <span class='ocrx_word' id='word_1_326' title='bbox 2570 819 2893 884; x_wconf 79' lang='lat' dir='ltr'><strong>referebant,</strong></span> <span class='ocrx_word' id='word_1_327' title='bbox 2922 827 2974 873; x_wconf 88' lang='lat' dir='ltr'><strong>et</strong></span> <span class='ocrx_word' id='word_1_328' title='bbox 2996 817 3337 887; x_wconf 87' lang='lat' dir='ltr'><strong>locupletem,</strong></span> 
     </span>
    </p>
   </div>
   <div class='ocr_carea' id='block_1_54' title="bbox 2086 907 3390 983">
    <p class='ocr_par' dir='ltr' id='par_1_54' title="bbox 2086 907 3390 983">
     <span class='ocr_line' id='line_1_54' title="bbox 2086 907 3390 983; baseline -0.009 -13"><span class='ocrx_word' id='word_1_329' title='bbox 2086 917 2163 971; x_wconf 78' lang='lat' dir='ltr'><strong>Ac</strong></span> <span class='ocrx_word' id='word_1_330' title='bbox 2183 916 2349 971; x_wconf 80' lang='lat' dir='ltr'><strong>veluti</strong></span> <span class='ocrx_word' id='word_1_331' title='bbox 2374 913 2593 983; x_wconf 88' lang='lat' dir='ltr'><strong>Trojam</strong></span> <span class='ocrx_word' id='word_1_332' title='bbox 2615 911 2910 966; x_wconf 84' lang='lat' dir='ltr'><strong>laudabant</strong></span> <span class='ocrx_word' id='word_1_333' title='bbox 2938 919 2989 964; x_wconf 88' lang='lat' dir='ltr'><strong>te</strong></span> <span class='ocrx_word' id='word_1_334' title='bbox 3011 907 3126 963; x_wconf 82' lang='lat' dir='ltr'><strong>fore</strong></span> <span class='ocrx_word' id='word_1_335' title='bbox 3155 908 3390 978; x_wconf 78' lang='lat' dir='ltr'><strong>longam.</strong></span> 
     </span>
    </p>
   </div>
   <div class='ocr_carea' id='block_1_55' title="bbox 2086 1001 3310 1078">
    <p class='ocr_par' dir='ltr' id='par_1_55' title="bbox 2086 1001 3310 1078">
     <span class='ocr_line' id='line_1_55' title="bbox 2086 1001 3310 1078; baseline -0.008 -15"><span class='ocrx_word' id='word_1_336' title='bbox 2086 1008 2222 1063; x_wconf 88' lang='lat' dir='ltr'><strong>Cum</strong></span> <span class='ocrx_word' id='word_1_337' title='bbox 2243 1008 2399 1078; x_wconf 82' lang='lat' dir='ltr'><strong>juxta</strong></span> <span class='ocrx_word' id='word_1_338' title='bbox 2419 1020 2624 1061; x_wconf 90' lang='lat' dir='ltr'><strong>morem</strong></span> <span class='ocrx_word' id='word_1_339' title='bbox 2647 1003 2756 1059; x_wconf 83' lang='lat' dir='ltr'><strong>fers</strong></span> <span class='ocrx_word' id='word_1_340' title='bbox 2779 1004 2924 1058; x_wconf 90' lang='lat' dir='ltr'><strong>illius</strong></span> <span class='ocrx_word' id='word_1_341' title='bbox 2946 1001 3310 1064; x_wconf 79' lang='lat' dir='ltr'><strong>obsidionem;</strong></span> 
     </span>
    </p>
   </div>
   <div class='ocr_carea' id='block_1_56' title="bbox 2087 1089 3332 1167">
    <p class='ocr_par' dir='ltr' id='par_1_56' title="bbox 2087 1089 3332 1167">
     <span class='ocr_line' id='line_1_56' title="bbox 2087 1089 3332 1167; baseline -0.006 -14"><span class='ocrx_word' id='word_1_342' title='bbox 2087 1099 2243 1154; x_wconf 85' lang='lat' dir='ltr'><strong>Cives</strong></span> <span class='ocrx_word' id='word_1_343' title='bbox 2279 1107 2442 1167; x_wconf 89' lang='lat' dir='ltr'><strong>atque</strong></span> <span class='ocrx_word' id='word_1_344' title='bbox 2477 1104 2603 1151; x_wconf 88' lang='lat' dir='ltr'><strong>tuos</strong></span> <span class='ocrx_word' id='word_1_345' title='bbox 2627 1095 2751 1149; x_wconf 86' lang='lat' dir='ltr'><strong>forti</strong></span> <span class='ocrx_word' id='word_1_346' title='bbox 2775 1094 2842 1149; x_wconf 89' lang='lat' dir='ltr'><strong>de</strong></span> <span class='ocrx_word' id='word_1_347' title='bbox 2871 1092 3135 1162; x_wconf 80' lang='lat' dir='ltr'><strong>sanguine</strong></span> <span class='ocrx_word' id='word_1_348' title='bbox 3159 1089 3332 1156; x_wconf 91' lang='lat' dir='ltr'><strong>fusos,</strong></span> 
     </span>
    </p>
   </div>
   <div class='ocr_carea' id='block_1_57' title="bbox 2086 1175 3233 1245">
    <p class='ocr_par' dir='ltr' id='par_1_57' title="bbox 2086 1175 3233 1245">
     <span class='ocr_line' id='line_1_57' title="bbox 2086 1175 3233 1245; baseline -0.009 -2"><span class='ocrx_word' id='word_1_349' title='bbox 2086 1189 2253 1245; x_wconf 68' lang='lat' dir='ltr'><strong>Italiae</strong></span> <span class='ocrx_word' id='word_1_350' title='bbox 2277 1196 2485 1244; x_wconf 71' lang='lat' dir='ltr'><strong>cuncta:</strong></span> <span class='ocrx_word' id='word_1_351' title='bbox 2508 1185 2758 1242; x_wconf 88' lang='lat' dir='ltr'><strong>dicebant</strong></span> <span class='ocrx_word' id='word_1_352' title='bbox 2777 1182 3020 1238; x_wconf 90' lang='lat' dir='ltr'><strong>funditus</strong></span> <span class='ocrx_word' id='word_1_353' title='bbox 3045 1175 3233 1245; x_wconf 86' lang='lat' dir='ltr'><strong>urbes;</strong></span> 
     </span>
    </p>
   </div>
   <div class='ocr_carea' id='block_1_58' title="bbox 2088 1269 3672 1351">
    <p class='ocr_par' dir='ltr' id='par_1_58' title="bbox 2088 1269 3672 1351">
     <span class='ocr_line' id='line_1_58' title="bbox 2088 1269 3672 1351; baseline -0.011 -13"><span class='ocrx_word' id='word_1_354' title='bbox 2088 1283 2273 1338; x_wconf 75' lang='lat' dir='ltr'><strong>Grznca</strong></span> <span class='ocrx_word' id='word_1_355' title='bbox 2303 1281 2541 1351; x_wconf 71' lang='lat' dir='ltr'><strong>Phryges</strong></span> <span class='ocrx_word' id='word_1_356' title='bbox 2572 1286 2750 1334; x_wconf 87' lang='lat' dir='ltr'><strong>castra</strong></span> <span class='ocrx_word' id='word_1_357' title='bbox 2786 1290 2885 1332; x_wconf 88' lang='lat' dir='ltr'><strong>ceu</strong></span> <span class='ocrx_word' id='word_1_358' title='bbox 2921 1271 3214 1345; x_wconf 83' lang='lat' dir='ltr'><strong>quondam,</strong></span> <span class='ocrx_word' id='word_1_359' title='bbox 3247 1269 3326 1326; x_wconf 92' lang='lat' dir='ltr'><strong>sic</strong></span> <span class='ocrx_word' id='word_1_360' title='bbox 3359 1269 3672 1325; x_wconf 81' lang='lat' dir='ltr'><strong>Alemanna</strong></span> 
     </span>
    </p>
   </div>
   <div class='ocr_carea' id='block_1_59' title="bbox 2087 1358 3361 1469">
    <p class='ocr_par' dir='ltr' id='par_1_59' title="bbox 2087 1358 3361 1469">
     <span class='ocr_line' id='line_1_59' title="bbox 2087 1358 3361 1469; baseline -0.012 -42"><span class='ocrx_word' id='word_1_361' title='bbox 2087 1372 2279 1428; x_wconf 87' lang='lat' dir='ltr'><strong>Castra</strong></span> <span class='ocrx_word' id='word_1_362' title='bbox 2301 1370 2377 1425; x_wconf 91' lang='lat' dir='ltr'><strong>tui</strong></span> <span class='ocrx_word' id='word_1_363' title='bbox 2399 1370 2545 1423; x_wconf 86' lang='lat' dir='ltr'><strong>cives</strong></span> <span class='ocrx_word' id='word_1_364' title='bbox 2575 1366 2718 1469; x_wconf 58' lang='lat' dir='ltr'><strong>spliti</strong></span> <span class='ocrx_word' id='word_1_365' title='bbox 2748 1374 2876 1420; x_wconf 89' lang='lat' dir='ltr'><strong>sunt</strong></span> <span class='ocrx_word' id='word_1_366' title='bbox 2900 1363 3137 1427; x_wconf 64' lang='lat' dir='ltr'><strong>exedere;</strong></span> <span class='ocrx_word' id='word_1_367' title='bbox 3162 1358 3361 1431; x_wconf 87' lang='lat' dir='ltr'><strong>quippe</strong></span> 
     </span>
    </p>
   </div>
   <div class='ocr_carea' id='block_1_60' title="bbox 2090 1452 3381 1531">
    <p class='ocr_par' dir='ltr' id='par_1_60' title="bbox 2090 1452 3381 1531">
     <span class='ocr_line' id='line_1_60' title="bbox 2090 1452 3381 1531; baseline -0.008 -15"><span class='ocrx_word' id='word_1_368' title='bbox 2090 1462 2262 1517; x_wconf 78' lang='lat' dir='ltr'><strong>Annis</strong></span> <span class='ocrx_word' id='word_1_369' title='bbox 2284 1462 2403 1531; x_wconf 90' lang='lat' dir='ltr'><strong>ipsa</strong></span> <span class='ocrx_word' id='word_1_370' title='bbox 2429 1452 2618 1514; x_wconf 84' lang='lat' dir='ltr'><strong>decem&#39;</strong></span> <span class='ocrx_word' id='word_1_371' title='bbox 2634 1455 2966 1511; x_wconf 88' lang='lat' dir='ltr'><strong>circumdata</strong></span> <span class='ocrx_word' id='word_1_372' title='bbox 2994 1452 3155 1523; x_wconf 84' lang='lat' dir='ltr'><strong>Troja</strong></span> <span class='ocrx_word' id='word_1_373' title='bbox 3175 1459 3381 1522; x_wconf 86' lang='lat' dir='ltr'><strong>pateret</strong></span> 
     </span>
    </p>
   </div>
   <div class='ocr_carea' id='block_1_61' title="bbox 2077 1545 3498 1624">
    <p class='ocr_par' dir='ltr' id='par_1_61' title="bbox 2077 1545 3498 1624">
     <span class='ocr_line' id='line_1_61' title="bbox 2077 1545 3498 1624; baseline -0.01 -15"><span class='ocrx_word' id='word_1_374' title='bbox 2077 1553 2355 1624; x_wconf 74' lang='lat' dir='ltr'><strong>Argolicis</strong></span> <span class='ocrx_word' id='word_1_375' title='bbox 2383 1563 2682 1621; x_wconf 85' lang='lat' dir='ltr'><strong>nunquam,</strong></span> <span class='ocrx_word' id='word_1_376' title='bbox 2713 1546 2819 1603; x_wconf 86' lang='lat' dir='ltr'><strong>nisi</strong></span> <span class='ocrx_word' id='word_1_377' title='bbox 2851 1545 3047 1617; x_wconf 86' lang='lat' dir='ltr'><strong>tradita</strong></span> <span class='ocrx_word' id='word_1_378' title='bbox 3078 1552 3234 1599; x_wconf 89' lang='lat' dir='ltr'><strong>nocte</strong></span> <span class='ocrx_word' id='word_1_379' title='bbox 3259 1548 3498 1615; x_wconf 77' lang='lat' dir='ltr'><strong>perusta.</strong></span> 
     </span>
    </p>
   </div>
   <div class='ocr_carea' id='block_1_62' title="bbox 2091 1630 3395 1710">
    <p class='ocr_par' dir='ltr' id='par_1_62' title="bbox 2091 1630 3395 1710">
     <span class='ocr_line' id='line_1_62' title="bbox 2091 1630 3395 1710; baseline -0.012 -11"><span class='ocrx_word' id='word_1_380' title='bbox 2091 1642 2136 1698; x_wconf 93' lang='grc' dir='ltr'>Ο</span> <span class='ocrx_word' id='word_1_381' title='bbox 2163 1643 2301 1697; x_wconf 90' lang='lat' dir='ltr'><strong>mala</strong></span> <span class='ocrx_word' id='word_1_382' title='bbox 2325 1638 2580 1710; x_wconf 85' lang='lat' dir='ltr'><strong>proditio,</strong></span> <span class='ocrx_word' id='word_1_383' title='bbox 2608 1652 2730 1707; x_wconf 66' lang='lat' dir='ltr'><strong>quae</strong></span> <span class='ocrx_word' id='word_1_384' title='bbox 2754 1637 2930 1692; x_wconf 89' lang='lat' dir='ltr'><strong>celsos</strong></span> <span class='ocrx_word' id='word_1_385' title='bbox 2950 1633 3150 1704; x_wconf 86' lang='lat' dir='ltr'><strong>mergis</strong></span> <span class='ocrx_word' id='word_1_386' title='bbox 3179 1632 3232 1686; x_wconf 94' lang='lat' dir='ltr'><strong>in</strong></span> <span class='ocrx_word' id='word_1_387' title='bbox 3263 1630 3395 1697; x_wconf 89' lang='lat' dir='ltr'><strong>imo,</strong></span> 
     </span>
    </p>
   </div>
   <div class='ocr_carea' id='block_1_63' title="bbox 2094 1718 3596 1799">
    <p class='ocr_par' dir='ltr' id='par_1_63' title="bbox 2094 1718 3596 1799">
     <span class='ocr_line' id='line_1_63' title="bbox 2094 1718 3596 1799; baseline -0.009 -11"><span class='ocrx_word' id='word_1_388' title='bbox 2094 1734 2264 1788; x_wconf 89' lang='lat' dir='ltr'><strong>Tutos</strong></span> <span class='ocrx_word' id='word_1_389' title='bbox 2290 1728 2615 1799; x_wconf 88' lang='lat' dir='ltr'><strong>corrumpis,</strong></span> <span class='ocrx_word' id='word_1_390' title='bbox 2642 1729 2878 1783; x_wconf 87' lang='lat' dir='ltr'><strong>victores</strong></span> <span class='ocrx_word' id='word_1_391' title='bbox 2910 1724 3223 1796; x_wconf 89' lang='lat' dir='ltr'><strong>comprimis</strong></span> <span class='ocrx_word' id='word_1_392' title='bbox 3246 1721 3396 1777; x_wconf 86' lang='lat' dir='ltr'><strong>urbis</strong></span> <span class='ocrx_word' id='word_1_393' title='bbox 3421 1718 3596 1792; x_wconf 85' lang='lat'><strong>(809),</strong></span> 
     </span>
    </p>
   </div>
   <div class='ocr_carea' id='block_1_64' title="bbox 2094 1812 3559 1891">
    <p class='ocr_par' dir='ltr' id='par_1_64' title="bbox 2094 1812 3559 1891">
     <span class='ocr_line' id='line_1_64' title="bbox 2094 1812 3559 1891; baseline -0.008 -14"><span class='ocrx_word' id='word_1_394' title='bbox 2094 1821 2384 1878; x_wconf 87' lang='lat' dir='ltr'><strong>Perturbas</strong></span> <span class='ocrx_word' id='word_1_395' title='bbox 2405 1834 2581 1891; x_wconf 89' lang='lat' dir='ltr'><strong>reges,</strong></span> <span class='ocrx_word' id='word_1_396' title='bbox 2609 1817 2856 1883; x_wconf 85' lang='lat' dir='ltr'><strong>comites,</strong></span> <span class='ocrx_word' id='word_1_397' title='bbox 2884 1828 3244 1885; x_wconf 87' lang='lat' dir='ltr'><strong>proceresque</strong></span> <span class='ocrx_word' id='word_1_398' title='bbox 3262 1812 3559 1883; x_wconf 80' lang='lat' dir='ltr'><strong>ducesque,</strong></span> 
     </span>
    </p>
   </div>
   <div class='ocr_carea' id='block_1_65' title="bbox 2028 1901 3483 1974">
    <p class='ocr_par' dir='ltr' id='par_1_65' title="bbox 2028 1901 3483 1974">
     <span class='ocr_line' id='line_1_65' title="bbox 2028 1901 3483 1974; baseline -0.006 -9"><span class='ocrx_word' id='word_1_399' title='bbox 2028 1910 2069 1965; x_wconf 80' lang='grc' dir='ltr'>Β</span> <span class='ocrx_word' id='word_1_400' title='bbox 2094 1912 2387 1969; x_wconf 86' lang='lat' dir='ltr'><strong>Ordinibus</strong></span> <span class='ocrx_word' id='word_1_401' title='bbox 2406 1909 2615 1973; x_wconf 85' lang='lat' dir='ltr'><strong>cunctis</strong></span> <span class='ocrx_word' id='word_1_402' title='bbox 2636 1907 2800 1962; x_wconf 88' lang='lat' dir='ltr'><strong>nimis</strong></span> <span class='ocrx_word' id='word_1_403' title='bbox 2828 1906 2998 1961; x_wconf 84' lang='lat' dir='ltr'><strong>officis</strong></span> <span class='ocrx_word' id='word_1_404' title='bbox 3020 1904 3264 1974; x_wconf 84' lang='lat' dir='ltr'><strong>improba</strong></span> <span class='ocrx_word' id='word_1_405' title='bbox 3290 1901 3483 1972; x_wconf 85' lang='lat' dir='ltr'><strong>turpis.</strong></span> 
     </span>
    </p>
   </div>
   <div class='ocr_carea' id='block_1_66' title="bbox 2095 1998 3308 2063">
    <p class='ocr_par' dir='ltr' id='par_1_66' title="bbox 2095 1998 3308 2063">
     <span class='ocr_line' id='line_1_66' title="bbox 2095 1998 3308 2063; baseline -0.009 -2"><span class='ocrx_word' id='word_1_406' title='bbox 2095 2006 2152 2061; x_wconf 86' lang='lat' dir='ltr'><strong>Si</strong></span> <span class='ocrx_word' id='word_1_407' title='bbox 2181 2019 2397 2061; x_wconf 84' lang='lat' dir='ltr'><strong>servare</strong></span> <span class='ocrx_word' id='word_1_408' title='bbox 2425 2003 2585 2057; x_wconf 87' lang='lat' dir='ltr'><strong>ﬁdem</strong></span> <span class='ocrx_word' id='word_1_409' title='bbox 2611 2001 2881 2056; x_wconf 89' lang='lat' dir='ltr'><strong>voluisses</strong></span> <span class='ocrx_word' id='word_1_410' title='bbox 2907 2008 2965 2054; x_wconf 91' lang='lat' dir='ltr'><strong>tu</strong></span> <span class='ocrx_word' id='word_1_411' title='bbox 2998 1998 3308 2063; x_wconf 67' lang='lat' dir='ltr'><strong>eomitisste,</strong></span> 
     </span>
    </p>
   </div>
   <div class='ocr_carea' id='block_1_67' title="bbox 2093 2084 3419 2164">
    <p class='ocr_par' dir='ltr' id='par_1_67' title="bbox 2093 2084 3419 2164">
     <span class='ocr_line' id='line_1_67' title="bbox 2093 2084 3419 2164; baseline -0.008 -13"><span class='ocrx_word' id='word_1_412' title='bbox 2093 2097 2331 2161; x_wconf 79' lang='lat' dir='ltr'><strong>Mantua,</strong></span> <span class='ocrx_word' id='word_1_413' title='bbox 2352 2095 2465 2164; x_wconf 89' lang='lat' dir='ltr'><strong>jam</strong></span> <span class='ocrx_word' id='word_1_414' title='bbox 2493 2094 2635 2148; x_wconf 88' lang='lat' dir='ltr'><strong>dicta</strong></span> <span class='ocrx_word' id='word_1_415' title='bbox 2662 2092 2758 2146; x_wconf 90' lang='lat' dir='ltr'><strong>tibi</strong></span> <span class='ocrx_word' id='word_1_416' title='bbox 2780 2106 2943 2160; x_wconf 90' lang='lat' dir='ltr'><strong>supra</strong></span> <span class='ocrx_word' id='word_1_417' title='bbox 2975 2090 3137 2144; x_wconf 88' lang='lat' dir='ltr'><strong>dante</strong></span> <span class='ocrx_word' id='word_1_418' title='bbox 3165 2084 3419 2141; x_wconf 82' lang='lat' dir='ltr'><strong>Mathilda</strong></span> 
     </span>
    </p>
   </div>
   <div class='ocr_carea' id='block_1_68' title="bbox 2092 2167 3350 2252">
    <p class='ocr_par' dir='ltr' id='par_1_68' title="bbox 2092 2167 3350 2252">
     <span class='ocr_line' id='line_1_68' title="bbox 2092 2167 3350 2252; baseline -0.006 -10"><span class='ocrx_word' id='word_1_419' title='bbox 2092 2188 2391 2252; x_wconf 77' lang='lat' dir='ltr'><strong>Auxilium,</strong></span> <span class='ocrx_word' id='word_1_420' title='bbox 2419 2186 2575 2241; x_wconf 90' lang='lat' dir='ltr'><strong>denis</strong></span> <span class='ocrx_word' id='word_1_421' title='bbox 2604 2199 2712 2240; x_wconf 90' lang='lat' dir='ltr'><strong>non</strong></span> <span class='ocrx_word' id='word_1_422' title='bbox 2735 2184 2932 2248; x_wconf 90' lang='lat' dir='ltr'><strong>solum,</strong></span> <span class='ocrx_word' id='word_1_423' title='bbox 2963 2182 3056 2236; x_wconf 88' lang='lat' dir='ltr'><strong>sed</strong></span> <span class='ocrx_word' id='word_1_424' title='bbox 3083 2167 3350 2236; x_wconf 85' lang='lat' dir='ltr'><strong>duodenis</strong></span> 
     </span>
    </p>
   </div>
   <div class='ocr_carea' id='block_1_69' title="bbox 2095 2270 3469 2347">
    <p class='ocr_par' dir='ltr' id='par_1_69' title="bbox 2095 2270 3469 2347">
     <span class='ocr_line' id='line_1_69' title="bbox 2095 2270 3469 2347; baseline -0.009 -13"><span class='ocrx_word' id='word_1_425' title='bbox 2095 2280 2265 2333; x_wconf 81' lang='lat' dir='ltr'><strong>Annis</strong></span> <span class='ocrx_word' id='word_1_426' title='bbox 2293 2288 2344 2333; x_wconf 87' lang='lat' dir='ltr'><strong>te</strong></span> <span class='ocrx_word' id='word_1_427' title='bbox 2371 2291 2559 2347; x_wconf 88' lang='lat' dir='ltr'><strong>posses</strong></span> <span class='ocrx_word' id='word_1_428' title='bbox 2584 2275 2836 2337; x_wconf 90' lang='lat' dir='ltr'><strong>retinere,</strong></span> <span class='ocrx_word' id='word_1_429' title='bbox 2861 2273 3059 2327; x_wconf 88' lang='lat' dir='ltr'><strong>timens</strong></span> <span class='ocrx_word' id='word_1_430' title='bbox 3087 2270 3221 2324; x_wconf 90' lang='lat' dir='ltr'><strong>nihil</strong></span> <span class='ocrx_word' id='word_1_431' title='bbox 3247 2270 3430 2324; x_wconf 85' lang='lat' dir='ltr'><strong>hostes</strong></span> <span class='ocrx_word' id='word_1_432' title='bbox 3455 2286 3469 2322; x_wconf 88' lang='lat'><strong>:</strong></span> 
     </span>
    </p>
   </div>
   <div class='ocr_carea' id='block_1_70' title="bbox 2095 2359 3363 2435">
    <p class='ocr_par' dir='ltr' id='par_1_70' title="bbox 2095 2359 3363 2435">
     <span class='ocr_line' id='line_1_70' title="bbox 2095 2359 3363 2435; baseline -0.009 -10"><span class='ocrx_word' id='word_1_433' title='bbox 2095 2370 2207 2425; x_wconf 83' lang='lat' dir='ltr'><strong>lloe</strong></span> <span class='ocrx_word' id='word_1_434' title='bbox 2234 2369 2281 2424; x_wconf 89' lang='lat' dir='ltr'><strong>si</strong></span> <span class='ocrx_word' id='word_1_435' title='bbox 2309 2368 2550 2431; x_wconf 86' lang='lat' dir='ltr'><strong>fecisses,</strong></span> <span class='ocrx_word' id='word_1_436' title='bbox 2577 2380 2680 2435; x_wconf 85' lang='lat' dir='ltr'><strong>pax</strong></span> <span class='ocrx_word' id='word_1_437' title='bbox 2708 2364 2775 2418; x_wconf 91' lang='lat' dir='ltr'><strong>ad</strong></span> <span class='ocrx_word' id='word_1_438' title='bbox 2806 2373 2858 2417; x_wconf 93' lang='lat' dir='ltr'><strong>te</strong></span> <span class='ocrx_word' id='word_1_439' title='bbox 2882 2375 3077 2432; x_wconf 88' lang='lat' dir='ltr'><strong>magna</strong></span> <span class='ocrx_word' id='word_1_440' title='bbox 3102 2359 3363 2424; x_wconf 84' lang='lat' dir='ltr'><strong>redisset;</strong></span> 
     </span>
    </p>
   </div>
   <div class='ocr_carea' id='block_1_71' title="bbox 2097 2444 3469 2524">
    <p class='ocr_par' dir='ltr' id='par_1_71' title="bbox 2097 2444 3469 2524">
     <span class='ocr_line' id='line_1_71' title="bbox 2097 2444 3469 2524; baseline -0.008 -12"><span class='ocrx_word' id='word_1_441' title='bbox 2097 2460 2208 2514; x_wconf 82' lang='lat' dir='ltr'><strong>Rex</strong></span> <span class='ocrx_word' id='word_1_442' title='bbox 2243 2456 2586 2513; x_wconf 90' lang='lat' dir='ltr'><strong>discessisset</strong></span> <span class='ocrx_word' id='word_1_443' title='bbox 2620 2453 2811 2524; x_wconf 89' lang='lat' dir='ltr'><strong>procul</strong></span> <span class='ocrx_word' id='word_1_444' title='bbox 2835 2468 2866 2507; x_wconf 89' lang='lat' dir='ltr'><strong>a</strong></span> <span class='ocrx_word' id='word_1_445' title='bbox 2893 2444 2945 2507; x_wconf 84' lang='lat' dir='ltr'><strong>te</strong></span> <span class='ocrx_word' id='word_1_446' title='bbox 2977 2452 3043 2506; x_wconf 90' lang='lat' dir='ltr'><strong>de</strong></span> <span class='ocrx_word' id='word_1_447' title='bbox 3069 2464 3256 2521; x_wconf 88' lang='lat' dir='ltr'><strong>prope,</strong></span> <span class='ocrx_word' id='word_1_448' title='bbox 3282 2449 3469 2519; x_wconf 81' lang='lat' dir='ltr'><strong>sicque</strong></span> 
     </span>
    </p>
   </div>
   <div class='ocr_carea' id='block_1_72' title="bbox 2097 2542 3409 2611">
    <p class='ocr_par' dir='ltr' id='par_1_72' title="bbox 2097 2542 3409 2611">
     <span class='ocr_line' id='line_1_72' title="bbox 2097 2542 3409 2611; baseline -0.011 -1"><span class='ocrx_word' id='word_1_449' title='bbox 2097 2553 2245 2610; x_wconf 82' lang='lat' dir='ltr'><strong>Felix</strong></span> <span class='ocrx_word' id='word_1_450' title='bbox 2279 2548 2575 2606; x_wconf 88' lang='lat' dir='ltr'><strong>mansisses</strong></span> <span class='ocrx_word' id='word_1_451' title='bbox 2600 2555 2679 2611; x_wconf 91' lang='lat' dir='ltr'><strong>tu,</strong></span> <span class='ocrx_word' id='word_1_452' title='bbox 2716 2547 2882 2599; x_wconf 88' lang='lat' dir='ltr'><strong>chara</strong></span> <span class='ocrx_word' id='word_1_453' title='bbox 2911 2543 3074 2599; x_wconf 89' lang='lat' dir='ltr'><strong>nimis</strong></span> <span class='ocrx_word' id='word_1_454' title='bbox 3102 2542 3409 2604; x_wconf 65' lang='lat' dir='ltr'><strong>comitissaz,</strong></span> 
     </span>
    </p>
   </div>
   <div class='ocr_carea' id='block_1_73' title="bbox 2098 2635 3173 2714">
    <p class='ocr_par' dir='ltr' id='par_1_73' title="bbox 2098 2635 3173 2714">
     <span class='ocr_line' id='line_1_73' title="bbox 2098 2635 3173 2714; baseline -0.012 -14"><span class='ocrx_word' id='word_1_455' title='bbox 2098 2646 2143 2699; x_wconf 72' lang='grc' dir='ltr'><strong>Α</strong></span> <span class='ocrx_word' id='word_1_456' title='bbox 2169 2659 2276 2714; x_wconf 89' lang='lat' dir='ltr'><strong>qua</strong></span> <span class='ocrx_word' id='word_1_457' title='bbox 2300 2642 2487 2705; x_wconf 87' lang='lat' dir='ltr'><strong>ditata,</strong></span> <span class='ocrx_word' id='word_1_458' title='bbox 2518 2637 2947 2706; x_wconf 90' lang='lat' dir='ltr'><strong>mirabiliterque</strong></span> <span class='ocrx_word' id='word_1_459' title='bbox 2974 2635 3173 2699; x_wconf 86' lang='lat' dir='ltr'><strong>locata,</strong></span> 
     </span>
    </p>
   </div>
   <div class='ocr_carea' id='block_1_74' title="bbox 2098 2722 3527 2797">
    <p class='ocr_par' dir='ltr' id='par_1_74' title="bbox 2098 2722 3527 2797">
     <span class='ocr_line' id='line_1_74' title="bbox 2098 2722 3527 2797; baseline -0.01 -9"><span class='ocrx_word' id='word_1_460' title='bbox 2098 2734 2260 2790; x_wconf 80' lang='lat' dir='ltr'><strong>Esses</strong></span> <span class='ocrx_word' id='word_1_461' title='bbox 2289 2746 2435 2786; x_wconf 90' lang='lat' dir='ltr'><strong>nunc</strong></span> <span class='ocrx_word' id='word_1_462' title='bbox 2469 2730 2668 2784; x_wconf 85' lang='lat' dir='ltr'><strong>ﬂorens</strong></span> <span class='ocrx_word' id='word_1_463' title='bbox 2690 2744 2853 2797; x_wconf 89' lang='lat' dir='ltr'><strong>super</strong></span> <span class='ocrx_word' id='word_1_464' title='bbox 2883 2727 3044 2782; x_wconf 87' lang='lat' dir='ltr'><strong>urbes</strong></span> <span class='ocrx_word' id='word_1_465' title='bbox 3069 2724 3267 2795; x_wconf 88' lang='lat' dir='ltr'><strong>quippe</strong></span> <span class='ocrx_word' id='word_1_466' title='bbox 3295 2722 3527 2792; x_wconf 81' lang='lat' dir='ltr'><strong>priores.</strong></span> 
     </span>
    </p>
   </div>
   <div class='ocr_carea' id='block_1_75' title="bbox 2097 2819 3361 2895">
    <p class='ocr_par' dir='ltr' id='par_1_75' title="bbox 2097 2819 3361 2895">
     <span class='ocr_line' id='line_1_75' title="bbox 2097 2819 3361 2895; baseline -0.013 -12"><span class='ocrx_word' id='word_1_467' title='bbox 2097 2826 2208 2882; x_wconf 90' lang='lat' dir='ltr'><strong>Ceu</strong></span> <span class='ocrx_word' id='word_1_468' title='bbox 2241 2824 2395 2895; x_wconf 89' lang='lat' dir='ltr'><strong>plebs</strong></span> <span class='ocrx_word' id='word_1_469' title='bbox 2415 2821 2658 2877; x_wconf 79' lang='lat' dir='ltr'><strong>Romana</strong></span> <span class='ocrx_word' id='word_1_470' title='bbox 2680 2819 2865 2890; x_wconf 88' lang='lat' dir='ltr'><strong>quires</strong></span> <span class='ocrx_word' id='word_1_471' title='bbox 2891 2820 2963 2872; x_wconf 87' lang='lat' dir='ltr'><strong>ita</strong></span> <span class='ocrx_word' id='word_1_472' title='bbox 2992 2825 3136 2872; x_wconf 87' lang='lat' dir='ltr'><strong>stare</strong></span> <span class='ocrx_word' id='word_1_473' title='bbox 3164 2823 3361 2885; x_wconf 81' lang='lat' dir='ltr'><strong>togata.</strong></span> 
     </span>
    </p>
   </div>
   <div class='ocr_carea' id='block_1_76' title="bbox 2099 2906 3296 2982">
    <p class='ocr_par' dir='ltr' id='par_1_76' title="bbox 2099 2906 3296 2982">
     <span class='ocr_line' id='line_1_76' title="bbox 2099 2906 3296 2982; baseline -0.01 -11"><span class='ocrx_word' id='word_1_474' title='bbox 2099 2915 2165 2971; x_wconf 86' lang='lat' dir='ltr'><strong>Et</strong></span> <span class='ocrx_word' id='word_1_475' title='bbox 2193 2916 2317 2970; x_wconf 83' lang='lat' dir='ltr'><strong>si&#39;te</strong></span> <span class='ocrx_word' id='word_1_476' title='bbox 2344 2912 2486 2982; x_wconf 89' lang='lat' dir='ltr'><strong>regis</strong></span> <span class='ocrx_word' id='word_1_477' title='bbox 2514 2916 2861 2980; x_wconf 89' lang='lat' dir='ltr'><strong>superassent</strong></span> <span class='ocrx_word' id='word_1_478' title='bbox 2887 2907 3090 2977; x_wconf 63' lang='lat' dir='ltr'><strong>praelia,</strong></span> <span class='ocrx_word' id='word_1_479' title='bbox 3117 2906 3296 2960; x_wconf 89' lang='lat' dir='ltr'><strong>nescis</strong></span> 
     </span>
    </p>
   </div>
   <div class='ocr_carea' id='block_1_77' title="bbox 2100 2990 3690 3074">
    <p class='ocr_par' dir='ltr' id='par_1_77' title="bbox 2100 2990 3690 3074">
     <span class='ocr_line' id='line_1_77' title="bbox 2100 2990 3690 3074; baseline -0.009 -13"><span class='ocrx_word' id='word_1_480' title='bbox 2100 3005 2256 3074; x_wconf 86' lang='lat' dir='ltr'><strong>Quod</strong></span> <span class='ocrx_word' id='word_1_481' title='bbox 2273 3004 2438 3059; x_wconf 89' lang='lat' dir='ltr'><strong>decus</strong></span> <span class='ocrx_word' id='word_1_482' title='bbox 2460 3002 2563 3055; x_wconf 88' lang='lat' dir='ltr'><strong>hoc</strong></span> <span class='ocrx_word' id='word_1_483' title='bbox 2580 2999 2811 3054; x_wconf 90' lang='lat' dir='ltr'><strong>multum</strong></span> <span class='ocrx_word' id='word_1_484' title='bbox 2841 2996 2999 3061; x_wconf 85' lang='lat' dir='ltr'><strong>foret,</strong></span> <span class='ocrx_word' id='word_1_485' title='bbox 3019 3006 3072 3051; x_wconf 90' lang='lat' dir='ltr'><strong>ct</strong></span> <span class='ocrx_word' id='word_1_486' title='bbox 3092 3011 3198 3049; x_wconf 89' lang='lat' dir='ltr'><strong>non</strong></span> <span class='ocrx_word' id='word_1_487' title='bbox 3222 2994 3455 3049; x_wconf 85' lang='lat' dir='ltr'><strong>dedecus</strong></span> <span class='ocrx_word' id='word_1_488' title='bbox 3468 2990 3690 3046; x_wconf 67' lang='lat' dir='ltr'><strong>ullum?</strong></span> 
     </span>
    </p>
   </div>
   <div class='ocr_carea' id='block_1_78' title="bbox 2100 3084 3340 3150">
    <p class='ocr_par' dir='ltr' id='par_1_78' title="bbox 2100 3084 3340 3150">
     <span class='ocr_line' id='line_1_78' title="bbox 2100 3084 3340 3150; baseline -0.012 0"><span class='ocrx_word' id='word_1_489' title='bbox 2100 3094 2235 3150; x_wconf 85' lang='lat' dir='ltr'><strong>Nam</strong></span> <span class='ocrx_word' id='word_1_490' title='bbox 2272 3090 2604 3148; x_wconf 86' lang='lat' dir='ltr'><strong>traditrieem</strong></span> <span class='ocrx_word' id='word_1_491' title='bbox 2641 3102 2800 3143; x_wconf 89' lang='lat' dir='ltr'><strong>nemo</strong></span> <span class='ocrx_word' id='word_1_492' title='bbox 2816 3085 2927 3142; x_wconf 47' lang='lat' dir='ltr'><strong>‘tibi</strong></span> <span class='ocrx_word' id='word_1_493' title='bbox 2957 3086 3135 3141; x_wconf 85' lang='lat' dir='ltr'><strong>dicere</strong></span> <span class='ocrx_word' id='word_1_494' title='bbox 3160 3084 3340 3139; x_wconf 90' lang='lat' dir='ltr'><strong>sciret.</strong></span> 
     </span>
    </p>
   </div>
   <div class='ocr_carea' id='block_1_79' title="bbox 2101 3173 3501 3247">
    <p class='ocr_par' dir='ltr' id='par_1_79' title="bbox 2101 3173 3501 3247">
     <span class='ocr_line' id='line_1_79' title="bbox 2101 3173 3501 3247; baseline -0.01 -8"><span class='ocrx_word' id='word_1_495' title='bbox 2101 3183 2215 3239; x_wconf 81' lang='lat' dir='ltr'><strong>lloe</strong></span> <span class='ocrx_word' id='word_1_496' title='bbox 2251 3182 2460 3238; x_wconf 89' lang='lat' dir='ltr'><strong>utinam</strong></span> <span class='ocrx_word' id='word_1_497' title='bbox 2488 3194 2613 3233; x_wconf 81' lang='lat' dir='ltr'><strong>vere</strong></span> <span class='ocrx_word' id='word_1_498' title='bbox 2638 3186 2694 3233; x_wconf 91' lang='lat' dir='ltr'><strong>tu</strong></span> <span class='ocrx_word' id='word_1_499' title='bbox 2725 3192 3007 3247; x_wconf 89' lang='lat' dir='ltr'><strong>nunquam</strong></span> <span class='ocrx_word' id='word_1_500' title='bbox 3034 3190 3229 3229; x_wconf 89' lang='lat' dir='ltr'><strong>nomen</strong></span> <span class='ocrx_word' id='word_1_501' title='bbox 3251 3173 3501 3237; x_wconf 89' lang='lat' dir='ltr'><strong>haberes,</strong></span> 
     </span>
    </p>
   </div>
   <div class='ocr_carea' id='block_1_80' title="bbox 2100 3265 3234 3338">
    <p class='ocr_par' dir='ltr' id='par_1_80' title="bbox 2100 3265 3234 3338">
     <span class='ocr_line' id='line_1_80' title="bbox 2100 3265 3234 3338; baseline -0.009 -10"><span class='ocrx_word' id='word_1_502' title='bbox 2100 3274 2309 3338; x_wconf 82' lang='lat' dir='ltr'><strong>Infelix,</strong></span> <span class='ocrx_word' id='word_1_503' title='bbox 2339 3272 2509 3325; x_wconf 89' lang='lat' dir='ltr'><strong>tristis</strong></span> <span class='ocrx_word' id='word_1_504' title='bbox 2527 3285 2592 3324; x_wconf 89' lang='lat' dir='ltr'><strong>ex</strong></span> <span class='ocrx_word' id='word_1_505' title='bbox 2611 3270 2715 3323; x_wconf 92' lang='lat' dir='ltr'><strong>hoc</strong></span> <span class='ocrx_word' id='word_1_506' title='bbox 2740 3277 2799 3322; x_wconf 90' lang='lat' dir='ltr'><strong>tu</strong></span> <span class='ocrx_word' id='word_1_507' title='bbox 2828 3266 3045 3321; x_wconf 88' lang='lat' dir='ltr'><strong>nomine</strong></span> <span class='ocrx_word' id='word_1_508' title='bbox 3064 3265 3234 3320; x_wconf 88' lang='lat' dir='ltr'><strong>sistis.</strong></span> 
     </span>
    </p>
   </div>
   <div class='ocr_carea' id='block_1_81' title="bbox 2101 3355 3329 3427">
    <p class='ocr_par' dir='ltr' id='par_1_81' title="bbox 2101 3355 3329 3427">
     <span class='ocr_line' id='line_1_81' title="bbox 2101 3355 3329 3427; baseline -0.009 -9"><span class='ocrx_word' id='word_1_509' title='bbox 2101 3363 2273 3419; x_wconf 90' lang='lat' dir='ltr'><strong>Omne</strong></span> <span class='ocrx_word' id='word_1_510' title='bbox 2301 3362 2503 3416; x_wconf 90' lang='lat' dir='ltr'><strong>bonum</strong></span> <span class='ocrx_word' id='word_1_511' title='bbox 2530 3374 2724 3413; x_wconf 90' lang='lat' dir='ltr'><strong>nomen</strong></span> <span class='ocrx_word' id='word_1_512' title='bbox 2748 3373 2847 3427; x_wconf 90' lang='lat' dir='ltr'><strong>pro</strong></span> <span class='ocrx_word' id='word_1_513' title='bbox 2872 3356 3014 3426; x_wconf 88' lang='lat' dir='ltr'><strong>turpi</strong></span> <span class='ocrx_word' id='word_1_514' title='bbox 3039 3355 3329 3410; x_wconf 85' lang='lat' dir='ltr'><strong>traditione</strong></span> 
     </span>
    </p>
   </div>
   <div class='ocr_carea' id='block_1_82' title="bbox 2101 3445 3242 3519">
    <p class='ocr_par' dir='ltr' id='par_1_82' title="bbox 2101 3445 3242 3519">
     <span class='ocr_line' id='line_1_82' title="bbox 2101 3445 3242 3519; baseline -0.008 -9"><span class='ocrx_word' id='word_1_515' title='bbox 2101 3456 2212 3510; x_wconf 85' lang='lat' dir='ltr'><strong>Cur</strong></span> <span class='ocrx_word' id='word_1_516' title='bbox 2237 3452 2488 3515; x_wconf 88' lang='lat' dir='ltr'><strong>amisisti,</strong></span> <span class='ocrx_word' id='word_1_517' title='bbox 2514 3449 2776 3505; x_wconf 85' lang='lat' dir='ltr'><strong>tradendo</strong></span> <span class='ocrx_word' id='word_1_518' title='bbox 2806 3455 2969 3504; x_wconf 88' lang='lat' dir='ltr'><strong>temet</strong></span> <span class='ocrx_word' id='word_1_519' title='bbox 2998 3445 3242 3519; x_wconf 70' lang='lat' dir='ltr'><strong>iniquis?</strong></span> 
     </span>
    </p>
   </div>
   <div class='ocr_carea' id='block_1_83' title="bbox 2101 3533 3360 3610">
    <p class='ocr_par' dir='ltr' id='par_1_83' title="bbox 2101 3533 3360 3610">
     <span class='ocr_line' id='line_1_83' title="bbox 2101 3533 3360 3610; baseline -0.008 -10"><span class='ocrx_word' id='word_1_520' title='bbox 2101 3543 2399 3600; x_wconf 80' lang='lat' dir='ltr'><strong>Cathlicis</strong></span> <span class='ocrx_word' id='word_1_521' title='bbox 2430 3541 2589 3610; x_wconf 87' lang='lat' dir='ltr'><strong>plena</strong></span> <span class='ocrx_word' id='word_1_522' title='bbox 2619 3539 2823 3593; x_wconf 90' lang='lat' dir='ltr'><strong>dudum</strong></span> <span class='ocrx_word' id='word_1_523' title='bbox 2853 3537 3126 3592; x_wconf 84' lang='lat' dir='ltr'><strong>celebrare</strong></span> <span class='ocrx_word' id='word_1_524' title='bbox 3148 3533 3360 3592; x_wconf 83' lang='lat' dir='ltr'><strong>solebas</strong></span> 
     </span>
    </p>
   </div>
   <div class='ocr_carea' id='block_1_84' title="bbox 2103 3618 3536 3699">
    <p class='ocr_par' dir='ltr' id='par_1_84' title="bbox 2103 3618 3536 3699">
     <span class='ocr_line' id='line_1_84' title="bbox 2103 3618 3536 3699; baseline -0.008 -10"><span class='ocrx_word' id='word_1_525' title='bbox 2103 3634 2313 3689; x_wconf 87' lang='lat' dir='ltr'><strong>Pascha</strong></span> <span class='ocrx_word' id='word_1_526' title='bbox 2335 3618 2429 3685; x_wconf 83' lang='lat' dir='ltr'><strong>Dei</strong></span> <span class='ocrx_word' id='word_1_527' title='bbox 2451 3628 2653 3684; x_wconf 83' lang='lat' dir='ltr'><strong>Christi</strong></span> <span class='ocrx_word' id='word_1_528' title='bbox 2674 3644 2797 3683; x_wconf 88' lang='lat' dir='ltr'><strong>eum</strong></span> <span class='ocrx_word' id='word_1_529' title='bbox 2821 3625 3252 3699; x_wconf 88' lang='lat' dir='ltr'><strong>splendiferaque</strong></span> <span class='ocrx_word' id='word_1_530' title='bbox 3270 3625 3536 3691; x_wconf 84' lang='lat' dir='ltr'><strong>Matbildi,</strong></span> 
     </span>
    </p>
   </div>
   <div class='ocr_carea' id='block_1_85' title="bbox 2102 3717 3403 3793">
    <p class='ocr_par' dir='ltr' id='par_1_85' title="bbox 2102 3717 3403 3793">
     <span class='ocr_line' id='line_1_85' title="bbox 2102 3717 3403 3793; baseline -0.005 -15"><span class='ocrx_word' id='word_1_531' title='bbox 2102 3725 2267 3778; x_wconf 84' lang='lat' dir='ltr'><strong>Curia</strong></span> <span class='ocrx_word' id='word_1_532' title='bbox 2289 3723 2445 3793; x_wconf 85' lang='lat' dir='ltr'><strong>cujus</strong></span> <span class='ocrx_word' id='word_1_533' title='bbox 2466 3728 2583 3776; x_wconf 87' lang='lat' dir='ltr'><strong>erat</strong></span> <span class='ocrx_word' id='word_1_534' title='bbox 2606 3720 2856 3789; x_wconf 90' lang='lat' dir='ltr'><strong>dapibus,</strong></span> <span class='ocrx_word' id='word_1_535' title='bbox 2884 3719 3153 3789; x_wconf 88' lang='lat' dir='ltr'><strong>donisque</strong></span> <span class='ocrx_word' id='word_1_536' title='bbox 3170 3717 3403 3788; x_wconf 88' lang='lat' dir='ltr'><strong>repleta;</strong></span> 
     </span>
    </p>
   </div>
   <div class='ocr_carea' id='block_1_86' title="bbox 2104 3808 3284 3883">
    <p class='ocr_par' dir='ltr' id='par_1_86' title="bbox 2104 3808 3284 3883">
     <span class='ocr_line' id='line_1_86' title="bbox 2104 3808 3284 3883; baseline -0.005 -14"><span class='ocrx_word' id='word_1_537' title='bbox 2104 3808 2352 3869; x_wconf 81' lang='lat' dir='ltr'><strong>Oﬁieiosa</strong></span> <span class='ocrx_word' id='word_1_538' title='bbox 2384 3819 2568 3867; x_wconf 90' lang='lat' dir='ltr'><strong>manet</strong></span> <span class='ocrx_word' id='word_1_539' title='bbox 2591 3811 2749 3883; x_wconf 89' lang='lat' dir='ltr'><strong>quasi</strong></span> <span class='ocrx_word' id='word_1_540' title='bbox 2777 3810 2922 3882; x_wconf 90' lang='lat' dir='ltr'><strong>regis</strong></span> <span class='ocrx_word' id='word_1_541' title='bbox 2948 3810 3101 3866; x_wconf 89' lang='lat' dir='ltr'><strong>curia</strong></span> <span class='ocrx_word' id='word_1_542' title='bbox 3136 3824 3284 3865; x_wconf 87' lang='lat' dir='ltr'><strong>sane.</strong></span> 
     </span>
    </p>
   </div>
   <div class='ocr_carea' id='block_1_87' title="bbox 2035 3899 3490 3965">
    <p class='ocr_par' dir='ltr' id='par_1_87' title="bbox 2035 3899 3490 3965">
     <span class='ocr_line' id='line_1_87' title="bbox 2035 3899 3490 3965; baseline -0.005 -6"><span class='ocrx_word' id='word_1_543' title='bbox 2035 3954 2039 3959; x_wconf 85' lang='lat'><strong>.</strong></span> <span class='ocrx_word' id='word_1_544' title='bbox 2103 3907 2257 3963; x_wconf 83' lang='lat' dir='ltr'><strong>Nunc</strong></span> <span class='ocrx_word' id='word_1_545' title='bbox 2283 3905 2523 3960; x_wconf 88' lang='lat' dir='ltr'><strong>celebras</strong></span> <span class='ocrx_word' id='word_1_546' title='bbox 2540 3902 2751 3957; x_wconf 87' lang='lat' dir='ltr'><strong>Pascha</strong></span> <span class='ocrx_word' id='word_1_547' title='bbox 2776 3917 2899 3957; x_wconf 90' lang='lat' dir='ltr'><strong>cum</strong></span> <span class='ocrx_word' id='word_1_548' title='bbox 2926 3899 3075 3958; x_wconf 83' lang='lat' dir='ltr'><strong>falsis</strong></span> <span class='ocrx_word' id='word_1_549' title='bbox 3103 3916 3167 3956; x_wconf 89' lang='lat' dir='ltr'><strong>ex</strong></span> <span class='ocrx_word' id='word_1_550' title='bbox 3196 3900 3490 3965; x_wconf 71' lang='lat' dir='ltr'><strong>Aletnanna</strong></span> 
     </span>
    </p>
   </div>
   <div class='ocr_carea' id='block_1_88' title="bbox 2104 3989 3683 4065">
    <p class='ocr_par' dir='ltr' id='par_1_88' title="bbox 2104 3989 3683 4065">
     <span class='ocr_line' id='line_1_88' title="bbox 2104 3989 3683 4065; baseline -0.004 -13"><span class='ocrx_word' id='word_1_551' title='bbox 2104 3997 2209 4064; x_wconf 87' lang='lat' dir='ltr'><strong>Qui</strong></span> <span class='ocrx_word' id='word_1_552' title='bbox 2238 3994 2522 4065; x_wconf 84' lang='lat' dir='ltr'><strong>perama&#39;nt</strong></span> <span class='ocrx_word' id='word_1_553' title='bbox 2563 3991 2858 4058; x_wconf 89' lang='lat' dir='ltr'><strong>Bacchum,</strong></span> <span class='ocrx_word' id='word_1_554' title='bbox 2900 3991 3131 4062; x_wconf 85' lang='lat' dir='ltr'><strong>flagrant</strong></span> <span class='ocrx_word' id='word_1_555' title='bbox 3155 3991 3224 4045; x_wconf 88' lang='lat' dir='ltr'><strong>ad</strong></span> <span class='ocrx_word' id='word_1_556' title='bbox 3259 3989 3683 4058; x_wconf 79' lang='lat' dir='ltr'><strong>luxuriandum;</strong></span> 
     </span>
    </p>
   </div>
   <div class='ocr_carea' id='block_1_89' title="bbox 2105 4081 3432 4155">
    <p class='ocr_par' dir='ltr' id='par_1_89' title="bbox 2105 4081 3432 4155">
     <span class='ocr_line' id='line_1_89' title="bbox 2105 4081 3432 4155; baseline -0.005 -12"><span class='ocrx_word' id='word_1_557' title='bbox 2105 4088 2326 4143; x_wconf 84' lang='lat' dir='ltr'><strong>Illorum</strong></span> <span class='ocrx_word' id='word_1_558' title='bbox 2363 4086 2577 4155; x_wconf 85' lang='lat' dir='ltr'><strong>linguas</strong></span> <span class='ocrx_word' id='word_1_559' title='bbox 2606 4082 2805 4148; x_wconf 87' lang='lat' dir='ltr'><strong>nescis,</strong></span> <span class='ocrx_word' id='word_1_560' title='bbox 2834 4082 3020 4138; x_wconf 89' lang='lat' dir='ltr'><strong>faciles</strong></span> <span class='ocrx_word' id='word_1_561' title='bbox 3046 4097 3263 4153; x_wconf 90' lang='lat' dir='ltr'><strong>quoque</strong></span> <span class='ocrx_word' id='word_1_562' title='bbox 3284 4081 3432 4136; x_wconf 86' lang='lat' dir='ltr'><strong>rixas</strong></span> 
     </span>
    </p>
   </div>
   <div class='ocr_carea' id='block_1_90' title="bbox 2106 4173 3382 4250">
    <p class='ocr_par' dir='ltr' id='par_1_90' title="bbox 2106 4173 3382 4250">
     <span class='ocr_line' id='line_1_90' title="bbox 2106 4173 3382 4250; baseline -0.007 -13"><span class='ocrx_word' id='word_1_563' title='bbox 2106 4182 2243 4237; x_wconf 82' lang='lat' dir='ltr'><strong>Cum</strong></span> <span class='ocrx_word' id='word_1_564' title='bbox 2267 4187 2395 4235; x_wconf 91' lang='lat' dir='ltr'><strong>sunt</strong></span> <span class='ocrx_word' id='word_1_565' title='bbox 2419 4178 2608 4250; x_wconf 89' lang='lat' dir='ltr'><strong>potati,</strong></span> <span class='ocrx_word' id='word_1_566' title='bbox 2641 4191 2741 4247; x_wconf 91' lang='lat' dir='ltr'><strong>pro</strong></span> <span class='ocrx_word' id='word_1_567' title='bbox 2765 4176 2945 4231; x_wconf 90' lang='lat' dir='ltr'><strong>verbis</strong></span> <span class='ocrx_word' id='word_1_568' title='bbox 2972 4173 3142 4247; x_wconf 86' lang='lat' dir='ltr'><strong>fertur</strong></span> <span class='ocrx_word' id='word_1_569' title='bbox 3161 4174 3382 4241; x_wconf 89' lang='lat' dir='ltr'><strong>amaris,</strong></span> 
     </span>
    </p>
   </div>
   <div class='ocr_carea' id='block_1_91' title="bbox 2109 4267 3467 4333">
    <p class='ocr_par' dir='ltr' id='par_1_91' title="bbox 2109 4267 3467 4333">
     <span class='ocr_line' id='line_1_91' title="bbox 2109 4267 3467 4333; baseline -0.007 -5"><span class='ocrx_word' id='word_1_570' title='bbox 2109 4273 2308 4328; x_wconf 84' lang='lat' dir='ltr'><strong>Ensem</strong></span> <span class='ocrx_word' id='word_1_571' title='bbox 2329 4269 2628 4333; x_wconf 87' lang='lat' dir='ltr'><strong>denudant,</strong></span> <span class='ocrx_word' id='word_1_572' title='bbox 2654 4267 2928 4322; x_wconf 87' lang='lat' dir='ltr'><strong>sociorum</strong></span> <span class='ocrx_word' id='word_1_573' title='bbox 2956 4267 3164 4321; x_wconf 87' lang='lat' dir='ltr'><strong>viscera</strong></span> <span class='ocrx_word' id='word_1_574' title='bbox 3193 4272 3467 4320; x_wconf 87' lang='lat' dir='ltr'><strong>truncant.</strong></span> 
     </span>
    </p>
   </div>
   <div class='ocr_carea' id='block_1_92' title="bbox 2111 4355 3679 4427">
    <p class='ocr_par' dir='ltr' id='par_1_92' title="bbox 2111 4355 3679 4427">
     <span class='ocr_line' id='line_1_92' title="bbox 2111 4355 3679 4427; baseline -0.004 -11"><span class='ocrx_word' id='word_1_575' title='bbox 2111 4362 2358 4418; x_wconf 80' lang='lat' dir='ltr'><strong>Mordent</strong></span> <span class='ocrx_word' id='word_1_576' title='bbox 2383 4373 2535 4413; x_wconf 89' lang='lat' dir='ltr'><strong>more</strong></span> <span class='ocrx_word' id='word_1_577' title='bbox 2561 4357 2694 4427; x_wconf 86' lang='lat' dir='ltr'><strong>lupi,</strong></span> <span class='ocrx_word' id='word_1_578' title='bbox 2713 4372 2836 4412; x_wconf 90' lang='lat' dir='ltr'><strong>eum</strong></span> <span class='ocrx_word' id='word_1_579' title='bbox 2855 4355 3235 4426; x_wconf 75' lang='lat' dir='ltr'><strong>sumunt(810)</strong></span> <span class='ocrx_word' id='word_1_580' title='bbox 3258 4356 3453 4425; x_wconf 86' lang='lat' dir='ltr'><strong>pabula</strong></span> <span class='ocrx_word' id='word_1_581' title='bbox 3474 4357 3679 4424; x_wconf 86' lang='lat' dir='ltr'><strong>cuncti,</strong></span> 
     </span>
    </p>
   </div>
   <div class='ocr_carea' id='block_1_93' title="bbox 2112 4443 3406 4515">
    <p class='ocr_par' dir='ltr' id='par_1_93' title="bbox 2112 4443 3406 4515">
     <span class='ocr_line' id='line_1_93' title="bbox 2112 4443 3406 4515; baseline -0.005 -11"><span class='ocrx_word' id='word_1_582' title='bbox 2112 4450 2264 4504; x_wconf 79' lang='lat' dir='ltr'><strong>Atria</strong></span> <span class='ocrx_word' id='word_1_583' title='bbox 2298 4456 2611 4503; x_wconf 89' lang='lat' dir='ltr'><strong>sanctorum</strong></span> <span class='ocrx_word' id='word_1_584' title='bbox 2631 4444 2893 4500; x_wconf 88' lang='lat' dir='ltr'><strong>violenter</strong></span> <span class='ocrx_word' id='word_1_585' title='bbox 2917 4443 3163 4515; x_wconf 87' lang='lat' dir='ltr'><strong>frangere</strong></span> <span class='ocrx_word' id='word_1_586' title='bbox 3188 4452 3406 4498; x_wconf 91' lang='lat' dir='ltr'><strong>norunt.</strong></span> 
     </span>
    </p>
   </div>
   <div class='ocr_carea' id='block_1_94' title="bbox 2046 4535 3681 4610">
    <p class='ocr_par' dir='ltr' id='par_1_94' title="bbox 2046 4535 3681 4610">
     <span class='ocr_line' id='line_1_94' title="bbox 2046 4535 3681 4610; baseline -0.003 -15"><span class='ocrx_word' id='word_1_587' title='bbox 2046 4555 2091 4609; x_wconf 82' lang='grc' dir='ltr'>ι)</span> <span class='ocrx_word' id='word_1_588' title='bbox 2115 4539 2334 4595; x_wconf 89' lang='lat' dir='ltr'><strong>Mantua</strong></span> <span class='ocrx_word' id='word_1_589' title='bbox 2353 4552 2453 4594; x_wconf 90' lang='lat' dir='ltr'><strong>nec</strong></span> <span class='ocrx_word' id='word_1_590' title='bbox 2477 4536 2624 4610; x_wconf 88' lang='grc'>(811)</span> <span class='ocrx_word' id='word_1_591' title='bbox 2655 4536 2790 4592; x_wconf 88' lang='lat' dir='ltr'><strong>tales</strong></span> <span class='ocrx_word' id='word_1_592' title='bbox 2810 4535 2908 4592; x_wconf 93' lang='lat' dir='ltr'><strong>tibi</strong></span> <span class='ocrx_word' id='word_1_593' title='bbox 2929 4550 3155 4592; x_wconf 87' lang='lat' dir='ltr'><strong>noscere</strong></span> <span class='ocrx_word' id='word_1_594' title='bbox 3176 4546 3421 4593; x_wconf 89' lang='lat' dir='ltr'><strong>monstro</strong></span> <span class='ocrx_word' id='word_1_595' title='bbox 3442 4536 3681 4603; x_wconf 67' lang='lat' dir='ltr'><strong>sodales,</strong></span> 
     </span>
    </p>
   </div>
   <div class='ocr_carea' id='block_1_95' title="bbox 449 4628 1991 4723">
    <p class='ocr_par' dir='ltr' id='par_1_95' title="bbox 449 4646 1991 4723">
     <span class='ocr_line' id='line_1_95' title="bbox 449 4646 1991 4723; baseline -0.005 -13"><span class='ocrx_word' id='word_1_596' title='bbox 449 4653 780 4723; x_wconf 77' lang='lat' dir='ltr'><strong>Objurgatio,</strong></span> <span class='ocrx_word' id='word_1_597' title='bbox 806 4668 866 4705; x_wconf 83' lang='lat' dir='ltr'><strong>ac</strong></span> <span class='ocrx_word' id='word_1_598' title='bbox 891 4647 1169 4723; x_wconf 61' lang='lat' dir='ltr'><strong>detestatio</strong></span> <span class='ocrx_word' id='word_1_599' title='bbox 1204 4662 1293 4699; x_wconf 81' lang='lat' dir='ltr'><strong>seu</strong></span> <span class='ocrx_word' id='word_1_600' title='bbox 1322 4646 1483 4716; x_wconf 82' lang='lat' dir='ltr'><strong>digna</strong></span> <span class='ocrx_word' id='word_1_601' title='bbox 1510 4648 1807 4703; x_wconf 72' lang='lat' dir='ltr'><strong>exhortatio</strong></span> <span class='ocrx_word' id='word_1_602' title='bbox 1832 4658 1991 4703; x_wconf 57' lang='lat' dir='ltr'><strong>contr:</strong></span> 
     </span>
    </p>
   </div>
   <div class='ocr_carea' id='block_1_96' title="bbox 2115 4628 3590 4723">
    <p class='ocr_par' dir='ltr' id='par_1_96' title="bbox 2116 4628 3590 4701">
     <span class='ocr_line' id='line_1_96' title="bbox 2116 4628 3590 4701; baseline -0.004 -15"><span class='ocrx_word' id='word_1_603' title='bbox 2116 4630 2228 4688; x_wconf 82' lang='lat' dir='ltr'><strong>Hos</strong></span> <span class='ocrx_word' id='word_1_604' title='bbox 2255 4630 2399 4701; x_wconf 87' lang='lat' dir='ltr'><strong>fuge,</strong></span> <span class='ocrx_word' id='word_1_605' title='bbox 2435 4637 2739 4692; x_wconf 88' lang='lat' dir='ltr'><strong>contemne,</strong></span> <span class='ocrx_word' id='word_1_606' title='bbox 2774 4642 2924 4683; x_wconf 90' lang='lat' dir='ltr'><strong>mors</strong></span> <span class='ocrx_word' id='word_1_607' title='bbox 2955 4636 3040 4683; x_wconf 90' lang='lat' dir='ltr'><strong>est</strong></span> <span class='ocrx_word' id='word_1_608' title='bbox 3069 4643 3193 4682; x_wconf 89' lang='lat' dir='ltr'><strong>cum</strong></span> <span class='ocrx_word' id='word_1_609' title='bbox 3224 4628 3423 4683; x_wconf 87' lang='lat' dir='ltr'><strong>talibus</strong></span> <span class='ocrx_word' id='word_1_610' title='bbox 3445 4640 3590 4682; x_wconf 87' lang='lat' dir='ltr'><strong>esse.</strong></span> 
     </span>
    </p>
   </div>
   <div class='ocr_carea' id='block_1_97' title="bbox 1085 4715 1380 4770">
    <p class='ocr_par' dir='ltr' id='par_1_97' title="bbox 1085 4715 1380 4770">
     <span class='ocr_line' id='line_1_97' title="bbox 1085 4715 1380 4770; baseline 0 0"><span class='ocrx_word' id='word_1_611' title='bbox 1085 4715 1380 4770; x_wconf 82' lang='lat' dir='ltr'><strong>Mantuam.</strong></span> 
     </span>
    </p>
   </div>
   <div class='ocr_carea' id='block_1_98' title="bbox 442 4776 1893 4883">
    <p class='ocr_par' dir='ltr' id='par_1_98' title="bbox 442 4776 1893 4883">
     <span class='ocr_line' id='line_1_98' title="bbox 442 4776 1893 4883; baseline -0.006 -14"><span class='ocrx_word' id='word_1_612' title='bbox 442 4812 638 4883; x_wconf 74' lang='lat' dir='ltr'><strong>Gloria</strong></span> <span class='ocrx_word' id='word_1_613' title='bbox 655 4816 856 4882; x_wconf 87' lang='lat' dir='ltr'><strong>quanta</strong></span> <span class='ocrx_word' id='word_1_614' title='bbox 883 4805 1021 4861; x_wconf 88' lang='lat' dir='ltr'><strong>foret</strong></span> <span class='ocrx_word' id='word_1_615' title='bbox 1048 4816 1231 4861; x_wconf 88' lang='lat' dir='ltr'><strong>tecum</strong></span> <span class='ocrx_word' id='word_1_616' title='bbox 1247 4805 1391 4878; x_wconf 89' lang='lat' dir='ltr'><strong>quis,</strong></span> <span class='ocrx_word' id='word_1_617' title='bbox 1417 4776 1658 4873; x_wconf 79' lang='lat' dir='ltr'><strong>Mantua,</strong></span> <span class='ocrx_word' id='word_1_618' title='bbox 1685 4814 1893 4872; x_wconf 88' lang='lat' dir='ltr'><strong>noscet,</strong></span> 
     </span>
    </p>
   </div>
   <div class='ocr_carea' id='block_1_99' title="bbox 517 4914 2013 5013">
    <p class='ocr_par' dir='ltr' id='par_1_99' title="bbox 517 4914 2013 5013">
     <span class='ocr_line' id='line_1_99' title="bbox 517 4914 2013 5013; baseline 0 -38"><span class='ocrx_word' id='word_1_619' title='bbox 517 4920 1000 5013; x_wconf 39' lang='lat' dir='ltr'><strong>(198)01‘mperator</strong></span> <span class='ocrx_word' id='word_1_620' title='bbox 1027 4915 1096 4971; x_wconf 90' lang='lat' dir='ltr'><strong>ab</strong></span> <span class='ocrx_word' id='word_1_621' title='bbox 1127 4914 1277 5013; x_wconf 71' lang='lat' dir='ltr'><strong>Italia</strong></span> <span class='ocrx_word' id='word_1_622' title='bbox 1300 4916 1625 4974; x_wconf 88' lang='lat' dir='ltr'><strong>discesserat</strong></span> <span class='ocrx_word' id='word_1_623' title='bbox 1663 4934 1809 4975; x_wconf 86' lang='lat' dir='ltr'><strong>anno</strong></span> <span class='ocrx_word' id='word_1_624' title='bbox 1856 4917 2013 4986; x_wconf 68' lang='grc'>1084,</span> 
     </span>
    </p>
   </div>
   <div class='ocr_carea' id='block_1_100' title="bbox 445 4987 2012 5143">
    <p class='ocr_par' dir='ltr' id='par_1_100' title="bbox 445 4987 2012 5143">
     <span class='ocr_line' id='line_1_100' title="bbox 445 4987 1530 5048; baseline -0.008 -3"><span class='ocrx_word' id='word_1_625' title='bbox 445 4991 585 5048; x_wconf 81' lang='lat' dir='ltr'><strong>redit</strong></span> <span class='ocrx_word' id='word_1_626' title='bbox 618 4987 770 5042; x_wconf 88' lang='grc'>1090.</span> <span class='ocrx_word' id='word_1_627' title='bbox 786 4987 794 4988; x_wconf 45' lang='grc'><strong>“</strong></span> <span class='ocrx_word' id='word_1_628' title='bbox 810 4987 959 5041; x_wconf 70' lang='grc' dir='ltr'><strong>ιειυ.</strong></span> <span class='ocrx_word' id='word_1_629' title='bbox 1182 4996 1193 5013; x_wconf 82' lang='lat'><strong><em>&#39;</em></strong></span> <span class='ocrx_word' id='word_1_630' title='bbox 1527 5040 1530 5044; x_wconf 19' lang='grc' dir='ltr'><strong>Α</strong></span> 
     </span>
     <span class='ocr_line' id='line_1_101' title="bbox 489 5053 2012 5143; baseline 0 0"><span class='ocrx_word' id='word_1_631' title='bbox 489 5055 1362 5143; x_wconf 54' lang='grc' dir='ltr'><strong>,Ατθθηίυρ,εξενηῖεηιέῖίιξιξῖτξ</strong></span> <span class='ocrx_word' id='word_1_632' title='bbox 1393 5053 1732 5143; x_wconf 48' lang='lat' dir='ltr'><strong>egere,</strong></span> <span class='ocrx_word' id='word_1_633' title='bbox 1763 5065 1836 5143; x_wconf 57' lang='grc' dir='ltr'><strong>ες</strong></span> <span class='ocrx_word' id='word_1_634' title='bbox 1859 5074 2012 5143; x_wconf 64' lang='grc' dir='ltr'><strong>,κητε-</strong></span> 
     </span>
    </p>
   </div>
   <div class='ocr_carea' id='block_1_101' title="bbox 433 5124 2014 5253">
    <p class='ocr_par' dir='ltr' id='par_1_101' title="bbox 433 5124 2014 5253">
     <span class='ocr_line' id='line_1_102' title="bbox 433 5124 2014 5253; baseline 0.001 -73"><span class='ocrx_word' id='word_1_635' title='bbox 772 5133 856 5181; x_wconf 88' lang='lat' dir='ltr'><strong>est</strong></span> <span class='ocrx_word' id='word_1_636' title='bbox 892 5124 1173 5189; x_wconf 86' lang='lat' dir='ltr'><strong>militibus,</strong></span> <span class='ocrx_word' id='word_1_637' title='bbox 1207 5134 1369 5195; x_wconf 88' lang='lat' dir='ltr'><strong>atque</strong></span> <span class='ocrx_word' id='word_1_638' title='bbox 1402 5138 1639 5194; x_wconf 88' lang='lat' dir='ltr'><strong>annona,</strong></span> <span class='ocrx_word' id='word_1_639' title='bbox 1673 5141 1738 5182; x_wconf 89' lang='lat' dir='ltr'><strong>ac</strong></span> <span class='ocrx_word' id='word_1_640' title='bbox 1767 5126 2014 5184; x_wconf 84' lang='lat' dir='ltr'><strong>victuali—</strong></span> 
     </span>
    </p>
   </div>
   <div class='ocr_carea' id='block_1_102' title="bbox 518 5262 1744 5349">
    <p class='ocr_par' dir='ltr' id='par_1_102' title="bbox 518 5262 1744 5349">
     <span class='ocr_line' id='line_1_103' title="bbox 518 5262 1744 5349; baseline 0 0"><span class='ocrx_word' id='word_1_641' title='bbox 518 5263 667 5349; x_wconf 60' lang='lat' dir='ltr'><strong>(E992</strong></span> <span class='ocrx_word' id='word_1_642' title='bbox 704 5263 962 5349; x_wconf 63' lang='lat' dir='ltr'><strong>9“f‘?&quot;=€-.</strong></span> <span class='ocrx_word' id='word_1_643' title='bbox 985 5262 1173 5349; x_wconf 62' lang='grc' dir='ltr'><strong>ιειρέ.</strong></span> <span class='ocrx_word' id='word_1_644' title='bbox 1402 5332 1414 5345; x_wconf 95' lang='grc'><strong>.</strong></span> <span class='ocrx_word' id='word_1_645' title='bbox 1461 5332 1474 5345; x_wconf 94' lang='grc'><strong>.</strong></span> <span class='ocrx_word' id='word_1_646' title='bbox 1731 5335 1744 5349; x_wconf 94' lang='grc'><strong>.</strong></span> 
     </span>
    </p>
   </div>
   <div class='ocr_carea' id='block_1_103' title="bbox 450 5331 2016 5485">
    <p class='ocr_par' dir='ltr' id='par_1_103' title="bbox 450 5331 2016 5485">
     <span class='ocr_line' id='line_1_104' title="bbox 519 5331 2016 5405; baseline 0.003 -17"><span class='ocrx_word' id='word_1_647' title='bbox 519 5331 669 5405; x_wconf 84' lang='grc'>(801)</span> <span class='ocrx_word' id='word_1_648' title='bbox 703 5331 1053 5403; x_wconf 76' lang='lat' dir='ltr'><strong>Est&#39;quidem</strong></span> <span class='ocrx_word' id='word_1_649' title='bbox 1081 5332 1245 5403; x_wconf 86' lang='lat' dir='ltr'><strong>hujus</strong></span> <span class='ocrx_word' id='word_1_650' title='bbox 1268 5332 1507 5390; x_wconf 89' lang='lat' dir='ltr'><strong>nominis</strong></span> <span class='ocrx_word' id='word_1_651' title='bbox 1526 5345 1698 5404; x_wconf 77' lang='lat' dir='ltr'><strong>pagus</strong></span> <span class='ocrx_word' id='word_1_652' title='bbox 1729 5335 1868 5391; x_wconf 87' lang='lat' dir='ltr'><strong>inter</strong></span> <span class='ocrx_word' id='word_1_653' title='bbox 1910 5336 2016 5392; x_wconf 87' lang='lat' dir='ltr'><strong>Ca-</strong></span> 
     </span>
     <span class='ocr_line' id='line_1_105' title="bbox 450 5401 2011 5485; baseline 0.002 -26"><span class='ocrx_word' id='word_1_654' title='bbox 450 5418 669 5485; x_wconf 72' lang='lat' dir='ltr'><strong>possam</strong></span> <span class='ocrx_word' id='word_1_655' title='bbox 691 5413 746 5458; x_wconf 90' lang='lat' dir='ltr'><strong>et</strong></span> <span class='ocrx_word' id='word_1_656' title='bbox 769 5401 1092 5485; x_wconf 68' lang='lat' dir='ltr'><strong>llegiensem</strong></span> <span class='ocrx_word' id='word_1_657' title='bbox 1117 5403 1327 5485; x_wconf 73' lang='lat' dir='ltr'><strong>urbem,</strong></span> <span class='ocrx_word' id='word_1_658' title='bbox 1355 5414 1502 5485; x_wconf 57' lang='lat' dir='ltr'><strong>nunc</strong></span> <span class='ocrx_word' id='word_1_659' title='bbox 1533 5401 1771 5485; x_wconf 57' lang='lat' dir='ltr'><strong>Bisalta.</strong></span> <span class='ocrx_word' id='word_1_660' title='bbox 1812 5403 2011 5485; x_wconf 63' lang='lat' dir='ltr'><strong>Yerum</strong></span> 
     </span>
    </p>
   </div>
   <div class='ocr_carea' id='block_1_104' title="bbox 452 5470 2014 5554">
    <p class='ocr_par' dir='ltr' id='par_1_104' title="bbox 452 5470 2014 5554">
     <span class='ocr_line' id='line_1_106' title="bbox 452 5470 2014 5554; baseline 0.001 -27"><span class='ocrx_word' id='word_1_661' title='bbox 452 5472 738 5554; x_wconf 64' lang='lat' dir='ltr'><strong>hicagitur</strong></span> <span class='ocrx_word' id='word_1_662' title='bbox 844 5470 1336 5554; x_wconf 47' lang='lat' dir='ltr'><strong>castro‘eomitatus</strong></span> <span class='ocrx_word' id='word_1_663' title='bbox 1354 5471 1652 5541; x_wconf 83' lang='lat' dir='ltr'><strong>Mantuani,</strong></span> <span class='ocrx_word' id='word_1_664' title='bbox 1679 5481 1740 5529; x_wconf 89' lang='lat' dir='ltr'><strong>ut</strong></span> <span class='ocrx_word' id='word_1_665' title='bbox 1756 5470 1899 5529; x_wconf 87' lang='lat' dir='ltr'><strong>infra</strong></span> <span class='ocrx_word' id='word_1_666' title='bbox 1917 5490 2014 5545; x_wconf 83' lang='lat' dir='ltr'><strong>pa-</strong></span> 
     </span>
    </p>
   </div>
   <div class='ocr_carea' id='block_1_105' title="bbox 450 5538 1859 5622">
    <p class='ocr_par' dir='ltr' id='par_1_105' title="bbox 450 5538 1859 5622">
     <span class='ocr_line' id='line_1_107' title="bbox 450 5538 1859 5622; baseline -0.005 1"><span class='ocrx_word' id='word_1_667' title='bbox 450 5538 736 5622; x_wconf 48' lang='lat'><strong>18129329:</strong></span> <span class='ocrx_word' id='word_1_668' title='bbox 750 5540 817 5622; x_wconf 64' lang='grc' dir='ltr'><strong>’.θ</strong></span> <span class='ocrx_word' id='word_1_669' title='bbox 845 5539 1197 5622; x_wconf 60' lang='grc' dir='ltr'><strong>διξὶιιεὲὲὲπίε.</strong></span> <span class='ocrx_word' id='word_1_670' title='bbox 1222 5538 1366 5622; x_wconf 65' lang='grc' dir='ltr'><strong>λευκ-</strong></span> <span class='ocrx_word' id='word_1_671' title='bbox 1394 5609 1426 5622; x_wconf 94' lang='lat'><strong>_.</strong></span> <span class='ocrx_word' id='word_1_672' title='bbox 1502 5610 1516 5622; x_wconf 95' lang='lat'><strong>.</strong></span> <span class='ocrx_word' id='word_1_673' title='bbox 1600 5538 1708 5622; x_wconf 56' lang='grc' dir='ltr'><strong>ς,</strong></span> <span class='ocrx_word' id='word_1_674' title='bbox 1855 5572 1859 5577; x_wconf 93' lang='grc'><strong><em>-</em></strong></span> 
     </span>
    </p>
   </div>
   <div class='ocr_carea' id='block_1_106' title="bbox 483 5608 2017 5694">
    <p class='ocr_par' dir='ltr' id='par_1_106' title="bbox 483 5608 2017 5694">
     <span class='ocr_line' id='line_1_108' title="bbox 483 5608 2017 5694; baseline 0.001 -27"><span class='ocrx_word' id='word_1_675' title='bbox 483 5608 973 5694; x_wconf 46' lang='grc' dir='ltr'><strong>⁸(80⁴ὶ)’¹Α(1“ᾕῑίει</strong></span> <span class='ocrx_word' id='word_1_676' title='bbox 1020 5608 1202 5667; x_wconf 88' lang='lat' dir='ltr'><strong>Mincii</strong></span> <span class='ocrx_word' id='word_1_677' title='bbox 1245 5609 1460 5668; x_wconf 85' lang='lat' dir='ltr'><strong>fluentis</strong></span> <span class='ocrx_word' id='word_1_678' title='bbox 1500 5610 1557 5666; x_wconf 90' lang='lat' dir='ltr'><strong>in</strong></span> <span class='ocrx_word' id='word_1_679' title='bbox 1600 5610 1828 5678; x_wconf 84' lang='lat' dir='ltr'><strong>Padum,</strong></span> <span class='ocrx_word' id='word_1_680' title='bbox 1869 5627 2017 5669; x_wconf 82' lang='lat' dir='ltr'><strong>nunc</strong></span> 
     </span>
    </p>
   </div>
   <div class='ocr_carea' id='block_1_107' title="bbox 453 5676 1361 5737">
    <p class='ocr_par' dir='ltr' id='par_1_107' title="bbox 453 5676 1361 5737">
     <span class='ocr_line' id='line_1_109' title="bbox 453 5676 1361 5737; baseline -0.007 -3"><span class='ocrx_word' id='word_1_681' title='bbox 453 5676 756 5737; x_wconf 65' lang='lat' dir='ltr'><strong>Goberuolo.</strong></span> <span class='ocrx_word' id='word_1_682' title='bbox 794 5676 936 5733; x_wconf 72' lang='lat' dir='ltr'><strong>Mus.</strong></span> <span class='ocrx_word' id='word_1_683' title='bbox 1358 5710 1361 5713; x_wconf 96' lang='lat'><strong><em>-</em></strong></span> 
     </span>
    </p>
   </div>
   <div class='ocr_carea' id='block_1_108' title="bbox 453 5746 2017 5872">
    <p class='ocr_par' dir='ltr' id='par_1_108' title="bbox 453 5746 2017 5872">
     <span class='ocr_line' id='line_1_110' title="bbox 453 5746 2017 5872; baseline -0.004 -59"><span class='ocrx_word' id='word_1_684' title='bbox 453 5748 923 5872; x_wconf 44' lang='grc' dir='ltr'><strong>εηςὸξῇκξὶθρῑίυε</strong></span> <span class='ocrx_word' id='word_1_685' title='bbox 962 5746 1016 5800; x_wconf 89' lang='lat' dir='ltr'><strong>in</strong></span> <span class='ocrx_word' id='word_1_686' title='bbox 1041 5746 1316 5804; x_wconf 84' lang='lat' dir='ltr'><strong>codicibus</strong></span> <span class='ocrx_word' id='word_1_687' title='bbox 1351 5750 1555 5809; x_wconf 84' lang='lat' dir='ltr'><strong>nostris</strong></span> <span class='ocrx_word' id='word_1_688' title='bbox 1586 5750 1905 5829; x_wconf 68' lang='lat' dir='ltr'><strong>discrimina</strong></span> <span class='ocrx_word' id='word_1_689' title='bbox 1934 5767 2017 5807; x_wconf 78' lang='lat' dir='ltr'><strong>se-</strong></span> 
     </span>
    </p>
   </div>
   <div class='ocr_carea' id='block_1_109' title="bbox 2116 4717 3402 4795">
    <p class='ocr_par' dir='ltr' id='par_1_109' title="bbox 2116 4717 3402 4795">
     <span class='ocr_line' id='line_1_111' title="bbox 2116 4717 3402 4795; baseline -0.003 -18"><span class='ocrx_word' id='word_1_690' title='bbox 2116 4718 2542 4794; x_wconf 78' lang='lat' dir='ltr'><strong>Regis&#39;amieitia</strong></span> <span class='ocrx_word' id='word_1_691' title='bbox 2569 4718 2757 4788; x_wconf 90' lang='lat' dir='ltr'><strong>procul</strong></span> <span class='ocrx_word' id='word_1_692' title='bbox 2785 4718 2928 4772; x_wconf 90' lang='lat' dir='ltr'><strong>haud</strong></span> <span class='ocrx_word' id='word_1_693' title='bbox 2952 4717 3170 4795; x_wconf 89' lang='lat' dir='ltr'><strong>durabit</strong></span> <span class='ocrx_word' id='word_1_694' title='bbox 3192 4725 3247 4772; x_wconf 88' lang='lat' dir='ltr'><strong>et</strong></span> <span class='ocrx_word' id='word_1_695' title='bbox 3266 4718 3402 4789; x_wconf 90' lang='lat' dir='ltr'><strong>ipsa,</strong></span> 
     </span>
    </p>
   </div>
   <div class='ocr_carea' id='block_1_110' title="bbox 2114 4808 3432 4882">
    <p class='ocr_par' dir='ltr' id='par_1_110' title="bbox 2114 4808 3432 4882">
     <span class='ocr_line' id='line_1_112' title="bbox 2114 4808 3432 4882; baseline -0.001 -15"><span class='ocrx_word' id='word_1_696' title='bbox 2114 4811 2233 4868; x_wconf 85' lang='lat' dir='ltr'><strong>Non</strong></span> <span class='ocrx_word' id='word_1_697' title='bbox 2260 4808 2423 4869; x_wconf 87' lang='lat' dir='ltr'><strong>faciet</strong></span> <span class='ocrx_word' id='word_1_698' title='bbox 2447 4808 2646 4882; x_wconf 88' lang='lat' dir='ltr'><strong>quippe</strong></span> <span class='ocrx_word' id='word_1_699' title='bbox 2674 4810 2769 4866; x_wconf 90' lang='lat' dir='ltr'><strong>tibi</strong></span> <span class='ocrx_word' id='word_1_700' title='bbox 2801 4824 2924 4881; x_wconf 72' lang='lat' dir='ltr'><strong>qua:</strong></span> <span class='ocrx_word' id='word_1_701' title='bbox 2951 4808 3275 4878; x_wconf 87' lang='lat' dir='ltr'><strong>promiserat</strong></span> <span class='ocrx_word' id='word_1_702' title='bbox 3298 4810 3432 4881; x_wconf 89' lang='lat' dir='ltr'><strong>ipse,</strong></span> 
     </span>
    </p>
   </div>
   <div class='ocr_carea' id='block_1_111' title="bbox 2148 4923 3507 5006">
    <p class='ocr_par' dir='ltr' id='par_1_111' title="bbox 2148 4923 3507 5006">
     <span class='ocr_line' id='line_1_113' title="bbox 2148 4923 3507 5006; baseline 0 0"><span class='ocrx_word' id='word_1_703' title='bbox 2148 4923 2676 5006; x_wconf 29' lang='lat' dir='ltr'><strong>amycum&quot;</strong></span> <span class='ocrx_word' id='word_1_704' title='bbox 2718 4924 3021 5006; x_wconf 64' lang='grc' dir='ltr'><strong>ηατίεεηιμξε.</strong></span> <span class='ocrx_word' id='word_1_705' title='bbox 3048 4924 3379 5006; x_wconf 56' lang='lat' dir='ltr'><strong>visionem.</strong></span> <span class='ocrx_word' id='word_1_706' title='bbox 3411 4941 3507 5006; x_wconf 62' lang='lat' dir='ltr'><strong>seu</strong></span> 
     </span>
    </p>
   </div>
   <div class='ocr_carea' id='block_1_112' title="bbox 2117 4993 3676 5066">
    <p class='ocr_par' dir='ltr' id='par_1_112' title="bbox 2117 4993 3676 5066">
     <span class='ocr_line' id='line_1_114' title="bbox 2117 4993 3676 5066; baseline 0.002 -18"><span class='ocrx_word' id='word_1_707' title='bbox 2117 4993 2323 5066; x_wconf 75' lang='lat' dir='ltr'><strong>sidiam</strong></span> <span class='ocrx_word' id='word_1_708' title='bbox 2345 4993 2618 5052; x_wconf 84' lang='lat' dir='ltr'><strong>Mathildis</strong></span> <span class='ocrx_word' id='word_1_709' title='bbox 2643 4993 2785 5066; x_wconf 72' lang='lat' dir='ltr'><strong>regis</strong></span> <span class='ocrx_word' id='word_1_710' title='bbox 2801 4993 3064 5066; x_wconf 63' lang='lat' dir='ltr'><strong>manibus</strong></span> <span class='ocrx_word' id='word_1_711' title='bbox 3084 4995 3214 5050; x_wconf 89' lang='lat' dir='ltr'><strong>dare</strong></span> <span class='ocrx_word' id='word_1_712' title='bbox 3235 4993 3488 5052; x_wconf 76' lang='lat' dir='ltr'><strong>tractant.</strong></span> <span class='ocrx_word' id='word_1_713' title='bbox 3524 4993 3676 5066; x_wconf 55' lang='lat' dir='ltr'><strong>Lam.</strong></span> 
     </span>
    </p>
   </div>
   <div class='ocr_carea' id='block_1_113' title="bbox 2112 5062 3681 5136">
    <p class='ocr_par' dir='ltr' id='par_1_113' title="bbox 2112 5062 3681 5136">
     <span class='ocr_line' id='line_1_115' title="bbox 2112 5062 3681 5136; baseline 0.001 -19"><span class='ocrx_word' id='word_1_714' title='bbox 2112 5062 2173 5118; x_wconf 92' lang='lat' dir='ltr'><strong>ln</strong></span> <span class='ocrx_word' id='word_1_715' title='bbox 2198 5063 2388 5136; x_wconf 66' lang='lat' dir='ltr'><strong>iisdem</strong></span> <span class='ocrx_word' id='word_1_716' title='bbox 2407 5062 2921 5136; x_wconf 79' lang='lat' dir='ltr'><strong>quoque_eo_dicibus</strong></span> <span class='ocrx_word' id='word_1_717' title='bbox 2942 5063 3169 5120; x_wconf 86' lang='lat' dir='ltr'><strong>habetur</strong></span> <span class='ocrx_word' id='word_1_718' title='bbox 3189 5067 3507 5136; x_wconf 62' lang='lat' dir='ltr'><strong>pariterque.</strong></span> <span class='ocrx_word' id='word_1_719' title='bbox 3527 5063 3681 5120; x_wconf 73' lang='lat' dir='ltr'><strong>Man-</strong></span> 
     </span>
    </p>
   </div>
   <div class='ocr_carea' id='block_1_114' title="bbox 2114 5131 3680 5257">
    <p class='ocr_par' dir='ltr' id='par_1_114' title="bbox 2114 5131 3680 5257">
     <span class='ocr_line' id='line_1_116' title="bbox 2114 5131 3680 5257; baseline 0.001 -71"><span class='ocrx_word' id='word_1_720' title='bbox 2114 5140 2246 5256; x_wconf 45' lang='lat' dir='ltr'><strong>:taam</strong></span> <span class='ocrx_word' id='word_1_721' title='bbox 2256 5131 2492 5257; x_wconf 50' lang='lat' dir='ltr'><strong>Meﬁzifo</strong></span> <span class='ocrx_word' id='word_1_722' title='bbox 2533 5131 2645 5203; x_wconf 78' lang='lat' dir='ltr'><strong>regi</strong></span> <span class='ocrx_word' id='word_1_723' title='bbox 2687 5131 2813 5187; x_wconf 88' lang='lat' dir='ltr'><strong>data</strong></span> <span class='ocrx_word' id='word_1_724' title='bbox 2861 5140 2945 5188; x_wconf 91' lang='lat' dir='ltr'><strong>est</strong></span> <span class='ocrx_word' id='word_1_725' title='bbox 2989 5146 3087 5203; x_wconf 87' lang='lat' dir='ltr'><strong>per</strong></span> <span class='ocrx_word' id='word_1_726' title='bbox 3132 5131 3492 5205; x_wconf 76' lang='lat' dir='ltr'><strong>proditionem</strong></span> <span class='ocrx_word' id='word_1_727' title='bbox 3534 5149 3680 5190; x_wconf 85' lang='lat' dir='ltr'><strong>anno</strong></span> 
     </span>
    </p>
   </div>
   <div class='ocr_carea' id='block_1_115' title="bbox 2186 5267 3679 5352">
    <p class='ocr_par' dir='ltr' id='par_1_115' title="bbox 2186 5267 3679 5352">
     <span class='ocr_line' id='line_1_117' title="bbox 2186 5267 3679 5352; baseline 0.004 -28"><span class='ocrx_word' id='word_1_728' title='bbox 2186 5267 2334 5352; x_wconf 73' lang='lat'><strong>(805)</strong></span> <span class='ocrx_word' id='word_1_729' title='bbox 2547 5277 2682 5352; x_wconf 68' lang='lat' dir='ltr'><strong>ant.,</strong></span> <span class='ocrx_word' id='word_1_730' title='bbox 2724 5280 2999 5343; x_wconf 81' lang='lat' dir='ltr'><strong>peragunt.</strong></span> <span class='ocrx_word' id='word_1_731' title='bbox 3051 5270 3201 5325; x_wconf 74' lang='grc' dir='ltr'><strong>ιω.</strong></span> <span class='ocrx_word' id='word_1_732' title='bbox 3260 5269 3472 5328; x_wconf 79' lang='lat' dir='ltr'><strong>Habent</strong></span> <span class='ocrx_word' id='word_1_733' title='bbox 3517 5274 3593 5331; x_wconf 83' lang='lat' dir='ltr'><strong>ita</strong></span> <span class='ocrx_word' id='word_1_734' title='bbox 3625 5283 3679 5331; x_wconf 89' lang='lat' dir='ltr'><strong>et</strong></span> 
     </span>
    </p>
   </div>
   <div class='ocr_carea' id='block_1_116' title="bbox 2116 5340 3695 5404">
    <p class='ocr_par' dir='ltr' id='par_1_116' title="bbox 2116 5340 3695 5404">
     <span class='ocr_line' id='line_1_118' title="bbox 2116 5340 3695 5404; baseline 0.008 -12"><span class='ocrx_word' id='word_1_735' title='bbox 2116 5340 2286 5396; x_wconf 87' lang='lat' dir='ltr'><strong>nostri</strong></span> <span class='ocrx_word' id='word_1_736' title='bbox 2316 5341 2563 5397; x_wconf 77' lang='lat' dir='ltr'><strong>codices.</strong></span> <span class='ocrx_word' id='word_1_737' title='bbox 2599 5340 2742 5396; x_wconf 72' lang='lat' dir='ltr'><strong>Men.</strong></span> <span class='ocrx_word' id='word_1_738' title='bbox 2854 5340 2869 5343; x_wconf 65' lang='grc'>⁷</span> <span class='ocrx_word' id='word_1_739' title='bbox 3684 5376 3695 5404; x_wconf 67' lang='grc' dir='ltr'><em>ρ</em></span> 
     </span>
    </p>
   </div>
   <div class='ocr_carea' id='block_1_117' title="bbox 2209 5407 2918 5465">
    <p class='ocr_par' dir='ltr' id='par_1_117' title="bbox 2209 5407 2918 5465">
     <span class='ocr_line' id='line_1_119' title="bbox 2209 5407 2918 5465; baseline -0.003 0"><span class='ocrx_word' id='word_1_740' title='bbox 2209 5409 2335 5465; x_wconf 82' lang='grc'>806)</span> <span class='ocrx_word' id='word_1_741' title='bbox 2370 5408 2727 5464; x_wconf 75' lang='lat' dir='ltr'><strong>Fluminibus.</strong></span> <span class='ocrx_word' id='word_1_742' title='bbox 2768 5407 2918 5463; x_wconf 74' lang='grc' dir='ltr'><strong>ιω.</strong></span> 
     </span>
    </p>
   </div>
   <div class='ocr_carea' id='block_1_118' title="bbox 2211 5469 3145 5545">
    <p class='ocr_par' dir='ltr' id='par_1_118' title="bbox 2211 5469 3145 5545">
     <span class='ocr_line' id='line_1_120' title="bbox 2211 5469 3145 5545; baseline 0.003 -13"><span class='ocrx_word' id='word_1_743' title='bbox 2211 5469 2335 5545; x_wconf 71' lang='lat'><strong>807)</strong></span> <span class='ocrx_word' id='word_1_744' title='bbox 2368 5478 2518 5545; x_wconf 88' lang='lat' dir='ltr'><strong>Bar.,</strong></span> <span class='ocrx_word' id='word_1_745' title='bbox 2544 5477 2701 5543; x_wconf 85' lang='grc'>1091,</span> <span class='ocrx_word' id='word_1_746' title='bbox 2726 5492 2878 5532; x_wconf 90' lang='lat' dir='ltr'><strong>num.</strong></span> <span class='ocrx_word' id='word_1_747' title='bbox 2904 5479 2956 5534; x_wconf 81' lang='lat'><strong>5.</strong></span> <span class='ocrx_word' id='word_1_748' title='bbox 2996 5478 3145 5536; x_wconf 73' lang='lat' dir='ltr'><strong>Lens.</strong></span> 
     </span>
    </p>
   </div>
   <div class='ocr_carea' id='block_1_119' title="bbox 2210 5546 3675 5611">
    <p class='ocr_par' dir='ltr' id='par_1_119' title="bbox 2210 5546 3675 5611">
     <span class='ocr_line' id='line_1_121' title="bbox 2210 5546 3675 5611; baseline 0.003 -10"><span class='ocrx_word' id='word_1_749' title='bbox 2210 5546 2335 5611; x_wconf 88' lang='lat'><strong>808)</strong></span> <span class='ocrx_word' id='word_1_750' title='bbox 2369 5547 2503 5603; x_wconf 81' lang='lat' dir='ltr'><strong>Cod.</strong></span> <span class='ocrx_word' id='word_1_751' title='bbox 2530 5554 2668 5611; x_wconf 88' lang='lat' dir='ltr'><strong>ant.,</strong></span> <span class='ocrx_word' id='word_1_752' title='bbox 2698 5548 2968 5604; x_wconf 74' lang='lat' dir='ltr'><strong>tenuisses.</strong></span> <span class='ocrx_word' id='word_1_753' title='bbox 3029 5548 3176 5606; x_wconf 76' lang='grc' dir='ltr'><strong>ιειι.</strong></span> <span class='ocrx_word' id='word_1_754' title='bbox 3220 5549 3448 5608; x_wconf 85' lang='lat' dir='ltr'><strong>Codices</strong></span> <span class='ocrx_word' id='word_1_755' title='bbox 3469 5548 3675 5608; x_wconf 80' lang='lat' dir='ltr'><strong>nostri:</strong></span> 
     </span>
    </p>
   </div>
   <div class='ocr_carea' id='block_1_120' title="bbox 2116 5616 3708 5689">
    <p class='ocr_par' dir='ltr' id='par_1_120' title="bbox 2116 5616 3708 5689">
     <span class='ocr_line' id='line_1_122' title="bbox 2116 5616 3708 5689; baseline 0.001 -19"><span class='ocrx_word' id='word_1_756' title='bbox 2116 5616 2399 5689; x_wconf 62' lang='lat' dir='ltr'><strong>prudenter</strong></span> <span class='ocrx_word' id='word_1_757' title='bbox 2426 5623 2613 5689; x_wconf 80' lang='lat' dir='ltr'><strong>portas</strong></span> <span class='ocrx_word' id='word_1_758' title='bbox 2634 5616 2905 5689; x_wconf 66' lang='lat' dir='ltr'><strong>tenuisses.</strong></span> <span class='ocrx_word' id='word_1_759' title='bbox 2941 5616 3084 5675; x_wconf 73' lang='lat' dir='ltr'><strong>Mus.</strong></span> <span class='ocrx_word' id='word_1_760' title='bbox 3504 5625 3514 5636; x_wconf 86' lang='lat'><strong>&#39;</strong></span> <span class='ocrx_word' id='word_1_761' title='bbox 3694 5634 3708 5664; x_wconf 87' lang='grc'><strong>·.</strong></span> 
     </span>
    </p>
   </div>
   <div class='ocr_carea' id='block_1_121' title="bbox 2213 5684 3014 5757">
    <p class='ocr_par' dir='ltr' id='par_1_121' title="bbox 2213 5684 3014 5757">
     <span class='ocr_line' id='line_1_123' title="bbox 2213 5684 3014 5757; baseline -0.009 -13"><span class='ocrx_word' id='word_1_762' title='bbox 2213 5684 2338 5757; x_wconf 69' lang='grc'>808)</span> <span class='ocrx_word' id='word_1_763' title='bbox 2369 5684 2632 5757; x_wconf 58' lang='grc' dir='ltr'><strong>ξλὲεβτοω</strong></span> <span class='ocrx_word' id='word_1_764' title='bbox 2664 5684 2826 5757; x_wconf 74' lang='lat' dir='ltr'><strong>orbis.</strong></span> <span class='ocrx_word' id='word_1_765' title='bbox 2862 5685 3014 5745; x_wconf 71' lang='lat' dir='ltr'><strong>Lam.</strong></span> 
     </span>
    </p>
   </div>
   <div class='ocr_carea' id='block_1_122' title="bbox 2215 5753 3281 5819">
    <p class='ocr_par' dir='ltr' id='par_1_122' title="bbox 2215 5753 3281 5819">
     <span class='ocr_line' id='line_1_124' title="bbox 2215 5753 3281 5819; baseline 0.006 -11"><span class='ocrx_word' id='word_1_766' title='bbox 2215 5753 2340 5819; x_wconf 86' lang='grc'>810)</span> <span class='ocrx_word' id='word_1_767' title='bbox 2366 5753 2587 5819; x_wconf 63' lang='lat' dir='ltr'><strong>Begien.</strong></span> <span class='ocrx_word' id='word_1_768' title='bbox 2614 5754 2760 5819; x_wconf 70' lang='grc' dir='ltr'><strong>θοὰ..</strong></span> <span class='ocrx_word' id='word_1_769' title='bbox 2786 5765 3115 5812; x_wconf 77' lang='lat' dir='ltr'><strong>consumunt.</strong></span> <span class='ocrx_word' id='word_1_770' title='bbox 3138 5756 3281 5814; x_wconf 73' lang='lat' dir='ltr'><strong>Muri.</strong></span> 
     </span>
    </p>
   </div>
   <div class='ocr_carea' id='block_1_123' title="bbox 2196 5822 3774 5924">
    <p class='ocr_par' dir='ltr' id='par_1_123' title="bbox 2196 5822 3774 5924">
     <span class='ocr_line' id='line_1_125' title="bbox 2196 5822 3774 5924; baseline 0.006 -49"><span class='ocrx_word' id='word_1_771' title='bbox 2196 5822 2343 5893; x_wconf 90' lang='grc'>(811)</span> <span class='ocrx_word' id='word_1_772' title='bbox 2523 5830 2660 5891; x_wconf 85' lang='lat' dir='ltr'><strong>ant.,</strong></span> <span class='ocrx_word' id='word_1_773' title='bbox 2687 5839 2771 5895; x_wconf 76' lang='lat' dir='ltr'><strong>nc,</strong></span> <span class='ocrx_word' id='word_1_774' title='bbox 2793 5826 2845 5883; x_wconf 90' lang='lat' dir='ltr'><strong>id</strong></span> <span class='ocrx_word' id='word_1_775' title='bbox 2860 5836 2942 5883; x_wconf 86' lang='lat' dir='ltr'><strong>est</strong></span> <span class='ocrx_word' id='word_1_776' title='bbox 2965 5826 3291 5886; x_wconf 73' lang='lat' dir='ltr'><strong>nunc.‘Lcui.</strong></span> <span class='ocrx_word' id='word_1_777' title='bbox 3309 5827 3495 5887; x_wconf 68' lang='lat' dir='ltr'><strong>Nostri</strong></span> <span class='ocrx_word' id='word_1_778' title='bbox 3516 5827 3679 5885; x_wconf 72' lang='lat' dir='ltr'><strong>etiam</strong></span> <span class='ocrx_word' id='word_1_779' title='bbox 3758 5863 3774 5874; x_wconf 85' lang='lat'><strong>-</strong></span> 
     </span>
    </p>
   </div>
   <div class='ocr_carea' id='block_1_124' title="bbox 2314 5411 2335 5616">
    <p class='ocr_par' dir='ltr' id='par_1_124' title="bbox 2314 5411 2335 5616">
     <span class='ocr_line' id='line_1_126' title="bbox 2314 5411 2335 5616; baseline 0 0"><span class='ocrx_word' id='word_1_780' title='bbox 2314 5411 2335 5616; x_wconf 68' lang='grc' dir='ltr'>ξ</span> 
     </span>
    </p>
   </div>
  </div>
