3944 6418
82 420 85 423 ’
166 435 315 491 ton

264 5220 370 5273 859

138 5343 141 5347 ⁴
240 5221 393 5411 (θεας

171 5372 249 5411 fat
270 5374 354 5411 IIS.
378 5370 393 5411 ε

794 538 1021 595 CAPUT
1046 539 1134 595 ΣΙ.

195 630 287 691 De
333 647 539 688 recessu
590 630 861 688 (Ἀθηναιάὲ
890 636 955 686 ab
990 630 1219 701 Hernico
1261 641 1411 701 patre
1434 647 1548 695 suo,
1571 638 1621 685 et
1653 631 1716 685 de

671 711 838 757 morte
857 718 1007 773 papa:
1041 698 1259 756 Urbani.

174 816 343 880 Petre
361 814 543 883 Pater,
565 825 767 887 praesto
791 814 1044 887 precibus
1074 814 1332 870 dictantis
1366 813 1513 885 (858)
1544 814 1749 877 adesto,

179 904 255 961 Ut
276 906 474 962 doceas
508 921 729 963 sensum
738 910 989 971 nostrum
1003 920 1328 976 componere
1337 919 1554 960 versum
1580 903 1750 978 (859),

174 995 364 1052 Unam
389 999 659 1053 dictemus
676 998 912 1069 plagam,
942 1012 1049 1069 qua
1080 1011 1176 1051 rex
1197 1004 1501 1067 superem:

174 1087 547 1159 Francigenas
573 1098 756 1158 partes
782 1088 1034 1147 Urbanus
1058 1089 1189 1145 dum
1211 1095 1520 1158 {ﬂagraret
1549 1080 1555 1085 ’

174 1177 576 1249 Longobardiaa
608 1180 789 1236 stabat
819 1174 919 1237 rei:
948 1180 1212 1235 hactenus
1238 1178 1361 1244 ille;

170 1267 286 1324 Cui
312 1268 533 1324 fortuna
560 1279 708 1325 vetat
737 1269 876 1325 ferat
897 1271 1041 1326 ultra
1069 1286 1137 1325 ne
1164 1269 1433 1334 diadema,

175 1357 380 1433 Egypti
410 1376 612 1432 regem,
638 1378 763 1433 quae
785 1352 1016 1445 perculit
1038 1362 1228 1417 ultima
1250 1375 1454 1431 regem,

158 1449 358 1508 Istum
384 1454 541 1524 plaga
567 1452 711 1521 ferit,
738 1454 1131 1525 primogenitus
1158 1453 1258 1509 sibi
1286 1452 1451 1518 cedit,

173 1540 434 1599 Mortuus
461 1543 681 1615 Egypti
709 1545 1103 1617 primogenitus
1126 1544 1260 1611 fuit;
1284 1544 1381 1600 isti

173 1631 303 1688 Non
331 1635 487 1700 obiit,
518 1635 674 1689 vivus
702 1636 795 1691 sed
817 1636 868 1691 ei
897 1635 1077 1707 gravis
1100 1644 1186 1689 est
1207 1624 1463 1689 inimicus

175 1722 405 1789 I-‘actus,
429 1725 501 1779 ob
520 1716 640 1794 ejus
656 1742 813 1796 opus,
835 1726 981 1797 quod
1001 1735 1119 1781 erat
1142 1726 1371 1781 nimium
1396 1717 1747 1780 scelerosum.

171 1814 511 1870 Chonradus
533 1816 679 1889 (860)
690 1818 871 1875 dictus
896 1816 998 1874 fuit
1017 1818 1109 1873 hic
1129 1818 1195 1873 de
1217 1817 1510 1873 chrismate
1526 1817 1750 1882 tinctus,

176 1903 406 1977 Ingenio
424 1908 652 1977 pollens,
676 1909 971 1980 genitorem
997 1924 1225 1979 prorsus
1250 1909 1569 1975 abhorrens,

178 1994 256 2050 Se
275 1996 515 2077 domina:
542 1999 709 2071 largis
727 1998 1003 2055 Mathildis
1029 1998 1269 2059 subdidit
1299 1999 1420 2053 alis.

175 2086 318 2152 Quae
344 2088 511 2143 veluti
537 2090 759 2161 dignum
786 2090 943 2148 valde
976 2092 1311 2161 Char-umque
1332 2090 1717 2161 propinquum,

175 2176 307 2233 Mox
337 2179 578 2249 suscepit
602 2195 733 2235 eum
756 2181 1009 2246 laudans,
1036 2189 1100 2236 ut
1124 2196 1222 2237 rex
1244 2181 1515 2236 vocitetar

160 2265 337 2321 Illius
364 2273 561 2322 tractat
581 2276 813 2339 patrem,
846 2270 925 2325 sic
954 2268 1151 2325 Esther
1176 2279 1237 2326 ut
1262 2269 1458 2336 Aman,

176 2358 428 2414 Abstulit
450 2377 675 2417 uxorem
700 2350 1102 2433 sibi'primitns,
1118 2372 1173 2418 et
1192 2364 1353 2418 modo
1364 2362 1512 2434 (861)
1525 2362 1748 2431 prolem.

177 2450 281 2507 IIis
308 2461 490 2507 motus
512 2453 728 2509 damnis
753 2463 959 2525 septem
994 2463 1144 2512 stans
1167 2455 1389 2510 insimul
1417 2456 1575 2511 annis
1605 2452 1753 2525 (862)

177 2540 371 2609 Italire,
400 2558 624 2613 regnum
652 2543 930 2601 Gallorum
952 2545 1137 2601 visitat
1159 2547 1339 2612 exsul,

181 2631 277 2688 Sic
307 2635 503 2703 procul
522 2634 727 2705 ejectus
752 2635 1076 2694 Chonradus
1098 2639 1241 2693 ﬁlius
1262 2639 1402 2709 ejus,
1486 2628 1494 2637 ’

177 2720 323 2776 Cum
355 2724 574 2779 domina
598 2726 777 2781 stabat
797 2725 910 2796 jam
934 2742 1097 2796 supra
1119 2724 1585 2791 commemorata,

177 2810 613 2890 (ionsiliocujus
639 2812 1120 2884 puleherjuvenis,
1152 2813 1509 2877 rubicundus,

179 2899 261 2955 Ac
289 2900 531 2971 prudens
557 2913 704 2969 vere,
735 2904 975 2959 Siculam
1001 2905 1155 2960 duxit
1177 2904 1456 2960 mulierem
1482 2902 1629 2972 (863)

182 2989 407 3062 Rogerii
432 3000 617 3047 natam
640 2993 817 3059 ducis,
844 2996 973 3050 huic
988 2996 1175 3065 juveni
1194 3008 1414 3065 quoque
1440 3009 1597 3063 papa,

178 3082 488 3139 Credere'si
522 3084 677 3141 vellet
703 3085 828 3151 sibi,
863 3100 1045 3155 regem
1076 3101 1184 3140 non
1218 3094 1363 3142 vetat
1387 3100 1528 3141 esse.
1621 3133 1628 3139 .

182 3171 305 3228 Non
332 3184 450 3229 erat
471 3177 561 3233 hie
589 3186 766 3233 rector
793 3179 1058 3233 tremulus
1083 3179 1242 3249 quasi
1270 3178 1504 3234 cannula
1534 3187 1711 3242 vento,
1782 3190 1823 3246 ρ

184 3264 296 3322 Sed
325 3266 491 3321 veluti
520 3266 722 3351 ferrum
752 3269 1039 3325 truncabat
1066 3270 1226 3323 noxia
1254 3258 1436 3324 verbo.

185 3355 258 3413 Ut
283 3374 504 3415 cervum
526 3375 749 3430 serpens
770 3361 1037 3415 haeresum
1063 3360 1144 3414 sic
1168 3359 1325 3414 turba
1354 3360 1507 3415 timet
1525 3374 1716 3429 quem;

181 3445 393 3517 {Iuncta
422 3444 525 3502 sibi
553 3461 717 3517 prava
750 3448 1057 3503 subdantur
1083 3447 1333 3517 dogmata
1361 3446 1515 3501 falsa.

184 3534 477 3607 Nunquam
504 3536 742 3594 decrevit
769 3538 917 3609 (864)
941 3540 1163 3594 libertas
1190 3539 1424 3608 denique
1446 3538 1591 3594 sedis

187 3628 449 3687 Romanae
474 3645 571 3699 per
597 3646 745 3697 eum,
772 3642 1019 3687 sanctum
1047 3640 1288 3702 peramat
1314 3632 1442 3701 quia
1470 3630 1717 3698 Petrum;

181 3718 399 3775 Aureus
425 3720 653 3775 antistes
679 3721 827 3774 color
852 3723 1088 3789 optimus
1119 3721 1325 3775 exstitit
1348 3722 1471 3784 iste,

184 3800 405 3866 Scilicet
433 3807 686 3865 Urbanus
716 3812 917 3866 sanctis
948 3810 1141 3867 merito
1169 3810 1430 3876 sociatus,

178 3897 370 3955 Talem
397 3915 479 3955 vae
506 3898 690 3956 Romae
709 3917 833 3957 cum
860 3902 1091 3972 perdidit
1109 3901 1416 3971 opilionem.
1488 3934 1491 3937 ‹

179 3988 431 4046 Mortuus
456 4000 540 4045 est
570 3990 756 4048 Romae
784 3993 948 4063 digno
973 3993 1223 4048 conditus
1252 3994 1477 4057 honore,

178 4078 360 4135 Julius
384 4081 499 4151 ipse
519 4081 633 4137 dies
663 4081 821 4137 binos
857 4097 979 4137 cum
1005 4081 1096 4135 dat
1121 4097 1288 4151 prope
1316 4082 1478 4137 ﬁnem

172 4172 343 4247 (Anno
371 4172 611 4239 milleno,
637 4187 1029 4244 nonagenoque
1056 4187 1270 4227 noveno

177 4263 224 4323 Α
249 4259 393 4319 Nato
424 4264 571 4319 celso
591 4263 657 4319 de
682 4264 859 4336 prima
886 4262 1106 4335 Virgine
1135 4262 1332 4318 Verbo.

775 4375 1005 4431 CAPUT
1038 4374 1151 4430 XII.

177 4467 255 4523 De
282 4467 533 4523 electione
576 4466 856 4523 Paschalis
884 4484 1055 4589 pap‘aer,
1098 4475 1151 4520 et
1196 4468 1260 4545 de
1299 4483 1463 4537 prava
1508 4465 1747 4539 Guiberti

870 4553 983 4589 mor
1040 4575 1053 4587 .

870 4553 1053 4589 morte.

174 4648 309 4706 Post
334 4663 494 4721 quem
519 4666 656 4720 papa
683 4650 859 4704 bonus
884 4647 1136 4702 laudatur
1165 4647 1452 4719 religiosus

172 4801 249 4856 dit
271 4810 433 4872 atque
456 4802 759 4865 conﬁrmat.
792 4802 860 4858 Et
886 4819 1069 4859 revera
1096 4805 1148 4859 in
1180 4805 1329 4858 Actis
1358 4734 1737 4857 adJRavenna-

173 4879 285 4925 tem
319 4870 498 4928 sedem
538 4870 909 4942 spectantihus
942 4876 1028 4928 ille
1058 4891 1111 4926 se
1163 4874 1459 4942 Il'ibertmn
1482 4874 1733 4939 archiepi-

171 4957 383 5065 ἶὶοραηι
410 4941 737 4997 inscribebat
760 4944 865 5019 ;‘in
906 4942 1195 5014 pontiliciis
1216 4957 1373 5007 vero,
1398 4941 1734 4997 Clementem.

228 5028 318 5065 un.
848 5028 849 5031 ‘

228 5028 318 5066 υκ.
848 5028 849 5031 “

263 5080 389 5148 858)
426 5080 705 5134 Dictantis.
740 5080 889 5135 ιω.

272 5150 422 5221 iostri
445 5167 660 5221 quoque
680 5152 894 5207 codices
920 5150 1174 5206 exhibent
1202 5152 1475 5205 dictantis.
1502 5151 1643 5207 Men.

423 5220 636 5291 llegien.
672 5224 840 5277 codex
857 5222 1015 5291 habet
1052 5238 1278 5274 rursum.
1303 5220 1443 5291 Mum.

430 5289 591 5361 Anno
625 5292 757 5361 1095
786 5293 854 5345 ab
882 5290 1113 5346 Henrico
1145 5301 1294 5361 patre
1322 5289 1518 5345 defecit
1550 5289 1733 5346 Chon-

171 5359 354 5423 radus,
378 5366 431 5412 et
459 5374 548 5411 rex
572 5359 735 5415 Italia:
763 5363 1029 5415 salutatus
1052 5359 1171 5417 fuit.
1214 5360 1351 5414 Iliun.

240 5427 389 5567 (861;
426 5426 484 5481 In
508 5431 627 5481 rod.
660 5429 815 5500 Reg.,
853 5441 908 5481 ut
936 5432 1103 5485 modo.
1138 5433 1278 5487 Men.

241 5499 367 5567 (862
426 5498 484 5552 In
509 5498 715 5551 Italiam
744 5501 1094 5554 descenderat
1119 5502 1278 5556 Ilenri

241 5498 389 5567 (862)
426 5498 484 5552 In
509 5498 715 5551 Italiam
744 5498 1094 5554 descenderat
1119 5502 1382 5556 Henricus
1407 5516 1550 5553 anno
1576 5499 1729 5563 I090,

173 5575 359 5688 atqueM
373 5568 498 5647 inde
540 5585 683 5622 anno
718 5567 851 5622 1097
878 5569 1160 5625 discedens
1202 5572 1545 5625 Germaniam
1580 5585 1731 5639 repe—

257 5677 271 5688 .
365 5653 451 5688 nn.

172 5645 271 5693 tiit.
308 5645 451 5691 non.

236 5705 386 5779 (867?)
422 5705 625 5779 Nempe
655 5708 985 5779 llathildam.
1010 5710 1165 5779 cujus
1188 5710 1396 5779 genitor
1426 5708 1529 5779 fuit
1552 5708 1727 5777 Roge—

174 5776 455 5843 riln.dux,
485 5776 598 5833 sive
624 5792 823 5844 comes,
866 5777 1063 5832 Siciliae
1078 5776 1143 5834 ἐι
1179 5776 1459 5835 Calabriae.
1490 5777 1595 5832 Has
1622 5776 1725 5830 nu-

1064 426 1346 482 APPEND.
1388 425 1474 481 III.
1514 455 1583 465 —
1615 421 2045 479 HONUMENTA
2078 419 2533 498 GllECORIANAI.

3275 420 3409 477 I0l8

1782 539 1825 594 Α
1852 534 2017 591 Valde
2045 534 2344 600 Paschalis,
2373 542 2723 591 consecratur
2742 549 2957 605 quoque
2977 535 3183 602 statim,

1852 624 1911 679 In
1937 626 2117 681 verbis
2143 625 2358 695 planus,
2382 640 2479 695 per
2506 624 2735 680 Romam
2758 641 2982 695 prorsus
3002 616 3236 690 amatus,

1854 714 1998 771 Dans
2019 731 2242 787 agapem
2266 716 2547 785 grandem,
2566 717 2813 772 nutriens
2830 718 3041 787 inopes,
3068 715 3406 773 tribulantcs.

1853 805 1999 874 (865)
2026 804 2285 876 Dogmate
2311 820 2409 875 pro
2428 805 2632 860 Christi
2656 805 2885 861 certanti
2910 820 3073 876 porro
3098 804 3340 862 Matbildi

1854 894 2103 965 Signatos
2125 896 2305 965 apices
2324 895 2700 952 benedicentes
2725 896 2830 951 sibi
2857 896 3098 962 mittens,

1852 984 1975 1047 illos
2006 992 2266 1043 utmores
2288 992 2484 1050 teneat,
2508 998 2710 1053 monet,
2744 987 3063 1051 anteriores,

1854 1073 2001 1139 Quos
2029 1074 2261 1132 docuere
2286 1073 2474 1131 Patres
2502 1076 2675 1145 ipsam
2700 1077 3042 1131 vehementer
3069 1084 3313 1131 amantes

1856 1164 2207 1233 Simplicitate
2234 1162 2395 1219 Pater
2422 1165 2593 1219 sancti
2624 1164 2791 1220 Iacob
2818 1166 3157 1234 patriarchae,

1852 1249 2128 1307 Paschalis
2158 1251 2383 1321 regitur,
2414 1267 2599 1307 secum
2629 1268 2801 1323 neque
2835 1254 3061 1309 subdola
3087 1255 3293 1309 vivunt.
3334 1285 3339 1290 -

1854 1341 2138 1397 Planitiem
2166 1342 2324 1411 cujus
2343 1342 2531 1409 didicit
2557 1340 2847 1400 Guibertus
2872 1344 3168 1410 homullus,

1855 1432 1978 1487 Mox
1998 1433 2315 1487 Antichristi
2335 1429 2519 1488 sedem
2547 1434 2649 1491 sibi
2678 1435 2866 1491 tollere
2894 1436 3099 1506 gliscit;

1853 1522 1959 1589 Qui
1988 1522 2231 1580 Sutrium
2261 1524 2429 1588 venit,
2459 1524 2605 1583 cives
2633 1524 2887 1581 seducere
2910 1526 3071 1596 coepit

1856 1613 2150 1680 Romanos,
2182 1628 2378 1685 parvos
2399 1616 2681 1685 pretioque
2707 1615 2868 1669 nimis
2892 1614 3038 1686 (866)
3063 1616 3225 1670 simul
3247 1617 3413 1681 altos;

1854 1705 2029 1774 Atque
2055 1705 2199 1758 viam
2236 1705 2442 1759 domini
2465 1704 2613 1761 Petri
2630 1704 2776 1775 (867)
2805 1704 3034 1759 faciebat
3060 1704 3149 1759 hic
3174 1704 3347 1759 hostis

1853 1796 2156 1861 Custodire,
2187 1795 2336 1850 viros
2357 1796 2588 1865 spoliare
2616 1796 2816 1867 jubens
2839 1796 3169 1867 peregrinos.

1784 1864 1827 1917 Β
1852 1883 1951 1939 llic
1979 1902 2074 1955 per
2100 1884 2294 1954 viginti
2322 1864 2435 1939 tres
2462 1864 2634 1938 annos
2666 1864 2900 1954 denique
2929 1864 3132 1939 Christi

1853 1975 2150 2030 Ecclesiam
2179 1975 2302 2030 nisu
2331 1984 2445 2029 toto
2479 1975 2722 2029 turbarat
2754 1974 2996 2045 iniquus,

1852 2066 1991 2141 Dum
2018 2067 2191 2135 potuit
2220 2066 2420 2121 multos
2446 2068 2657 2120 animos
2686 2065 2943 2121 seducere
2973 2066 3188 2129 stultos,
3458 2144 3459 2147 η

1854 2154 2065 2211 Destitit
2088 2154 2275 2213 infelix
2298 2171 2600 2225 nunquam,
2629 2171 2728 2211 nec
2760 2156 2911 2227 (868)
2941 2172 3171 2226 corpora
3200 2154 3387 2219 laedit,‘

1752 2278 1759 2285 η
1854 2246 2003 2303 llﬁus
2031 2263 2262 2319 magnus
2291 2247 2527 2301 mundus
2550 2246 2664 2317 jam
2694 2246 2923 2316 despicit
2952 2254 3124 2303 actus.

1854 2337 2109 2393 Ecclesiae
2122 2346 2332 2393 cunette
2361 2337 2517 2391 Petre
2535 2337 2647 2406 jam
2672 2338 2851 2407 praebe
2871 2337 3235 2407 promoconde
3248 2336 3418 2407 (869),

1854 2427 1957 2483 Iste
1986 2442 2151 2484 senex
2182 2436 2241 2482 ut
2269 2428 2434 2481 hebes
2468 2427 2716 2481 homines
2739 2428 2884 2480 sinat
2904 2442 3026 2481 esse
3052 2427 3255 2482 ﬁdeles.

1855 2513 1983 2568 Post
2011 2530 2183 2570 annos
2206 2514 2364 2569 binos
2385 2512 2638 2569 Urbanus
2659 2523 2777 2570 erat
2803 2515 2948 2585 quod
2976 2515 3045 2570 ab
3073 2514 3178 2570 isto

1858 2606 2029 2661 Smclo
2058 2614 2324 2675 portatus,
2351 2605 2584 2675 coelique
2605 2606 2772 2661 choro
2805 2607 3075 2673 sociatus;

1856 2695 1961 2751 Iste
1986 2696 2171 2750 dolore
2202 2696 2354 2765 gravi
2380 2704 2558 2751 tactus
2579 2696 2871 2751 Guibertus
2898 2697 3075 2752 inanis

1856 2785 2096 2842 Mortuus
2116 2796 2198 2842 est
2218 2801 2402 2842 secum
2430 2796 2654 2856 portans
2680 2786 2970 2841 anathema
2990 2802 3085 2857 per
3104 2800 3312 2853 aevum;

1854 2874 2141 2947 Propterea
2171 2878 2292 2933 curii
2318 2877 2569 2948 populus,
2596 2877 2908 2947 pariterque
2931 2877 3126 2943 ﬁdelis,

1856 2966 2247 3040 Exsultentque
2268 2969 2416 3035 boni,
2449 2969 2608 3039 periit
2628 2968 2757 3038 quia
2784 2968 3103 3038 perditionis

1858 3057 2046 3123 Filius,
2082 3070 2139 3114 ut
2162 3069 2345 3131 surgat
2378 3057 2573 3114 similis
2601 3073 2711 3112 non
2732 3057 2822 3112 det
2848 3056 2993 3114 Deus
3020 3072 3281 3129 unquam.

1858 3148 2094 3205 Dictator
2118 3151 2338 3221 quidam
2367 3151 2433 3205 de
2454 3166 2563 3220 quo
2590 3159 2760 3204 metra
2788 3150 3013 3220 protulit
3040 3150 3183 3205 ista:

1856 3237 2095 3295 Fletibus
2124 3249 2177 3294 et
2198 3239 2454 3310 lacrymis
2486 3254 2658 3305 esses,
2690 3237 2967 3305 Guiberte,
2995 3237 3281 3303 dolendus,

1854 3326 2094 3384 Fletibus
2121 3340 2174 3383 et
2200 3330 2453 3399 lacrymis
2482 3328 2530 3383 si
2565 3328 2704 3383 forte
2732 3328 2877 3384 fores
2905 3327 3270 3385 redimendus.

1856 3420 1960 3474 Sed
1986 3420 2121 3474 nulli
2147 3419 2379 3491 gemitus
2401 3426 2633 3491 possunt
2658 3426 2749 3473 tua
2778 3417 2920 3475 facta
2956 3419 3127 3489 piare,

1852 3511 2025 3579 Quam
2055 3528 2203 3567 mors
2228 3528 2336 3566 non
2363 3511 2536 3581 potuit
2562 3512 2630 3566 de
2657 3511 2882 3582 perﬁdia
2910 3527 3182 3567 revocare.

1852 3601 1968 3657 Non
1998 3612 2079 3658 est
2113 3603 2404 3657 consilium
2433 3602 2581 3673 quod
2610 3602 2785 3672 possit
2808 3602 3103 3669 viviﬁcarc,

1852 3694 1931 3748 Ad
1959 3711 2018 3750 se
2044 3711 2207 3765 quem
2232 3695 2435 3764 sprevit
2462 3694 2607 3751 Deus
2635 3693 2689 3749 in
2722 3694 2885 3751 ﬁnem
2918 3711 3191 3752 revocare.

1859 3784 2050 3841 Vivens
2076 3794 2129 3840 et
2153 3786 2391 3841 moriens
2416 3787 2573 3842 nobis
2603 3788 2849 3857 exempla
2878 3787 3115 3852 dedisti,.
3232 3777 3239 3785 ’

1851 3874 2003 3939 Quod
2037 3876 2341 3930 membrum
2371 3874 2586 3931 Satanas
2618 3892 2725 3930 non
2752 3876 2823 3929 sit
2848 3875 2914 3929 de
2936 3887 3160 3944 corpore
3180 3874 3417 3942 Christi;

1852 3965 1969 4021 Non
2001 3962 2313 4033 Dominum,
2337 3968 2429 4022 sed
2456 3965 2806 4032 daemonium,
2830 3966 3021 4022 vivens
3042 3966 3310 4035 habuisti;

1850 4056 1968 4111 Non
1990 4057 2300 4121 Dominum,
2331 4056 2427 4111 sed
2448 4057 2799 4125 daamonium,
2828 4058 3069 4114 moriens
3090 4058 3346 4114 habuisti.

1849 4146 1988 4217 Ergo
2014 4148 2147 4202 satis
2180 4146 2349 4203 claret
2376 4149 2522 4219 quod
2548 4149 2645 4220 qui
2671 4159 2766 4205 tua
2794 4149 2935 4205 facta
2971 4158 3287 4219 sequentur,

1847 4235 1952 4293 Pro
1978 4238 2139 4294 simili
2168 4240 2325 4311 culpa
2357 4241 2520 4296 simili
2553 4241 2734 4310 gladio
2756 4241 3036 4294 ferientur.

2210 4422 2218 4430 ί
2430 4352 2658 4407 CAPUT
2694 4352 2829 4407 xm.

1920 4442 1995 4496 De
2021 4443 2165 4496 obitu
2206 4440 2478 4497 Chonradi
2506 4444 2640 4513 regis
2673 4453 2725 4497 et
2757 4443 3027 4499 obsidione
3058 4442 3342 4501 Ferraria'.
3388 4520 3403 4527 υ

1779 4529 1823 4583 D
1851 4553 2101 4609 Scribere
2131 4570 2215 4609 res
2244 4538 2423 4625 gestas
2453 4569 2575 4608 cum
2607 4570 2714 4610 non
2744 4556 2816 4611 sit
2850 4573 2938 4612 res
2969 4557 3253 4613 inhonesta
3279 4575 3295 4621 ;

1849 4646 2079 4703 Carmen
2104 4647 2289 4702 adesto
2312 4662 2493 4701 meum
2514 4647 2613 4715 sic,
2642 4664 2710 4704 ne
2738 4662 2956 4719 promas
2983 4650 3090 4703 nisi
3116 4662 3324 4701 verum.

1846 4805 1986 4873 ptias
2015 4804 2183 4857 abbas
2212 4803 2374 4858 etiam
2412 4803 2767 4875 Uspcrgensis
2806 4801 3412 4875 commemorat,_iguo-

1845 4869 1994 4928 rasse
2016 4884 2196 4928 autem
2219 4875 2431 4929 videtur
2451 4869 2799 4929 doctissimus
2826 4871 2909 4925 vir
2936 4869 3187 4927 Bocchus
3221 4869 3421 4929 Pii-rus.

1846 4946 1900 4998 in
1922 4945 2271 5014 chronologia
2298 4960 2484 5014 regum
2502 4942 2729 5014 Sicilia).
2769 4940 2911 5014 Mus.
3073 4988 3079 4994 .

1916 5014 2062 5083 (864)
2104 5012 2148 5067 A
2174 5012 2410 5083 decreuio
2433 5027 2451 5064 :
2498 5012 2601 5066 hoc
2639 5020 2741 5075 est,
2774 5012 2983 5083 nullum
3024 5012 3411 5083 detrimentum

1842 5080 2001 5202 $353
2026 5080 2107 5138 est
2121 5083 2347 5202 aberas
2363 5080 2621 5138 Romana:
2642 5083 2807 5149 sedis,
2830 5080 3047 5139 Urbano
3067 5081 3110 5133 II
3141 5080 3195 5135 in
3217 5082 3412 5141 eadem

1938 5163 2077 5202 entc.
2175 5167 2260 5202 UR.

1842 5154 2077 5208 sedente.
2121 5154 2260 5204 Mus.

1934 5222 2058 5287 865)
2096 5220 2318 5288 B_aron.,
2351 5228 2483 5274 tom.
2508 5220 2624 5288 XII,
2653 5238 2779 5277 ann.
2806 5221 3126 5287 1100,num‘.
3165 5220 3217 5274 7.
3253 5220 3399 5274 Lais.

1934 5223 2058 5287 865)
2096 5223 2318 5284 Baron.,
2351 5228 2483 5274 tom.
2508 5223 2624 5288 XII,
2653 5238 2779 5277 ann.
2806 5223 3126 5287 ιίοοωυωη.
3165 5223 3217 5274 7.
3253 5223 3399 5274 Lais.

1911 5223 2057 5359 i866)
2097 5283 2195 5343 Ms.
2222 5291 2341 5344 cod.
2369 5290 2615 5361 Regieng
2641 5292 2922 5361 pretioque,
2954 5291 3135 5356 minis,
3160 5288 3405 5345 videlicet

1840 5366 1952 5411 tum
1983 5360 2231 5425 pecunia,
2266 5369 2381 5415 tum
2410 5360 2591 5414 minis.
2629 5360 2771 5413 Mea.

1839 5497 1887 5552 Μ
1910 5426 2057 5502 (867)
2092 5429 2235 5485 Idem
2278 5431 2423 5495 cod.,
2477 5430 2691 5497 ἀσπιρηί
2742 5428 2911 5496 Petri,
2942 5430 3053 5485 hoc
3087 5435 3171 5482 est
3196 5426 3397 5479 domui.

1896 5516 1980 5552 un.

1896 5516 1980 5555 UII.

1909 5569 2055 5639 (868)
2090 5569 2222 5622 Cod.
2252 5575 2397 5639 ant.,
2422 5584 2575 5639 nunc.
2616 5566 2764 5623 Lars.

1910 5632 2118 5693 Habent
2151 5646 2204 5691 et
2233 5638 2403 5692 nostri
2445 5638 2659 5694 codices
2685 5654 2851 5701 nunc;
2885 5651 3075 5705 nempe
3104 5633 3233 5703 quia
3263 5632 3391 5686 sui»

1817 5709 1977 5776 (latus
2001 5723 2031 5759 e
2066 5706 2223 5776 vivis.
2270 5707 2413 5776 Mea.

1908 5777 2052 5849 (869)
2088 5775 2143 5829 Id
2172 5784 2262 5839 est
2288 5773 2530 5848 claviger.
2564 5776 2708 5831 [λείη.
