3944 6422
794 20 925 49 ΪἹΕἿ
960 20 983 31 ’⁵
1044 22 1053 31 ¹
1090 22 1139 41 -ι-
1220 24 1505 41 τη-,Ἵ-κγ
1550 34 1645 39 ..γ

508 423 645 479 1055

515 536 613 604 Te,
646 534 927 590 Bcnedicte
946 531 1130 596 Pater,
1164 526 1400 585 moriens
1432 527 1545 580 haec
1571 534 1725 579 curat
1756 540 1864 579 am:
1895 540 1959 587 'e,

511 625 941 692 Cmnobiumque
972 619 1120 690 (925)
1155 627 1307 672 tuum
1339 617 1543 671 ditatur
1563 629 1787 683 corpore
1806 616 1993 683 cujus;

508 715 608 772 Cui
635 724 792 786 prece
823 712 1133 767 demonstra
1158 707 1282 762 οωιί
1304 719 1633 776 cognoscere
1656 712 1858 772 portas.

508 804 567 859 lu
591 816 818 858 numero
841 799 1015 870 major
1038 794 1392 859 duodenario,
1427 792 1607 858 Petre,
1628 789 1821 847 Pastor

509 894 607 949 Cui
638 890 866 963 propria;
892 897 1093 944 sortem
1121 885 1328 940 telluris
1355 882 1593 959 subdidit
1619 891 1836 937 omnem
1876 900 1888 934 :

512 981 708 1035 Valvas
740 990 800 1033 tu
836 976 985 1048 regni
1013 973 1114 1029 sibi
1142 980 1385 1043 prompte
1412 969 1587 1042 pande
1609 970 1858 1040 superni;

515 1069 695 1126 Edidit
712 1068 829 1123 hac
849 1066 1019 1121 aedem
1042 1063 1159 1129 tibi,
1196 1061 1414 1127 Jacobe,
1445 1074 1679 1129 cumque
1700 1059 1924 1128 jaceret,

517 1158 805 1229 Speremus
830 1154 1096 1226 quamvis,
1122 1152 1267 1222 quod
1287 1151 1358 1206 ob
1372 1152 1479 1204 hoc
1512 1148 1685 1217 ipsam
1711 1148 1845 1201 bene
1867 1145 2069 1211 sancis,

515 1244 744 1299 Maxime
776 1257 900 1297 cum
935 1242 1117 1296 laetum
1141 1240 1211 1294 sit
1249 1253 1409 1308 passa
1447 1236 1593 1306 (926)
1620 1243 1769 1289 tuum
1794 1249 1959 1303 prope
1990 1231 2070 1286 fe-

1796 1323 1963 1396 [stum
1985 1343 1996 1376 :

517 1424 589 1479 Ut
615 1431 797 1477 tamen
830 1434 1088 1479 accurras
1112 1418 1214 1472 sibi
1240 1417 1516 1487 poscimus
1543 1425 1666 1470 ante
1691 1413 1944 1469 tribunal.

522 1510 712 1566 Pastor
732 1506 978 1578 Apolloni
1005 1504 1302 1561 Mathildim
1342 1518 1595 1573 spernere
1629 1502 1759 1567 noli,
1843 1506 1851 1513 '
1941 1497 1944 1500 ’

520 1600 602 1656 Sit
636 1600 763 1655 licet
807 1599 1069 1668 injustam
1099 1594 1244 1665 quod
1280 1594 1502 1664 respicit
1547 1592 1694 1663 (927)
1742 1591 1859 1661 ipsa
1894 1590 2074 1660 sepul-

1802 1678 1917 1749 [cru
1926 1694 1975 1733 In
1991 1719 2006 1744 ,

521 1777 676 1843 Quod
704 1784 796 1830 tua
818 1774 920 1829 fert
940 1774 1103 1839 aedes,
1133 1788 1249 1842 quo
1271 1781 1453 1842 patres
1477 1772 1595 1840 ejus
1618 1770 1896 1824 inhaerent.

1462 413 1551 469 AD
1585 411 1811 467 OPERA
1854 412 1908 466 S.
1950 408 2272 465 tiRl‘lGOlill
2307 406 2744 461 AI’PENDICL'S.

2099 526 2141 579 Λ
2169 521 2187 572 l
2216 520 2356 574 aruit
2386 521 2437 573 in
2460 519 2621 572 terris
2641 518 2804 571 nimis
2832 517 2941 570 hazc.
2981 517 3033 570 in
3062 532 3286 597 corpore
3317 533 3546 573 \‘t'l‘saﬂs
3570 536 3586 572 :

3599 406 3621 458 ί
3633 402 3754 460 056

2174 609 2277 663 κὐε
2297 610 2400 664 sibi
2431 625 2571 663 nunc
2601 623 2787 663 omnes
2817 607 3250 678 requici'porgitc
3270 616 3490 663 sortem.

2387 699 2572 753 Amen.

2277 852 2509 921 Explirit
2546 865 2755 905 carmen
2785 854 2967 905 mortis
3000 853 3281 923 comitissw
3324 852 3624 907 Mathildis.

2240 935 2577 1017 EXBORTATID
2614 977 2819 1017 ωεςῑειι
2870 978 2936 1016 DE
2978 978 3220 1017 ADVEN'I'U
3269 974 3630 1019 Dll‘Ilu'l'OlllS

2776 1047 2845 1085 ΕΤ
2884 1047 3110 1085 ΒΕΕΙΝᾹΞ.

2171 1140 2574 1207 Pelletimorcs,
2592 1156 2701 1195 non
2727 1149 2782 1195 et
2813 1142 3071 1207 honores,
3102 1142 3328 1197 candida
3362 1141 3522 1197 Petra
3560 1142 3750 1213 (928).

2174 1228 2434 1305 Tempora
2458 1231 2662 1285 dudum
2684 1246 2941 1300 prospera
2960 1233 3191 1285 multum
3212 1233 3333 1287 laeta
3356 1232 3593 1295 feret-as.

2174 1318 2366 1389 Magna
2390 1318 2662 1374 Mathildis
2691 1321 2836 1389 quod
2873 1321 2968 1374 tibi
3000 1321 3173 1386 finxit,
3209 1331 3451 1392 tempore
3489 1323 3674 1376 multo

2175 1409 2240 1463 Et
2261 1410 2531 1479 genitores
2561 1410 2849 1465 nobiliores
2870 1411 3042 1489 ipsius
3064 1413 3207 1466 ultro

2177 1500 2251 1554 Te
2273 1509 2639 1570 peraniarunt,
2670 1509 2722 1555 et
2746 1500 3082 1556 fabricarum
3103 1501 3333 1571 denique
3359 1502 3526 1566 celse;

2176 1589 2463 1659 Progenies
2490 1606 2609 1659 qua:
2627 1591 2739 1659 jam
2761 1591 3126 1660 requiescens,
3158 1592 3317 1645 desiit
3344 1607 3485 1647 csse.

2176 1680 2434 1751 Plangere
2464 1695 2638 1745 cessa,
2662 1674 2854 1751 gaudia
2878 1691 3081 1749 specta,
3117 1681 3289 1736 stabis
3314 1683 3570 1746 honeste;

2176 1769 2357 1826 Caesar
2380 1770 2631 1843 honorat,
2668 1780 2827 1841 teque
2862 1772 3100 1837 decorat,
3134 1773 3211 1829 sis
3231 1788 3330 1827 sua
3363 1789 3597 1843 semper.

520 1839 615 1921 .‘ist
646 1866 812 1919 altare
848 1873 997 1918 tuum
1033 1839 1212 1917 tamen
1242 1839 1357 1916 haec
1389 1839 1560 1916 coluit
1589 1860 1717 1930 quia
1753 1860 2004 1923 multum,
2058 1839 2073 1859 ’
2107 1850 2150 1904 Β
2176 1859 2433 1929 Plangere
2455 1840 2585 1925 noli,
2610 1839 2823 1915 culmen
2846 1860 3070 1913 honoris
3098 1859 3155 1913 tu
3182 1860 3453 1925 retinebis,

521 1958 658 2010 Ante
680 1955 823 2024 pium
850 1954 1030 2023 regem
1050 1953 1263 2007 veniam
1287 1952 1389 2007 sibi
1414 1966 1576 2020 posce
1598 1951 1840 2004 libenter.

525 2043 687 2113 \‘irgo
715 2042 880 2095 Maria
909 2041 1002 2095 Dei
1033 2041 1284 2110 genitrix,
1313 2040 1599 2109 noctisque
1625 2039 1729 2093 diei

508 2130 647 2185 .llaee
677 2130 862 2184 audire
898 2138 1049 2183 tuum
1073 2144 1182 2184 non
1207 2128 1411 2183 destitit
1438 2127 1693 2191 cilicium,
1718 2142 1861 2180 nunc

526 2219 632 2273 Fac
661 2229 719 2273 ut
750 2228 799 2273 te
823 2217 1018 2283 videat,
1041 2218 1139 2273 tibi
1166 2217 1383 2283 serviat,
1413 2213 1472 2271 et
1493 2232 1652 2286 super
1683 2217 1851 2270 aethra

526 2306 806 2372 Omnibus,
832 2310 887 2362 in
909 2308 1059 2364 coelis
1087 2308 1391 2362 habitacula
1414 2307 1505 2376 qui
1542 2307 1803 2371 retinetis,

2180 1949 2297 2003 Alta
2318 1948 2589 2003 Mathildis
2620 1958 2830 2004 mortua
2859 1945 3014 2016 vivit,
3059 1950 3361 2019 splendida,
3383 1949 3509 2004 felix
3542 1967 3558 1999 :

2177 2035 2308 2102 Qum
2337 2052 2475 2091 nova
2497 2046 2668 2092 mater
2702 2054 2866 2109 regna
2887 2038 3065 2103 beata,
3094 2046 3253 2108 teque
3272 2040 3474 2105 beabit,

2180 2125 2274 2180 Est
2298 2142 2468 2195 super,
2483 2128 2626 2182 illam
2652 2138 3129 2182 commemoratam
3162 2130 3379 2184 nomine
3400 2130 3544 2183 talis.

2183 2215 2413 2270 Cmsaris
2442 2218 2625 2272 hostes
2654 2218 2761 2273 sint
2797 2219 2983 2286 procul
3009 2226 3222 2285 omnes,
3248 2219 3363 2288 ipse
3385 2220 3579 2273 bectur

2183 2306 2248 2360 Et
2275 2322 2370 2360 sua
2397 2308 2595 2375 conjux
2619 2306 2819 2377 fulgida
2849 2324 3075 2376 prorsus
3101 2310 3247 2361 vivat
3272 2307 3326 2361 in
3347 2324 3543 2363 :evum.

1247 2446 3741 2479 __—-——————-——-———-—--—-————-—-——-—-—————-q,

1090 2589 1709 2681 CHARTULA
1779 2589 2437 2679 COMITISSIE
2510 2540 2885 2683 ΜΑἹἮΙ
2909 2567 3166 2684 LDiS

1038 2779 1237 2855 Super
1274 2776 1661 2836 concessione
1709 2775 2012 2837 bonorum
2064 2793 2319 2838 suorum
2361 2780 2531 2857 facta
2585 2780 2873 2841 Romam:
2915 2782 3225 2848 Ecclesia.

601 3071 657 3125 ln
680 3068 895 3124 nomine
916 3074 1115 3123 sanctae
1135 3074 1189 3120 et
1210 3064 1496 3119 individua:
1518 3062 1819 3130 Trinitatis,
1851 3079 1993 3119 anno
2014 3064 2087 3119 ab
2115 3072 2155 3128 (1
2192 3065 2332 3135 gari.
2360 3062 2466 3119 Sed
2488 3064 2616 3134 quia
2663 3066 2925 3121 chartula
2941 3083 3212 3139 nusquam
3240 3082 3481 3141 apparet,
3505 3085 3559 3131 ei
3591 3076 3766 3140 timeo

534 3160 904 3232 incarnatione
926 3156 1141 3212 Domini
1157 3156 1327 3212 nostri
1348 3153 1475 3210 Jesu
1504 3154 1705 3210 Christi
1732 3154 1885 3219 H02,
1900 3155 2089 3224 quinto

537 3249 745 3305 decimo
767 3248 853 3303 die
874 3246 991 3300 Kal.
1020 3245 1345 3309 Decembris,
1367 3243 1657 3300 indictione
1680 3244 1905 3299 decima.
1926 3243 2088 3298 Tem-

536 3348 667 3409 pere
699 3335 883 3392 domui
918 3334 1162 3405 Gregorii
1212 3333 1425 3402 septimi
1460 3347 1609 3401 papa:
1647 3334 1702 3385 in
1741 3332 2093 3386 Lateranensi

537 3428 756 3502 palatio,
783 3428 837 3480 in
870 3426 1075 3496 capella
1097 3422 1307 3478 Sancta:
1334 3421 1545 3487 Crucis,
1572 3423 1625 3475 in
1648 3422 1927 3490 praesentia
1950 3420 2090 3474 Cen-

539 3520 608 3573 cii
636 3517 994 3587 Frangipane,
1019 3509 1283 3579 Gratiani,
1305 3512 1489 3568 Cencii
1522 3509 1830 3566 Fra'nculini
1851 3518 1905 3565 et
1928 3510 2089 3565 Albe-

540 3609 639 3662 rici
660 3608 726 3662 de
745 3607 908 3660 Petro
929 3605 1126 3669 Leone,
1148 3613 1201 3657 et
1228 3603 1548 3668 Beniucasa,
1566 3601 1749 3656 fratris
1768 3602 1885 3671 ejus
1907 3598 2093 3655 Uberti

541 3697 606 3751 de
631 3695 846 3760 Tuscia,
872 3701 927 3747 et
950 3694 1180 3747 aliorum
1223 3693 1479 3761 plurium.
1516 3692 1633 3762 Ego
1673 3691 1968 3756 Mathildis,
1998 3678 2094 3746 Dei

549 3786 748 3855 gratia,
783 3782 1078 3847 comitissa,
1117 3797 1216 3851 pro
1243 3780 1481 3835 remedio
1521 3781 1716 3833 animae
1744 3795 1877 3834 mea:
1905 3789 1968 3833 et.
1997 3796 2093 3848 pa-

506 3916 510 3921 .
545 3883 760 3930 rentum
784 3888 1024 3928 meorum
1065 3874 1186 3928 dedi
1210 3884 1261 3927 et
1291 3872 1459 3927 obtuli
1487 3870 1726 3925 ecclesia:
1755 3869 1934 3926 Sancti
1956 3871 2099 3931 Petri

544 3979 643 4035 per
666 3965 1025 4017 interventum
1048 3961 1231 4015 domui
1244 3950 1482 4031 Gregorii
1495 3958 1745 4029 papaeVll
1765 3960 1943 4014 omnia
1959 3961 2098 4015 bona

547 4068 688 4121 mea,
734 4052 855 4122 jure
896 4049 1252 4120 proprietario
1290 4056 1398 4102 tam
1445 4063 1566 4117 quae
1613 4057 1743 4103 tunc
1782 4048 2096 4116 habueram,

542 4159 704 4214 quam
735 4158 797 4198 ea
833 4158 955 4213 qua:
992 4141 1047 4195 in
1080 4149 1238 4195 antea
1278 4139 1608 4209 acquisitura
1641 4154 1811 4206 eram,
1838 4141 1949 4194 sive
1975 4141 2098 4209 jure

545 4234 928 4298 successionis,
950 4231 1061 4287 sive
1093 4232 1199 4284 alio
1227 4245 1551 4300 quocunque
1577 4230 1700 4298 jure
1729 4230 1797 4284 ad
1824 4246 1910 4285 me
1933 4231 2099 4299 perti-

544 4330 694 4386 nent,
736 4329 791 4375 et
819 4331 930 4375 tam
961 4334 1047 4385 ea,
1082 4335 1204 4387 quae
1237 4334 1303 4371 ex
1344 4318 1446 4372 hac
1466 4326 1615 4387 parte
1647 4319 1911 4372 montium
1933 4319 2098 4373 habe-

551 4406 700 4471 bam,
748 4422 913 4474 quam
947 4407 1039 4459 illa
1069 4421 1189 4473 qua:
1230 4406 1286 4459 in
1321 4408 1735 4463 ultramontanis
1764 4409 2007 4477 partibus
2031 4409 2098 4463 ad
2130 4395 2173 4448 ι)

551 4510 636 4550 me
675 4497 944 4565 pertinere
989 4494 1326 4558 videbantur,
1363 4498 1543 4550 omnia
1573 4499 1726 4553 sicnt-
1759 4500 1964 4554 dictum
1993 4510 2094 4567 est,

550 4602 645 4655 per
682 4601 904 4641 manum
936 4584 1141 4639 domini
1162 4583 1404 4657 Gregorii
1438 4585 1527 4638 VII
1552 4603 1704 4657 papae
1723 4588 1980 4645 Romana:
1999 4590 2102 4645 Ec-

550 4676 726 4730 clesize
773 4674 894 4730 dedi
943 4681 997 4727 et
1039 4672 1254 4737 tradidi,
1282 4681 1337 4726 et
1373 4673 1674 4728 chartulam
1709 4676 1831 4729 inde
1865 4675 1979 4729 ﬁeri
2008 4692 2101 4730 ro-

623 4782 771 4852 (925)
795 4781 1013 4837 Scilicet
1040 4779 1459 4852 Padolironense
1483 4779 1665 4852 Sancti
1684 4781 1985 4852 Benedicti,
2011 4784 2102 4837 ubi

500 4863 509 4879 ν
553 4849 727 4969 Vinio
755 4852 1074 4931 tumulatum
1100 4849 1218 4917 ejus
1238 4864 1455 4918 corpus,
1478 4859 1593 4904 tum
1610 4850 1732 4903 inde
1755 4851 1856 4904 sub
1884 4849 2103 4905 Urbano

603 4915 669 4968 Ill
698 4920 947 4969 pontiﬁce
986 4916 1212 4969 Romam
1258 4920 1599 4969 translatum.
1636 4918 1773 4969 Cum
1821 4920 1998 4969 adhuc
2036 4920 2102 4969 ad

603 4915 669 4968 Ill
698 4920 947 4984 pontiﬁce
986 4915 1212 4972 Romam
1258 4915 1599 4973 translatum.
1636 4918 1773 4971 Cum
1821 4920 1998 4973 adhuc
2036 4920 2103 4973 ad

557 4982 935 5063 ejus
976 4987 1513 5063 tum_ulus_inta.ctus
1557 4995 1914 5056 permaneret,
1960 5003 2106 5063 anno

560 5050 938 5126 lbi3,_die_’_22
970 5050 1139 5118 Junii,
1183 5050 1648 5126 utiiscriptum'eo
1677 5050 1918 5124 tempore
1958 5057 2106 5113 inve-

558 5121 669 5183 nio,
698 5120 806 5172 dux
832 5118 1151 5175 Mantua-nus
1170 5118 1483 5178 curiositate
1509 5126 1703 5179 ductus
1738 5118 1919 5179 arcam
1954 5126 2103 5181 fran-

559 5189 611 5267 gi
628 5187 810 5256 jussit.
850 5185 1035 5279 Visum
1063 5188 1134 5240 ibi
1168 5191 1363 5243 nobilis
1410 5207 1479 5279 ac
1496 5195 1871 5279 celeberrima:
1901 5196 2103 5279 viragi-

557 5258 644 5311 nis
675 5270 871 5323 corpus
915 5258 1201 5323 integrum,
1241 5272 1304 5311 os
1336 5267 1600 5324 apertum,
1630 5261 1881 5316 dentibus
1914 5258 2103 5318 candi-

556 5323 816 5386 dissimis,
843 5332 897 5378 et
921 5323 1068 5377 nullo
1086 5339 1152 5377 ex
1185 5324 1264 5379 eis
1285 5323 1533 5379 excusso.
1583 5325 1925 5383 Sudariolum
1949 5333 2102 5386 faciei

557 5393 887 5475 impositum,
911 5392 997 5446 vix
1016 5393 1275 5475 inanibus
1316 5402 1724 5475 contrectatam,
1754 5396 1806 5475 in
1831 5399 2102 5475 pulverem

560 5460 710 5534 abiit.
741 5460 1127 5534 Ornamentum
1150 5476 1279 5534 vero
1310 5463 1501 5529 capitis
1530 5460 1918 5534 incorruptum,
1948 5468 2107 5534 quale

560 5528 617 5584 in
644 5530 761 5599 ejus
785 5532 1008 5601 picturis
1029 5529 1286 5596 cernitur,
1310 5528 1667 5601 ac’przecipue
1694 5528 1856 5601 super
1890 5528 2102 5588 Padoli-

583 5612 786 5668 pnense
813 5600 1137 5668 sepulcrum,
1160 5608 1213 5653 et
1236 5600 1375 5668 apud
1406 5602 1746 5656 marchiones
1764 5600 2104 5658 ’Canossinos

564 5661 851 5736 Begienses
873 5661 1153 5738 patricios.
1192 5661 1330 5724 Μιίῐξ.

2192 3169 2257 3208 ne
2318 3155 2536 3235 donatio
2568 3163 2623 3209 et
2665 3155 2868 3223 oblatio
2911 3171 3030 3211 mea
3067 3158 3122 3212 in
3164 3160 3388 3216 dubium
3429 3177 3761 3237 revocetur;

2192 3244 2311 3298 ideo
2342 3259 2463 3313 ego,
2500 3258 2621 3313 quae
2661 3260 2844 3314 supra,
2884 3247 3160 3303 comitissa
3183 3249 3457 3319 Mathilda,
3487 3254 3690 3313 iterum
3731 3277 3764 3315 a

2191 3333 2443 3401 praesenti
2474 3333 2562 3388 die
2587 3334 2729 3390 dono
2755 3343 2810 3390 et
2847 3335 3015 3391 oti'ero
3045 3338 3217 3393 cidem
3272 3340 3528 3400 Romanae
3562 3345 3765 3404 Eccle-

2191 3426 2285 3480 sia:
2314 3440 2409 3495 per
2448 3441 2670 3481 manum
2706 3426 2967 3504 Bernardi
2996 3432 3287 3489 cardinalis
3322 3443 3376 3490 et
3412 3437 3573 3509 legati
3607 3442 3760 3511 ejus-

2190 3518 2311 3572 dem
2348 3516 2606 3592 Roqmanae
2630 3517 2917 3586 Ecclesiae,
2961 3522 3099 3577 sicut
3125 3523 3179 3577 in
3213 3525 3305 3580 illo
3341 3535 3585 3598 tempore
3606 3533 3766 3598 dedi,

2190 3623 2286 3675 per
2316 3623 2534 3683 manum
2570 3609 2773 3663 domini
2804 3609 3068 3689 Gregorii,
3096 3616 3279 3690 omnia
3309 3617 3449 3670 bona
3473 3635 3614 3685 mea,
3641 3631 3768 3678 tam

2192 3712 2312 3764 quae
2336 3712 2483 3751 nunc
2507 3697 2699 3763 habeo,
2737 3714 2900 3767 quam
2926 3716 3049 3769 quae
3071 3702 3121 3756 in
3151 3708 3451 3774 poSterum,
3475 3707 3587 3763 Deo
3623 3728 3765 3781 pro-

2192 3784 2343 3851 pitio,
2371 3784 2702 3853 acquisitura
2738 3803 2879 3853 sum,
2908 3798 2962 3842 et
2984 3798 3092 3843 tam
3114 3807 3176 3845 ea
3199 3804 3320 3861 quae
3350 3810 3418 3849 ex
3449 3798 3552 3854 hac
3600 3812 3767 3869 parte
3850 3820 3857 3827 '

2196 3874 2481 3942 montium,
2524 3892 2687 3946 quam
2719 3878 2773 3931 in
2810 3879 3230 3937 ultramontanis
3269 3887 3514 3952 partibus
3558 3891 3765 3958 habeo,

2195 3978 2356 4031 quam
2402 3981 2522 4042 qua:
2561 3966 2615 4020 in
2654 3978 2951 4037 posterum,
2984 3970 3094 4027 Deo
3136 3975 3386 4044 propitio,
3418 3982 3766 4049 acquisitura

2196 4068 2315 4107 sum
2342 4056 2448 4110 alio
2478 4073 2800 4129 quocunque
2831 4061 2982 4130 jure,
3019 4078 3117 4131 pro
3152 4068 3397 4122 mercede
3429 4078 3483 4124 et
3513 4074 3765 4131 remedio

2196 4144 2389 4201 animae
2408 4162 2540 4201 meae
2567 4150 2619 4203 et
2654 4160 2939 4218 parentum
2970 4168 3243 4208 meorum;
3278 4156 3409 4222 Quae
3436 4152 3616 4216 autem
3647 4164 3765 4220 ista

2197 4251 2316 4289 mea
2346 4236 2486 4292 bona
2504 4239 2643 4308 juris
2662 4241 2772 4295 mei
2794 4243 3045 4312 superius
3079 4245 3244 4311 dicta,
3281 4264 3387 4302 una
3414 4266 3539 4305 cum
3570 4270 3768 4310 acces-

2197 4322 2472 4391 sionibus,
2494 4320 2589 4381 seu
2610 4342 2735 4382 cum
2764 4331 3137 4398 superioribus
3170 4343 3226 4388 et
3252 4335 3603 4395 inferioribus
3633 4357 3766 4398 suae

2196 4427 2339 4478 rum,
2363 4415 2594 4482 qualiter
2616 4431 2778 4484 supra
2802 4418 2975 4488 legavi
2999 4419 3172 4489 (929),
3202 4422 3257 4474 in
3281 4422 3573 4492 integrum,
3597 4429 3667 4482 ab
3688 4444 3764 4484 ea

2197 4500 2305 4565 die,
2331 4501 2386 4554 in
2410 4504 2597 4557 eadem
2623 4506 2852 4559 ecclesia
2894 4508 3062 4572 dono,
3097 4517 3152 4561 et
3196 4509 3384 4577 oﬂ'ero,
3409 4521 3463 4567 et
3498 4529 3598 4583 per
3622 4533 3767 4586 pra:-

2201 4597 2405 4677 sentem
2418 4592 2719 4646 chartulam
2737 4594 3036 4650 offertionis
3062 4596 3260 4652 ibidem
3280 4598 3581 4659 habendam
3605 4606 3760 4677 (930)

2201 4676 2479 4731 conﬁrmo.
2524 4678 2757 4747 Insuper
2794 4695 2889 4750 per
2930 4684 3226 4751 cultellum,
3276 4687 3538 4747 festucam
3585 4676 3763 4751 nuda?-

2237 4785 2419 4865 .(926)
2454 4786 2674 4858 Corrige
2705 4805 2771 4844 ex
2814 4794 3015 4849 nostris
3052 4797 3330 4855 codicibus
3358 4820 3370 4855 :
3394 4802 3525 4858 Cum
3554 4785 3760 4861 Icilium

2237 4862 2271 4906 ιι
2292 4871 2467 4907 nassa.
2493 4855 2542 4907 Μ
2548 4873 2634 4907 un.

2202 4870 2271 4906 su
2291 4871 2467 4922 passa.
2493 4870 2634 4911 mult.

2238 4921 2601 5010 lgﬁiﬂj‘tlcd;
2635 4926 2789 5010 apt-.3.
2816 4933 3028 5000 respuit.
3073 4931 3364 5010 _Displicuit
3410 4939 3619 5010 scilicet
3651 4954 3760 4997 au-

2204 4992 2337 5044 ctori
2354 4994 2523 5073 _quod
2551 4992 2822 5053 Mathildis
2846 4992 2906 5055 se
2938 5015 3046 5056 non
3070 4992 3231 5071 jussit
3254 5006 3308 5059 in
3332 5022 3455 5060 arce
3476 4992 3760 5077 Canusina

2204 5061 2436 5129 sepeliri.
2470 5060 2618 5117 Lam.
3541 5108 3549 5113 -

2233 5076 2436 5117 eneuri.
2470 5076 2618 5117 LEIB.
3486 5076 3493 5077 ⁷
3541 5108 3549 5113 -

2275 5128 2513 5211 (928)..Ιά
2541 5143 2623 5187 est
2640 5134 2909 5211 _(_Janossa,
2934 5153 3030 5211 seu
3057 5138 3376 5211 Canusium,
3407 5155 3503 5196 arx
3529 5141 3760 5205 fundata

2203 5214 2366 5284 super
2379 5201 2585 5284 silicem
2606 5201 2948 5284 albi-cantem.
2969 5206 3094 5284 Ilaec
3117 5214 3296 5284 autem
3317 5201 3520 5284 Donizo
3538 5201 3754 5284 scribit:

2202 5271 2330 5352 quia
2356 5284 2498 5352 anno
2532 5271 2678 5352 ii
2704 5272 3040 5352 llen‘ricusj’
3071 5274 3124 5352 in
3162 5271 3755 5352 Italiamiieseendelts;

2202 5344 2367 5408 totam
2398 5339 2502 5392 sibi
2536 5340 2780 5394 attribuit
2812 5341 3173 5394 haereditatem
3209 5345 3501 5403 comitissae
3530 5339 3751 5408 Metilii—3

2202 5404 2313 5475 (iis,
2336 5414 2496 5475 atque
2523 5407 2663 5461 inter
2691 5417 2882 5463 caetera
2908 5410 3079 5475 ipsam
3100 5408 3415 5468 Canossam.
3444 5416 3587 5473 Men.

2272 5474 2418 5558 (9‘29)
2449 5474 2698 5558 Vulgaris
2722 5490 2907 5558 eorum
2931 5474 3229 5558 tempcrum
3252 5480 3485 5558 formula
3509 5499 3594 5541 est
3607 5506 3752 5558 gua-

2203 5537 2515 5622 Iilerjnitpra
2539 5537 2733 5622 (agitur
2748 5551 2959 5622 ;_alq_uc
2984 5537 3054 5622 ita
3083 5546 3172 5622 hic
3201 5537 3747 5612 scribendumTﬁ-uh.

2276 5609 2425 5680 (93D)
2465 5610 2521 5662 In
2549 5609 2811 5680 ejusmodi
2855 5609 3052 5669 chartis
3086 5617 3374 5673 habendum
3419 5624 3618 5679 usitata

2208 5679 2537 5731 notariorum
2567 5679 2813 5733 formula.
2846 5680 2985 5738 Mt‘n.
