3944 6390
182 399 324 453 1057

1075 409 1358 468 APPEND.
1402 415 1485 469 Ill.
1524 447 1593 456 —
1626 413 2052 474 MONUMENTA
2083 420 2543 478 CREGORIANA.

3272 433 3400 489 {033

179 519 320 576 tam,
348 516 666 584 gantonem'
693 518 838 589 (931)
867 531 920 574 et
961 519 1439 610 vascionem.(95.2)
1486 536 1660 592 terrae,
1684 539 1758 582 at-
1788 533 1829 586 .\
1859 530 1981 584 timi‘
2012 532 2176 586 libras
2218 534 2391 600 mille;
2435 510 2640 605 argenti
2665 536 2915 606 'pondera
2953 548 3184 609 quatuor
3214 543 3398 613 millia,

176 617 288 667 que
316 618 544 661 ramum
575 609 786 664 arboris
813 611 982 682 (933),
1010 620 1065 665 et
1095 628 1181 668 me
1202 603 1395 672 exinde
1420 615 1752 689 forasexpu-

174 691 234 756 li,
274 696 498 766 garpivi
535 699 718 769 (934),
756 709 810 755 et
841 701 1118 756 absentem
1156 717 1242 758 me
1275 703 1407 771 feci,
1439 716 1492 761 et
1536 724 1566 761 a
1603 706 1754 778 parte

172 783 360 851 ipsius
425 787 682 869 Ecclesiae
719 777 1020 846 habendam
1077 794 1224 864 (955)
1282 798 1494 867 reliqui,
1548 799 1749 854 facien-’

169 873 310 929 dum
368 871 526 948 (936)
570 877 763 935 exinde
805 896 934 951 pars
971 882 1142 952 ipsius
1188 883 1442 960 Ecclesite
1474 889 1679 944 dederit
1719 908 1749 945 a

168 970 446 1034 praesenti
488 969 576 1025 die
603 973 865 1042 quidquid
894 973 1144 1041 Voluerit,
1191 977 1308 1043 sine
1341 979 1488 1032 omni
1546 995 1664 1034 mea
1697 990 1752 1036 et
1783 1010 1793 1014 ~-

168 1056 468 1118 hazredum
501 1073 565 1116 ac
608 1062 985 1132 prohzeredum
1024 1078 1267 1140 meorum
1303 1069 1746 1133 contradictione.

169 1148 229 1203 Si
269 1149 416 1219 quid
457 1149 583 1206 vero
621 1153 788 1222 (quod
823 1153 1066 1208 futurum
1109 1171 1231 1210 esse
1262 1160 1370 1211 nOn
1413 1152 1592 1229 ci‘édO)
1620 1158 1749 1215 'sive

163 1256 270 1311 ego
314 1243 606 1298 comitissa
649 1243 924 1312 Mathilda,
969 1247 1111 1317 quod
1174 1249 1340 1303 absit!
1373 1260 1466 1304 aut
1509 1250 1649 1306 ullus
1683 1253 1749 1307 de

164 1331 588 1419 han-edibusac
629 1338 1218 1414 proliaerodibus.mcis.
1245 1355 1338 1419 δοιῇ
1374 1340 1626 1410 limem“
1647 1357 1748 1411 οι)-

162 1423 357 1491 posita
408 1414 643 1494 persona
678 1438 867 1485 contra
904 1414 1385 1509 hinc'chartulam.
1420 1432 1746 1501 quandoque

160 1509 488 1568 oﬁ‘ertionis
532 1515 628 1580 ire,
661 1530 820 1586 agere
874 1517 1293 1593 tentaverimus,
1339 1526 1432 1572 aut
1464 1527 1572 1575 tam
1599 1519 1746 1590 (937)

163 1598 323 1667 (938)
354 1616 456 1668 per
469 1603 995 1676 quodvisingcnium
1021 1604 1317 1678 infringere
1343 1599 1742 1678 quassierimus,

160 1692 304 1742 tunc
334 1689 640 1754 inferamus
655 1694 730 1749 ad
747 1695 892 1750 illam
917 1704 1345 1766 partem,contra
1366 1711 1530 1767 quam
1552 1699 1746 1754 exinde

161 1767 323 1831 litem
358 1779 708 1838 intulerimus
749 1769 996 1850 multam,
1023 1769 1167 1855 quod
1197 1776 1282 1854 est
1312 1787 1613 1856 poznaauri
1645 1790 1743 1856 0p—

1855 631 1908 674 et
1937 637 2044 690 quo
2079 623 2224 694 (959)
2249 625 2643 694 repetierimus,
2668 627 2940 682 vindicare
2972 643 3078 682 non
3103 629 3396 700 valeamus;

1855 711 1947 764 sed
1977 727 2214 780 praesens
2240 710 2354 784 haec
2393 714 2638 771 chartula
2665 717 2960 774 oﬂ'ertionis
2988 719 3237 776 omnibus
3261 732 3399 778 tem-

1854 800 2072 870 poribus
2099 801 2250 855 ﬁrma
2293 815 2607 872 permaneat
2634 815 2795 875 atque
2835 808 3085 877 persistat
3124 818 3180 864 et
3203 827 3395 884 perga-

1853 905 2009 944 mena
2049 904 2173 944 cum
2209 893 2603 948 'atratnentario
2657 896 2723 949 de
2767 905 2908 951 terra
2973 898 3145 953 levavi
3186 899 3395 972 pagina:

1851 978 2112 1034 Guidonis
2135 982 2330 1036 notarii
2347 981 2513 1052 (940),
2528 984 2742 1050 tradidi,
2765 993 2818 1040 ct
2845 987 3078 1042 scribere
3105 991 3306 1060 rogavi.

1850 1060 1957 1138 qua
1999 1069 2184 1123 subter
2216 1071 2542 1126 conﬁrmans
2568 1074 2792 1128 testibus
2822 1075 2991 1128 obtuli
3015 1076 3397 1130 roborandam.

1850 1155 2042 1210 Actum
2078 1156 2330 1212 Canusiat
2376 1158 2618 1226 feliciter,
2663 1160 2935 1226 Mathilda,
2986 1160 3077 1215 Dei
3127 1165 3320 1233 gratia,
3373 1174 3384 1225 i

1849 1245 1977 1316 quid
2003 1255 2102 1311 est,
2126 1245 2181 1299 in
2219 1247 2319 1300 hac
2340 1249 2524 1304 charta
2559 1267 2589 1304 a
2614 1266 2698 1304 me
2729 1250 2888 1316 facta,
2921 1260 3021 1305 etc.

1923 1338 1981 1398 ἧς
2020 1335 2129 1407 Ego
2159 1337 2467 1402 Ardericus,
2495 1339 2657 1407 judex
2682 1339 2920 1416 interfui,
2943 1351 3042 1395 etc.

1924 1431 1981 1487 ›Ι‹
2025 1425 2135 1497 Ego
2156 1425 2414 1493 Ulaldus,
2440 1428 2604 1496 judex
2645 1429 2884 1496 interfui,
2917 1442 3020 1486 etc.

1919 1514 2144 1587 Signum
2191 1533 2352 1572 manu
2383 1518 2593 1573 Attonis
2622 1521 2688 1574 de
2729 1531 2910 1574 monte
2959 1522 3313 1576 Bai-ranzonis
3344 1532 3398 1576 et

1850 1604 2126 1661 Bonvicini
2150 1608 2217 1662 de
2250 1607 2506 1675 Canusia,
2535 1609 2704 1680 rogati
2733 1619 2911 1665 testes.

1917 1693 2028 1766 Ego
2053 1694 2504 1761 Guido,noz.arius
2535 1699 2738 1768 palatii,
2781 1699 3007 1770 scriptor
3047 1715 3204 1767 nujus
3237 1699 3393 1752 char-

1825 1787 1972 1858 tulae
2001 1786 2297 1859 oﬁ‘ertionis
2331 1797 2451 1857 post
2478 1791 2727 1845 traditam
2751 1791 3030 1860 complevi,
3055 1801 3106 1844 ct
3129 1791 3266 1854 dedi,
3286 1798 3388 1843 etc.

1717 1968 3367 1998 Ἦ..-

335 2093 424 2152 De
464 2094 772 2154 Thesauro
816 2092 1145 2153 Canusina:
1174 2091 1463 2152 Ecclesia:
1508 2093 1759 2230 gemant
1796 2093 2184 2249 tr¢;_nsmisso,-
2222 2105 2274 2155 et
2320 2097 2391 2155 de
2426 2101 2916 2174 tto-inpensationc
2945 2102 3233 2162 Ecclesia:

1563 2186 1844 2230 anusma:
1903 2179 2062 2231 acta.

1563 2179 1844 2230 antistita:
1877 2179 2062 2231 facta.

228 2466 398 2521 Anno
424 2460 638 2519 Domini
673 2462 828 2528 £082,
860 2461 1135 2517 eomitissa
1178 2459 1448 2516 Mathildis
1470 2476 1591 2514 cum
1621 2461 1734 2530 epi-
1755 2466 1809 2521 Β
1833 2463 2119 2532 episcopus
2161 2462 2473 2521 Heribertus
2503 2468 2765 2534 catholica
2819 2468 3114 2524 Romanam
3163 2468 3387 2542 diligens

155 2572 332 2627 scopo
364 2557 640 2623 Anselmo,
689 2554 784 2624 qui
818 2563 872 2608 et
904 2553 1142 2608 vicarius
1187 2562 1303 2607 erat
1344 2568 1492 2622 papae
1529 2551 1731 2623 Grego-

154 2647 348 2702 riiVH
380 2649 437 2703 in
480 2649 585 2703 illis
636 2647 826 2704 diebus
866 2648 920 2700 in
971 2645 1362 2717 Longobardia,
1416 2645 1731 2698 thesaurum

155 2736 423 2794 Ecclesia:
457 2736 1074 2806 Canusinte'postulavit
1126 2735 1305 2789 abbati
1340 2733 1599 2798 Gerardo,
1635 2735 1728 2803 qui

154 2837 291 2884 tunc
313 2838 544 2898 praeerat
565 2826 800 2898 praefata:
825 2826 1094 2890 Ecclesiae,
1128 2826 1195 2880 ad
1215 2825 1551 2892 dirigentium
1582 2840 1730 2895 papa:

153 2936 258 2990 pro
286 2919 604 2979 defensione
625 2917 878 2973 Romanae
916 2917 1190 2982 Ecclesiae,
1220 2932 1342 2986 quae
1366 2916 1458 2970 illo
1492 2919 1730 2985 tempore

153 3013 609 3082 persecutionem.
636 3009 896 3082 grandem
937 3008 1167 3064 habebat
1208 3024 1240 3061 a
1274 3008 1531 3063 Guiherto
1560 3010 1728 3063 haere-

153 3104 402 3159 siarcha.
801 3151 804 3154 .

220 3195 416 3265 Itaque
439 3192 860 3263 praenominatus
874 3191 1038 3244 abbas
1053 3205 1160 3244 una
1173 3205 1297 3243 cum
1315 3189 1727 3264 congregatione

149 3287 412 3351 fratrum,
435 3284 644 3339 ﬁdelem
671 3299 909 3338 amorem
957 3290 1010 3336 et
1045 3281 1386 3336 dilectionem
1436 3281 1639 3336 habens
1669 3282 1724 3336 in

150 3374 208 3429 Β.
243 3374 410 3430 Petro
439 3382 495 3429 et
526 3373 767 3428 Romana
799 3371 1056 3435 Ecclesia,
1086 3370 1291 3424 vicario
1318 3369 1436 3439 ejus
1475 3379 1529 3423 et
1554 3369 1724 3424 comi-

149 3467 304 3523 tissa:
323 3466 564 3537 petitioni
609 3464 859 3520 alacriter
900 3463 1218 3517 thesaurum
1261 3461 1472 3526 obtulit,
1517 3462 1610 3530 qui
1650 3476 1722 3514 xx

146 3568 202 3612 et
231 3574 288 3611 ιν
318 3570 532 3611 corona:
562 3553 709 3625 (941)
737 3561 870 3617 erat,
898 3562 952 3606 et
982 3567 1087 3606 una
1136 3551 1351 3605 illarum
1389 3565 1550 3605 aurea
1597 3565 1721 3604 eum

148 3646 428 3702 crucicula
449 3660 556 3698 una
580 3644 761 3696 itidem
787 3657 970 3705 aurea,
1002 3649 1056 3694 et
1080 3641 1201 3694 dua:
1237 3640 1434 3694 tabulae
1467 3640 1720 3693 altarium

147 3746 438 3808 argenteae,
465 3743 520 3789 et
556 3739 876 3802 coopertura
902 3730 1108 3800 argenti
1161 3745 1298 3784 arcae
1325 3730 1510 3783 altaris
1534 3727 1717 3782 Sancti

1831 2552 2125 2608 Ecclesiam
2152 2553 2354 2610 factum
2375 2556 2612 2627 episcopi
2645 2559 2884 2614 Anselmi
2912 2561 3167 2626 laudavit,
3198 2561 3388 2618 ct‘lau-

1829 2641 1965 2694 dans
1987 2640 2240 2722 ﬁrmavit,
2270 2643 2674 2718 Ecclesiamque
2716 2649 3046 2704 Canusinam
3097 2664 3383 2704 consecra-

1829 2730 1934 2796 vit;
1973 2746 2202 2801 quaeque
2229 2733 2457 2788 habebat
2500 2731 2738 2792 Ecclesia
2771 2755 2836 2793 ex
2858 2755 2958 2794 suo
2998 2740 3120 2807 jure
3142 2755 3237 2793 sua
3262 2741 3386 2794 dote

1827 2821 2019 2875 annuit
2051 2821 2174 2888 sibi,
2206 2830 2260 2876 et
2298 2824 2602 2892 postulante
2641 2827 2827 2880 eadem
2861 2827 3076 2882 domina
3110 2828 3385 2882 comitissa

1826 2909 1961 2964 alias
1988 2910 2123 2965 duas
2150 2913 2402 2982 capellas,
2431 2930 2596 2969 unam
2619 2915 2673 2969 in
2698 2915 2823 2970 villa
2852 2915 3116 2982 Placiolai,
3141 2927 3195 2973 et
3221 2920 3382 2973 aliam

1827 3000 1880 3053 in
1905 3000 2041 3055 Jano
2075 3002 2221 3071 (944)
2257 3005 2413 3058 sitam
2453 3006 2626 3061 eidem
2673 3009 2956 3078 supposuit
2986 3009 3259 3076 Ecclesiae,
3287 3027 3386 3065 nec

1826 3106 1933 3146 non
1963 3101 2017 3147 et
2043 3094 2302 3162 capellam
2333 3096 2387 3149 in
2426 3096 2606 3168 Gurgo
2652 3101 2809 3156 sitam
2841 3117 2934 3171 per
2972 3103 3296 3158 voluntatem
3323 3123 3386 3160 ac

1825 3192 1991 3239 nutus
2019 3185 2166 3255 (945)
2192 3175 2347 3261 istius
2367 3178 2603 3258 episcopi
2625 3206 2651 3243 a
2669 3191 2913 3259 patronis
2934 3192 3173 3262 ejusdem
3199 3192 3384 3248 Eccle-

1824 3275 1934 3328 sia.
1972 3274 2247 3330 Canusina
2278 3285 2406 3331 tunc
2455 3281 2742 3348 acquisivit
2783 3281 3020 3336 Ecclesia
3064 3283 3210 3352 (946)
3239 3299 3383 3336 anno

1824 3364 2002 3434 1090).
2037 3364 2211 3435 Hujus
2237 3368 2474 3437 episcopi
2506 3371 2836 3438 temporibus
2873 3373 3219 3442 purgavimus
3247 3374 3380 3428 int.-

1821 3454 1934 3508 rius
1961 3456 2292 3536 et‘exterius
2323 3449 2604 3530 ecclesiam
2642 3461 2784 3514 illam
2812 3462 2877 3516 de
2911 3463 3092 3534 Gurgo
3118 3479 3184 3518 ex
3211 3466 3379 3535 spinis

1819 3553 1873 3599 et
1915 3546 2188 3616 vepribus.
2236 3546 2364 3602 Post
2408 3549 2523 3604 hinc
2558 3550 2698 3605 idem
2744 3552 3029 3623 episcopus
3066 3553 3382 3613 lleribertus

1819 3651 2041 3707 pergere
2060 3639 2245 3692 volens
2281 3638 2336 3692 in
2375 3639 2613 3695 Siciliam
2655 3658 2750 3712 per
2769 3644 3069 3712 proﬁcuum
3115 3655 3168 3699 et
3204 3647 3374 3700 hono-

1820 3742 1934 3780 rem
1965 3728 2165 3798 regina:
2183 3727 2454 3796 Ecclesiae,
2478 3733 2606 3800 quia
2622 3749 2758 3802 pura
2782 3735 3017 3788 amicitia
3047 3735 3375 3803 Canusinam

146 3793 442 3899 Apollonii,
488 3835 541 3880 et
578 3793 913 3879 thdribulum
953 3793 1152 3894 grande
1187 3827 1516 3898 argenteum.
1559 3817 1715 3885 Quod
1743 3793 1784 3849 δ
1817 3793 2070 3888 diligebat
2100 3818 2415 3885 Eeclesiam,
2440 3793 2652 3876 mutuo
2680 3824 2887 3892 accepit
2911 3825 3057 3895 (947)
3082 3799 3372 3894 pretiosam

145 3917 432 3970 decoctum
454 3913 678 3969 Canusii
723 3913 1069 3982 septingenta:
1097 3910 1247 3964 libra:
1273 3909 1478 3979 argenti
1526 3907 1632 3962 fuit
1664 3918 1716 3963 et

146 4020 342 4058 novem
371 4004 519 4057 libra:
545 4005 684 4056 auri.

214 4093 458 4148 Tandem
501 4092 822 4148 transmisso
868 4091 1124 4145 thesauro
1155 4088 1380 4141 Romam
1405 4104 1498 4157 per
1525 4105 1712 4143 assen-

143 4203 271 4241 sum
283 4195 337 4241 et
347 4186 675 4240 voluntatem
698 4198 868 4254 papae,
881 4182 973 4251 qui
987 4183 1230 4235 chartam
1247 4180 1545 4235 oﬂ‘ertionis
1562 4181 1708 4251 (942)

141 4279 207 4333 de
237 4277 495 4332 omnibus
522 4275 736 4346 praediis
788 4274 1056 4344 praedictae
1098 4273 1388 4328 eomitissa:
1430 4273 1498 4328 ab
1523 4288 1585 4327 ea
1624 4288 1710 4328 re-

140 4378 572 4440 ceperat,snpra
607 4369 913 4424 nominatus
945 4367 1200 4432 vicarius,
1230 4367 1322 4436 qui
1351 4376 1405 4420 et
1437 4367 1583 4421 hunc
1601 4367 1709 4435 epi-

141 4471 424 4532 scopatum
474 4471 624 4523 tunc,
669 4459 914 4528 jussione
970 4471 1140 4526 papae,
1197 4456 1434 4525 regebat,
1484 4467 1706 4526 rogante

139 4554 360 4608 domina
416 4549 693 4606 comitissa
761 4562 858 4619 pro
907 4545 1238 4616 aliquantula
1310 4546 1703 4601 restauratione

1817 3908 2083 3978 planetam
2113 3908 2179 3963 de
2211 3907 2471 3980 fpurpura
2517 3911 2812 3982 sanguinea
2867 3924 2920 3968 et
2962 3915 3186 3984 pulchro
3223 3920 3373 3972 auri—

1814 4001 1970 4057 frisio
1996 4002 2142 4073 (948)
2159 4019 2280 4071 cum
2297 4004 2505 4058 decenti
2534 4005 2676 4060 lineo
2696 4006 3029 4073 indumento,
3057 4025 3218 4077 quam
3249 4026 3370 4065 cum

1812 4093 2126 4146 indumento
2147 4094 2282 4147 dixit
2301 4096 2478 4148 valere
2506 4112 2611 4148 xxx
2636 4097 2822 4159 libras,
2849 4106 2902 4150 et
2940 4108 3130 4151 cuncta
3162 4117 3281 4168 qua:
3303 4120 3368 4156 ex

1810 4199 1912 4238 suo
1945 4183 2069 4253 jure
2130 4182 2406 4239 Canusina
2453 4185 2682 4241 habebat
2726 4185 2963 4241 Ecclesia
3014 4188 3207 4241 iterum
3253 4193 3369 4248 suis

1809 4274 2206 4344 pontiﬁcalibus
2244 4276 2422 4331 verbis
2445 4278 2597 4332 valde
2637 4277 2986 4343 conﬁrmans,
3014 4287 3069 4332 et
3097 4282 3366 4350 spondens

1807 4383 1933 4423 vera
1960 4368 2060 4424 ﬁde
2081 4377 2136 4423 et
2164 4376 2307 4423 certa
2338 4369 2715 4436 promissione,
2748 4370 2792 4423 si
2822 4385 2850 4422 a
2877 4369 3059 4424 Sicilia
3087 4372 3242 4428 vivus
3277 4391 3367 4429 re-

1807 4466 2123 4521 verteretur,
2151 4457 2297 4526 quod
2325 4457 2390 4510 de
2428 4458 2744 4513 melioribus
2777 4460 2998 4529 capellis
3026 4461 3111 4515 sui
3149 4463 3364 4532 episco-

1804 4557 1961 4618 patus
1988 4547 2300 4618 subjugaret
2325 4545 2614 4604 Canusina:
2635 4549 2906 4617 Ecclesiaa,
2937 4561 2990 4606 et
3009 4552 3054 4606 si
3089 4554 3362 4620 continge-

138 4643 303 4697 ablati
329 4640 591 4707 thesauri,
614 4640 749 4694 alias
773 4639 909 4694 duas
930 4636 1162 4707 capellas
1194 4635 1251 4689 in
1276 4635 1446 4690 Filma
1474 4635 1618 4706 (945)
1648 4645 1702 4691 et
1801 4648 1882 4696 ret
1901 4655 2026 4695 eum
2046 4655 2154 4692 non
2183 4640 2399 4705 reverti,
2431 4647 2522 4694 aut
2544 4641 2589 4695 si
2613 4642 2858 4710 perderet
2885 4641 3148 4712 plauetam
3177 4652 3228 4695 et
3275 4644 3359 4695 in-

137 4747 301 4786 unam
328 4731 384 4785 in
407 4730 589 4784 casula
612 4730 892 4800 supposuit
913 4728 1164 4784 Ecclesia:
1186 4727 1696 4784 CanusinmPostea
1797 4730 2112 4784 dumentum
2139 4771 2154 4795 ,
2202 4722 2316 4799 ipse
2370 4731 2642 4784 ordinaret
2683 4747 2848 4784 unum
2903 4732 2967 4784 de
3007 4732 3161 4784 bonis
3207 4732 3354 4800 (9&9)

227 4862 353 4927 931)
390 4862 749 4927 Guantonem,
776 4833 828 4919 id
848 4872 932 4918 est
952 4861 1336 4918 chirothecam.
1363 4860 1511 4914 ιω.

227 4865 325 4918 931
390 4862 749 4927 Guantonem,
776 4863 828 4919 id
848 4872 932 4918 est
952 4862 1336 4918 chirothecam.
1363 4862 1511 4914 ιω.

201 4862 356 5005 $952)
388 4931 758 4988 Gwascionem
784 4927 921 5005 lego,
948 4931 1296 5003 gvvasionem,
1330 4931 1383 4985 id
1402 4940 1484 4984 est
1511 4929 1686 4995 cespi-

132 5003 259 5059 tem.
287 5003 436 5058 Lam.

223 5072 350 5143 933)
377 5074 574 5143 Supple
607 5091 619 5126 :
649 5072 868 5143 tradidi,
898 5071 1001 5143 vel
1020 5070 1120 5143 ta_le
1143 5069 1359 5137 aliquid.
1396 5067 1539 5120 Lua.

376 5129 654 5212 G‘uarpivi,
682 5141 735 5212 id
763 5129 1025 5206 est'ejeci.
1055 5139 1201 5194 ιω.
1231 5129 1247 5137 ’
1721 5129 1762 5180 D

223 5209 350 5274 935)
376 5209 653 5268 Habenda.
680 5211 826 5274 Lata.

384 5280 467 5332 Ad
509 5272 808 5347 faciendum
845 5280 1028 5354 exinde
1068 5295 1189 5354 pars
1217 5273 1685 5354 ipsiusEcclesinz,

128 5343 421 5406 barbarum
443 5343 546 5413 est,
576 5364 674 5417 pro
700 5369 710 5402 :
746 5358 804 5401 ut
840 5349 1004 5418 faciat
1024 5343 1210 5418 caninae
1237 5343 1357 5418 pars
1389 5344 1553 5413 ipsius
1573 5343 1690 5418 _Ec-

128 5419 302 5474 desim
324 5412 850 5488 quidquid-voluerit:
877 5417 990 5473 Vox
1023 5412 1464 5470 dederit'videtur
1496 5412 1687 5466 redun-

127 5491 273 5543 dare.
317 5491 463 5542 LEIB.

196 5556 743 5635 (ἓῖιῖὶέῖείτέῖηοιλειυο
890 5629 902 5635 -
1069 5628 1080 5635 .
1180 5628 1189 5635 .
1444 5624 1456 5635 .
1642 5623 1674 5635 ..

197 5623 345 5696 (938)
378 5624 565 5696 _S_crihe
591 5637 680 5680 aut
711 5644 858 5690 eam;
890 5629 961 5681 ita
998 5628 1142 5683 enim
1180 5628 1231 5681 in
1268 5625 1387 5680 aliis
1411 5623 1676 5694 ejusmodi

129 5693 349 5751 chartis.
383 5693 524 5748 Mus.

195 5765 342 5833 (959)
368 5763 538 5830 Quod.
575 5765 716 5820 Laut.

1866 4863 2015 4935 (940)
2038 4862 2300 4935 Βαείηειιη
2323 4862 2554 4931 Guidoni
2580 4863 2813 4935 notario.
2849 4861 2995 4914 LEIB.

1885 4930 2009 4999 941)
2037 4930 2211 4999 Forte,
2235 4930 2563 4985 coronarum.
2598 4930 2745 4984 ιειθ.

1881 4999 2005 5068 942)
2026 5001 2203 5068 Forte,
2239 5000 2531 5054 oblationis.
2557 4999 2702 5053 LEIB.

1861 5069 2006 5140 (943)
2035 5070 2165 5140 Cod.
2201 5069 2443 5140 Regien.,
2460 5071 2523 5140 in
2553 5069 2754 5123 Filina.
2779 5069 2918 5126 Mra.

1867 5111 2013 5206 (532’)
2037 5111 2178 5192 ἴάΐιὶι
2201 5111 2800 5202 'c'Jif'i'i’Fln'oi'iiii?

1866 5209 2012 5277 (945)
2040 5206 2180 5277 Idem
2210 5209 2354 5272 eod.,
2381 5226 2443 5262 ac
2473 5219 2621 5263 nutu.
2655 5210 2796 5263 Men.

1864 5276 2009 5350 (946)
2041 5276 2367 5350 [dem_c_od.,
2402 5281 2679 5348 acquisivit
2701 5279 2952 5331 Ecclesia.
2987 5276 3121 5329 Tum
3163 5279 3342 5343 sequi.

1791 5347 1880 5406 tur
1909 5368 1922 5401 :
1958 5364 2094 5417 anno
2125 5347 2260 5402 1090
2279 5347 2432 5416 hujus
2469 5347 2714 5417 episcopi,
2739 5357 2839 5400 etc.

1883 5416 2008 5482 947)
2036 5417 2178 5471 Idem
2198 5414 2355 5481 eod.,
2373 5414 2550 5470 mnino
2580 5414 2649 5469 αὔ
2666 5433 2726 5468 ea
2747 5416 2962 5482 accepit.
2990 5414 3126 5468 Man.

1879 5486 2332 5557 948).:iurifrigio.
2357 5486 2503 5557 1:513.
2765 5553 2772 5557 ‘
2854 5553 2862 5557 _
2932 5509 2962 5557 '_
3054 5555 3060 5557 Α
3241 5551 3248 5557 ,

1883 5420 1986 5473 947
2036 5420 2178 5471 Idem
2198 5420 2341 5481 eod.,
2373 5427 2550 5470 mutuo
2580 5420 2642 5469 ab
2666 5433 2726 5468 ea
2747 5420 2962 5482 accepit.
2990 5420 3126 5468 Iliun.

1859 5420 2332 5624 (948EAurifrigio.
2357 5486 2503 5538 Lam.
2932 5509 2935 5512 -
3241 5551 3248 5557 ι

1859 5558 1988 5627 (9497
2033 5555 2174 5609 Idem
2207 5556 2323 5608 cod.
2354 5554 2633 5627 ΒθείιειῃηΔ
2670 5553 2802 5603 unde
2817 5553 2890 5627 ’ςίε
2945 5553 3089 5627 bonis
3112 5563 3332 5627 "regum?

1788 5617 2038 5680 Ecclesia:
2081 5617 2511 5675 restaurationcin
2546 5623 2750 5673 habere!
2805 5622 3072 5674 Canusina
3101 5617 3327 5671 Ecdin

1784 5701 1846 5750 de
1883 5696 2117 5746 nmtnalo
2162 5693 2260 5745 sibi
2287 5691 2603 5745 indumento.
2645 5689 2834 5744 Deinde
2878 5707 3010 5756 vero,
3048 5697 3146 5742 etc.
3185 5683 3321 5736 Mra.
