3944 6404
551 455 676 505 ΙΟἿΩ

1505 449 1593 501 Al)
1628 448 1851 502 OPERA
1893 447 1949 501 S.
1991 442 2315 502 CREGORII
2351 443 2786 501 APPEXDICES.

3683 42 3895 196 πη

3639 443 3797 497 1080

541 567 738 634 regium
767 563 1036 626 Ecclesiae,
1080 574 1135 616 ut
1179 563 1619 616 restaurationem
1654 562 1873 615 haberet
1916 560 2098 615 Canu-
2130 565 2171 618 Α
2199 560 2478 627 prietatem
2511 557 2694 613 Sancti
2722 557 2866 612 Petri
2893 573 2923 610 a
2954 557 3231 612 comitissa
3254 566 3590 626 susceperat,
3621 572 3795 612 omni

539 657 655 708 sina
696 654 949 706 Ecclesia
975 654 1039 706 de
1087 663 1330 706 mutuato
1372 653 1472 706 sibi
1509 653 1840 705 indumento.
1873 649 2096 704 Demum

539 761 664 800 vero
687 753 808 814 post
855 743 1195 797 concordiam
1235 759 1385 811 parce
1412 742 1688 794 Paschalis
1711 757 1833 793 cum
1863 739 2095 807 impera-

537 847 671 899 tore,
702 847 755 889 et
777 845 896 904 post
929 845 1154 889 mortem
1198 835 1486 888 connitissze
1523 833 1590 885 Μ.
1626 832 1895 884 mandavit
1916 830 2097 884 Canu-

536 931 650 982 sinu
690 927 924 980 Ecclesia
963 943 1112 996 papa:
1145 941 1365 980 censum
1396 925 1635 993 quinque
1672 938 1956 986 annorum,
1999 936 2094 989 pe-

537 1029 653 1072 tens
676 1019 984 1071 firmitatetn
1027 1016 1390 1070 Ecclesiarum
1419 1014 1566 1081 (930,)
1597 1028 1842 1074 suarum,
1872 1021 1925 1065 et
1948 1012 2093 1065 illam

535 1109 834 1161 libertatem
865 1122 1024 1175 quam
1049 1123 1078 1160 a
1127 1117 1363 1174 tempore
1391 1103 1546 1173 primi
1569 1103 1782 1157 Ottonis
1810 1103 2096 1170 imperato-

535 1199 610 1250 ris
631 1196 870 1249 Ilomaua
895 1195 1130 1250 Ecclesia
1159 1196 1260 1250 sibi
1296 1195 1710 1262 conscripserat,
1735 1193 1807 1245 ita
1853 1191 2097 1245 videlicet

536 1298 594 1340 ut
621 1303 777 1343 nemo
810 1287 1183 1354 episcoporum
1233 1301 1469 1354 unquam
1505 1285 1555 1335 in
1589 1283 1770 1351 aliquo
1802 1281 1904 1335 sibi
1932 1281 2101 1334 domi-

537 1389 774 1438 naretur.
816 1388 868 1452 ct
914 1389 970 1430 ut
1009 1377 1299 1447 Gregorius
1361 1376 1446 1427 VII
1499 1375 1591 1444 qui
1637 1385 1743 1428 tam
1781 1372 1926 1441 (931)
1974 1387 2099 1440 pro-

1061 1534 1424 1544 ...ο-

1428 1533 1625 1545 ...νς--

565 1536 1102 1562 m

2198 664 2343 702 almo
2374 647 2645 702 reddendo
2669 662 2893 702 censum
2930 662 3000 701 xx
3023 647 3336 712 solidorum,
3379 647 3463 702 sic
3501 661 3608 701 suo
3639 660 3794 714 apo-

2198 738 2422 792 stolicali
2446 737 2724 806 privilegio
2752 752 2872 791 eam
2901 737 3277 791 corroboraret
3322 719 3484 805 atque
3505 735 3789 790 muniret.

2197 833 2350 898 Quod
2364 841 2418 886 ct
2431 832 2555 887 fecit
2573 832 2949 886 sanctissimus
2972 846 3130 900 papa,
3146 839 3405 899 perpetuo
3418 831 3794 885 anathemate

2197 925 2454 988 subdens,
2486 932 2540 975 et
2590 923 2834 977 alienans
2861 937 2891 975 a
2915 936 3140 990 corpore
3170 929 3225 974 et
3247 920 3511 990 sanguine
3536 919 3790 984 Christi,

2195 1017 2503 1084 quicunque
2529 1014 2579 1066 vi
2611 1014 2741 1067 illud
2766 1014 3018 1076 scienter,
3058 1012 3202 1082 quod
3225 1012 3368 1081 juris
3407 1009 3464 1065 S.
3491 1010 3792 1086 Apollonii

2195 1116 2297 1169 est,
2327 1104 2629 1167 abstulerit,
2665 1104 2747 1156 vel
2783 1104 2876 1172 qui
2913 1102 3222 1158 confractor
3248 1101 3367 1170 ejus
3390 1101 3667 1170 privilegii
3696 1099 3792 1152 ἰη-

2198 1205 2391 1248 ventus
2407 1193 2585 1248 fuerit.
2617 1192 2789 1262 Hujus
2809 1202 2988 1247 autem
3009 1193 3086 1246 rei
3109 1201 3274 1247 testes
3291 1191 3512 1247 fuerunt
3529 1187 3791 1244 domnus

2198 1283 2410 1348 Petrus,
2445 1283 2780 1347 Vincentius,
2810 1282 2954 1336 Pert.
2978 1282 3232 1349 Joannes,
3263 1282 3411 1352 (952)
3441 1290 3494 1335 et
3521 1279 3790 1334 Donatus

2199 1375 2318 1442 ejus
2345 1375 2661 1428 moaaste-rii
2687 1372 2889 1442 clerici,
2913 1382 3017 1426 etc.

2307 1525 3785 1561 w—

1124 1688 1474 1808 VITA
1532 1684 2338 1802 COMITISSXE
2395 1682 3179 1797 MATHILDIS

541 1893 839 1951 Oratione
865 1887 1074 1948 soluta
1101 1888 1176 1949 ab
1205 1898 1461 1949 auctore
1485 1904 1790 1963 anonymo
1818 1885 2055 1963 scripta
2079 1893 2138 1963 et
2158 1901 2236 1963 ex
2257 1901 2375 1963 ms.
2401 1883 2708 1963 ‘Francici
2734 1882 2957 1944 Maria.-
2985 1879 3344 1943 Florcnlini
3365 1898 3404 1939 α
3430 1873 3784 1941 Guiliclmo

1546 1961 1887 2042 Godcfrido
1919 1961 2232 2021 Leibuitio
2262 1961 2540 2036 primum
2568 1961 2756 2020 edita.

1282 2231 1600 2287 HISTORIA
1638 2227 2187 2302 ιιιυδτιὶιδειδηε
2221 2225 2609 2284 COMITISSJE
2647 2224 3044 2290 MATIIILDIS,

1910 2318 2000 2373 ET
2037 2318 2126 2372 DE
2162 2317 2408 2375 GESTIS
2875 2359 2878 2363 .

1361 2408 2014 2470 POTENTISSIMORUM
2052 2405 2592 2462 PROGENITORUM
2633 2403 2947 2468 SUORUM,

661 2508 874 2566 CUIUS
911 2503 1183 2560 CORPUS
1225 2500 1632 2569 HEQL'IESCIT
1671 2498 1737 2552 IN
1777 2494 2164 2552 DIGNISSIMO
2200 2493 2528 2551 C(ENOBIO
2567 2493 2626 2548 S.
2665 2490 3022 2547 BENEDICTI
3059 2490 3149 2544 DE
3183 2489 3648 2559 PADOLIROPE,

1478 2587 1823 2645 DKECESIS
1858 2587 1948 2640 ΕΤ
1986 2585 2400 2640 DISTRICTUS
2436 2583 2812 2659 MANTUA‘NI.

796 2687 974 2743 OBIIT
1013 2683 1248 2740 AL'TEM
1288 2679 1472 2736 ANNO
1510 2674 1914 2734 IIUDIANATE
1954 2671 2366 2727 DIVINI'I‘A'I'IS
2403 2668 2777 2726 MILLESIMO
2811 2668 3202 2725 CENTESBIO
3237 2668 3516 2736 QUINTO,

1566 2767 1822 2825 DECIMO
1857 2764 2044 2823 NONO
2081 2762 2375 2823 KALEND.
2416 2761 2740 2820 AUGUSTI.

606 2917 879 2976 Mathildis
899 2915 1097 2983 inclyta
1125 2911 1425 2972 comitissa,
1446 2917 1500 2962 et
1519 2905 1772 2958 militaris
1801 2901 2096 2957 admodum
2129 2901 2170 2956 Β
2196 2890 2420 2952 natione
2449 2895 2845 2966 Burgundium.
2884 2893 3014 2960 Post
3035 2894 3195 2962 cujus
3215 2903 3442 2950 mortem
3472 2893 3786 2956 Lotbarius

439 3031 443 3034 ‘
538 3015 750 3074 mulier,
779 3007 1008 3062 IIcnrico
1035 3005 1103 3057 IV
1157 3005 1454 3072 imperante
1502 3000 1618 3055 suis
1665 2993 2098 3066 praeclarissimis

535 3106 750 3160 actibus
791 3107 846 3154 in
879 3097 1127 3154 muliebri
1152 3111 1284 3150 sexu
1315 3095 1454 3147 inter
1477 3091 1624 3145 viros
1667 3085 2098 3158 przecelleutibus

538 3195 828 3249 virtutibus
880 3191 1109 3243 habetur
1159 3185 1409 3254 insignis.
1469 3181 1642 3250 Hujus
1706 3177 1956 3240 historia,
1988 3185 2100 3229 tam

536 3282 944 3353 progenitorum
977 3276 1150 3344 ipsius
1199 3287 1364 3342 quam
1399 3285 1554 3325 suam
1585 3267 1848 3336 originem
1891 3273 1945 3320 et
1982 3273 2101 3318 acta

537 3371 852 3428 summatim
886 3369 1191 3428 continens,
1214 3380 1280 3417 ex
1305 3361 1535 3416 diversis
1562 3358 1785 3412 collecta
1808 3354 2100 3419 chronicis,

539 3461 787 3527 sequitur
818 3458 872 3509 in
894 3457 1039 3508 hunc
1071 3452 1310 3505 modum.

1045 3561 1272 3617 CAPUT
1311 3557 1597 3612 PRIMUM.

546 3667 617 3718 De
655 3664 920 3714 obsidione
950 3657 1112 3710 castri
1150 3655 1418 3711 messm,
1463 3667 1525 3701 ac
1570 3649 1880 3718 liberatione
1917 3648 2107 3718 regitur

611 3733 911 3793 Adrisidic,
965 3742 1122 3795 quam
1178 3722 1517 3789 Bcringarius
1578 3733 1668 3768 rex
1729 3715 1910 3767 Ita/im
1967 3717 2106 3767 deti-

613 3801 786 3854 nebat.

611 3913 912 3982 Sigit‘rcdus
935 3951 950 3975 ,
976 3909 1227 3978 princeps
1274 3903 1492 3973 quidam
1535 3898 1759 3952 illustris
1787 3896 1852 3970 de
1899 3895 2109 3952 Tuscia:

539 4006 783 4074 partibus
828 3987 1085 4054 comitatu
1123 3995 1355 4048 Lucensi
1401 4000 1583 4052 ortus,
1615 3989 1840 4042 studens
1889 3988 1976 4040 sui
2007 4003 2106 4040 no-

543 4095 703 4149 minis
737 4091 962 4161 gloriam
1015 4087 1293 4155 ampliare,
1322 4078 1805 4149 Langobardorum
1855 4077 1989 4132 fines
2024 4077 2108 4130 iu-

540 4202 756 4252 gressus
785 4198 906 4235 cum
936 4181 1060 4233 liliis
1080 4177 1198 4245 ejus
1224 4172 1512 4243 Sigifredo,
1537 4170 1731 4223 Attone
1762 4178 1813 4222 et
1843 4167 2105 4233 Gcrardo,

545 4277 740 4330 multas
761 4275 1028 4334 civitates,
1050 4276 1236 4336 gentes
1262 4273 1309 4318 et
1344 4262 1535 4330 oppida
1560 4260 1908 4328 conquisivit,
1929 4268 1982 4310 et
2002 4259 2105 4312 sibi

541 4365 772 4435 subegit.
823 4361 1086 4415 Defuncto
1129 4355 1344 4409 tandem
1393 4367 1491 4416 eo,
1525 4352 1646 4403 filiis
1700 4350 1819 4419 ejus
1865 4347 2106 4416 prmlatis

542 4468 761 4528 paterna
805 4451 1084 4506 condivisa
1111 4445 1414 4501 substantia
1451 4463 1461 4494 :
1503 4443 1612 4496 duo
1657 4457 1722 4493 ex
1768 4440 1870 4505 eis,
1899 4440 2106 4494 scilicet

544 4547 840 4616 Sigifredus
874 4551 927 4594 et
956 4538 1226 4592 Gerardus
1266 4535 1612 4587 I‘armensem
1644 4532 1913 4583 civitatem
1955 4531 2107 4583 inco-

542 4639 774 4690 luerunt.
811 4634 933 4684 Atto
955 4643 1083 4682 vero
1109 4627 1200 4694 qui
1221 4626 1377 4692 longe
1399 4623 1596 4675 fratres
1635 4621 1841 4674 viribus
1864 4627 1916 4673 ct
1943 4621 2106 4673 rebus

543 4727 967 4782 trmisceiulcral.
995 4719 1294 4772 Canussam
1325 4723 1566 4769 castrum
1618 4714 1720 4766 sibi
1763 4711 2102 4766 domicilium

543 4801 767 4887 accepit,
797 4816 939 4884 quod
975 4812 1224 4865 turribus
1261 4806 1492 4861 munivit
1530 4814 1583 4858 et
1641 4804 1910 4857 mmnibus
1947 4805 2108 4858 deco-

547 4913 699 4966 ravit.
737 4909 857 4960 Erat
889 4905 1031 4957 enim
1082 4902 1182 4955 loci
1229 4909 1420 4954 natura
1469 4900 1896 4965 circumquaque
1931 4898 2108 4949 muni-

545 5014 700 5063 tum,
747 4995 1158 5066 inexpugnabile
1207 5008 1395 5048 revera
1459 4982 1789 5057 praisidium,
1836 4989 1998 5043 situm
2052 4989 2106 5041 in

545 5091 765 5148 dimeesi
797 5087 1106 5155 Regia-ensi;
1138 5085 1216 5137 Ad
1241 5083 1400 5153 cujus
1426 5080 1592 5147 castri
1615 5081 1954 5134 obsidionem
1977 5080 2105 5134 dum

548 5185 782 5238 venisset
812 5179 1158 5246 Bcringarius
1183 5193 1274 5230 rex
1309 5173 1496 5236 Italiae,
1523 5187 1645 5226 cum
1673 5170 1782 5224 lilio
1803 5181 1857 5224 ct
1892 5171 2106 5241 Longo-

547 5273 838 5325 bar‘iloram
890 5266 1150 5326 exercitu,
1202 5274 1261 5316 ut
1304 5263 1406 5315 sibi
1450 5262 1703 5313 Attonem
1753 5275 1875 5312 cum
1926 5269 2108 5312 castro

548 5362 858 5428 subjireret,
885 5375 975 5410 rex
1024 5368 1075 5409 et
1122 5355 1265 5408 {ilius
1303 5360 1431 5407 sunt
1467 5352 1738 5404 exstincti.
1769 5351 2108 5420 Langobardi

553 5471 675 5506 vero
707 5449 948 5519 ligonem
972 5449 1148 5500 virum
1177 5446 1435 5515 inclytum
1460 5451 1766 5496 statuerunt
1802 5442 1904 5495 sibi
1928 5457 2106 5510 regem

524 5638 529 5643 -
622 5605 766 5673 (Eii-illi
809 5604 949 5656 Idem
997 5601 1138 5664 cod.,
1199 5600 1502 5667 ﬁrmitatem
1561 5597 1791 5649 omnium
1836 5594 2103 5648 Ecclesia—

553 5691 686 5725 rttm.
721 5673 858 5725 .‘It'u.
945 5711 957 5727 .

624 5745 767 5812 ωλι)
793 5742 935 5796 Idem
958 5742 1100 5807 cod.,
1129 5741 1214 5808 qui
1236 5755 1348 5793 eam
1373 5741 1426 5790 in
1459 5737 1850 5805 proprietatem.
1893 5734 2036 5790 Elea.

2200 2987 2319 3056 ejus
2343 2986 2487 3040 filius
2518 2986 2602 3038 vir
2645 2985 2883 3054 prudens
2926 2984 3192 3053 regnavit,
3234 2985 3442 3042 habens
3476 2987 3779 3058 conjugem

2201 3077 2513 3131 Adeleidam
2563 3077 2816 3140 nomine,
2863 3059 3202 3144 splendidam
3243 3075 3521 3145 reginam.
3547 3075 3627 3130 Ex
3668 3077 3784 3135 hac

2202 3169 2512 3223 subtractus
2568 3167 2688 3221 luce
2757 3165 3081 3231 Lotharius,
3141 3165 3362 3235 quidam
3410 3164 3784 3238 Berengarius

2202 3257 2594 3328 Longobardus
2634 3256 2802 3324 hujus
2833 3256 3067 3310 nominis
3117 3264 3367 3326 quartus,
3392 3257 3597 3327 absque
3633 3266 3784 3314 nutu

2203 3347 2470 3402 Adelcida:
2504 3346 2703 3399 relictae
2745 3345 2965 3415 reginae,
2991 3359 3164 3414 eaque
3209 3347 3474 3402 renitente
3512 3362 3612 3415 pro
3638 3350 3784 3404 viri-

2206 3437 2337 3502 bus,
2374 3453 2467 3490 rex
2504 3445 2722 3489 creatur
2761 3434 2944 3488 Italiae.
2971 3432 3075 3500 Qui
3115 3443 3306 3488 contra
3346 3449 3469 3490 eam
3512 3435 3585 3490 ob
3628 3435 3779 3492 hanc

2207 3543 2427 3582 causam
2471 3526 2676 3580 saevitia
2701 3533 2757 3578 et
2779 3526 2858 3578 ira
2888 3525 3092 3592 pariter
3117 3525 3171 3578 in
3211 3533 3422 3578 tantum
3464 3512 3774 3592 incanduit,

2208 3626 2268 3670 ut
2299 3617 2470 3685 ipsam
2517 3630 2632 3668 sua:
2669 3612 3074 3673 sublimationis
3106 3612 3555 3682 impugnatricem
3604 3630 3778 3683 super

2207 3721 2387 3760 arcem
2415 3704 2650 3758 Gai-dam
2673 3713 2819 3758 retro
2855 3703 3052 3777 turrim
3073 3703 3277 3768 carceri
3313 3703 3614 3767 incluserit,
3652 3705 3778 3758 sola

2208 3797 2313 3850 sibi
2340 3811 2598 3850 concessa
2628 3795 2899 3850 ancillula.
2926 3793 3153 3864 Regina,
3181 3809 3307 3848 cum
3344 3794 3438 3848 diu
3478 3794 3781 3849 mansisset

2211 3889 2454 3950 inciusa,
2492 3882 2756 3953 capellani
2779 3886 2864 3939 sui
2903 3884 3119 3937 tandem
3165 3883 3384 3937 solertia
3430 3883 3498 3937 de
3549 3899 3778 3938 carcere

2207 3977 2398 4030 evasit.
2445 3973 2546 4029 IIic
2597 3975 2744 4028 enim
2787 3973 3052 4028 Martinus
3105 3973 3326 4026 nomine
3364 3972 3451 4026 vir
3496 3972 3672 4027 ﬁdelis
3720 3983 3778 4028 ct

2209 4081 2395 4135 sagax,
2420 4081 2634 4119 murum
2661 4064 2828 4118 turris
2859 4062 3124 4134 confregit
3156 4064 3386 4128 occulte,
3407 4071 3462 4117 et
3495 4064 3776 4118 dominam

2209 4173 2334 4212 cum
2381 4157 2638 4211 ancillula
2680 4156 2821 4210 clam
2866 4155 2989 4210 inde
3019 4155 3253 4219 ducens,
3283 4155 3426 4208 datis
3461 4155 3564 4213 sibi
3610 4156 3772 4210 indu-

2135 4225 2178 4282 (δ
2206 4249 2407 4302 mentis
2431 4247 2699 4311 virilibus,
2726 4261 2898 4313 usque
2939 4245 3005 4299 ad
3036 4243 3267 4298 Mantua:
3293 4245 3472 4297 lacum
3499 4244 3772 4313 perduxit,

2209 4338 2302 4406 qui
2332 4337 2653 4405 piscatorem
2680 4351 2804 4389 cum
2838 4335 3085 4388 navicula
3120 4335 3476 4403 reperientes,
3495 4335 3774 4390 trausvchi

2210 4427 2498 4497 petierunt.
2534 4424 2610 4480 Eo
2633 4440 2760 4479 vero
2784 4424 3147 4495 navigationis
3170 4424 3400 4494 pretium
3427 4435 3770 4492 exposcente,

2209 4519 2384 4587 inquit
2431 4517 2496 4571 ad
2541 4533 2667 4571 eum
2710 4516 3021 4585 capellanus
3071 4513 3270 4583 regina:
3311 4513 3416 4567 :Si
3469 4514 3639 4569 scires
3679 4515 3774 4583 qui

2209 4624 2432 4673 sumus,
2465 4624 2568 4661 nos
2619 4609 2774 4661 hctus
2813 4615 2869 4660 et
2917 4607 3122 4674 absque
3163 4605 3339 4675 pretio
3385 4603 3629 4657 veheres.
3668 4602 3774 4678 Qui

2209 4699 2486 4768 respondit
2521 4716 2533 4749 :
2567 4696 2708 4767 Ergo
2749 4697 2882 4750 mihi
2929 4697 3133 4766 aperite
3179 4695 3274 4763 qui
3322 4693 3498 4748 estis?
3527 4692 3774 4765 Dumque

2206 4798 2605 4846 sacramentum
2626 4789 2694 4842 ab
2729 4803 2795 4844 eo
2816 4794 3058 4858 peterent
3081 4785 3228 4855 quod
3276 4785 3477 4840 nemini
3517 4786 3774 4841 revelarct

2207 4899 2489 4948 arcanum,
2517 4882 2653 4950 ipse,
2683 4881 2897 4935 duobus
2916 4877 3151 4946 acceptis
3185 4877 3392 4931 baculis
3439 4877 3496 4932 in
3546 4876 3772 4946 eﬂigiem

2209 4974 2389 5028 crucis
2415 4974 2468 5026 in
2498 4982 2696 5026 terram
2742 4969 2954 5039 positis,
2978 4983 3037 5021 se
3070 4982 3183 5021 rem
3209 4967 3509 5020 celaturum
3546 4965 3773 5034 juravit.

2209 5063 2362 5116 Tunc
2385 5063 2698 5132 capellanus
2717 5060 2768 5113 ei
2794 5057 3025 5128 aperuit,
3065 5056 3312 5111 indicans
3353 5071 3476 5110 esse
3506 5053 3768 5123 reginam.

2209 5153 2455 5208 Piscator
2487 5147 2666 5221 itaque
2710 5151 2865 5205 laetus
2910 5149 3163 5212 effectus,
3193 5147 3405 5216 palmas
3454 5145 3525 5198 ad
3574 5143 3772 5199 celum

2211 5245 2456 5311 tendens,
2481 5244 2665 5298 statim
2692 5242 2789 5296 ens
2819 5242 2872 5294 in
2901 5239 3151 5293 navicula
3172 5243 3486 5303 assumptus
3507 5234 3576 5289 ad
3609 5234 3771 5291 aliam

2210 5346 2361 5399 lacus
2381 5345 2552 5413 ripam
2575 5341 2808 5403 devexit,
2834 5353 3000 5408 prope
3022 5338 3212 5390 silvam
3241 5348 3415 5402 usque
3447 5333 3590 5388 Iacui
3636 5348 3772 5386 oon-

2212 5447 2436 5521 tiguam.
2485 5443 2703 5512 Reginae
2727 5456 2946 5511 quoque
2980 5439 3184 5510 piscem
3210 5435 3406 5490 obtulit
3457 5449 3661 5505 rogans
3689 5441 3772 5500 ut,

2225 5671 2236 5680 ι
2287 5599 2433 5680 (932)
2467 5599 2608 5654 Idem
2635 5598 2776 5662 cod.,
2807 5597 3016 5657 Petrus,
3049 5590 3298 5655 Joannes,
3329 5598 3380 5643 et
3412 5587 3652 5643 Donatus
3676 5587 3780 5643 Im-

2208 5679 2320 5738 jus,
2346 5679 2449 5724 etc.
