3944 6378
150 473 312 529 Νη

1054 472 1339 526 sereno.
1382 472 1466 527 ιιι.
1505 504 1571 513 -
1608 454 2037 529 nonnum“
2073 471 2533 531 CREGORIA‘NA.

3256 471 3391 522 10:2

149 586 205 639 si
237 584 468 654 quando
514 599 770 654 prospera
824 584 928 639 sibi
981 585 1243 641 arrideret
1292 585 1529 654 fortuna,
1565 588 1730 641 remi-
1762 594 1803 648 Α
1831 588 2232 657 praestantiore-5
2270 586 2343 640 ibi
2395 587 2541 639 viros
2569 584 2793 652 alloqui.
2826 582 2994 648 Quod
3046 599 3138 635 rex
3189 584 3388 636 inltlii—

148 674 478 729 misceretur
510 675 839 743 pauperrimi
866 674 1170 744 piscatoris.
1208 674 1589 731 Pervenientes
1631 676 1732 746 igi-

150 771 254 818 tur
286 764 361 819 ad
394 763 571 833 ipsam
610 763 844 832 insulam
889 780 998 819 una
1031 765 1105 819 ibi
1154 766 1490 840 hebdomada
1536 766 1730 836 trepidi

148 853 466 909 latuerunt.
493 854 817 924 Capellauus
838 856 984 911 enim
1011 868 1221 911 secreto
1268 857 1384 910 loca
1408 857 1557 911 silva:
1600 872 1733 911 con-

151 944 336 1014 tigna
400 946 767 1003 circumiens.
845 946 1050 1001 victum
1114 948 1441 1017 procurabat
1510 948 1727 1018 reginae.

152 1034 478 1091 Transacta
535 1036 876 1092 bebdomada
920 1039 1203 1108 suspirans
1268 1050 1322 1093 et
1375 1040 1733 1111 ingemiscens

149 1126 359 1195 regina
386 1142 501 1182 sua:
519 1123 754 1184 miseriae
774 1138 976 1188 statum
1002 1150 1015 1183 :
1039 1130 1186 1184 Heu!
1216 1132 1391 1200 inquit
1435 1122 1730 1202 capellano,

147 1215 441 1283 captivam
469 1232 556 1271 me
586 1232 802 1286 semper
826 1234 947 1286 esse
969 1221 1269 1289 conspicio,
1298 1220 1557 1289 quidnam
1598 1222 1732 1275 mihi

148 1302 256 1359 hic
282 1320 415 1359 esse
439 1306 695 1375 prodest?
736 1305 901 1372 Vade,
934 1324 1142 1377 quasso,
1177 1309 1342 1379 igitur
1366 1310 1433 1365 ad
1467 1309 1731 1381 Reginum

148 1394 487 1464 episcopum
521 1395 872 1461 Adalardum,
917 1399 1011 1467 qui
1056 1414 1183 1453 cum
1223 1399 1357 1452 mihi
1393 1402 1735 1456 consueverit

146 1498 290 1539 esse
321 1486 515 1551 ﬁdelis,
543 1501 703 1556 spero
739 1488 907 1557 quod,
949 1488 995 1542 si
1037 1489 1142 1544 sibi
1190 1498 1430 1559 quantus
1464 1490 1538 1545 sit
1580 1506 1734 1553 meus

150 1573 335 1631 ﬂetus
378 1566 724 1643 iudicaveris,
749 1576 978 1633 forsitan
1015 1580 1360 1634 miserebitur
1388 1586 1581 1649 nostri.
1606 1568 1733 1638 Haec

148 1662 363 1719 dicens
390 1665 577 1719 statim
609 1666 921 1734 mpellanus
962 1668 1029 1721 ad
1059 1669 1372 1737 episcopum
1404 1673 1731 1740 properavit,

148 1760 212 1808 et
264 1761 482 1807 secreto
530 1753 636 1808 sibi
674 1754 876 1825 regina:
908 1756 1186 1813 miseriam
1235 1756 1586 1826 patefaciens,
1612 1759 1734 1828 ejus

152 1842 271 1895 sibi
299 1843 617 1911 praesidium
648 1843 883 1899 conferri
921 1846 1263 1915 supplicavit.
1305 1847 1613 1905 Coudoleus
1647 1851 1733 1905 his

150 1932 480 2009 episcopus,
502 1934 660 1990 laetus
687 1942 865 1989 tamen
880 1937 1025 2005 quod
1044 1937 1230 2006 regina
1258 1939 1462 1993 viveret
1479 1939 1728 2009 edicitur;

157 2022 458 2089 eapellano
487 2021 769 2091 respondit
791 2023 1000 2076 nullum
1034 2012 1108 2078 se
1160 2026 1441 2093 possidere
1470 2028 1730 2097 oppidum

156 2106 218 2161 in
251 2123 372 2177 quo
393 2098 583 2164 accere
604 2119 786 2178 posset
823 2112 1006 2181 regina
1033 2114 1255 2167 morari.
1292 2113 1513 2169 Militem
1552 2126 1731 2173 tamen

153 2212 221 2253 se
282 2199 485 2255 habere
520 2201 659 2254 dixit
712 2194 966 2257 Attonem
1025 2205 1244 2259 nomine
1266 2246 1283 2271 ,
1342 2222 1505 2275 quem
1567 2224 1732 2279 supra

154 2286 434 2355 diximus,
466 2288 638 2344 (ilium
666 2288 948 2361 Sigilredi,
995 2293 1385 2374 amicissimum
1420 2296 1543 2363 sibi,
1573 2298 1733 2367 cujus

153 2384 286 2429 erat
329 2385 573 2431 castrum
623 2376 867 2434 Canossa
922 2381 1142 2435 nomine
1193 2390 1318 2435 ante
1373 2383 1576 2437 dictum
1632 2400 1733 2453 pro

157 2466 368 2537 regina
417 2467 751 2544 tutissimum
806 2484 994 2523 revera
1051 2470 1379 2538 prasidium.
1431 2471 1730 2527 Confestim

66 2604 67 2609 η
155 2554 722 2625 igitur'eapellauum
768 2558 837 2611 ad
886 2558 1139 2613 Attonem
1190 2559 1404 2614 direxit.
1454 2560 1561 2628 Qui
1604 2578 1731 2617 eum

154 2644 384 2712 videns,
405 2652 461 2699 et
486 2645 555 2701 de
592 2645 780 2717 regina
807 2647 1319 2718 interrogans,.eam
1359 2652 1428 2706 de
1468 2653 1733 2708 industria

156 2750 266 2788 sua
300 2735 578 2805 respondit
596 2737 653 2790 in
674 2752 892 2793 carcere
918 2738 1035 2793 fore
1055 2740 1387 2796 defunctam.
1410 2742 1565 2798 Tunc
1583 2746 1729 2810 Atto,

158 2825 267 2895 qui
288 2827 536 2895 reginam
564 2826 796 2883 ﬁdeliter
813 2829 1124 2896 adamabat,
1150 2831 1379 2885 nimium
1404 2832 1528 2888 inde
1544 2834 1733 2890 dolens

161 2915 446 2985 lacrymas
466 2916 603 2972 fudit
633 2933 871 2974 amaras.
899 2918 1055 2986 Quod
1084 2936 1313 2977 cernens
1335 2924 1532 2995 regina:
1554 2926 1733 2995 capel-

159 3001 379 3071 lanus,
434 3019 548 3059 rem
596 3006 647 3059 ei
700 3007 881 3060 statim
927 3009 1158 3081 aperuit.
1206 3010 1335 3065 Atto
1379 3011 1544 3082 igitur
1590 3029 1731 3083 equo

158 3092 432 3149 velociter
492 3110 751 3163 ascenso,
799 3112 927 3151 eum
972 3098 1253 3168 eapellano
1288 3108 1345 3155 et
1396 3100 1617 3158 famulis
1663 3106 1731 3159 ad

162 3181 419 3251 reginam
461 3184 727 3253 perrexit,
778 3201 943 3254 quam
991 3186 1050 3241 in
1101 3188 1238 3243 silva
1288 3191 1562 3258 reperiens
1604 3208 1728 3247 cum

162 3271 461 3338 ancillula,
503 3273 572 3328 ad
618 3272 919 3351 Canossam
960 3290 1081 3329 eam
1123 3277 1393 3345 perduxit.
1441 3278 1574 3333 Post
1617 3282 1731 3336 haec

166 3354 407 3423 Romam
434 3359 501 3414 ad
532 3376 725 3430 papam
752 3360 1020 3416 Joannem
1077 3366 1310 3443 [nomine
1350 3363 1729 3443 duodecimum

166 3447 429 3502 nuntium
460 3448 625 3519 hujus
671 3450 751 3505 rei
794 3451 1011 3519 direxit,
1054 3434 1367 3524 supplicans
1421 3458 1527 3512 sibi
1569 3439 1734 3529 super

168 3534 285 3591 bac
306 3551 366 3591 re
384 3537 606 3608 dignum
630 3540 867 3610 impendi
906 3542 1214 3598 consilium.
1242 3544 1563 3617 Deliberavit
1587 3551 1731 3604 enim

168 3625 308 3681 Atto
345 3629 585 3698 reginam
635 3630 811 3700 ipsam
864 3631 1177 3701 imperatori
1207 3633 1413 3705 Ottoui,
1445 3646 1576 3695 tunc
1604 3640 1731 3695 Ale-

168 3716 376 3771 mania
426 3717 575 3788 regi,
606 3718 684 3780 in,
720 3720 1034 3791 conjugium
1095 3724 1367 3791 copulare.
1410 3726 1555 3796 Papa
1603 3745 1735 3785 vero

169 3806 569 3871 commendans
619 3809 764 3878 quod
815 3819 1057 3879 gesserat
1098 3812 1246 3879 Atto,
1275 3816 1551 3871 mandavit
1588 3819 1645 3873 ei
1675 3830 1735 3873 ut

170 3894 329 3971 quod
360 3894 429 3949 de
453 3898 636 3965 regina
662 3910 1039 3969 proposuerat,
1076 3904 1366 3973 salubriter
1398 3907 1729 3977 adimpleret.

169 3980 319 4066 Atto.
360 3982 544 4069 igitur,
576 3989 848 4053 pontiﬁcis
905 3993 1123 4061 cognita
1158 3995 1456 4061 voluntate,
1490 3999 1733 4069 reginam

170 4070 355 4158 eidem
383 4068 569 4126 Ottoni
591 4072 859 4130 Veronam
886 4080 1124 4134 venienti
1150 4082 1299 4136 dedit
1329 4084 1387 4139 in
1424 4068 1728 4158 conjugem.

169 4157 307 4214 Otto
349 4174 477 4216 vero
517 4178 610 4217 rex
652 4162 835 4217 Attoni
884 4168 1120 4221 maxima
1170 4184 1267 4237 per
1322 4172 1438 4226 hac
1484 4157 1735 4242 promisit

169 4249 456 4306 beneﬁcia.

164 4346 171 4353 “
791 4343 1018 4401 CAPUT
1054 4346 1119 4403 Π.

171 4430 308 4487 Otto
349 4433 633 4501 imperator
670 4433 727 4485 in
748 4434 1010 4487 auxilium
1038 4436 1175 4490 venit
1198 4436 1379 4493 Attoni
1407 4441 1463 4493 in
1498 4441 1733 4496 Canam

488 4500 711 4566 obsesso,
741 4513 788 4554 et
814 4501 1161 4572 Berengarius
1188 4510 1415 4576 capitur.

1833 695 1964 749 gens
1992 680 2141 734 illum
2168 680 2623 749 comprehendere
2648 678 2991 732 machinatus
3027 688 3129 731 est.
3159 678 3387 743 Quidam

1830 783 1959 823 vero
1979 767 2163 820 Διιοηί
2200 766 2428 832 amicus,
2458 768 2575 820 haec
2600 766 2910 835 przesciens,
2937 780 3061 818 eum
3090 778 3297 819 secreto
3324 767 3390 819 de

1831 858 1967 911 turri
2022 868 2299 922 vocatum,
2337 867 2418 922 ut,
2446 858 2648 912 emisso
2699 873 2795 926 per
2838 857 3169 910 fenestellam
3225 857 3389 910 turris

1833 950 2025 1018 capite,
2056 948 2174 1017 ejus
2207 948 2418 1002 audiret
2458 949 2620 1001 verba
2662 947 2904 1016 rcgavit;
2951 947 3096 1014 quod
3134 962 3258 999 cum
3308 946 3388 999 fe-

1832 1038 1996 1093 cisset
2012 1037 2158 1103 Atto,
2182 1038 2321 1091 hanc
2338 1038 2386 1090 ei
2413 1036 2661 1090 fabellam
2691 1038 2927 1090 narravit
2951 1035 3173 1101 :Ursus,
3194 1038 3387 1105 inquit,

1830 1136 2015 1180 ventre
2064 1125 2335 1191 famelico,
2376 1142 2677 1195 suspensus
2723 1127 2789 1179 ad
2825 1142 2979 1181 escas
3011 1128 3284 1189 existens,
3334 1144 3390 1179 Se

1831 1217 1973 1271 cervi
2010 1217 2295 1285 cujusdam
2333 1217 2570 1269 amicitia
2611 1216 2865 1284 languere
2914 1218 3193 1281 conﬁnxit,
3243 1218 3392 1269 misit

1833 1317 1891 1361 ut
1910 1322 1968 1360 se
1995 1307 2269 1361 visitatum
2291 1308 2503 1360 concito
2529 1322 2715 1375 gressu
2749 1306 2970 1359 veniret.
2998 1305 3199 1360 Cervus
3229 1307 3391 1375 igitur

1831 1413 1954 1451 cum
1982 1397 2248 1462 venisset,
2278 1413 2440 1451 ursus
2463 1398 2582 1465 ejus
2613 1396 2839 1456 a‘dluesit
2865 1397 3142 1463 auriculm,
3162 1413 3391 1465 eamque

1830 1486 2163 1556 discerpens,
2193 1487 2367 1555 ipsam
2397 1487 2560 1540 etiam
2600 1488 2872 1556 unguibus
2914 1488 3154 1540 laniavit.
3185 1486 3389 1541 Cervus

1830 1576 2045 1631 tandem
2091 1577 2283 1631 evasit.
2315 1575 2445 1630 Post
2492 1577 2607 1630 luce
2648 1593 2868 1631 rursum
2903 1593 3003 1647 pro
3047 1595 3206 1632 cervo
3237 1594 3389 1631 man—

1830 1665 2013 1731 davit,
2059 1667 2381 1735 promittens
2440 1666 2490 1718 ei
2541 1680 2734 1736 magna
2791 1682 3014 1720 munera
3067 1668 3114 1721 si
3162 1668 3383 1721 veniret.

1830 1752 2036 1808 Cervus
2060 1754 2270 1809 inscius
2316 1764 2371 1809 et
2396 1754 2713 1809 oll‘eusionis
2742 1755 2959 1820 oblitus,
2993 1756 3186 1809 iterato
3210 1770 3387 1809 rever-

1831 1842 2000 1908 titur,
2053 1843 2149 1912 qui
2203 1858 2335 1899 urso
2398 1844 2619 1913 propius
2684 1846 2965 1910 accedens,
3009 1846 3221 1900 residua
3262 1862 3384 1899 cum

1831 1933 2063 2002 privavit
2088 1933 2362 1999 auricula,
2404 1935 2591 2003 sicque
2627 1935 2849 1989 delusus
2881 1951 3073 1990 cervus
3113 1937 3271 1990 rediit
3296 1936 3389 1990 de-

1831 2013 2102 2092 turpatus.
2133 2020 2317 2076 Tertio
2344 2024 2561 2076 tandem
2596 2038 2727 2077 urso
2758 2039 2855 2091 pro
2882 2039 3043 2077 cervo
3079 2024 3384 2087 mandante,

1830 2110 2042 2165 dicebat
2059 2111 2204 2165 enim
2236 2127 2295 2166 se
2328 2127 2523 2181 magna
2545 2128 2669 2165 cum
2706 2127 2772 2165 eo
2794 2112 2939 2180 loqui
2962 2114 3113 2177 velle,
3139 2114 3390 2167 incautus

1830 2215 2025 2255 cervus
2066 2200 2301 2254 advenit.
2350 2199 2450 2254 Cui
2480 2216 2673 2253 ursus
2727 2201 3000 2265 arridens,
3056 2203 3213 2255 dente
3262 2219 3387 2255 eum

1830 2298 2050 2357 repente
2072 2297 2128 2343 et
2160 2305 2341 2359 ungue
2379 2290 2655 2358 diseerpit,
2682 2290 2901 2358 vitaque
2941 2291 3208 2359 privatum
3240 2292 3385 2357 vulpi

1828 2378 2125 2432 assandum
2169 2379 2333 2432 dedit.
2396 2378 2569 2443 Quem
2611 2380 2739 2432 dum
2792 2394 2977 2433 assum
3034 2395 3164 2433 urso
3210 2380 3388 2447 vulpis

1829 2454 2243 2535 praesentasset,
2283 2481 2379 2519 eor
2410 2466 2556 2520 illius
2594 2481 2626 2519 a
2659 2466 2817 2535 vulpe
2861 2466 2964 2519 sibi
2993 2466 3124 2519 dare
3164 2466 3384 2535 expetit.

1830 2556 1933 2610 Cui
1980 2556 2158 2626 vulpis
2205 2572 2426 2611 cervum
2476 2572 2573 2611 cor
2622 2574 2732 2612 non
2781 2558 3037 2611 habuisse
3090 2558 3383 2627 respondit.

1830 2645 2007 2702 Ursus
2026 2662 2155 2702 vero
2179 2648 2309 2701 dum
2352 2662 2578 2717 prorsus
2597 2663 2819 2702 cervum
2847 2664 2944 2703 cor
2975 2649 3232 2702 habuisse
3251 2663 3387 2702 cou-

1829 2734 2095 2799 tenderet,
2129 2742 2186 2788 et
2210 2735 2339 2788 illud
2361 2736 2545 2789 statim
2576 2736 2681 2791 sibi
2718 2737 2835 2789 dari
2857 2737 3037 2811 vellet,
3066 2736 3241 2804 vulpis
3273 2736 3384 2789 ait:

1829 2821 1971 2876 Dum
2006 2824 2118 2878 tuis
2141 2823 2300 2877 tertio
2325 2824 2677 2892 petitionibus
2711 2824 2791 2877 sic
2817 2823 3100 2877 annuisset
3131 2824 3389 2893 improvi—

1828 2914 1954 2980 dus,
1983 2914 2145 2968 corde
2165 2928 2289 2967 eum
2318 2914 2561 2968 caruisse
2581 2913 2830 2983 protinus
2853 2914 3255 2982 comprobatur.
3276 2912 3388 2967 llae

1830 3011 2055 3058 narrata
2080 3002 2295 3069 fabella,
2325 3011 2381 3057 et
2400 3017 2499 3057 cur
2522 3017 2643 3057 eam
2668 3002 2879 3057 dixerat
2911 3003 3036 3057 Atto
3061 3004 3386 3073 intelligens,

1829 3094 2047 3153 turrim.
2085 3092 2365 3147 obsidione
2394 3092 2644 3156 durante,
2675 3092 2907 3159 amplius
2936 3106 3045 3144 non
3088 3092 3387 3154 descendit,

1831 3181 1964 3236 utile
1993 3181 2098 3236 sibi
2142 3180 2447 3248 exemplum
2498 3194 2801 3234 reservans.
2848 3179 2986 3233 Dum
3030 3195 3161 3234 vero
3215 3180 3391 3234 tribus

1831 3269 1992 3324 annis
2016 3277 2072 3325 et
2104 3268 2387 3324 mensibus
2413 3284 2508 3323 sex
2544 3269 2685 3338 apud
2714 3268 3013 3324 Canossam
3044 3272 3393 3340 perdurasset

1828 3346 2044 3423 obsidio
2092 3348 2363 3424 crudelis,
2397 3360 2523 3413 Atto
2565 3353 2735 3415 'tredio
2787 3360 3032 3426 allectus,
3079 3362 3391 3430 imperatori

1831 3447 2052 3516 scripsit
2076 3446 2260 3502 Ottoui
2294 3456 2352 3501 ut
2372 3450 2750 3517 promissionis
2776 3450 2908 3503 olim
2938 3450 3042 3503 sibi
3062 3449 3234 3516 facta,
3258 3452 3389 3507 dum

1831 3538 1909 3592 illi
1937 3536 2246 3593 Adeleidam
2276 3538 2548 3607 copulavit
2590 3539 2832 3608 reginam
2860 3556 2969 3594 non
3004 3540 3310 3607 immemor,
3340 3546 3390 3598 ei

1832 3643 2118 3685 accurrere
2153 3628 2355 3684 auxilio
2377 3646 2485 3682 nou
2529 3629 2785 3685 dill'erret.
2812 3629 2938 3685 Otto
2968 3632 3133 3701 igitur
3166 3635 3392 3687 collecto

1832 3728 2169 3774 armatorum
2189 3720 2430 3774 exercitu
2453 3720 2507 3772 in
2545 3735 2736 3788 agrum
2759 3719 3123 3776 Veronensem
3153 3724 3387 3787 advenit,

1830 3804 2147 3876 Padumque
2173 3808 2464 3879 transiens,
2495 3822 2620 3861 cum
2650 3808 2975 3877 Berengario
3004 3822 3191 3877 aperto
3218 3822 3390 3866 marte

1831 3902 1988 3963 parat
2026 3895 2331 3965 conﬂigere.
2370 3893 2525 3960 Quod
2568 3896 2792 3951 audiens
2810 3884 3173 3966 'Berengarius
3205 3902 3389 3955 statim

1832 3984 1902 4036 ah
1928 3984 2209 4039 obsidione
2241 3985 2491 4039 decessit.
2531 3984 2631 4039 Cui
2667 3986 2719 4039 in
2747 3986 2909 4039 Prato
2935 3986 3182 4042 Fontano
3220 3991 3391 4060 impe-

1832 4084 1983 4128 rator
2028 4074 2220 4129 obvius
2257 4074 2432 4131 factus
2474 4077 2663 4146 grandi
2701 4077 2881 4131 subito
2904 4088 3095 4134 exorto
3118 4081 3387 4146 clamore,

1832 4162 1974 4217 inter
2016 4162 2397 4233 Berengarium
2424 4175 2478 4217 et
2505 4165 2755 4219 Ottonem
2787 4167 2957 4219 initur
2978 4169 3240 4235 praelium.
3275 4169 3367 4224 Pu

1832 4252 2263 4317 gnatur‘acriter
2310 4254 2604 4320 utrinque:
2649 4254 2806 4307 multi
2837 4262 3019 4309 tamen
3062 4258 3190 4311 caesi
3238 4269 3387 4326 sunt,

1831 4336 2095 4406 multique
2118 4339 2341 4392 mortui.
2372 4340 2683 4409 Berengarii
2717 4340 2988 4397 exercitus
3008 4353 3159 4415 terga
3190 4349 3386 4415 vertit;

1830 4425 2069 4494 dumque
2094 4424 2365 4496 fugientes
2402 4426 2787 4497 Langobardos
2819 4429 3100 4487 Alemanni
3132 4436 3387 4504 inseque-

1764 4538 1807 4592 Ι)
1832 4522 2038 4579 rentur,
2066 4511 2426 4584 Berengarius
2450 4517 2679 4585 capitur,
2710 4527 2766 4571 et
2788 4515 2970 4573 Ottoni
2996 4526 3385 4594 prtesentatur;

246 4580 374 4640 Bac
399 4587 471 4679 ita
500 4587 630 4641 dum
655 4604 716 4643 se
740 4590 1017 4656 haberent,
1040 4596 1225 4649 omnia
1244 4612 1469 4665 prorsus
1491 4599 1733 4657 latebant
1764 4580 1804 4644 θ
1832 4619 1993 4675 quem
2034 4580 2275 4658 vinetum
2310 4580 2679 4677 compedibus,
2712 4608 2891 4677 quoad
2932 4580 3087 4675 viiii,
3117 4580 3387 4679 captivum

170 4672 562 4742 Berengarium
601 4690 801 4747 regem.
839 4679 1178 4749 Cognoverat
1204 4700 1336 4759 sane
1366 4689 1607 4745 evasisse
1640 4708 1729 4747 re-

171 4762 382 4831 ginam,
412 4762 503 4815 sed
538 4776 648 4829 quo
702 4763 1036 4833 aufugisset,
1095 4771 1293 4839 quidve
1336 4774 1570 4843 egisset,
1614 4790 1732 4835 erat

170 4850 416 4919 ignarus.
459 4848 657 4903 Audito
706 4860 887 4906 autem
930 4848 1143 4911 Quouis
1180 4860 1324 4929 regis
1358 4864 1591 4921 adventu
1625 4868 1728 4925 Ve-

100 4990 101 4993 η
171 4955 345 5005 route,
367 4948 423 4993 ct
446 4955 779 5009 quacunque
814 4942 881 4995 de
900 4944 1087 5013 regina
1118 4956 1244 5001 cum
1269 4965 1334 5004 eo
1364 4964 1549 5023 egerat
1579 4958 1729 5027 Atto,

168 5032 349 5087 iratus
380 5038 437 5085 et
461 5030 714 5086 frendens
740 5032 1039 5087 coadunato
1067 5036 1305 5092 exercitu
1345 5044 1492 5097 venit
1517 5045 1727 5104 Canos-

167 5132 329 5184 sam,
365 5134 597 5187 eamque
623 5121 903 5175 obsidione
932 5122 1166 5177 vallavit.
1200 5124 1304 5181 Sed
1340 5132 1464 5185 Atto
1490 5136 1727 5200 pmdeus

167 5212 228 5259 et
263 5213 538 5273 strenuus,
578 5210 853 5278 oppidum,
890 5209 1053 5264 etiam
1086 5212 1187 5267 loci
1240 5225 1435 5271 natura
1490 5218 1725 5276 fortissi-

170 5308 350 5360 mum,
376 5300 698 5381 necessariis
731 5300 1036 5369 quibusque
1070 5304 1355 5359 munierat.
1398 5306 1538 5363 Suos
1562 5310 1727 5381 igitur

170 5383 247 5437 ad
307 5377 690 5446 deienlenem.
745 5390 924 5448 solum
995 5392 1383 5450 cohortabatur
1441 5377 1720 5469 intrepide.

170 5474 425 5545 Cumque
447 5489 546 5529 rex
571 5474 924 5553 Berengarius
953 5490 1190 5540 castrum
1221 5485 1507 5540 obsessum
1539 5491 1729 5548 multis

172 5564 299 5618 telis
328 5570 395 5617 et
429 5563 705 5621 machinis
747 5567 1057 5639 impeteret,
1108 5572 1319 5627 excelsa
1375 5569 1553 5629 tamen
1604 5580 1725 5647 ejus

175 5653 379 5709 mteuia
401 5652 640 5722 contingi
666 5671 772 5711 non
786 5666 1050 5726 poterant.
1071 5660 1215 5716 later
1234 5665 1349 5717 haec
1372 5678 1727 5722 consueverat

180 5744 455 5801 interdum
505 5741 629 5827 Atto
679 5744 744 5799 de
796 5747 934 5803 turri
990 5753 1199 5808 excelsa
1259 5753 1580 5813 descendere
1598 5799 1618 5826 ι
1672 5769 1725 5813 et

1832 4691 2073 4745 retinuit.
2532 4736 2533 4743 η

2430 4802 2655 4857 CAPUT
2694 4802 2781 4855 Ill.

1835 4893 1910 4947 De
1935 4894 2118 4963 prwlio
2148 4896 2283 4946 inter
2321 4891 2865 4963 ᾼάαιιξετςαπιηεθειῃ
2894 4890 3092 4963 Ιιᾳιὶαι,
3110 4904 3157 4947 et
3176 4896 3401 4951 Lilla!-

2108 4964 2286 5030 phum,
2307 4959 2515 5013 Ottouis
2544 4961 2873 5026 imperatoris
2910 4961 3101 5029 filium.

1898 5050 2030 5105 Post
2056 5051 2170 5103 hac
2207 5048 2528 5102 Adalbertus
2548 5048 2858 5121 Berengarii
2905 5052 3050 5108 ﬁlius
3092 5071 3123 5109 a
3167 5055 3383 5125 Longo-

1824 5136 2010 5190 bardis
2054 5136 2379 5191 sublimatur
2428 5139 2481 5191 in
2532 5153 2733 5208 regem.
2780 5139 2876 5195 Hic
2917 5142 3084 5196 armis
3130 5134 3385 5197 strenuus

1824 5241 2009 5294 pacem
2054 5243 2184 5280 cum
2235 5226 2430 5283 Ottone
2495 5246 2768 5299 nunquam
2826 5232 3011 5284 voluit.
3068 5232 3192 5282 Atto
3247 5242 3377 5283 vere

1824 5330 1987 5383 sagax
2011 5315 2245 5386 ingenio,
2268 5327 2323 5371 ct
2354 5319 2536 5373 animo
2566 5319 2755 5382 ﬁdens,
2790 5317 3084 5371 Canossam
3123 5318 3383 5385 Oppidum

1828 5406 2159 5460 necessariis
2203 5408 2453 5460 munivit.
2489 5406 2807 5459 Adalbertns
2851 5418 3066 5473 quoque
3102 5419 3196 5457 rex
3224 5406 3379 5472 oppi-

1829 5493 1957 5547 dum
1993 5494 2169 5562 ipsum
2202 5495 2430 5549 obsedit.
2482 5494 2727 5561 Dumque
2763 5493 3042 5547 mensibus
3075 5492 3291 5558 triginta
3323 5492 3379 5545 in

1828 5583 2106 5637 obsidione
2146 5584 2453 5645 mansisset,
2491 5583 2615 5634 Atto
2647 5580 2917 5633 Adalberti
2960 5582 3100 5649 regis
3131 5579 3374 5633 animum

1829 5670 2085 5723 adversus
2143 5686 2203 5723 se
2261 5670 2449 5723 videns
2516 5670 2842 5738 pertinacem
2869 5711 2882 5734 ,
2948 5682 3163 5721 rursum
3228 5668 3381 5722 misit

1833 5757 2041 5822 Ottoni,
2066 5765 2120 5809 ut
2155 5758 2273 5828 ejus
2311 5768 2527 5825 sperato
2556 5758 2657 5811 sibi
2685 5756 2922 5821 subsidio
2965 5771 3070 5809 uou
3101 5754 3367 5821 deﬁciens,
