3944 6408
578 474 731 547 ⁸1043

1552 502 1643 568 AD
1676 502 1907 567 arma
1942 505 1999 559 s.
2039 500 2362 562 causam:
2398 504 2839 578 APPENDICES.

3652 54 3884 603 ἢ

3643 498 3783 568 {tau

593 602 727 674 ipse,
778 610 858 665 vel
909 610 1050 679 illius
1098 610 1444 687 Lithulphus,
1490 618 1592 672 sibi
1639 620 1852 674 adesset
1893 621 2135 675 obsesso.
2168 624 2213 679 Α
2238 598 2721 691 oppidis,llomam
2770 617 3025 691 perrexit,
3051 628 3160 673 eta
3196 631 3333 688 papa
3355 614 3521 684 hujus
3561 610 3782 667 nominis

591 694 716 751 Otto
765 699 942 783 itaque
986 703 1159 759 ﬁlium
1208 721 1366 761 suum
1409 706 1760 783 Lithulplium
1811 702 1936 765 cum
1996 711 2140 766 mille

591 788 813 846 armatis
846 790 945 846 sibi
984 794 1133 849 misit
1160 795 1392 864 auxilio,
1435 782 1553 867 qui
1576 794 1631 852 in
1677 797 1883 853 Italiam
1916 799 2140 853 veniens

595 874 858 935 Veronam
908 883 1144 939 intravit.
1189 886 1344 952 Quod
1402 887 1630 943 audiens
1675 888 1994 943 Adalbertus
2043 903 2141 943 rex

588 970 927 1029 obsidionere
946 975 1071 1030 licta
1089 975 1352 1048 Baflgium
1372 978 1627 1048 perrexit.
1660 977 1984 1048 Lithulphus
2009 992 2139 1040 vero

593 1059 800 1118 Verona
842 1065 1059 1133 exiens,
1106 1068 1408 1138 vespertina
1454 1070 1590 1124 hora
1636 1068 1880 1125 Battonis
1921 1077 2138 1139 pratum

561 1153 822 1219 advenit,
854 1156 943 1210 ubi
967 1158 1152 1212 aderat
1171 1158 1327 1225 Atto;
1351 1175 1381 1214 a
1411 1175 1519 1230 quo
1561 1170 1844 1231 susceptus
1872 1160 2135 1226 hilariter,

585 1244 762 1308 male,
806 1244 987 1330 inquit
1032 1246 1178 1314 Atto,
1226 1257 1476 1320 gatoncm
1512 1264 1636 1303 cum
1679 1264 1831 1305 mure
1881 1249 1934 1304 in
1984 1257 2135 1324 arcto

586 1320 818 1389 sacculo,
833 1336 994 1390 simul
1024 1353 1145 1393 esse
1167 1337 1360 1394 fertur.
1386 1339 1465 1394 Ad
1496 1355 1657 1410 quem
1702 1320 2137 1408 Lithulphus,ut

585 1423 690 1480 hoc
723 1426 825 1481 sibi
862 1430 1169 1485 enuclearet
1202 1432 1436 1501 enigma,
1473 1430 1747 1501 respondit
1778 1429 1929 1484 :Non
1962 1431 2133 1495 decet,

584 1516 763 1587 inquit
810 1518 970 1586 Atto,
1000 1522 1146 1587 ‘duos
1192 1523 1479 1577 comitatus
1507 1519 1561 1575 in
1612 1537 1722 1576 uno
1751 1521 1970 1576 homine
2015 1534 2134 1575 esse

587 1606 766 1662 simul.
809 1609 1100 1679 Capiamus
1150 1612 1330 1684 igitur,
1362 1613 1537 1684 inquit
1565 1612 1909 1681 Lithulphus,
1955 1610 2135 1666 consi-

586 1697 719 1752 lium
750 1700 880 1769 quid
906 1717 1094 1757 sumus
1122 1704 1314 1759 aéturi.
1336 1703 1463 1759 Atto
1484 1702 1796 1773 respondit:
1819 1700 2027 1755 Bonum
2051 1709 2135 1755 est
2181 1698 2191 1709 ’

586 1795 741 1885 nocte
772 1789 873 1863 hac
903 1790 955 1844 in
985 1804 1116 1863 agro
1150 1794 1253 1848 isto
1286 1794 1592 1864 quiescere;
1629 1801 1701 1859 et,
1724 1792 1963 1861 corporis
1991 1780 2135 1846 curae

587 1876 930 1945 insistentes,
964 1882 1056 1951 qui
1086 1882 1357 1938 Adalherti
1382 1885 1678 1939 exercitum
1716 1884 1955 1954 exploret
2004 1883 2136 1971 mit:

589 1974 787 2021 tamus.
813 1968 968 2035 Quod
992 1980 1044 2025 et
1066 1971 1267 2026 factum
1292 1983 1395 2028 est.
1424 1973 1693 2029 Reversus
1716 1949 1880 2044 igitur
1892 1950 2136 2037 nuntius;
2169 1949 2211 2003 Β

588 2056 781 2113 Attene
838 2060 1012 2129 primo
1058 2062 1472 2120 inventoz'l‘anti
1501 2075 1646 2131 sunt,
1680 2065 1874 2134 inquit,
1930 2066 2132 2129 hostes,

587 2148 694 2220 [ut]
719 2150 765 2204 si
794 2153 962 2207 nostri
984 2156 1215 2223 pecudes
1234 2167 1432 2224 essent,
1475 2158 1541 2212 ab
1560 2158 1639 2212 eis
1663 2156 1871 2211 comedi
1893 2162 2130 2225 possent.

569 2238 739 2296 'Tunc
771 2243 915 2309 Atto,
959 2245 1232 2301 silentium
1263 2248 1453 2302 nuntio
1501 2249 1802 2318 imponens,
1824 2247 1895 2311 ad
1921 2245 2134 2299 Lithul-

586 2333 754 2398 phum
795 2335 1030 2399 accedit,
1079 2345 1132 2390 et
1180 2346 1378 2392 retorta
1429 2338 1693 2392 sententia
1742 2336 1915 2390 nuntii
1971 2334 2134 2390 verba

586 2423 828 2477 mutavit.
880 2424 1047 2490 Adeo,
1097 2427 1298 2496 inquit,
1347 2429 1504 2497 pauci
1557 2436 1681 2483 sunt
1735 2430 1936 2492 hostes,
1980 2434 2040 2479 ut
2087 2426 2133 2480 si

584 2514 828 2570 bidentes
860 2516 1026 2570 assati
1054 2527 1255 2582 essent,
1286 2534 1474 2573 eorum
1506 2535 1613 2572 non
1657 2518 1957 2573 sufﬁcerent
1977 2516 2133 2571 nobis

585 2621 794 2659 carnes.
833 2605 1090 2662 ilartatur
1132 2610 1313 2678 itaque
1360 2609 1708 2680 Litliulphum
1738 2618 1798 2662 ut
1832 2609 1998 2662 armis
2041 2623 2131 2661 as-

586 2697 814 2784 sumptis
851 2698 1023 2752 irruat
1053 2699 1106 2751 in
1155 2701 1425 2755 Adalbcrti
1456 2700 1772 2754 exercitum.
1809 2698 2134 2767 L‘itbulphus

581 2788 767 2857 igitur,
790 2797 1171 2861 prorumpente
1192 2806 1408 2855 aurora,
1432 2806 1554 2861 cum
1585 2791 1698 2845 suis
1727 2790 1949 2844 armatis
1970 2790 2131 2843 etiam

583 2880 652 2933 ad
685 2880 954 2935 Adalherti
977 2883 1269 2955 exercitum
1291 2882 1634 2953 propinquat.
1666 2880 1961 2937 Senserunt
1981 2880 2131 2934 illum

582 2971 844 3043 excubite,
869 2980 924 3025 et
944 2974 1127 3026 statim
1152 2975 1441 3028 Adalberto
1478 2973 1814 3029 nuntiarunt.
1853 2971 1973 3040 Ipse
2006 2986 2133 3025 vero

583 3070 866 3129 propterea
907 3061 1240 3131 stupefactus
1267 3064 1434 3133 jussit
1474 3063 1659 3117 rimari
1714 3063 1895 3133 qualia
1930 3069 2131 3128 essent,

581 3166 820 3222 suosque
863 3153 1019 3223 signo
1045 3155 1245 3208 vocari.
1278 3153 1503 3233 interea,
1547 3154 1730 3208 audita
1751 3153 1947 3218 missa,
1994 3167 2134 3229 nun-
2174 3207 2183 3213 ,

2239 711 2445 767 Joanne
2478 714 2797 775 duodecimo
2831 710 3040 787 imperii
3071 708 3315 764 diadema
3344 704 3616 773 suscepit;
3643 700 3779 756 Atto-

2239 818 2362 857 nem
2409 813 2532 874 post
2566 806 2681 859 haec
2708 802 2918 874 magnis
2950 800 3142 857 ditavit
3168 796 3508 860 muneribus,
3545 804 3604 849 et
3628 794 3779 874 comi-

2240 901 2382 950 tatus
2410 867 2697 951 decoravit
2722 867 2948 949 honore.
2998 891 3103 959 Qui
3139 890 3355 945 tandem
3398 867 3779 949 decedensfde

2238 985 2403 1054 proba
2458 985 2686 1040 muliere
2738 983 3015 1055 lldegarda
3072 980 3326 1046 nomine,
3389 977 3528 1054 duos
3576 972 3777 1044 reliquit

2238 1076 2396 1142 filios,
2424 1075 2813 1135 Gothofredum
2842 1073 3177 1143 Brixiensem
3212 1071 3549 1142 episcopum,
3575 1073 3634 1122 et
3651 1064 3775 1120 The

2237 1166 2477 1223 daldum.
2598 1180 2603 1188 '
3261 1156 3269 1163 ’

2833 1277 3055 1334 CAPUT
3092 1275 3181 1331 1V.

2234 1374 2312 1428 De
2344 1373 2607 1427 Tlteduldo
2634 1338 2859 1426 [Attonis
2905 1370 3037 1440 ﬁlio,
3086 1377 3133 1440 et
3179 1366 3293 1440 ejus
3337 1364 3486 1434 ﬁliis,
3526 1356 3774 1440 tired-alqu

2303 1443 2523 1507 scilicet,
2542 1442 2821 1511 Boni/acia
2838 1450 2886 1494 et
2905 1427 3168 1504 'Coni'ado,
3190 1427 3236 1490 ἐι
3259 1436 3323 1489 de
3337 1427 3510 1487 'morte
3535 1427 3771 1483 Thedaldi

2300 1521 2351 1567 et
2373 1512 2624 1568 Conradi.

2238 1640 2248 1647 '
2304 1624 2608 1680 Thedaldus
2638 1625 2800 1695 igitur
2825 1631 2950 1694 post
2980 1603 3194 1674 Attonis
3222 1618 3340 1687 ejus
3363 1613 3537 1685 patris
3559 1616 3769 1665 mortem

2235 1717 2448 1770 omnem
2476 1723 2760 1785 paternum
2779 1726 3002 1777 servans
3034 1711 3315 1773 honorem,
3341 1714 3395 1761 et
3418 1705 3641 1758 virtutes
3660 1698 3771 1767 itai-

2235 1816 2396 1873 tatus,
2418 1815 2593 1861 terras
2615 1813 2670 1860 et
2693 1805 2883 1875 oppida
2914 1800 3131 1873 prepria
3159 1789 3771 1867 ampliﬁcans,principi-

2236 1895 2338 1951 bus
2373 1894 2578 1950 exstitit
2626 1902 2788 1949 notus
2826 1901 2881 1947 et
2910 1892 3129 1946 charus.
3162 1886 3263 1942 Cui
3291 1884 3527 1953 Joannes
3550 1877 3770 1952 pontifex

2237 1988 2406 2042 multa
2433 1985 2536 2041 sibi
2557 1984 2841 2041 dilectione
2869 1981 3192 2052 coniunctus
3221 1976 3495 2032 civitatem
3523 1968 3772 2027 concessit

2237 2077 2495 2132 feriarum
2527 2074 2696 2147 (953).
2719 2071 3016 2129 Canusium
3047 2078 3286 2126 castrum
3315 2065 3484 2122 multa
3516 2059 3770 2132 diligentia

2236 2166 2542 2223 custodivit.
2558 2165 2718 2221 Juxta
2748 2165 2911 2221 etiam
2932 2161 3061 2217 Padi
3087 2161 3308 2225 ﬂuenta,
3338 2158 3496 2225 longe
3516 2168 3547 2208 a
3570 2150 3770 2228 Mantua

2236 2258 2557 2313 milliaribus
2585 2257 2792 2319 decem,
2835 2255 2975 2309 idem
3003 2251 3226 2326 dignum
3272 2243 3574 2303 construxit
3599 2254 3769 2296 emno-

2236 2352 2385 2406 bium
2418 2348 2563 2418 quod
2598 2354 2819 2401 sanctus
2841 2342 3162 2398 Benedictus
3204 2339 3271 2394 de
3298 2335 3614 2391 Padolirone
3640 2346 3770 2385 nun-

2236 2449 2483 2511 cupatur,
2536 2438 2592 2492 in
2634 2452 2743 2506 quo
2792 2434 3089 2488 monachos
3137 2429 3240 2485 sub
3286 2423 3560 2481 Benedicti
3603 2419 3771 2511 regula

2233 2509 2486 2605 degentes
2519 2527 2768 2584 instituit.
2813 2524 3107 2594 Conjugem
3144 2518 3334 2574 habuit
3364 2514 3592 2571 Voiliam
3635 2509 3770 2579 (95$)

2234 2624 2473 2689 nomine,
2501 2637 2599 2687 sua
2619 2618 2871 2673 omnibus
2895 2616 3093 2685 pietate
3111 2613 3433 2683 placentem,
3461 2605 3526 2660 de
3549 2617 3652 2673 qua
3671 2609 3773 2656 tres

2234 2696 2537 2785 procreavit
2561 2710 2700 2764 filios
2725 2727 2738 2762 :
2762 2703 3095 2761 Thedald’um
3119 2700 3384 2765 videlicet,
3409 2696 3503 2767 qui
3524 2693 3621 2750 fuit
3646 2691 3767 2745 Are-

2234 2800 2361 2860 tina:
2393 2803 2545 2857 urbis
2579 2801 2887 2871 episcopus,
2914 2805 2971 2852 et
2997 2792 3336 2867 Bonifaciqm
3379 2787 3601 2843 militem
3643 2790 3766 2839 stre-

2233 2912 2424 2962 nuum,
2461 2892 2879 2960 Conradumque
2916 2886 3233 2958 prudentem
3281 2880 3481 2935 virum.
3528 2875 3768 2931 Moriente

2233 2988 2398 3058 igitur
2445 2999 2635 3047 eorum
2676 2970 2830 3051 patre
2860 2976 3153 3051 Thedaldo,
3185 2969 3525 3045 Bonifacium
3554 2961 3769 3058 instituit

2233 3053 2499 3148 primatus
2519 3074 2728 3128 honore
2751 3068 2983 3141 gaudere
3004 3065 3127 3143 :cui‘
3143 3075 3491 3147 nummorum
3509 3053 3769 3113 duodenos

2235 3142 2422 3221 saccos
2443 3162 2672 3219 refertos
2696 3159 2944 3226 contulit,
2970 3171 3109 3226 quos
3124 3142 3188 3231 in
3215 3142 3314 3207 sua
3334 3163 3550 3206 camera
3568 3158 3769 3223 conser-

582 3236 750 3295 tiatu'r
768 3243 825 3317 ei
843 3243 987 3299 mille
1008 3260 1234 3301 numero
1257 3246 1442 3302 hostes
1462 3261 1601 3301 esse.
1628 3244 1950 3299 Adalbertus
1971 3242 2135 3321 igitur
2160 3268 2202 3324 ρ
2235 3243 2604 3310 “mavoluit
2624 3252 2790 3307 etiam
2822 3257 2901 3315 ιιι,
2937 3261 3004 3302 eo
3036 3240 3302 3315 praesente
3323 3239 3459 3319 tilio,
3487 3242 3591 3302 suo
3614 3233 3769 3289 Boni-

530 3377 535 3384 .
584 3348 680 3405 rex
728 3349 850 3400 cum
897 3336 1083 3411 paucis
1119 3337 1342 3411 armatis
1370 3337 1536 3392 exivit
1564 3337 1631 3392 ad
1662 3335 1936 3407 praelium;
1970 3349 2130 3404 quem

584 3423 713 3476 dum
749 3414 997 3478 conserta
1026 3440 1205 3496 pugna
1246 3427 1490 3497 horribili
1515 3426 1838 3495 Lithulphus
1870 3424 2015 3479 ferro
2030 3425 2134 3479 im—

585 3521 822 3580 peteret,
874 3511 1193 3571 Adalbertus
1250 3514 1305 3568 in
1351 3529 1474 3569 eum
1526 3514 1737 3573 hastam
1776 3511 2039 3577 vibravit,
2080 3518 2134 3563 et

587 3604 864 3673 thoracem.
886 3602 1186 3674 perforans,
1230 3621 1299 3660 ac
1332 3620 1428 3675 per
1460 3611 1644 3674 pectus
1693 3603 1945 3669 cduccns,
1982 3600 2133 3658 illum

583 3695 690 3764 vita
720 3684 975 3766 privavit:
1015 3698 1295 3752 Alemanni
1325 3712 1426 3752 suo
1453 3696 1691 3752 destituti
1727 3696 1863 3749 duce
1900 3688 2134 3748 maeren-

586 3793 667 3843 tes
715 3794 945 3841 tremore
988 3788 1397 3842 concussi'sunt
1430 3786 1631 3855 pariter
1676 3794 1729 3857 et
1778 3785 1987 3839 timore:
2028 3778 2167 3857 Sed

586 3875 730 3941 Atto,
760 3877 843 3930 vir
869 3877 1158 3947 singularis
1181 3876 1663 3946 magnanimitatis,
1684 3874 1863 3928 statim
1899 3858 2130 3933 advenit,

585 3974 640 4019 et
668 3982 762 4021 eos
808 3968 1098 4039 cohortaris
1147 3966 1214 4020 ad
1261 3948 1459 4030 bellum
1488 3952 1702 4019 viribus
1728 3950 2046 4031 resumptis
2081 3970 2136 4031 et

490 4058 491 4061 “
586 4057 802 4132 animis,
830 4073 896 4113 eo
922 4057 1080 4124 duce,
1106 4056 1395 4133 durissime
1413 4048 1703 4126 praeliatur.
1729 4053 1987 4129 Tandem,
2012 4043 2135 4107 licet

583 4164 944 4220 cummagna
996 4164 1218 4205 suorum
1270 4147 1442 4212 czede,
1486 4146 1611 4207 Atto
1651 4161 1773 4199 cum
1818 4143 1931 4198 suis
1964 4143 2135 4198 vietor

581 4240 782 4308 existit,
815 4250 869 4296 et
903 4229 1521 4313 fugatumAdalhertum
1552 4253 1716 4309 regno
1746 4236 1991 4308 privavit.
2031 4231 2133 4301 Qui

583 4332 733 4399 regni
773 4318 973 4386 amissi
998 4330 1369 4389 confusionem
1403 4344 1510 4385 non
1544 4318 1835 4392 sustinens,
1858 4334 2134 4396 pertrans—

593 4420 694 4479 ivit
745 4420 1057 4485 Oceanum',
1120 4435 1213 4475 seu
1274 4426 1422 4475 mare
1483 4418 1847 4482 Adriaticum,
1902 4403 2132 4486 amplius

570 4509 806 4601 Qinime
848 4506 1181 4579 reversurus;
1238 4510 1317 4565 Ab
1364 4525 1437 4584 eo_
1483 4523 1699 4587 quoque
1754 4494 2094 4578 Longobardi
2114 4547 2129 4572 ,

585 4594 793 4653 nullum
815 4598 917 4654 sibi
942 4613 1121 4668 regem
1149 4594 1378 4652 ulterius
1414 4606 1759 4674 statuerunt,
1953 4604 2133 4651 autem

583 4699 702 4745 acta
753 4697 880 4744 sunt
928 4702 1069 4741 anno
1103 4686 1545 4763 octingentesimo
1573 4687 1765 4757 quinto
1804 4687 2016 4741 decimo
2050 4684 2134 4751 ina-

582 4779 789 4835 carnati
829 4776 988 4833 Verbi
1019 4774 1132 4829 Dei.
1175 4774 1384 4842 Corpus
1433 4771 1708 4841 Lithulphi
1739 4770 1864 4832 Atto
1906 4764 2131 4837 habens,

582 4867 773 4921 educta
813 4881 878 4921 ex
902 4880 967 4919 eo
998 4865 1225 4934 viscera,
1259 4863 1313 4917 in
1335 4862 1562 4918 ecclesia
1597 4860 1655 4915 S.
1686 4846 1939 4930 Prosperi
1980 4874 2134 4934 sepe:

583 4954 719 5007 livit.
754 4954 964 5023 Corpus
1010 4932 1224 5010 tandem
1270 4953 1429 5028 digne
1476 4950 1733 5029 condiens
1778 4932 2135 5013 aromatibus,

585 5043 724 5112 patri
745 5044 1045 5099 transmisit
1066 5043 1269 5111 Ottoni,
1295 5059 1528 5115 eumque
1561 5044 1657 5113 per
1676 5043 1946 5098 solemnes
1966 5042 2130 5097 inter-

588 5132 808 5200 nuntios
846 5133 1099 5187 hortatur
1146 5151 1216 5190 ne
1266 5151 1365 5212 pro
1409 5150 1539 5191 nece
1588 5135 1716 5200 filii,
1772 5133 1866 5205 qui
1921 5131 2131 5188 fortiter

583 5225 874 5298 pugnando
918 5234 1214 5292 corruerat,
1236 5242 1493 5298 merens,
1536 5228 1604 5282 ad
1656 5227 1860 5283 Italiam
1922 5227 2129 5298 tardius

583 5296 884 5382 festinaret,
900 5329 1124 5385 regnum
1148 5296 1528 5391 penetraturus
1544 5331 1667 5384 rege
1690 5296 1976 5390 privatum.
2004 5314 2129 5371 Otto

585 5424 891 5481 quanquam
913 5405 1139 5462 nimium
1179 5405 1246 5460 de
1279 5404 1375 5458 filii
1401 5412 1576 5459 morte
1593 5405 1860 5475 turbatus,
1894 5407 2133 5477 bonan-ag

584 5501 761 5559 biliter
782 5508 960 5555 tamen
981 5514 1047 5555 eo
1078 5497 1368 5568 sepulturae
1400 5495 1627 5559 tradito,
1642 5495 1696 5548 in
1729 5511 1908 5567 manu.
1928 5497 2133 5565 piiteuti

588 5589 790 5655 italiam
833 5590 1007 5657 venit,
1051 5590 1147 5659 qui
1186 5604 1219 5644 a
1260 5587 1470 5645 cunctis
1498 5585 1720 5657 paciﬁcc
1747 5592 2017 5654 receptus,
2046 5599 2133 5637 re-

589 5696 797 5762 gnoque
851 5680 954 5735 sibi
1006 5680 1205 5735 tradito
1277 5690 1399 5739 eam
1450 5677 1753 5735 civitatibus
1804 5676 2013 5733 cunctis
2080 5685 2133 5730 et

660 5834 803 5907 {955)
843 5836 1158 5891 Fcrrariam.

2232 3344 2610 3407 facio‘subditi
2666 3342 2753 3398 sui
2796 3337 3070 3395 ﬁdelitatis
3101 3335 3411 3405 iuramenta
3449 3332 3766 3400 praestarent.

2234 3435 2541 3490 Thedaldus
2583 3444 2763 3489 autem
2794 3428 2967 3502 ipsius
2996 3422 3258 3483 Bonifacii
3303 3423 3490 3488 frater,
3533 3418 3769 3474 Aretinus

2233 3518 2539 3597 episcopus,
2568 3524 2845 3596 religionis
2877 3528 3079 3599 sanctae
3103 3516 3374 3573 maximus
3404 3513 3596 3576 cultor,
3628 3524 3767 3599 coru-

2233 3616 2463 3671 missum
2506 3616 2876 3685 episcopatum
2898 3597 3015 3666 sibi
3064 3606 3292 3662 ﬁdeliter
3332 3599 3671 3674 gubernavit;
3708 3597 3769 3651 de

2233 3722 2342 3776 quo
2383 3707 2554 3783 fertur
2590 3690 2701 3757 non
2733 3686 3089 3756 omittendum
3121 3686 3447 3762 exemplum.
3482 3686 3584 3751 Ilio
3611 3686 3767 3783 enim,

2233 3774 2362 3850 dum
2389 3797 2444 3849 in
2470 3774 2733 3862 tempore,
2749 3790 2899 3862 gravi
2919 3786 3153 3859 quadam
3179 3783 3452 3853 laboraret
3470 3774 3769 3848 mgritudiue

2234 3883 2521 3953 corporali,
2551 3891 2605 3937 et
2648 3882 2716 3937 de
2752 3877 2993 3934 ‘sanitate‘
3023 3875 3167 3949 illius
3208 3868 3401 3953 medici
3440 3866 3768 3953 desperantes

2234 3952 2457 4027 omnino
2500 3971 2606 4025 nisi
2641 3968 2964 4025 adulterium
2993 3952 3372 4041 committeret,
3401 3965 3456 4019 et
3487 3954 3637 4010 amici
3656 3952 3765 4021 ejus

2234 4056 2301 4119 ad
2332 4064 2458 4119 illud
2492 4062 2813 4132 patrandum
2851 4059 3028 4131 scelus
3061 4054 3397 4132 inducerent,
3426 4065 3522 4122 pro
3557 4047 3765 4103 muliere

2236 4150 2526 4225 miserunt;
2557 4168 2678 4224 quae
2711 4153 2841 4206 dum
2869 4148 3190 4225 advenisset,
3218 4144 3402 4201 statim
3433 4132 3555 4198 ante
3580 4141 3762 4195 lectum

2233 4263 2390 4301 suum
2412 4247 2586 4315 ignem
2607 4244 2772 4313 jussit
2790 4240 3031 4306 accendi,
3044 4239 3139 4309 qui
3163 4230 3301 4292 lecto
3320 4232 3761 4305 appropinquans,

2231 4344 2284 4390 et
2313 4336 2426 4405 jam
2471 4325 2829 4399 flammarum.
2853 4320 3162 4406 incendium
3176 4381 3183 4389 ,
3196 4326 3456 4406 sentiens,
3467 4379 3475 4384 ,
3486 4319 3761 4383 subitoJa-

2233 4403 2838 4496 ervmatus'ex'elamavit
2853 4439 2869 4475 ἱ
2885 4403 2997 4483 ναξ,
3013 4434 3093 4475 va
3112 4413 3272 4496 mihi!
3297 4403 3428 4470 dum
3456 4416 3592 4468 hanc
3613 4405 3760 4465 modo

2232 4488 2449 4583 tenuem
2478 4509 2857 4581 ﬂammiculam
2882 4505 3105 4561 sufferre
3119 4488 3226 4563 non
3243 4518 3488 4572 possum,
3510 4496 3762 4571 quomodo

2162 4576 2209 4630 D
2226 4581 2280 4660 si
2323 4619 2409 4657 me
2440 4576 2614 4676 perire
2660 4588 2956 4672 contingat,
2998 4584 3197 4664 potero
3245 4591 3489 4673 barathri
3532 4586 3757 4655 incendia

2192 4688 2193 4691 “
2230 4685 2520 4775 superare?
2550 4688 2735 4752 Scelus
2759 4688 2956 4757 quippe
2986 4684 3129 4742 istud
3176 4683 3245 4737 ad
3272 4682 3424 4735 illum
3446 4695 3537 4747 me
3558 4686 3756 4750 puteum

2233 4783 2516 4846 conducet,
2548 4781 2602 4834 in
2629 4792 2737 4849 quo
2763 4777 3004 4835 funditus
3036 4774 3302 4833 subtetro
3322 4771 3446 4842 igne
3466 4771 3629 4841 patiar
3642 4782 3753 4833 cru-

2199 4883 2201 4885 ‘
2231 4873 2423 4943 ciatus.
2438 4870 2593 4936 Absit
2613 4870 2795 4938 itaque
2811 4876 2892 4933 ut,
2906 4881 3006 4941 pro
3024 4862 3304 4940 temporali
3323 4860 3566 4930 sanitate,
3575 4865 3753 4913 attenta

2233 4979 2319 5029 me
2361 4963 2635 5032 contingat
2672 4962 2845 5031 salute
2878 4957 3120 5034 privari!
3164 4953 3284 5029 Tali
3308 4952 3492 5027 igitur
3532 4948 3753 5027 exemplo

2231 5053 2468 5123 prudens
2509 5052 2737 5111 antistes
2761 5050 3051 5123 subditum
3077 5045 3188 5117 sibi
3207 5057 3423 5114 gregem
3446 5038 3661 5102 monuit.
3682 5044 3753 5099 ξι.

2230 5141 2341 5197 Deo
2374 5151 2662 5208 annuente,
2687 5140 2885 5197 meruit
2933 5132 3240 5195 sanitatem.
3289 5131 3486 5189 Mirum
3512 5127 3661 5187 etiam
3701 5125 3751 5179 in

2230 5231 2449 5285 modum
2482 5230 2776 5285 detestatus
2798 5232 2898 5299 est
2917 5226 3279 5301 simoniacam
3307 5218 3633 5290 pravitatem
3656 5213 3743 5268 Βεα

2227 5325 2413 5382 functo
2438 5325 2620 5394 itaque
2644 5321 2940 5393 Thedaldo,
2967 5315 3279 5392 Bonifacius
3291 5319 3349 5367 et
3362 5309 3632 5386 Conradus
3644 5307 3745 5378 ejus

2226 5416 2321 5470 filii
2355 5416 2494 5486 inter
2512 5428 2571 5468 se
2592 5412 2829 5482 fraterna
2852 5411 3107 5477 vixerunt
3131 5401 3442 5468 concOrdia,
3466 5416 3618 5471 quam

2222 5505 2402 5573 plures
2428 5485 2610 5569 aemuli
2645 5501 2891 5570 scindere
2913 5497 3231 5568 niterentur,
3263 5507 3474 5562 semper
3496 5485 3721 5559 nihilcmi

2225 5608 2328 5647 nus
2352 5592 2490 5646 inter
2516 5607 2611 5647 eos
2642 5589 2866 5659 majoris
2893 5583 3500 5659 dilectioniscresmbat
3525 5580 3730 5636 allectus

2224 5680 2531 5740 Bonifacius
2556 5679 2856 5744 Richildatn
2891 5674 3223 5730 comitissam
3256 5674 3488 5731 Gisberti
3513 5666 3741 5751 principi!

2299 5835 2445 5905 (954)
2482 5832 2752 5913 Guilliam.

3836 5896 3884 6352 i
