3944 6390
190 447 272 502 1⁷0
282 448 339 502 ιδ

1075 447 1359 504 APPEND.
1393 449 1481 504 ill.
1519 480 1588 492 —-
1624 447 2057 505 MONUMENTA
2095 442 2560 506 CREG‘OBIANA.

3285 455 3418 508 1016

190 559 373 616 ﬁilam
408 558 837 626 duxituxorem,
873 557 1006 631 quae
1039 561 1263 632 Nogarre
1315 563 1431 618 sine
1463 564 1645 620 liberis
1668 563 1759 618 de-
1789 564 1831 618 A
1860 562 1966 616 ﬁlia
1989 564 2248 619 remansit
2281 565 2544 618 ethaares.
2582 563 2674 618 Es:
2710 572 2889 618 tamen
2913 537 3215 634 aliquorum
3239 567 3420 635 Opinio

191 647 406 709 functa,
431 650 590 718 jacet.
625 651 870 720 Cumque
901 652 957 706 hi
987 651 1180 706 fratres
1209 653 1682 708 divitiis'ﬁorerent
1715 663 1768 708 et

190 735 433 803 viribus,
479 739 535 791 in
570 742 778 801 tantum
812 749 873 794 ut
908 741 1155 795 hostibus
1195 749 1395 796 metum
1446 742 1763 809 incuterent,

189 828 362 882 multi
392 837 446 882 et
491 836 658 900 regno
680 822 842 884 vieini
886 831 940 883 in
980 829 1240 885 Caviliolo
1284 832 1524 897 adunati,
1551 848 1645 888 eos
1675 848 1768 902 ag-

189 919 358 988 gredi
395 928 449 974 et
475 906 744 976 debellare
764 922 1123 987 ,contendunt.
1165 916 1318 987 Quod
1356 923 1635 976 audientes
1664 922 1767 976 Bo-

190 1009 440 1065 nifacius
473 1019 527 1065 et
558 1010 860 1080 Conradus,
907 1012 1138 1067 viriliter
1179 1012 1408 1082 sumptis
1444 1013 1610 1067 armis
1647 1013 1769 1067 illos

191 1098 489 1163 invadunt,
512 1107 583 1162 et,
601 1098 834 1152 mirabili
860 1098 1103 1154 confecta
1133 1115 1332 1169 pugna,
1347 1099 1562 1154 tandem
1583 1100 1768 1159 hostes

187 1186 333 1241 cal-si
363 1183 638 1256 fugantur,
662 1193 716 1240 et
743 1201 964 1255 campus
991 1187 1236 1241 horribili
1264 1177 1441 1258 strage
1470 1202 1768 1257 cruoreque

186 1276 378 1330 multo
402 1276 641 1346 repletur
668 1293 694 1330 ει
708 1276 894 1345 sicque
919 1275 1114 1331 fratres
1140 1278 1240 1347 ipsi
1261 1267 1496 1332 victores
1517 1293 1767 1346 perman-

187 1374 410 1422 serunt.
467 1364 750 1421 Conratlus
799 1375 980 1443 tamen
1012 1368 1068 1443 in
1110 1383 1176 1422 eo
1210 1369 1396 1438 praelio
1430 1369 1763 1435 vulneratur,

186 1456 296 1525 qui
325 1464 450 1525 post
488 1455 696 1525 aliquot
737 1440 949 1522 annos,"
969 1440 1109 1511 mala
1144 1456 1388 1512 vulneris
1431 1457 1614 1512 habita
1644 1457 1765 1511 dili-

187 1543 403 1612 gentia,
419 1543 664 1596 ultimum
690 1531 949 1597 vitae-suae
976 1543 1172 1597 clausit
1195 1543 1355 1597 diem.
1379 1543 1548 1613 Cujus
1570 1559 1768 1612 corpus

187 1631 242 1684 Τ
246 1633 511 1687 hedaldus
551 1633 808 1687 Aretinus
849 1633 1165 1702 episc0pus,
1221 1622 1387 1687 frater
1434 1635 1552 1703 ejus
1604 1650 1764 1703 supra

188 1722 535 1787 nominatus,
579 1718 633 1775 in
683 1721 982 1776 Canusium
1029 1724 1283 1793 oppidum
1328 1725 1536 1791 detulit,
1561 1733 1614 1778 et
1641 1740 1765 1779 eum

188 1811 413 1880 magnis
443 1812 714 1881 exsequiis
735 1813 994 1881 sepelivit,
1019 1828 1162 1868 anno
1191 1814 1499 1868 hnmanatre
1519 1815 1768 1870 divinita-

1866 651 2156 708 llenricum
2213 651 2376 722 hujus
2439 653 2677 708 nominis
2733 664 2984 724 quartum
3045 655 3420 724 imperatorem

1865 744 2161 812 genitorem
2191 743 2360 798 fuisse
2391 743 2582 798 matris
2617 743 2780 813 hujus
2819 745 3109 799 comitissae
3133 744 3420 809 Mathildis,

1865 831 1969 884 hoc
1994 832 2156 886 modo
2179 832 2426 885 videlicet
2455 849 2466 884 :
2496 830 2694 885 Dicunt
2715 840 2941 886 matrem
2978 831 3266 896 Mathildis,
3293 832 3420 885 dum

1865 919 2016 988 virgo
2049 929 2213 983 esset,
2248 921 2305 974 in
2345 920 2600 989 juvenem
2651 922 2885 975 nobilem
2917 922 3203 984 exarsisse,
3232 936 3422 988 genere

1867 1006 2186 1074 Lucensem,
2230 1010 2286 1063 in
2337 1010 2679 1079 imperatoris
2711 1012 2834 1064 aula
2878 1012 3302 1072 ministrantem;
3330 1011 3420 1078 qui

1867 1097 2114 1162 tandem,
2167 1098 2270 1153 hac
2317 1094 2659 1168 imperatoris
2694 1099 2801 1154 ﬁlia
2847 1101 3090 1171 cognita,
3134 1100 3421 1154 commissa

1867 1186 2082 1251 timens,
2112 1203 2237 1241 cum
2287 1203 2352 1244 ea
2399 1189 2531 1243 abiit
2578 1197 2630 1243 et
2650 1191 2742 1244 diu
2796 1191 3013 1244 latitans
3053 1193 3217 1244 vitam
3249 1191 3418 1244 duxit.

1869 1275 2105 1330 Tandem
2142 1290 2265 1332 cum
2315 1279 2368 1331 in
2399 1280 2672 1334 civitatem
2699 1281 2987 1349 quamdam
3020 1280 3308 1349 imperator
3334 1297 3424 1333 ve-

1866 1364 2053 1429 nisSet,
2101 1366 2154 1418 in
2207 1365 2364 1434 cujus
2400 1368 2712 1437 episcopatu
2738 1368 2954 1437 juvenis
2986 1368 3073 1420 ille
3108 1383 3229 1421 cum
3262 1369 3424 1436 impe-

1866 1453 2062 1506 ratoris
2078 1454 2183 1506 ﬁlia
2198 1454 2441 1508 latitabat
2454 1473 2466 1520 ;
2480 1455 2695 1524 juvenis
2719 1455 2805 1510 ille
2821 1471 2935 1509 rem
2953 1455 3159 1524 aperuit
3172 1454 3421 1523 episcopo

1866 1541 2126 1610 civitatis;
2153 1543 2239 1596 ille
2265 1551 2441 1597 autem
2468 1544 2776 1610 imperatori
2807 1545 3066 1597 narravit.
3095 1542 3390 1614 Cujuspre

1866 1629 2193 1684 cibusvenia
2231 1632 2515 1700 promissa,
2548 1640 2840 1700 utrumque
2861 1633 3060 1700 recepit
3081 1621 3144 1684 ad
3173 1632 3419 1700 gratiam.

1867 1715 2001 1770 lluic
2023 1717 2207 1786 juveni
2245 1730 2443 1775 nomen
2467 1728 2583 1774 erat
2621 1720 2949 1785 Bonifacius,
2981 1721 3073 1788 qui
3105 1735 3168 1772 ex
3193 1721 3423 1788 impera-

1868 1807 2000 1862 toris
2030 1806 2136 1860 tilia
2169 1809 2309 1862 hanc
2337 1810 2522 1877 genuit
2561 1810 2916 1874 comitissam,
2962 1825 3099 1879 quos
3135 1810 3423 1877 imperator

189 1902 273 1956 tis
299 1902 586 1956 millesimo
607 1903 900 1972 trigesimo.
936 1903 1012 1958 lbi
1036 1919 1252 1974 quoque
1281 1907 1439 1961 ambo
1481 1910 1768 1977 praenomi-
1800 1885 1841 1938 Β
1868 1897 2019 1950 ειυκίῑ
2039 1913 2100 1951 OX
2128 1897 2336 1966 imperii
2364 1899 2589 1965 νίτίδιιε,
2618 1901 2697 1953 eis
2732 1901 2900 1954 mll'la
2930 1900 3246 1954 COHCCdcl‘S-

191 1993 316 2046 uati
356 1993 639 2062 pontiﬁces
679 1994 1010 2049 Gothfredus
1049 1995 1347 2052 Brixiensis
1378 1998 1680 2069 episc0pus,
1714 2009 1767 2053 ct

193 2080 510 2136 Thedaldus
542 2083 819 2150 Aretinus,
851 2084 1126 2154 lldegarda
1160 2088 1374 2142 Attonis
1404 2089 1624 2157 conjux,
1658 2089 1766 2142 Ro-

192 2168 438 2237 dnlphus
464 2177 516 2222 et
545 2170 826 2226 Conradus
868 2171 1130 2231 Bonifacii
1177 2175 1294 2240 ﬁlii,
1323 2185 1376 2230 et
1402 2176 1594 2244 Voilia,
1621 2177 1764 2232 The-

192 2257 346 2313 daldi
385 2259 478 2313 ﬁlii
511 2261 722 2317 Attonis
768 2279 904 2318 uxor
948 2266 1052 2319 sub
1079 2281 1188 2321 uno
1231 2276 1359 2322 sunt
1402 2269 1602 2337 pariter
1635 2284 1765 2323 saxo

193 2355 462 2408 contenti.

815 2464 1042 2519 CAPUT
1083 2465 1145 2518 Υ.

196 2549 279 2604 De
317 2529 596 2618 Bo'nifacio
625 2561 773 2620 patre
805 2552 1100 2617 Mathildis,
1135 2561 1182 2607 et
1205 2552 1434 2622 qualiter
1475 2528 1765 2608 Beatrice‘m

779 2622 932 2675 duxit
954 2639 1184 2675 uxorem.

271 2709 584 2765 Bonifacius
625 2721 825 2776 autem,
860 2712 1110 2766 Conrado
1139 2710 1302 2766 fratre
1339 2711 1613 2776 defuncto,
1652 2729 1765 2766 ma-

195 2799 326 2868 gnis
365 2799 569 2852 exstitit
611 2800 790 2854 clarus
829 2799 1139 2855 virtutibus.
1177 2799 1276 2854 Hic
1303 2801 1448 2854 enim
1491 2802 1543 2854 in
1574 2801 1762 2869 puerili

194 2879 383 2940 adhuc
403 2893 576 2952 aetate,
603 2887 819 2958 ingenio
848 2889 1016 2942 multo
1047 2889 1232 2958 viguit,
1265 2897 1319 2942 et
1344 2904 1505 2944 sensu
1537 2889 1764 2943 miriﬁco

194 2974 418 3044 polluit.
441 2974 564 3030 Fuit
587 2991 804 3046 quoque
838 2976 1012 3032 forma
1041 2984 1318 3048 prOcerus,
1345 2974 1572 3047 corpOrc
1605 2980 1764 3033 deco-

196 3081 322 3133 rus,
363 3074 485 3121 actu
528 3067 804 3136 providus,
835 3068 1040 3142 viribus
1086 3084 1230 3134 acer,
1266 3069 1489 3138 dapsilis
1524 3071 1760 3135 cunctis,

197 3154 273 3208 de
320 3169 432 3223 quo
461 3153 738 3230 Erythraea
785 3155 976 3225 sibylla
1016 3158 1271 3224 praeclare
1316 3158 1600 3211 vaticinata
1634 3167 1756 3212 est:

197 3243 374 3313 Igitur
405 3244 547 3296 enim
583 3244 822 3299 futurum
850 3245 1236 3314 ducemcujus
1281 3247 1518 3301 nominis
1557 3248 1761 3316 princi-

197 3336 357 3404 pium
378 3319 590 3411 erit'B.,
616 3336 709 3405 qui
735 3336 892 3390 dictis
933 3344 987 3390 et
1029 3337 1238 3392 actibus
1275 3337 1549 3405 limpidus,
1580 3354 1761 3393 rerum

199 3425 468 3493 locuples,
493 3438 654 3495 opere
675 3427 950 3496 paciﬁcus,
975 3436 1027 3480 et
1047 3427 1101 3480 in
1130 3428 1328 3497 praaliis
1353 3428 1524 3483 victor
1549 3431 1759 3486 existet.

199 3514 405 3570 Habuit
429 3506 568 3570 idem
583 3515 890 3574 Bonifacius
911 3527 964 3572 et
985 3519 1147 3591 aliam
1167 3520 1451 3590 conjugem
1477 3521 1760 3589 illustrem,

199 3609 416 3663 scilicet
463 3600 757 3665 Beatricem
798 3625 867 3665 ex
907 3610 1102 3676 Callia,
1145 3612 1349 3666 scilicet
1395 3615 1560 3682 regali
1599 3615 1765 3687 stirpe

199 3699 564 3773 progenitam,
587 3701 756 3753 multo
785 3700 972 3753 forma:
993 3701 1187 3753 decere
1211 3708 1263 3752 et
1291 3702 1568 3768 sapientia:
1593 3705 1765 3760 nitore

197 3787 465 3854 dotatam,
491 3789 648 3857 cujus
675 3797 825 3858 pater
853 3788 1162 3854 Federicus,
1202 3796 1255 3842 et
1289 3800 1457 3842 mater
1495 3791 1764 3848 Mathildis

199 3879 639 3954 exstiterunt.Ad
668 3895 829 3949 quam
851 3879 1282 3949 desponsandam
1308 3896 1430 3948 cum
1455 3881 1764 3938 Bonifacius

198 3969 261 4022 in
299 3967 529 4022 Calliam
575 3978 907 4039 properaret,
942 3968 1147 4040 quanto
1181 3971 1387 4026 honore
1431 3974 1672 4042 polleret,
1711 3986 1763 4030 et

171 4067 369 4126 quam
421 4056 623 4126 ingenti
679 4073 894 4127 quoque
949 4060 1119 4127 gloria
1176 4060 1472 4124 emineret,
1522 4071 1764 4129 patenter

199 4148 460 4202 ostendit.
488 4146 622 4201 Nam
644 4149 936 4204 comitatus
962 4148 1361 4202 solemnissimo
1384 4150 1682 4219 principum
1711 4163 1764 4206 et

199 4238 470 4291 nobilium
499 4247 661 4304 coetu,
711 4239 851 4292 inter
880 4247 1070 4293 caetera
1113 4239 1483 4308 suae'insignia
1519 4243 1761 4312 magniﬁ-

198 4328 397 4400 centia:
447 4344 707 4398 equorum
766 4330 994 4400 pedibus
1047 4331 1212 4399 jussit
1267 4340 1548 4402 argenteas
1585 4335 1762 4389 soleas

197 4420 422 4489 apponi.
448 4417 577 4484 Quae
598 4420 644 4473 si
666 4435 795 4476 casu
819 4421 1000 4490 aliquo
1024 4419 1327 4484 resilirent,
1351 4436 1510 4474 nemo
1526 4439 1761 4480 suorum

2469 2009 2694 2065 CAPUT
2734 2010 2820 2064 Vl.

1868 2099 1943 2152 De
1970 2101 2421 2168 vcoufa'dcratione
2456 2101 2723 2169 Bouifacii
2773 2117 2891 2152 cum
2936 2103 3246 2168 imperatore
3286 2101 3421 2154 C01:-

2327 2203 2330 2207 -
2366 2170 2514 2235 rado,
2545 2178 2595 2222 et
2615 2170 2727 2238 ejus
2756 2178 2936 2222 morte.

1935 2258 2220 2313 Conradus
2275 2261 2572 2330 imperator
2626 2261 2788 2330 hujus
2838 2257 3072 2315 nominis
3125 2261 3424 2326 secundus,

1794 2410 1813 2424 .
1865 2347 1993 2399 dum
2025 2347 2272 2402 Parmam
2306 2351 2576 2403 obsideret
2613 2351 2885 2416 rebellem,
2923 2352 3067 2405 hunc
3091 2350 3424 2406 Bonifacium

1866 2435 1930 2489 ad
1951 2451 2111 2489 suum
2143 2439 2443 2491 subsidium
2471 2441 2733 2492 evocavit.
2765 2424 2933 2508 Cujus
2958 2437 3126 2494 fultus
3156 2442 3424 2508 praesidio,

1867 2535 2050 2596 utpote
2098 2528 2197 2580 viri
2225 2529 2431 2582 viribus
2459 2529 2660 2582 strenui
2685 2538 2737 2581 et
2760 2529 2925 2582 armis
2945 2530 3424 2594 edocti,civitatem

1867 2619 2035 2687 ipsam
2054 2620 2313 2684 obtinuit;
2332 2635 2490 2689 quem
2515 2620 2614 2673 sibi
2637 2619 2978 2684 postmodum
3004 2619 3115 2688 ipse
3141 2621 3429 2688 imperator

1866 2708 2116 2762 astrinxit
2151 2708 2352 2761 fmdere
2380 2710 2697 2778 jnramenti,
2735 2720 2788 2763 ct
2836 2711 3006 2764 multo
3046 2710 3193 2763 illum
3225 2711 3428 2780 honore

1817 2851 1822 2855 .
1865 2798 2128 2866 provexit.
2179 2796 2424 2852 Postlttec
2456 2797 2694 2863 Henrico
2726 2801 2884 2852 tertio
2931 2800 3247 2867 imperante,
3297 2800 3425 2854 dum

1865 2890 1931 2944 ad
1953 2890 2086 2944 bella
2120 2896 2308 2943 contra
2349 2887 2668 2957 Burgundos
2706 2888 2842 2942 idem
2870 2889 3222 2956 processisset
3255 2889 3426 2956 impe-

1865 2990 2034 3044 rator,
2070 2979 2329 3048 prtefatus
2363 2977 2672 3032 Bonifacius
2702 2979 2755 3030 in
2801 2978 3142 3047 imperatoris
3169 2979 3425 3032 auxilium

1864 3070 2212 3125 memoranda
2236 3069 2439 3139 pariter
2459 3078 2513 3122 et
2547 3068 2831 3138 magniﬁca
2848 3069 2966 3138 egit
2982 3069 3034 3122 in
3057 3069 3259 3123 hostes.
3285 3068 3425 3123 Inter

1864 3176 1984 3229 quae
2010 3159 2153 3213 istud
2178 3157 2392 3212 silentio
2414 3159 2844 3226 praetereundum
2871 3159 3092 3212 minime
3113 3159 3259 3212 duxi.
3289 3157 3426 3213 Dum

1819 3237 1831 3253 ’
1865 3252 2007 3305 enim
2055 3251 2109 3302 in
2141 3239 2421 3318 cujusdam
2455 3249 2617 3303 castri
2648 3249 2929 3304 obsidione
2975 3250 3173 3302 multos
3205 3247 3425 3302 Bonifa—

1864 3340 1982 3394 cius
2016 3354 2081 3393 cx
2104 3337 2583 3406 Burgundionibus
2614 3337 2760 3392 ferro
2794 3339 3045 3406 cepisset,
3083 3339 3315 3391 minatus
3345 3348 3421 3390 est

1862 3443 2054 3484 eorum
2089 3443 2251 3482 nasos
2281 3434 2335 3480 et
2359 3427 2632 3480 auriculas
2667 3426 2935 3480 mutilare.
2979 3425 3165 3491 Adfuit
3197 3425 3268 3478 ibi
3305 3440 3413 3478 ma-

1863 3531 2018 3575 trona
2047 3518 2582 3590 quredam‘nobiliSet
2614 3517 2784 3582 dives,
2821 3531 2940 3586 qua:
2975 3525 3182 3569 tantum
3216 3517 3423 3585 argenti

1864 3626 1962 3679 pro
1987 3610 2078 3663 ﬁlii
2111 3607 2476 3676 redemptione
2501 3623 2559 3662 se
2586 3608 2835 3686 datneam
2865 3617 2947 3662 est
2968 3607 3224 3676 pollicita,
3250 3622 3424 3676 quan-

1864 3710 1978 3758 t‘um
2016 3704 2068 3756 in
2114 3702 2315 3756 trutina
2350 3701 2585 3770 positum
2619 3701 2788 3767 moles
2809 3699 3055 3768 corporis
3086 3700 3422 3767 ponderaret.

1862 3793 1960 3846 Cui
1989 3791 2494 3857 Bonifacius,caput
2519 3773 2968 3856 quatienszAbsit
2998 3789 3117 3849 hoc,
3150 3788 3339 3854 inquit,
3369 3796 3425 3840 ut

1862 3883 2048 3934 hostes
2074 3880 2220 3934 ferro
2242 3879 2384 3947 capti
2417 3879 2749 3931 redimantur
2777 3885 3000 3946 argento
3026 3879 3038 3928 !
3089 3877 3210 3929 volo
3239 3885 3296 3929 ut
3322 3876 3424 3929 hn-

1858 3971 2098 4042 jusmodi
2146 3986 2302 4039 poena
2361 3969 2666 4038 posteritati
2719 3977 2911 4022 vestrm
2957 3969 3027 4022 sit
3078 3968 3423 4038 opprobrium

1863 4062 2270 4130 sempiternum.
2286 4059 2476 4114 lneisis
2498 4060 2663 4130 igitur
2690 4060 2910 4114 naribus
2929 4068 2981 4113 et
3002 4061 3161 4114 sectis
3183 4060 3423 4122 auribus,

1864 4161 1971 4202 tres
1994 4149 2161 4216 jussit
2184 4150 2431 4200 onustari
2459 4149 2690 4217 clypeos.
2725 4147 2878 4201 Hunc
2917 4149 3209 4216 imperator
3232 4147 3423 4200 llenriv

1861 4253 1957 4292 cus
1981 4238 2119 4290 idem
2151 4236 2508 4301 Bonifacium,
2546 4238 2659 4290 sola
2704 4237 3015 4290 stimulante
3039 4237 3256 4301 invidia,
3300 4253 3423 4291 cum

1861 4328 2068 4385 videret
2099 4342 2222 4380 eum
2262 4326 2570 4396 magniﬁcis
2623 4327 2832 4380 actibus
2882 4335 3184 4391 strenuum,
3229 4329 3425 4397 szepius

1863 4403 2086 4474 tentavit
2114 4418 2534 4472 dolo'eccidere.
2583 4416 2706 4482 Sed,
2750 4417 2859 4472 Deo
2903 4419 3240 4473 custodiente
3265 4429 3319 4474 ct
3352 4434 3423 4473 eo

197 4523 544 4564 reassumere
571 4509 912 4578 dignabatur,
939 4511 1032 4564 sed
1049 4510 1267 4578 passim
1288 4525 1384 4578 per
1417 4528 1577 4581 agros
1603 4526 1659 4570 et
1686 4533 1764 4573 se-
1796 4540 1839 4593 Ι)
1864 4525 2076 4578 semper
2101 4509 2327 4562 insidias
2357 4507 2753 4574 dissimulante,
2797 4509 3091 4579 imperator
3120 4524 3221 4564 suo
3262 4521 3424 4562 cona-

197 4601 387 4672 mitas,
420 4615 450 4654 a
485 4600 903 4655 transeuntibus
927 4599 1267 4654 tollebantur.
1283 4599 1414 4655 Haec
1433 4603 1538 4659 sibi
1563 4609 1758 4676 Oppida

195 4699 253 4743 et
278 4689 465 4754 villas,
485 4695 675 4754 saevos
693 4699 746 4744 et
767 4691 993 4747 ancillas
1024 4692 1078 4745 in
1105 4690 1288 4746 Gallia
1313 4693 1557 4760 partibus
1585 4697 1759 4751 dona-

193 4780 276 4833 vit
305 4778 360 4832 in
387 4778 585 4832 dotem.
618 4778 790 4852 Quam
817 4783 1218 4858 dummversus
1250 4797 1282 4838 a
1307 4782 1483 4838 Callia
1500 4786 1554 4838 in
1595 4786 1757 4840 Lom-

193 4869 444 4925 bardiam
477 4869 714 4936 duceret,
743 4869 953 4946 magno.
971 4889 1002 4926 a
1041 4873 1251 4926 cunctis
1283 4875 1544 4943 applausu
1573 4885 1627 4928 et
1653 4877 1756 4930 ho-
1785 4917 1788 4920 ι

140 4990 143 4991 ν
195 4976 334 5017 nere
359 4961 674 5030 suscipitur.
714 4947 914 5018 Tribus
932 4962 1210 5018 mensibus
1235 4965 1544 5039 nuptiarum
1567 4967 1754 5020 convi—

192 5053 281 5106 via
308 5092 323 5116 ,
385 5051 644 5120 impensis
694 5051 1093 5121 profusioribus
1157 5055 1454 5125 grandique
1512 5055 1753 5109 omnium

191 5142 377 5197 laetitia
413 5142 795 5210 perdurarent.—
843 5140 906 5194 ln
935 5143 1149 5211 quibus
1190 5145 1452 5214 quidquid
1502 5160 1755 5199 vasorum

104 5267 108 5273 -
191 5241 313 5288 erat
339 5235 873 5304 argento-rutilabat,
904 5242 958 5287 et
1001 5250 1137 5288 auro
1175 5235 1523 5303 Splendebat.
1552 5234 1630 5288 E1
1659 5237 1759 5290 hac

191 5321 438 5377 Beatriee
465 5321 663 5378 libens
689 5322 1266 5394 gmuit,~FedwiM‘
1294 5326 1526 5390 scilicet,
1547 5337 1614 5378 et
1642 5324 1755 5378 Ma-

193 5412 687 5469 thildam'nobilem
717 5414 1073 5477 comitissam,
1104 5414 1173 5466 de
1200 5420 1307 5481 qna
1331 5430 1569 5484 presens
1586 5415 1752 5468 habe~

193 5503 554 5578 tur‘historia.
591 5501 695 5558 Sed
728 5503 985 5559 Federieo
1027 5501 1360 5558 et-Beatrice
1395 5506 1463 5558 ab
1504 5504 1757 5573 haeluee

195 5595 508 5661 subtractis,
532 5593 804 5676 Mathildis
837 5602 1106 5663 superstes
1126 5593 1285 5647 unica
1308 5596 1444 5663 patri
1479 5592 1754 5649 Bonifacio

1866 4604 2010 4657 mine
2039 4601 2333 4655 frustratus
2362 4609 2463 4655 est.
2490 4599 2613 4654 Fuit
2644 4615 2860 4669 quoque
2889 4616 3030 4669 srepe
3051 4601 3238 4655 diebus
3258 4599 3421 4651 Boni-

1865 4694 2037 4748 facius
2061 4693 2113 4746 in
2140 4691 2340 4759 divinis
2371 4693 2656 4757 sollicitus,
2692 4707 2848 4745 savos
2878 4690 3023 4757 (955)
3053 4689 3214 4742 etiam
3249 4689 3423 4742 hono-

1863 4785 2003 4840 ravit
2023 4784 2326 4853 pontiﬁces,
2351 4785 2663 4850 clerumque
2677 4781 2831 4834 valde
2856 4779 3060 4844 dilexit,
3085 4789 3138 4832 et
3157 4779 3424 4848 prmeipue.

1865 4876 2178 4930 monachos.
2205 4873 2309 4927 Pro
2329 4873 2509 4926 divino
2533 4879 2710 4923 autem
2735 4884 2936 4933 amore,
2968 4878 3022 4923 et
3045 4869 3425 4924 muniﬁcentia)

1866 4981 1978 5020 sure
2010 4965 2088 5019 eis
2117 4959 2387 5019 dexteram
2437 4961 2673 5029 aperuit;
2725 4959 3026 5030 delictaque
3074 4959 3288 5029 propria
3319 4960 3422 5013 illis

1859 5056 2153 5117 conﬁdens,
2177 5052 2492 5122 condignam
2525 5051 2753 5118 sumpsit
2783 5047 3424 5119 pmnitentiam.Tandcm

1859 5162 1982 5201 eum
2024 5153 2211 5196 votum
2246 5142 2482 5195 vovisset
2510 5141 2714 5194 Christi
2749 5141 2969 5194 visitare
3007 5137 3330 5206 sepulcrum,
3367 5144 3422 5188 et

1859 5250 1956 5304 pro
1985 5248 2081 5304 sua
2116 5227 2448 5299 expedienda
2492 5230 2922 5300 peregrinatione
2975 5228 3154 5279 omnia
3183 5225 3423 5291 comple-

1861 5303 2048 5389 visset,
2080 5324 2179 5376 illo
2212 5331 2436 5376 vocante,
2489 5322 2543 5375 in
2576 5321 2730 5386 cujus
2771 5333 2944 5370 manu
2977 5325 3105 5370 sunt
3138 5313 3416 5368 hominum

1860 5415 2004 5478 vita;
2028 5414 2293 5466 universae
2323 5411 2500 5463 carnis
2536 5409 2674 5460 viam
2710 5407 2990 5476 ingressus
3007 5413 3108 5469 est,
3143 5413 3284 5454 anno
3310 5397 3419 5449 Do—

1862 5503 2075 5557 minieae'
2105 5498 2493 5554 Incarnationis
2537 5497 2823 5551 millesimo
2855 5487 3297 5564 quinquagesimo
3325 5499 3418 5537 se-

1861 5593 2058 5655 cundo,
2086 5589 2181 5658 qui
2218 5588 2319 5641 fuit
2346 5601 2522 5640 annus
2556 5587 2906 5642 duod‘ecimus
2935 5578 3158 5638 Henrici.
3177 5570 3337 5635 tertii,
3361 5583 3430 5631 et

267 5705 415 5825 (955)
465 5751 531 5833 Id:
566 5761 685 5808 est.
715 5751 1000 5821 sapientes.
1064 5752 1145 5806 An
1188 5711 1392 5826 fpotius’
1455 5749 1734 5820 legendum
1772 5746 2035 5833 sanctos?
2071 5741 2255 5797 Scribe
2323 5738 2528 5796 Sa'cros.
2553 5738 2692 5792 Men.
