3944 6398
506 476 637 530 itii?

1477 466 1566 518 AD
1603 461 1827 517 Dii-JH
1869 460 1926 511 5.
1969 449 2291 508 (iiiiL'tiOiill
2330 449 2769 506 Al-i’ENiiltlliS.

3596 36 3882 195 εει

3594 444 3749 498 1οἱ8

498 590 727 643 Mantua:
757 597 1001 655 sepultus
1019 595 1118 639 est.
1146 584 1448 650 Postquem
1465 578 1663 647 conjux
1686 548 1805 643 ejus
1831 569 2057 625 illustris
2084 569 2129 623 Α
2154 574 2435 633 propterea
2457 562 2636 617 divina
2658 562 2868 616 occulta
2901 562 3103 615 ultione
3130 558 3476 630 postmodum
3504 559 3745 614 viduata

496 678 770 735 comitissa
810 675 1024 729 Beati-ix
1048 673 1206 727 annis
1233 669 1539 741 quindecim
1584 664 1900 735 supervixit,
1927 660 2055 723 uni-

495 783 705 823 versam
740 766 1038 822 marchiam
1068 765 1167 818 rite
1201 763 1529 833 gubernans,
1548 757 1818 825 filiamque
1843 752 2057 807 Mathil-

492 855 617 912 dam
646 858 929 927 diligenter
957 856 1223 914 nutriens,
1252 851 1412 907 bonis
1437 865 1557 904 eam
1590 846 1833 902 moribus
1852 853 1907 898 et
1938 843 2053 897 vir-

492 949 697 1002 tutibus
723 947 1051 1001 informavit.
1080 945 1195 998 Duo
1221 940 1464 996 fundavit
1489 937 1838 1002 monasteria,
1866 934 2055 989 Fraxi-

491 1056 724 1093 norense
787 1039 993 1094 scilicet
1046 1048 1101 1091 et
1154 1035 1521 1095 Ca‘nusinum,
1579 1033 1793 1100 illisque
1851 1032 2054 1100 prtedia

485 1147 684 1213 magna
705 1129 942 1183 donarit.
960 1128 1207 1193 Domum,
1223 1126 1532 1183 inﬁrmitate
1551 1131 1819 1191 correpta,
1843 1122 2051 1176 decima

725 1220 928 1290 Aprilis
963 1221 1073 1284 die,
1110 1234 1253 1272 anno
1289 1217 1475 1287 gratia:
1512 1214 1800 1268 millesimo
1837 1220 2052 1280 Septua-

479 1295 697 1378 ηιιιιξὶιιὶἱ)
746 1320 919 1375 se:to,
958 1309 1191 1363 llenrieo
1235 1316 1431 1378 quarto
1461 1306 1779 1373 imperante,
1825 1301 2054 1356 feliciter

488 1388 556 1455 ab
605 1399 705 1454 hac
742 1402 860 1455 luce
909 1400 1181 1475 migravit,
1239 1413 1436 1467 corpus
1493 1388 1614 1465 ejus
1662 1393 1805 1449 Pisis
1859 1392 2050 1448 condi-

485 1498 600 1543 tum
625 1501 724 1545 est.

1077 1598 1301 1653 CAI'L'T
1342 1597 1451 1650 Vl‘l.

486 1692 561 1745 De
592 1694 737 1760 fama
764 1693 1045 1749 comitisse
1086 1690 1381 1753 Mat/nidis,
1404 1688 1537 1742 etde
1560 1688 1704 1755 fama
1735 1696 1782 1738 ct
1810 1686 2051 1753 opinione

1092 1762 1206 1830 ejus
1233 1761 1434 1814 mariti.

553 1852 825 1912 iiathildis
848 1852 1012 1922 igitur
1037 1852 1335 1913 comitis'sa,
1358 1847 1627 1903 defunctis
1649 1854 1801 1915 patre
1829 1845 2047 1899 Bonifa-

485 1946 569 1996 ι·ἱο
602 1953 653 1996 et
693 1952 865 1999 matre
908 1941 1168 2006 Beatriee,
1204 1950 1319 1995 tum
1365 1954 1576 1994 morum
1609 1937 1895 2007 probitate,
1932 1946 2046 1989 tum

486 2033 888 2103 pxogenitornm
937 2034 1193 2102 pi-arciara
1230 2031 1481 2101 prosapia
1532 2029 1719 2082 multis
1764 2028 1818 2080 in
1868 2028 2049 2097 regnis

485 2132 611 2177 nota
633 2124 861 2178 eliieitur
884 2133 937 2178 et
958 2121 1188 2176 famosa.
1221 2119 1373 2175 lianc
1397 2119 1542 2173 enim
1565 2118 1875 2173 Crtecomm
1902 2118 2049 2186 prin-

426 2256 437 2267 ,
491 2214 659 2281 ripas,
690 2213 1133 2276 Alamannorum,
1157 2210 1492 2275 Russonum,
1520 2208 1818 2274 Saxonum,
1866 2208 2051 2263 Fri‘so-

485 2319 634 2366 lllllll,
671 2303 1059 2368 Arvernorum,
1097 2300 1425 2365 Vasconum,
1462 2298 1820 2365 Francorum,
1846 2297 2047 2353 Lothe-

482 2393 761 2462 riugorum
792 2402 844 2446 et
875 2392 1277 2447 Britanniorum
1310 2390 1495 2445 multis
1526 2389 1853 2443 extollebant
1874 2388 2050 2444 laudi-
2109 2410 2127 2424 -

484 2482 604 2544 bus,
630 2491 683 2535 et
713 2483 880 2536 multa
910 2481 1013 2536 sibi
1058 2481 1198 2536 dona
1239 2480 1697 2535 transmittebant.
1741 2479 1882 2535 Inter
1909 2497 2050 2551 quos

481 2572 702 2626 Alexius
726 2572 1060 2637 Graecorum,
1080 2582 1134 2627 et
1162 2574 1579 2627 Alemannorum
1604 2587 1758 2644 reges
1780 2573 1897 2641 ejus
1917 2590 2048 2629 con-

478 2663 689 2740 jugium
710 2665 999 2733 petierunt,
1017 2674 1071 2718 et
1091 2665 1182 2719 alii
1197 2680 1412 2733 quoque
1438 2663 1591 2717 multi
1615 2662 1858 2732 prmelari
1880 2663 2049 2720 duces

482 2763 529 2807 et
558 2755 849 2824 principes,
891 2752 1092 2825 quibus
1137 2755 1365 2824 placide,
1399 2770 1504 2809 non
1542 2762 1720 2808 tamen
1763 2752 2050 2810 efﬁcaciter

481 2845 867 2913 respondebat;
911 2846 1026 2901 luce
1071 2846 1215 2900 enim
1260 2862 1472 2916 semper
1506 2854 1624 2900 erat
1664 2844 1802 2900 faeie
1835 2846 2046 2912 hilaris,

485 2947 660 2991 mente
711 2937 922 3006 quieta,
975 2952 1311 3006 corporeque
1372 2937 1599 2997 decora;
1654 2935 2046 3001 Teutonieam,

480 3026 871 3097 Francigenam
892 3037 945 3082 et
961 3028 1373 3090 Lombardiram
1398 3028 1598 3097 optime
1621 3027 1769 3080 novit
1784 3027 2044 3096 linguam.

479 3115 624 3171 inter
670 3127 1002 3188 cmterasquc
1049 3120 1297 3175 nationes
1346 3118 1481 3173 fovit
1545 3133 1729 3173 amore
1773 3117 2048 3186 pnecipuo

482 3206 832 3265 Lombardos.
865 3209 941 3264 De
968 3211 1085 3266 \‘iro
1114 3220 1293 3267 autem
1328 3212 1493 3282 hujus
1516 3212 1807 3266 eomitissze
1832 3210 2045 3264 Mathil-
2072 3235 2113 3289 ρ

480 3297 564 3352 dis
604 3309 779 3354 exstat
826 3301 882 3353 iu
920 3301 1108 3355 dubio.
1142 3302 1245 3356 Per
1284 3302 1401 3356 haec
1435 3303 1581 3357 enim
1618 3301 1782 3355 verba
1830 3300 2043 3354 videtur
2076 3345 2089 3361 ,

480 3387 645 3456 hujus
699 3390 937 3446 historice
983 3392 1216 3462 scriptor
1265 3393 1490 3447 innuere
1540 3392 2045 3448 eomitissamhanc

480 3497 588 3534 non
635 3484 891 3554 habuisse
933 3484 1210 3549 maritum,
1243 3501 1366 3540 cum
1406 3485 1461 3538 in
1494 3483 1848 3553 sequentibus
1878 3484 2043 3538 etiam

477 3576 621 3644 quod
650 3575 918 3640 habuerit,
933 3576 1017 3631 vel
1040 3576 1180 3632 filios
1211 3576 1473 3648 genuerit,
1498 3577 1700 3632 nullam
1735 3575 1863 3635 facit
1886 3592 2043 3633 men-

481 3669 703 3721 tionem.
751 3666 1019 3723 Scribitur
1068 3677 1248 3723 tamen
1276 3669 1331 3722 in
1363 3669 1502 3722 libro
1536 3668 1629 3737 qui
1656 3667 1854 3723 dicitur
1874 3668 2041 3737 Copia

486 3757 784 3825 Landulphi
827 3757 893 3811 de
926 3756 981 3811 S.
1016 3756 1205 3821 Paulo,
1232 3758 1377 3827 quod
1408 3757 1473 3811 ad
1501 3772 1774 3812 secessum
1800 3757 2044 3812 residens

479 3846 583 3898 dux
631 3846 849 3914 quidam
907 3848 1125 3902 nomine
1159 3846 1513 3912 Gothfridus,,
1556 3845 1822 3901 Gotbfridi
1877 3847 2042 3914 filius,

480 3938 654 4005 gladio
694 3936 979 3992 confossus
1026 3938 1252 4002 interiit,
1279 3938 1508 4008 conjuge
1530 3938 1715 3992 relicta
1763 3935 2040 4014 Matltilda,

482 4026 743 4081 tlonifacii
770 4044 831 4081 ac
857 4027 1119 4082 Bcatri'eis
1144 4028 1434 4082 admodum
1458 4028 1759 4099 clarissima
1784 4030 1919 4095 tilia;
1947 4045 2045 4099 per

481 4117 625 4185 quod
674 4118 916 4172 nascitur
943 4119 1090 4186 quod
1137 4117 1253 4171 haec
1288 4117 1566 4172 comitissa
1604 4117 1766 4173 alicui
1791 4119 1908 4172 viro
1936 4135 2041 4172 nu-

475 4209 662 4278 pserit,
719 4209 845 4264 huic
892 4209 1097 4264 scilicet
1143 4207 1445 4263 Gothfrido.
1500 4207 1595 4263 Est
1639 4218 1696 4264 et
1734 4209 2041 4278 aliquorum

478 4302 662 4368 opinio
690 4301 831 4368 quod
873 4301 973 4355 iste
1002 4299 1319 4355 Cothfridus
1355 4301 1463 4354 dux
1509 4299 1670 4354 fuerit
1696 4299 2039 4369 Spoletanus,

477 4405 786 4460 quanquam
816 4391 868 4442 in
900 4390 1085 4444 eadem
1114 4388 1280 4458 Copia
1316 4389 1436 4457 ejus
1461 4405 1569 4443 non
1602 4391 1915 4445 nominetur
1940 4375 2043 4446 du-

477 4488 649 4535 ratus.
667 4479 1016 4535 Seribitenim
1033 4479 1295 4535 Martinus
1304 4478 1542 4533 Polonus
1558 4479 1612 4532 in
1625 4477 1895 4534 Chronica
1918 4495 2040 4546 sua,

2157 652 2375 718 marito,
2415 652 2632 720 filioque
2681 665 2743 704 ea
2784 650 3076 718 superstite
3111 649 3554 720 prirata,multis
3569 651 3747 720 prius

2152 741 2418 795 bellorum
2463 740 2802 811 conflictibus
2844 748 2899 793 et
2939 740 3323 793 adversitatum
3368 740 3608 796 stimulis
3641 740 3731 794 ia-

2151 830 2370 896 eessita,
2395 838 2452 884 ut
2472 830 2672 899 patebit
2695 830 2749 883 in
2774 828 3209 899 sequentibus,ct
3228 843 3449 883 suorum
3472 830 3744 885 ultimam

2152 918 2473 984 decessisse,
2508 928 2562 972 et
2587 934 2686 988 pro
2708 933 2821 973 sua:
2846 918 3088 973 remedio
3114 917 3308 973 animae
3326 921 3743 990 quaepossidc-

2151 1006 2244 1061 bat
2256 1009 2625 1076 apostolorum
2641 1008 2911 1077 elavigero
2929 1007 3232 1078 reliquisse.
3251 1005 3518 1063 Scribitur
3537 1018 3743 1065 autem

2152 1098 2206 1151 in
2235 1098 2373 1153 libro
2400 1098 2496 1168 qui
2534 1096 2729 1152 Darius
2762 1098 3083 1168 appellatur,
3119 1099 3265 1171 quod
3293 1099 3408 1153 haec
3439 1099 3740 1154 comitissa

2150 1186 2428 1243 Matbildis
2446 1203 2573 1243 eum
2604 1187 2718 1257 jam
2744 1182 2958 1243 duobus
2991 1187 3255 1244 fratribus
3274 1190 3557 1254 emortuis,
3578 1203 3736 1259 quos

2151 1278 2365 1334 llenrici
2393 1277 2736 1347 imperatoris
2760 1277 3053 1333 calliditate
3077 1278 3290 1335 occisos
3312 1277 3427 1334 fore
3444 1278 3731 1347 credebat,

2151 1384 2317 1438 seque
2346 1368 2519 1423 solam
2546 1368 2735 1442 videns
2776 1369 3146 1438 superstitem,
3180 1377 3428 1439 serpente
3462 1368 3557 1440 qui
3586 1369 3733 1424 olim

2148 1431 2510 1528 protoplastos
2535 1434 2600 1511 in
2613 1431 2866 1527 paiadiso
2887 1457 2982 1512 Dei
3005 1431 3216 1529 decepit
3234 1431 3498 1525 callidior,
3511 1460 3731 1528 ipsum-

2149 1562 2255 1616 que
2299 1562 2551 1617 quaerens
2584 1549 2968 1618 imperatorem
3011 1564 3043 1602 a
3094 1564 3261 1620 regno
3310 1548 3527 1619 privare
3574 1550 3733 1605 dolis

2147 1638 2503 1703 acutissimis,
2543 1653 2653 1693 non
2689 1638 2858 1693 armis
2904 1639 3183 1703 laborans,
3229 1639 3461 1709 septimo
3487 1640 3732 1697 adharsit

2148 1726 2427 1797 Gregorio,
2474 1728 2567 1798 qui
2614 1729 2767 1798 prius
2812 1728 3166 1798 Ildeprandts
3201 1730 3382 1785 dictus
3430 1738 3537 1785 est.
3583 1729 3735 1796 Quo:

2149 1834 2271 1871 eum
2312 1818 2490 1872 adhuc
2525 1817 2677 1888 virgo
2706 1812 2965 1889 (ligonem
3008 1820 3184 1873 virum
3231 1820 3729 1890 prudentissimum

2083 1904 2122 1955 Β
2146 1905 2571 1966 Northimandiae
2590 1909 2781 1964 ducem
2799 1909 3043 1963 duxisset
3068 1909 3122 1963 in
3148 1910 3422 1976 maritum,
3436 1926 3531 1982 per
3543 1926 3732 1967 annos

2151 2013 2356 2066 paucos
2384 2013 2567 2053 secum
2593 2008 2820 2065 morata,
2853 2015 3017 2069 super
3044 2015 3103 2055 se
3124 2001 3237 2070 jam
3259 2001 3529 2070 paenitens
3548 2003 3732 2057 alicu—

2143 2085 2234 2154 jus
2276 2085 2474 2139 habere
2521 2087 2846 2153 dominium,
2881 2089 3111 2143 censilio
3154 2089 3290 2143 inito
3334 2104 3459 2155 cum
3491 2092 3729 2146 vernula

2148 2172 2249 2226 sibi
2278 2171 2614 2239 fidelissima,
2645 2174 2932 2244 ipsumque
2962 2176 3028 2229 ad
3059 2177 3302 2231 cloacam
3344 2193 3509 2248 super
3535 2178 3732 2233 lacum

2150 2262 2422 2315 sedentem
2450 2278 2546 2331 per
2571 2278 2849 2317 secessum
2873 2264 3122 2319 immisso
3141 2281 3273 2320 ense
3300 2265 3428 2320 fecit
3454 2267 3725 2322 interimi.

2149 2350 2284 2404 Cum
2309 2360 2490 2404 autem
2523 2352 2694 2406 robur
2718 2368 2748 2406 a
2779 2351 2975 2407 Tuscia
3016 2370 3189 2423 usque
3219 2353 3449 2409 Romam
3486 2357 3730 2412 comita-

2149 2451 2237 2497 tus
2284 2442 2368 2496 sui
2422 2442 2534 2496 fere
2573 2444 2686 2497 sola
2725 2452 3022 2510 exerceret,
3061 2453 3326 2514 pactoque
3352 2447 3733 2503 secretissima

2149 2533 2335 2589 habito
2374 2549 2501 2589 cum
2547 2534 2738 2589 eodem
2787 2532 3125 2603 lldeprando,
3170 2533 3423 2591 Ecclesiae
3458 2534 3733 2593 Romam:

2149 2633 2279 2678 tunc
2302 2624 2551 2688 diacono,
2582 2638 2683 2677 nec
2711 2637 2818 2677 non
2849 2638 2976 2677 cum
3010 2625 3425 2693 quamplurimis
3446 2624 3729 2695 religiosis

2147 2725 2179 2768 a
2216 2712 2414 2768 ﬁnibus
2453 2711 2635 2767 Albini
2673 2719 2728 2765 et
2771 2709 2969 2765 Βηπὶυί
3031 2712 3256 2781 sparsis,
3289 2721 3565 2781 quatenus
3597 2713 3728 2767 sine

2148 2817 2418 2858 consensu
2442 2800 2783 2871 imperatoris
2810 2800 2863 2853 in
2885 2800 3194 2869 pontificem
3218 2798 3521 2854 Romanum
3544 2802 3725 2871 elige-

2147 2899 2290 2956 rent,
2314 2898 2374 2944 ut
2394 2896 2807 2945 consecraretur
2834 2904 3053 2959 operam
3094 2889 3260 2944 dedit.
3305 2888 3409 2943 Sed
3438 2904 3506 2942 ne
3532 2902 3727 2945 sermo

2148 2993 2389 3048 praesens
2408 2978 2654 3032 videatur
2679 2985 2927 3033 mortuos
2941 2979 3220 3043 accusans,
3240 2978 3307 3032 ad
3327 2978 3727 3048 subsequentia

2148 3069 2488 3138 procedatur.
2905 3086 2916 3094 ·

2720 3177 2948 3234 CAPUT
2987 3177 3119 3232 Vl“.

2146 3251 2223 3303 De
2265 3267 2392 3319 pace
2432 3250 2574 3319 [arta
2612 3265 2705 3317 per
2742 3250 3062 3302 comitissom
3096 3248 3234 3302 inter
3259 3257 3625 3317 rmperatorem
3669 3256 3725 3302 et

2822 3333 3037 3386 papam.
3148 3332 3151 3335 '
3316 3350 3319 3353 -

2214 3407 2342 3462 Post
2352 3414 2581 3461 mortem
2601 3405 2784 3475 itaque
2804 3402 2996 3461 matris
3006 3406 3297 3460 eomitissae
3317 3402 3724 3463 Ilatbildisdis-

2142 3503 2394 3552 currente
2422 3494 2566 3549 fama
2609 3509 2706 3565 per
2743 3495 2929 3549 orbem
2967 3509 3151 3565 regem
3215 3492 3502 3549 Henricum
3548 3495 3724 3564 hujus

2142 3586 2384 3641 nominis
2415 3584 2504 3651 ιγ,
2532 3584 2851 3640 lldebrando
2874 3585 3248 3639 consentiente
3265 3625 3285 3650 ,
3308 3585 3403 3654 qui
3432 3593 3487 3640 et
3504 3584 3720 3656 Grego-

2142 3677 2260 3731 rius
2286 3673 2394 3741 \'ll,
2418 3689 2542 3729 cum
2570 3674 2686 3729 suis
2709 3672 3036 3739 fautoribus,
3053 3689 3199 3727 anno
3228 3673 3467 3743 ejusdem
3496 3672 3716 3728 Henrici

2141 3764 2401 3835 vigesimo
2445 3764 2641 3832 primo,
2678 3763 2772 3832 qui
2816 3762 2918 3818 fuit
2949 3779 3042 3820 an.
3073 3762 3231 3819 Dom.
3280 3761 3493 3828 1077,:
3522 3760 3727 3822 matris

2142 3853 2398 3911 Ecclesiae
2423 3861 2626 3909 sanctae
2642 3853 2853 3923 gremio
2868 3860 3298 3928 segregatum,et
3307 3852 3592 3907 Alemanni
3610 3853 3719 3908 du-

2142 3958 2252 4008 ces,
2280 3944 2487 3998 scilicet
2513 3940 2836 3997 Bertboldus
2853 3983 2867 4007 ,
2898 3941 3217 4010 Rodulphus
3237 3948 3290 3994 et
3312 3938 3557 4010 Unelpho
3586 3956 3718 3996 cum

2142 4034 2328 4087 multis
2374 4032 2664 4087 comitibus
2721 4042 2775 4088 et
2828 4031 3097 4101 episc0pis
3144 4031 3213 4085 ab
3249 4031 3370 4101 ejus
3401 4046 3459 4086 se
3498 4040 3723 4087 traxere

2142 4123 2420 4178 consortio
2437 4164 2455 4188 ,
2485 4137 2609 4177 eum
2632 4123 2800 4177 multa
2828 4121 3049 4177 infamia
3069 4122 3413 4185 denotantes;
3439 4124 3583 4191 quod
3606 4124 3719 4177 im-

2141 4219 2358 4279 perator
2383 4224 2708 4281 agnoscens,
2723 4210 2791 4265 ad
2811 4210 3369 4266 consobrinam-suam
3393 4209 3718 4264 Matbildam

2142 4301 2474 4357 eomitissam
2505 4300 2769 4355 illustrem
2798 4302 3021 4357 nuntios
3048 4301 3279 4367 direxit,
3300 4308 3358 4355 ut
3379 4301 3495 4368 ipsa
3523 4301 3717 4356 consi—

2140 4393 2274 4446 lium
2316 4390 2626 4462 exquireret
2687 4400 2908 4460 propter
2948 4393 3091 4460 quod
3126 4406 3288 4460 papa
3331 4390 3719 4447 Lombardiam

2140 4490 2475 4554 properaret,
2492 4482 2812 4551 promittens
2823 4481 3136 4536 satisfacere
3155 4482 3223 4534 de
3234 4479 3559 4534 commissis.
3576 4478 3717 4539 Pro—

478 4571 619 4641 quod
647 4569 1299 4639 GothfridusSpoletanus
1317 4570 1425 4624 dux
1449 4578 1503 4624 et
1524 4570 1801 4625 eomitissa
1827 4568 2041 4624 Mathil-
2071 4562 2114 4617 Β
2141 4580 2365 4627 curante
2396 4571 2563 4653 igitur
2588 4570 2775 4625 eadem
2818 4570 3098 4625 comitissa
3131 4568 3427 4625 honorifice
3452 4569 3717 4641 suscepit,

477 4663 561 4715 dis
581 4662 771 4716 devota
795 4660 902 4714 filia
925 4661 1097 4715 sancti
1130 4659 1292 4721 Petri.
1310 4658 1671 4717 Nortmannos
1696 4662 2035 4732 expulerint:

478 4753 572 4820 qui
629 4754 681 4805 in
728 4750 1097 4821 pra-judicium
1127 4749 1414 4819 Ecclesiae,
1445 4751 1751 4807 Alexandro
1777 4769 1913 4821 papa
1949 4769 2038 4808 se-

479 4842 656 4895 cundo
710 4841 1027 4909 przesidente
1071 4841 1289 4895 natione
1337 4839 1762 4906 Mediolanense,
1799 4832 2037 4911 regnum

478 4933 682 5002 Apuliae
720 4932 1056 4996 invaserunt,
1091 4941 1144 4985 et
1170 4934 1305 4985 lines
1334 4930 1645 5001 Campaniae
1667 4932 2040 4987 devastabant.

482 5021 639 5075 Ponit
676 5035 892 5091 quoque
936 5018 1172 5076 Jacobus
1200 5021 1267 5075 de
1310 5019 1595 5091 Varagine,
1639 5022 1756 5076 ord.
1790 5021 2041 5079 Fratrum

480 5111 847 5174 Prmdicator.,
872 5112 1314 5181 archiepiscopus
1339 5109 1651 5176 Januensis,
1684 5112 1740 5165 in
1776 5113 2046 5169 Chronica

482 5220 600 5269 sua,
623 5202 766 5273 quod
793 5203 908 5256 haec
934 5200 1189 5256 Matbilda
1217 5203 1411 5257 tradita
1445 5202 1659 5272 nuptui,
1683 5218 1807 5258 eum
1836 5205 1903 5259 de
1930 5206 2046 5259 viro

484 5311 582 5349 suo
613 5294 778 5347 filium
803 5293 1095 5362 genuisset,
1126 5300 1345 5364 propter
1368 5292 1583 5347 dolores
1606 5309 1748 5363 quos
1786 5293 1839 5347 in
1889 5305 2046 5364 partu

484 5392 746 5447 senserat,
794 5384 966 5438 noluit
1019 5394 1204 5453 postea
1244 5384 1363 5437 viro
1402 5397 1504 5437 suo
1545 5386 1827 5455 conjungi;
1857 5387 2048 5457 sicque

482 5478 593 5530 tilio
641 5483 873 5539 mortuo,
906 5489 1077 5544 eaque
1116 5476 1427 5544 superstite,
1474 5473 1592 5528 sine
1625 5474 1811 5529 liberis
1833 5478 2047 5531 tandem

486 5566 672 5619 ultima
697 5565 1118 5621 defecit.Fertur
1144 5566 1306 5620 etiam
1332 5566 1499 5636 quod,
1529 5581 1626 5636 per
1657 5566 1829 5635 ipsius
1861 5577 2051 5636 partus

485 5655 697 5709 dolores
727 5656 960 5711 animata
1000 5656 1055 5710 in
1084 5654 1361 5721 maritum,
1391 5656 1571 5725 ipsum
1599 5654 1759 5711 fuerit
1783 5657 2088 5737 insecuta,"

486 5757 532 5797 et
568 5747 703 5800 forte
726 5746 806 5816 (ut
841 5747 1002 5817 aliqui
1031 5748 1355 5825 autumant),
1384 5762 1478 5815 per
1499 5748 1725 5828 modum
1753 5749 1845 5819 qui
1873 5749 2051 5803 dictus

488 5847 586 5903 est,
612 5839 660 5889 in
686 5852 808 5892 eum
835 5852 1018 5894 necem
1053 5840 1217 5915 a'tilio
1246 5837 1432 5893 inferri
1455 5853 1773 5908 procurasse
1808 5839 1949 5906 (sic).
1982 5838 2045 5893 Et

2142 4662 2233 4716 ubi
2261 4663 2424 4716 etiam
2468 4661 2761 4730 imperator
2789 4660 3056 4721 Henricus
3099 4659 3291 4714 adfuit.
3332 4658 3400 4713 ιιι
3424 4660 3717 4729 praesentia

2144 4751 2310 4823 igitur
2333 4752 2714 4820 episcoporum
2733 4761 2787 4807 et
2815 4751 3147 4821 principum,
3169 4748 3311 4804 inter
3328 4763 3469 4818 quos
3485 4758 3605 4804 erat
3621 4764 3720 4806 ve-

2146 4841 2403 4898 nerabilis
2425 4839 2543 4912 Ugo
2579 4840 2955 4895 Cluniacensis
2982 4839 3171 4906 abbas,
3204 4839 3548 4908 imperatoris
3573 4837 3721 4894 lieu-

2144 4934 2243 4989 riei
2287 4934 2339 4987 in
2376 4934 2591 4988 lavacro
2612 4941 2764 5001 pater
2783 4971 2801 4995 ,
2825 4930 2891 4983 de
2918 4944 3050 4999 pace
3075 4929 3427 4984 tractabatur.
3467 4924 3719 4999 Cumque

2147 5024 2322 5078 tribus
2348 5024 2460 5092 jam
2501 5033 2666 5090 Super
2694 5019 2781 5073 his
2808 5020 3055 5073 decursis
3083 5018 3302 5083 diebus,
3334 5017 3540 5072 nullum
3565 5017 3719 5087 pacis

2152 5120 2412 5167 tractatus
2452 5110 2738 5167 sortiretur
2791 5109 3038 5164 effectum
3057 5147 3075 5173 ,
3126 5107 3418 5177 imperator
3465 5106 3719 5174 abbatem

2152 5201 2394 5274 Ugonem
2428 5200 2704 5254 humiliter
2735 5198 3054 5268 deprecatus
3085 5206 3170 5253 est
3206 5205 3266 5251 ut
3301 5197 3404 5251 sibi
3444 5204 3546 5265 pro
3585 5208 3721 5266 paea

2152 5291 2439 5361 fidejussor
2462 5289 2697 5355 cxiStat;
2731 5286 2876 5356 quod
2914 5285 3001 5340 ille
3033 5287 3136 5340 sibi
3167 5300 3277 5338 non
3303 5284 3465 5338 licere
3493 5298 3723 5354 ηερω-

2152 5384 2307 5448 dens,
2328 5379 2809 5437 astanscomitissa
2831 5393 2929 5447 pro
2952 5377 3275 5445 imperatore
3293 5373 3722 5444 precesingemi—

2154 5486 2265 5530 nat.
2292 5474 2393 5529 Cui
2418 5481 2472 5527 et
2493 5472 2661 5526 abbas
2691 5469 2806 5537 ipse
2830 5466 3108 5538 respondit
3139 5484 3151 5496 ·
3190 5463 3273 5519 Τιι
3298 5466 3416 5540 sola
3434 5473 3591 5534 potes
3616 5464 3723 5520 hoc

2153 5567 2376 5635 exsequi
2395 5585 2408 5619 :
2429 5574 2558 5618 tunc
2584 5554 2805 5630 supplex
2842 5556 3133 5629 imperator
3152 5554 3617 5626 consanguineam
3636 5569 3726 5611 top

2151 5674 2286 5727 gans
2315 5667 2406 5721 ut,
2438 5670 2504 5710 ea
2538 5644 2922 5715 intercedente,
2945 5665 2975 5703 a
3003 5648 3247 5704 Romano
3277 5644 3535 5717 pontifice
3554 5643 3725 5702 bene-

2152 5747 2439 5800 dictionem
2462 5744 2734 5811 suscipere
2754 5748 3026 5815 mereatur
3044 5758 3065 5803 ςη
3084 5738 3225 5809 quod
3248 5752 3306 5790 se
3325 5743 3569 5789 acturam
3596 5748 3725 5809 pro-

2153 5838 2369 5890 mittens
2405 5834 2593 5889 statim.
2625 5831 2688 5885 ad
2731 5847 2999 5887 sumntum
3034 5827 3339 5899 pontificem
3372 5825 3529 5896 abiit,
3562 5837 3725 5901 eumut
