3944 6378
238 422 268 477 Ι
280 423 387 479 049

1117 423 1400 479 APPEND.
1441 425 1528 482 III.
1565 456 1636 468 -—
1671 425 2099 484 MONUMENTA
2134 430 2591 487 GREGORIANA.

3342 432 3476 485 1οΞἕο

235 549 354 603 que
392 512 709 604 suppliciter
757 537 987 591 allocuta
1013 578 1027 602 ,
1071 538 1282 592 tandem
1320 540 1527 594 annuit.
1573 537 1810 596 Credidit
1838 541 1883 578 ιι
1919 549 2001 595 tes
2022 541 2250 597 absolvit
2271 543 2339 597 ab
2361 543 2669 597 infidelitate
2697 555 2748 597 et
2779 544 3030 612 perjurio.
3065 545 3218 609 Quod
3249 544 3474 613 impera.

233 623 428 677 verbis
447 625 590 694 ejus,
623 628 882 696 petiitque
905 636 964 680 ut
988 628 1090 681 sibi
1117 638 1171 681 et
1200 627 1731 685 EcelesiasRomana':
1750 632 1818 686 ab

236 715 372 786 ipso
415 718 741 786 imperatore
783 719 1054 775 fidelitatis
1094 723 1463 784 ,‘uramentum
1515 732 1814 793 praestetur.

236 805 550 877 Imperator
573 811 756 880 itaque
789 810 854 864 ad
878 811 1220 880 pnesentiam
1247 827 1397 882 papa:
1413 811 1572 867 nudis
1593 815 1818 883 pedibus

233 912 414 969 super
442 900 619 954 nivem
645 909 698 955 et
715 901 936 969 glaciem
970 901 1222 956 incedens
1245 903 1420 967 venit,
1449 913 1501 958 et
1521 905 1574 957 in
1598 905 1814 959 modum

233 990 428 1045 crucis
466 1006 525 1044 se
561 991 615 1044 in
661 999 859 1046 terram
891 1001 1014 1045 ante
1050 991 1214 1060 pedes
1254 993 1524 1062 pontiﬁcis
1554 995 1767 1063 jactans
1801 1010 1814 1046 :

231 1077 435 1142 Parce,
476 1077 671 1150 inquit,
702 1082 1012 1138 beatissime
1045 1081 1224 1148 Pater,
1259 1099 1438 1152 parce.
1474 1083 1643 1154 Cujus
1681 1101 1816 1155 papa

229 1171 531 1238 praesentia
563 1172 906 1226 miseratione
929 1172 1112 1227 motus
1130 1213 1146 1238 ,
1173 1172 1466 1240 benedixit,
1488 1181 1543 1228 et
1573 1175 1640 1229 ad
1669 1176 1817 1244 pacis

230 1262 494 1315 osculum
550 1261 796 1329 admisit,
834 1262 1110 1332 missaque
1156 1263 1468 1319 solemniter
1507 1265 1814 1333 decantata,

229 1351 492 1420 corporis
523 1361 578 1406 et
603 1353 883 1422 sanguinis
914 1353 1129 1408 Domini
1163 1355 1336 1410 nostri
1369 1353 1494 1409 Jesu
1528 1353 1728 1410 Christi
1761 1357 1815 1410 in

228 1441 396 1509 pacis
435 1451 490 1496 et
517 1444 820 1498 concordia!
866 1444 1080 1513 signum
1119 1459 1242 1498 cum
1278 1443 1817 1502 fecit-communione

227 1531 582 1600 participem,
594 1542 646 1587 et
672 1534 724 1586 in
751 1549 930 1588 arcem
948 1534 1277 1588 Canusinam
1288 1549 1411 1588 eum
1424 1536 1644 1590 deduxit
1658 1538 1816 1621 mira:

229 1619 424 1674 biliter
471 1623 816 1678 collatantes.
874 1622 1070 1693 Sicque
1126 1623 1392 1680 BIatbildze
1444 1642 1635 1696 magna
1690 1619 1819 1696 prui-

232 1707 424 1763 dentia
447 1711 783 1765 consolidata
806 1719 933 1766 sunt
964 1712 1104 1765 inter
1125 1712 1502 1780 imperatorem
1539 1721 1593 1766 et
1621 1729 1814 1783 papam

231 1799 396 1866 pacis
422 1797 649 1866 ftedera,
685 1801 870 1856 invitis
895 1810 1070 1856 tamen
1089 1802 1414 1871 quibusdam
1448 1803 1735 1872 episcopis,
1761 1815 1816 1859 et

231 1887 295 1950 In
341 1888 436 1943 lite
487 1891 866 1958 manentibus,
926 1901 1087 1961 prout
1140 1893 1523 1962 subsequentia
1573 1894 1814 1948 declara-

231 1973 396 2030 bunt
1558 1975 1561 1977 ’

849 2039 1078 2123 CAPUT
1118 2069 1207 2123 ιχ.

233 2183 488 2258 Qualiter
512 2201 650 2255 papa
680 2193 732 2239 et
765 2187 1056 2249 comitissa,
1096 2189 1427 2257 imperatoris
1462 2166 1572 2258 ﬁde.
1587 2200 1808 2258 mutata,

317 2255 543 2307 insidias
568 2264 860 2321 evaserunt,
887 2266 935 2310 et
959 2257 1059 2309 sibi
1087 2266 1134 2311 et
1164 2255 1274 2311 suis
1304 2255 1566 2313 adversati
1588 2273 1729 2316 sum.

305 2364 442 2422 Post
463 2367 580 2422 haec
602 2367 914 2437 imperator,
939 2385 1074 2440 papa
1089 2368 1314 2424 dimisso
1340 2371 1392 2423 in
1414 2371 1608 2439 oppido
1632 2372 1812 2426 Canu-

230 2457 384 2522 sino,
409 2456 634 2527 Regium
680 2459 937 2527 perrexit,
983 2474 1145 2527 quam
1174 2458 1444 2512 civitatem
1478 2462 1696 2530 quidam
1720 2462 1812 2516 de-

229 2545 642 2616 populabantur
675 2547 938 2617 episcopi,
963 2549 1212 2602 vi'delicct
1237 2547 1576 2614 Mutinensis,
1593 2550 1814 2606 Cremo-

233 2637 433 2692 nensis
457 2644 510 2692 et
535 2636 915 2705 Bononiensis,
948 2639 1015 2694 de
1040 2655 1170 2708 pace
1211 2641 1352 2693 inter
1397 2657 1590 2709 papam
1621 2650 1672 2695 et
1706 2643 1809 2695 im-

231 2732 546 2798 peraturem
588 2727 884 2795 plurimum
925 2737 1248 2782 metuentes.
1309 2728 1406 2783 His
1458 2738 1574 2782 erat
1621 2739 1812 2784 auctor

232 2817 534 2874 Guibertus
559 2817 998 2887 archiepiscopus
1025 2816 1416 2880 Ravennensis,
1443 2819 1659 2872 natione
1681 2818 1811 2873 Par-

231 2893 463 2971 mensis,
487 2907 573 2961 vir
605 2908 803 2964 nobilis
840 2917 893 2963 et
915 2919 1156 2974 astutus;
1194 2909 1284 2964 hic
1318 2918 1495 2964 autem
1520 2911 1810 2980 imperato-

231 2995 320 3051 ris
347 3005 578 3050 mentem
611 2987 1021 3066 adeo'pervertit
1051 3014 1080 3052 a
1120 3015 1276 3069 papa,
1303 3009 1360 3054 ut
1381 3001 1447 3054 de
1481 3002 1630 3070 pacis
1657 3017 1809 3055 eom-

232 3083 508 3154 positione
545 3086 813 3154 paenitens
837 3101 1029 3155 papam
1061 3090 1368 3157 conceperit
1398 3089 1686 3158 captivare.
1713 3087 1809 3144 Die

1920 640 2005 686 tor
2034 648 2332 702 agnoscens
2365 649 2489 687 eum
2533 634 2708 688 valido
2743 635 2978 688 exercitu
3009 634 3227 688 intravit
3250 635 3474 702 Italiam,

1917 737 2144 792 eamque
2183 733 2520 794 pervagatus,
2574 726 2793 780 castella
2824 725 2979 794 fregit
3025 735 3076 780 et
3105 727 3330 796 oppida;
3362 727 3476 781 sola

1918 821 2096 867 tamen
2125 815 2172 868 ei
2204 815 2399 869 restitit
2436 815 2710 868 comitissa
2735 798 3027 870 llathildis.
3070 815 3270 869 Contra
3312 830 3476 884 quam

1917 905 2208 972 imperator
2243 920 2432 975 magna
2463 907 2821 960 exardescens
2848 907 2900 960 in
2934 907 3034 971 ira,
3066 909 3262 961 excitat
3289 908 3478 963 adver-

1918 1011 2011 1050 sus
2033 1011 2150 1049 eam
2179 995 2380 1064 praelia,
2408 1003 2752 1063 terroresque
2791 996 3062 1061 immittit,
3093 1005 3147 1050 et
3167 997 3477 1051 obsidiones
3555 1062 3573 1069 δ

1917 1084 2186 1149 minatur;
2230 1085 2324 1139 sed
2377 1100 2500 1138 cum
2554 1084 2727 1138 eidem
2787 1086 3078 1140 comitissa
3121 1085 3480 1140 innumerabi-

1917 1173 2200 1227 lia'essent
2244 1173 2510 1242 praesidia,
2540 1173 2606 1226 ab
2641 1173 2982 1242 imperatoris
3037 1175 3478 1242 oppressionibus

1916 1278 2128 1332 semper
2154 1271 2371 1318 strenue
2397 1279 2454 1318 se
2487 1261 2723 1318 defendit
2748 1283 2759 1316 :
2790 1264 2933 1332 quod
2966 1264 3252 1333 imperator
3285 1265 3476 1319 adver-

1917 1359 2056 1416 tens,
2076 1367 2198 1404 mox
2224 1354 2529 1420 properavit
2550 1353 2615 1408 ad
2643 1352 2862 1417 Urbem,
2887 1369 3068 1421 quam,
3096 1369 3217 1407 cum
3242 1353 3342 1408 sibi
3367 1369 3475 1407 non

1916 1442 2309 1509 obtemperaret
2338 1441 2404 1494 ad
2434 1450 2639 1504 votum,
2671 1442 2957 1495 obsidione
2987 1441 3221 1506 vallavit,
3251 1457 3478 1512 eamque

1915 1531 2270 1598 depopulatus
2304 1539 2405 1596 est,
2455 1539 2509 1584 et
2550 1531 2749 1584 muenia
2788 1531 2954 1584 multa
2991 1531 3220 1600 dirupit;
3268 1541 3475 1601 postea,

1917 1617 2059 1673 Urbe
2087 1621 2324 1686 obtenta,
2353 1622 2538 1675 statuit
2558 1621 2611 1673 in
2640 1637 2723 1682 ea.
2741 1629 2800 1674 ut
2814 1621 3014 1674 dictum
3037 1627 3139 1685 est,
3159 1620 3476 1674 Guibertum

1915 1711 2221 1779 antipapam
2264 1711 2590 1766 Clementem
2641 1711 2981 1781 appellatum.
3021 1709 3309 1780 Gregorius
3347 1726 3477 1764 vero

1917 1817 2050 1871 papa
2067 1802 2149 1854 his
2160 1801 2392 1871 graviter
2403 1802 2660 1866 offensus,
2679 1802 2968 1856 Robcrtum
2983 1800 3257 1854 Guiscardi
3271 1800 3477 1869 Apulia:

1915 1892 2194 1945 dominum
2223 1891 2277 1944 in
2303 1906 2459 1945 suum
2490 1891 2748 1943 auxilium
2779 1893 3039 1945 evocavit.
3066 1891 3236 1957 Quem
3264 1908 3386 1946 cum
3410 1892 3475 1945 de

1913 1981 2103 2049 Apulia
2134 1963 2434 2034 venientem
2459 1981 2748 2048 imperator
2780 1980 3038 2041 audisset,
3084 1983 3151 2035 ab
3191 1981 3332 2035 Urbe
3364 1982 3475 2035 dis-

1912 2071 2090 2124 cessit.
2146 2069 2248 2122 Sed
2298 2069 2590 2124 Guibertus
2634 2071 2904 2138 antipapa,
2940 2072 3174 2140 praemiis
3227 2082 3280 2124 et
3317 2072 3474 2126 donis

1913 2146 2288 2229 imperatorem
2330 2160 2590 2225 alliciens,
2610 2160 2849 2214 invasam
2887 2161 3028 2216 sedis
3057 2161 3361 2230 apostolica:
3383 2178 3474 2215 ca-

1913 2251 2154 2304 thedram
2178 2250 2476 2314 detinebat;
2504 2251 2596 2319 qui
2621 2252 2894 2319 pravitatis
2926 2252 3187 2306 haeretica:
3214 2253 3368 2306 limes
3395 2251 3474 2306 ef-

1911 2337 2105 2400 fectus,
2135 2338 2332 2390 multos
2366 2338 2418 2389 in
2455 2337 2598 2390 Urbe
2620 2347 2672 2391 et
2700 2340 2828 2392 orbe
2860 2341 3063 2407 pariter
3096 2342 3320 2394 vitiavit.
3357 2340 3476 2408 Ipse

1909 2427 2074 2490 enim,
2093 2426 2271 2480 divina
2304 2427 2551 2480 mandata
2578 2442 2862 2496 seponcus,
2896 2429 3037 2499 leges
3058 2445 3241 2484 sacras
3265 2445 3473 2498 praava-

1911 2519 2135 2582 rieabat,
2160 2515 2254 2570 Dei
2279 2516 2546 2572 Ecclesias
2571 2519 2898 2572 destruebat.
2917 2519 3234 2590 Gregorium
3256 2534 3475 2589 quoque

1912 2624 2106 2676 papam
2138 2607 2394 2662 severiter
2420 2615 2757 2675 persecutus,
2783 2609 2981 2662 multos
3009 2609 3292 2678 episc0pos
3317 2616 3370 2661 et
3395 2608 3476 2660 vi-

1909 2711 2003 2749 ros
2039 2697 2332 2750 catholicos
2362 2696 2544 2764 ﬂagris
2578 2698 2786 2762 afflixit,
2816 2708 2870 2752 et
2911 2715 3189 2754 carcerum
3223 2701 3476 2770 squalore

1912 2785 2221 2850 maceravit,
2253 2784 2514 2854 imperiali
2549 2783 2730 2840 favore
2753 2786 3022 2840 suﬂ'ultus.

2521 2918 2747 2973 CAPUT
2784 2919 2852 2975 Χ.

1911 3011 1986 3066 De
2012 3013 2252 3065 thesauro
2286 3029 2436 3081 quem
2472 3013 2614 3064 misit
2661 3029 2798 3082 papa
2822 3028 2931 3082 prof
2948 3011 3182 3082 Ecclesia
3204 3010 3474 3067 Canusina

2174 3082 2240 3134 ad
2263 3080 2573 3134 instantiam
2604 3080 2882 3135 comitissa:
2908 3080 3198 3134 Mathildis.

233 3174 404 3244 igitur
423 3173 456 3228 6
483 3189 549 3229 ex
580 3191 689 3244 quo
717 3176 1040 3231 discesserat
1076 3193 1106 3231 a
1147 3193 1282 3247 papa
1325 3178 1675 3232 Bihianellum
1726 3196 1810 3233 re-
1837 3177 1880 3234 C
1979 3169 2124 3224 Inter
2155 3172 2268 3225 Ῑιεεο
2298 3170 2573 3226 comitissa
2605 3171 2896 3236 MalhildiS.
2941 3173 3030 3240 pio
3058 3173 3220 3226 corde
3241 3172 3475 3242 ﬂagrans

234 3263 460 3328 meavit,
484 3262 550 3316 ad
575 3278 737 3331 quem
767 3278 936 3332 papa,
962 3278 1062 3316 nec
1091 3278 1199 3316 non
1227 3273 1281 3317 et
1315 3265 1590 3318 comitissa
1614 3265 1762 3336 (956)
1793 3285 1806 3318 :

232 3352 373 3423 petit
421 3353 716 3419 imperator
750 3367 875 3411 cum
915 3352 996 3406 eis
1040 3351 1368 3420 colloquium
1405 3353 1542 3406 ultra
1583 3351 1809 3420 Padum,

231 3440 386 3510 quod
429 3447 748 3504 annuentes,
789 3439 917 3494 dum
969 3440 1248 3494 transisset
1289 3440 1600 3509 imperator,
1647 3442 1809 3495 etiam

228 3531 344 3602 ipsi
384 3529 621 3585 transire
659 3529 1008 3595 contendunt,
1051 3538 1322 3598 concepta:
1363 3530 1567 3586 fraudis
1613 3531 1808 3602 ignari.

226 3620 485 3690 Cumque
524 3619 870 3683 transissent,
900 3619 1132 3673 venit-ad
1163 3618 1495 3672 comitissam
1528 3620 1811 3675 insinuans

227 3723 360 3780 qua:
403 3708 658 3761 latebant.
708 3705 1000 3762 Patefactis
1042 3707 1223 3774 itaque
1270 3706 1480 3760 insidiis
1515 3724 1648 3776 papa
1685 3725 1808 3762 cum

228 3798 518 3854 comitissa
549 3797 615 3851 ad
650 3796 907 3866 oppidum
946 3796 1126 3861 rediit,
1178 3797 1555 3864 imperatorem
1588 3798 1810 3852 minime

228 3889 538 3943 revisurus.
588 3884 714 3942 Haec
763 3886 1042 3941 audientes
1087 3886 1325 3955 episcopi
1363 3886 1656 3956 supradicti
1703 3887 1807 3942 lazti

227 3983 365 4030 sunt
391 3975 653 4040 etl‘ecti,et
676 3976 909 4028 maxime
933 3974 1246 4039 Guibertus,
1269 3975 1383 4042 qui,
1402 3975 1565 4043 hujus
1591 3976 1807 4030 seditio-

225 4065 323 4117 nis
356 4070 568 4128 auctor,
592 4063 774 4117 sedem
796 4062 1145 4130 apostolicam
1169 4070 1356 4114 contra
1379 4062 1698 4132 Gregorium
1721 4066 1806 4117 in-

227 4155 434 4209 vadere
464 4154 760 4222 satagebat.
800 4152 970 4217 Quem
1009 4151 1223 4206 tandem
1253 4151 1543 4220 imperator
1572 4154 1806 4208 laudavit

229 4243 293 4298 in
316 4257 530 4311 papam.
562 4239 814 4294 Seditiosi
840 4255 1076 4310 namque
1097 4241 1381 4294 memorati
1404 4242 1640 4310 episcopi
1665 4243 1804 4311 apud

227 4333 475 4388 Brixiam
504 4331 905 4396 convenientes,
944 4331 1120 4400 ipsum
1167 4331 1481 4386 Guibertum
1522 4332 1576 4385 in
1613 4349 1804 4402 papam

227 4424 532 4494 elegerunt,
556 4423 883 4476 Clementem
912 4437 1036 4478 eum
1066 4431 1339 4475 vocantes.
1365 4423 1533 4487 Quem
1562 4433 1804 4493 postmo-

1910 3259 2169 3315 adversus
2191 3261 2568 3328 imperatorem
2591 3260 2973 3316 etGuibertum
2999 3263 3327 3330 antipapam,
3355 3270 3474 3316 acta
3519 3293 3522 3295 λ

1908 3361 2097 3401 eorum
2133 3347 2461 3412 abhorrens,
2489 3336 2670 3416 praelia
2701 3351 2867 3402 multa
2889 3351 3085 3418 gessit,
3123 3359 3175 3402 et
3198 3365 3476 3418 quoscun-

1908 3451 2016 3505 que
2056 3435 2106 3488 ei
2147 3435 2505 3490 adversantes
2540 3452 2639 3507 pro
2675 3451 2835 3506 posse
2864 3436 3122 3492 confovit.
3170 3437 3289 3507 Ipsa
3324 3440 3473 3495 enim

1907 3525 2198 3595 episcopis,
2225 3524 2457 3591 clericis,
2474 3526 2756 3582 monachis
2783 3527 3100 3596 cunctisque
3120 3519 3235 3581 erat
3257 3528 3358 3582 fida
3387 3539 3476 3584 tu-

1909 3616 2012 3670 tela
2043 3617 2339 3671 catholicis.
2360 3616 2496 3671 Nam
2516 3633 2654 3687 quos
2677 3617 2731 3672 in
2758 3619 2860 3672 hac
2878 3620 3106 3688 procella
3123 3619 3474 3676 dissidiorum

1908 3705 2200 3774 imperator
2233 3709 2542 3774 damnabat,
2575 3710 2837 3778 spoliabat
2860 3711 2925 3764 'et
2963 3712 3150 3765 exsilio
3180 3713 3472 3780 redigebat,

1907 3795 1973 3849 ad
2008 3810 2125 3850 eam
2152 3807 2521 3862 recurrentes,
2547 3798 2778 3869 benigno
2805 3815 2900 3853 eos
2934 3801 3212 3863 solamine,
3243 3809 3296 3852 et
3323 3801 3473 3853 salu-

1907 3883 1990 3938 bri
2021 3885 2222 3938 auxilio
2257 3886 2547 3940 refovebat.
2585 3886 2724 3940 Inter
2750 3903 2887 3956 quos
2923 3888 3010 3940 ille
3038 3889 3362 3943 venerabilis
3389 3891 3475 3944 vir

1907 3973 2193 4029 Anselmus
2245 3976 2560 4043 episc0pus,
2607 3975 2729 4043 qui,
2774 3976 2992 4030 natione
3026 3977 3473 4046 Mediolanensis,

1906 4071 2091 4130 postea
2126 4078 2259 4129 papa
2297 4062 2416 4124 fuit,
2454 4072 2678 4116 vocatus
2707 4063 3008 4118 Alexander
3039 4065 3200 4135 hujus
3237 4068 3474 4122 nominis

1907 4151 2200 4214 secundus;
2239 4152 2325 4205 cui
2358 4151 2496 4205 idem
2523 4152 2815 4223 Gregorius
2842 4153 2927 4207 VII
2952 4166 3172 4223 paterno
3198 4169 3473 4207 commen-

1905 4240 2052 4296 (lavit
2089 4243 2280 4297 aﬂ‘eclu
2328 4253 2385 4298 ut
2421 4245 2590 4313 ipsam
2634 4246 2748 4298 suis
2808 4245 3113 4311 salubribus
3153 4245 3369 4299 monitis
3418 4257 3474 4301 et

1907 4330 2154 4400 benignis
2199 4332 2588 4400 dogmatizaret
2632 4333 2912 4399 exemplis.
2958 4330 3072 4400 Ipsa
3117 4333 3259 4386 enim
3303 4335 3473 4387 cumi-

1908 4423 2036 4476 tissa
2080 4427 2199 4474 cum
2245 4421 2431 4473 eodem
2485 4421 2738 4475 Anselmo
2783 4423 3057 4492 episcopo,
3096 4425 3187 4493 qui
3236 4434 3364 4480 tunc
3414 4428 3473 4480 in

228 4516 366 4580 dum
404 4515 693 4584 imperator
726 4528 908 4567 secum
936 4513 1142 4566 ducens
1179 4510 1439 4577 Romam,
1474 4514 1598 4568 fecit
1623 4517 1676 4568 in
1707 4533 1803 4586 pa-
1839 4503 1882 4556 Ι)
1908 4511 2241 4564 Lombardize
2287 4511 2530 4579 partibus
2577 4512 2816 4583 Gregorii
2859 4531 3007 4583 papze
3048 4524 3162 4568 erat
3215 4515 3470 4581 vicarius,

229 4624 361 4678 pam
401 4608 663 4674 benedici,
694 4615 749 4660 et
777 4607 845 4660 ab
866 4606 984 4676 ipso
1018 4605 1072 4657 in
1102 4605 1189 4657 dte
1224 4613 1414 4659 sancto
1441 4604 1661 4660 Pascha:
1703 4609 1804 4662 im-

229 4696 372 4766 perii
403 4679 646 4749 diadema
692 4695 945 4763 suscepit.
988 4692 1258 4747 Mathildis
1285 4703 1462 4747 autem
1505 4695 1799 4762 comitissa,

230 4769 353 4840 haec
381 4775 436 4839 et
466 4784 776 4852 hujusmodi
809 4793 927 4837 acta
951 4784 1268 4845 abhorrens,
1296 4798 1446 4852 papa:
1469 4798 1677 4853 semper
1707 4786 1801 4837 ad-

231 4874 394 4930 haesit
415 4870 694 4941 Gregorio,
724 4887 822 4940 per
850 4880 960 4934 tres
984 4887 1196 4926 menses
1225 4873 1462 4927 retinens
1505 4873 1801 4928 honorifice

231 4951 294 5022 in
325 4962 524 5034 oppido
552 4961 850 5026 Canusino,
883 4946 976 5030 qui
997 4959 1323 5015 Canusinam
1354 4963 1514 5016 etiam
1538 4964 1803 5017 dedicavit

231 5053 556 5126 Ecclesiam,
594 5061 648 5107 et
675 5050 938 5119 libertatis
965 5049 1242 5119 privilegio
1271 5050 1507 5106 dotatam
1536 5067 1656 5104 eam
1680 5051 1806 5106 fecit

233 5146 534 5199 immunem
576 5158 719 5198 anno
763 5141 882 5195 Filii
926 5139 1019 5194 Dei
1066 5139 1345 5194 humauati
1387 5140 1674 5194 millesimo
1715 5157 1802 5196 se-

232 5234 575 5304 ptuagesimo
607 5233 854 5303 septimo.
886 5229 1102 5286 Mouitis
1130 5239 1308 5285 tamen
1339 5231 1666 5285 salutaribus
1713 5247 1803 5284 co-

232 5322 503 5378 mitissam
548 5322 797 5377 imbuens
835 5330 889 5376 et
929 5320 1126 5375 divinis
1156 5322 1438 5391 praeceptis
1477 5320 1798 5386 informans,

231 5411 489 5468 valedixit
509 5410 581 5476 ei,
605 5418 660 5463 et
681 5409 907 5464 Romam
937 5408 1172 5478 perrexit
1209 5426 1222 5462 :
1262 5410 1348 5463 cui
1374 5410 1524 5479 plebs
1559 5409 1799 5463 Romana

235 5519 362 5558 cum
391 5501 582 5573 grandi
603 5499 961 5554 exsultatione
983 5501 1196 5554 obviam
1232 5499 1346 5564 ivit,
1370 5515 1494 5554 eum
1529 5502 1582 5554 in
1613 5509 1800 5570 pasto-

170 5639 174 5642 .
235 5609 351 5650 rem
375 5593 634 5662 suscepit.
669 5589 786 5660 Ipse
805 5605 934 5646 vero
959 5607 1149 5647 omnes
1171 5592 1478 5662 imperatori
1509 5594 1798 5648 adversan—

297 5765 458 5847 χῖὃΰ)
489 5762 651 5818 Forte
670 5764 935 5821 omissum
965 5765 1190 5839 veniunt,
1224 5766 1304 5822 vel
1329 5776 1624 5838 pi-Operam.

1904 4604 2217 4655 thesaurum
2248 4601 2500 4657 Each-size
2529 4602 2817 4658 Canusina:
2852 4607 3139 4674 postulavit
3163 4606 3339 4659 abbati
3363 4606 3470 4660 Ge-

1904 4689 2062 4742 rardo
2073 4690 2310 4758 ejusdem
2326 4690 2596 4754 Ecclesiae,
2619 4693 2796 4746 uteide
2806 4709 2855 4746 ru
2879 4709 2938 4760 pa
2947 4709 3023 4760 pie
3041 4692 3358 4761 dirigeretur
3373 4707 3472 4759 pro

1901 4777 2213 4851 defensione
2237 4780 2489 4835 Romana:
2513 4780 2760 4836 Ecclesia:
2783 4791 2997 4850 propter
3019 4783 3469 4848 persecutionem,

1902 4877 1962 4922 ut
1984 4870 2184 4924 dictum
2221 4880 2324 4937 est,
2361 4872 2599 4940 ejusdem
2637 4872 2875 4928 Guiberti
2911 4873 3165 4926 htcretici.
3202 4873 3298 4926 Cui
3334 4878 3472 4943 peti-

1906 4968 2035 5022 tioni
2070 4968 2206 5021 idem
2232 4970 2398 5023 abbas
2432 4984 2553 5022 cum
2591 4983 2750 5037 grege
2777 4969 2876 5022 sibi
2901 4971 3192 5024 commisso
3214 4987 3311 5040 pro
3342 4987 3473 5040 apo-

1905 5051 2104 5114 stolicae
2141 5059 2282 5112 sedis
2313 5058 2608 5111 reverentia
2651 5059 2878 5114 libenter
2917 5062 3125 5124 annuit,
3166 5070 3218 5114 et
3251 5063 3472 5115 thesau—

1905 5161 2024 5200 rum
2060 5145 2306 5199 alacriter
2339 5146 2564 5212 obtulit,
2610 5147 2858 5202 videlicet
2884 5163 3112 5203 coronas
3147 5149 3214 5201 24
3239 5189 3251 5210 ,
3283 5159 3334 5201 et
3364 5166 3472 5202 una

1903 5237 2117 5289 illarum
2139 5244 2254 5288 erat
2278 5251 2461 5300 aurea,
2488 5254 2611 5292 cum
2637 5239 2904 5292 erueicula
2933 5252 3036 5289 una
3074 5238 3253 5291 itidem
3282 5255 3465 5298 aurea,

1904 5336 1957 5382 ct
1985 5327 2104 5381 dua:
2128 5327 2323 5382 tabula:
2345 5328 2529 5381 altaris
2553 5337 2832 5394 argenteae,
2850 5334 2900 5378 et
2923 5337 3238 5395 coopertum
3263 5327 3467 5391 argi-nti

1907 5432 2046 5472 arca:
2079 5416 2264 5470 altaris
2290 5413 2346 5468 S.
2384 5413 2669 5482 Apollonii,
2707 5422 2759 5465 ct
2786 5413 2985 5481 grande
3018 5413 3346 5467 thuribulum
3380 5424 3467 5458 ar-

1906 5516 2185 5578 genteum;
2241 5519 2349 5572 quo
2397 5502 2462 5554 ad
2534 5508 2703 5554 totum
2767 5502 3080 5554 thesaurum
3130 5494 3465 5548 Cauttsinum

1905 5595 2253 5666 septingenta:
2293 5591 2511 5646 fuerunt
2543 5592 2691 5647 librae
2729 5591 2953 5660 argenti.
2995 5598 3044 5642 et
3089 5599 3273 5638 novent
3322 5583 3462 5636 auri.
