  <div class='ocr_page' id='page_1' title='image "/cluster/home/n/w/nwhite01/storage/ocr_20150623/148/uva.x000829792/531.png"; bbox 0 0 3944 6440; ppageno 0'>
   <div class='ocr_carea' id='block_1_1' title="bbox 512 482 640 580">
    <p class='ocr_par' dir='ltr' id='par_1_1' title="bbox 512 482 640 580">
     <span class='ocr_line' id='line_1_1' title="bbox 512 482 640 580; baseline -0.008 -1"><span class='ocrx_word' id='word_1_1' title='bbox 512 525 640 580; x_wconf 67' lang='grc' dir='ltr'><strong>ιοδι</strong></span> 
     </span>
    </p>
   </div>
   <div class='ocr_carea' id='block_1_2' title="bbox 1472 492 2861 605">
    <p class='ocr_par' dir='ltr' id='par_1_2' title="bbox 1472 492 2861 605">
     <span class='ocr_line' id='line_1_2' title="bbox 1472 492 2861 605; baseline 0.002 -26"><span class='ocrx_word' id='word_1_2' title='bbox 1472 524 1562 579; x_wconf 68' lang='lat' dir='ltr'><strong>an</strong></span> <span class='ocrx_word' id='word_1_3' title='bbox 1598 492 1918 602; x_wconf 57' lang='lat' dir='ltr'><strong>ornans.</strong></span> <span class='ocrx_word' id='word_1_4' title='bbox 1958 523 2282 582; x_wconf 73' lang='lat' dir='ltr'><strong>essanun</strong></span> <span class='ocrx_word' id='word_1_5' title='bbox 2317 525 2781 603; x_wconf 60' lang='lat' dir='ltr'><strong>arcusarcus:</strong></span> <span class='ocrx_word' id='word_1_6' title='bbox 2852 598 2861 605; x_wconf 31' lang='lat'><strong>,</strong></span> 
     </span>
    </p>
   </div>
   <div class='ocr_carea' id='block_1_3' title="bbox 3684 105 3904 546">
    <p class='ocr_par' dir='ltr' id='par_1_3' title="bbox 3684 109 3900 546">
     <span class='ocr_line' id='line_1_3' title="bbox 3684 109 3900 546; baseline 0 0"><span class='ocrx_word' id='word_1_7' title='bbox 3688 109 3900 546; x_wconf 64' lang='grc' dir='ltr'><strong>Ἴ</strong></span> 
     </span>
    </p>
   </div>
   <div class='ocr_carea' id='block_1_4' title="bbox 3582 531 3737 597">
    <p class='ocr_par' dir='ltr' id='par_1_4' title="bbox 3582 531 3737 597">
     <span class='ocr_line' id='line_1_4' title="bbox 3582 531 3737 597; baseline 0.006 -11"><span class='ocrx_word' id='word_1_8' title='bbox 3582 531 3737 597; x_wconf 67' lang='grc'><strong>1052,</strong></span> 
     </span>
    </p>
   </div>
   <div class='ocr_carea' id='block_1_5' title="bbox 502 626 3723 724">
    <p class='ocr_par' dir='ltr' id='par_1_5' title="bbox 502 626 3723 724">
     <span class='ocr_line' id='line_1_5' title="bbox 502 626 3723 724; baseline 0.003 -34"><span class='ocrx_word' id='word_1_9' title='bbox 502 636 622 702; x_wconf 82' lang='lat' dir='ltr'><strong>Quo</strong></span> <span class='ocrx_word' id='word_1_10' title='bbox 644 635 866 692; x_wconf 77' lang='lat' dir='ltr'><strong>Romam</strong></span> <span class='ocrx_word' id='word_1_11' title='bbox 893 637 1210 693; x_wconf 84' lang='lat' dir='ltr'><strong>transmisso</strong></span> <span class='ocrx_word' id='word_1_12' title='bbox 1239 646 1458 707; x_wconf 86' lang='lat' dir='ltr'><strong>rogante</strong></span> <span class='ocrx_word' id='word_1_13' title='bbox 1481 636 1775 700; x_wconf 86' lang='lat' dir='ltr'><strong>comitissa,</strong></span> <span class='ocrx_word' id='word_1_14' title='bbox 1802 635 1942 689; x_wconf 91' lang='lat' dir='ltr'><strong>idem</strong></span> <span class='ocrx_word' id='word_1_15' title='bbox 1960 635 2061 689; x_wconf 75' lang='lat' dir='ltr'><strong>An-</strong></span> <span class='ocrx_word' id='word_1_16' title='bbox 2091 637 2138 694; x_wconf 82' lang='grc' dir='ltr'>Λ</span> <span class='ocrx_word' id='word_1_17' title='bbox 2162 645 2399 693; x_wconf 85' lang='lat' dir='ltr'><strong>stcrnata</strong></span> <span class='ocrx_word' id='word_1_18' title='bbox 2414 679 2429 702; x_wconf 96' lang='lat'><strong>,</strong></span> <span class='ocrx_word' id='word_1_19' title='bbox 2453 638 2700 694; x_wconf 73' lang='lat' dir='ltr'><strong>videlicet</strong></span> <span class='ocrx_word' id='word_1_20' title='bbox 2723 654 2754 693; x_wconf 87' lang='lat' dir='ltr'><strong>a</strong></span> <span class='ocrx_word' id='word_1_21' title='bbox 2775 638 2891 694; x_wconf 83' lang='lat' dir='ltr'><strong>zelo</strong></span> <span class='ocrx_word' id='word_1_22' title='bbox 2912 626 3600 724; x_wconf 49' lang='lat' dir='ltr'><strong>Ecelesimtepeseensmer</strong></span> <span class='ocrx_word' id='word_1_23' title='bbox 3618 641 3723 698; x_wconf 69' lang='grc' dir='ltr'><strong>Βο-</strong></span> 
     </span>
    </p>
   </div>
   <div class='ocr_carea' id='block_1_6' title="bbox 502 723 2057 795">
    <p class='ocr_par' dir='ltr' id='par_1_6' title="bbox 502 723 2057 795">
     <span class='ocr_line' id='line_1_6' title="bbox 502 723 2057 795; baseline -0.001 -17"><span class='ocrx_word' id='word_1_24' title='bbox 502 725 706 780; x_wconf 76' lang='lat' dir='ltr'><strong>scimus</strong></span> <span class='ocrx_word' id='word_1_25' title='bbox 732 724 1018 795; x_wconf 78' lang='lat' dir='ltr'><strong>cpiscOpns</strong></span> <span class='ocrx_word' id='word_1_26' title='bbox 1039 741 1187 795; x_wconf 80' lang='lat' dir='ltr'><strong>papae</strong></span> <span class='ocrx_word' id='word_1_27' title='bbox 1208 726 1464 790; x_wconf 76' lang='lat' dir='ltr'><strong>vicarius,</strong></span> <span class='ocrx_word' id='word_1_28' title='bbox 1491 741 1591 795; x_wconf 92' lang='lat' dir='ltr'><strong>pro</strong></span> <span class='ocrx_word' id='word_1_29' title='bbox 1619 723 1947 794; x_wconf 88' lang='lat' dir='ltr'><strong>aliquantula</strong></span> <span class='ocrx_word' id='word_1_30' title='bbox 1968 739 2057 783; x_wconf 52' lang='lat' dir='ltr'><strong>ree</strong></span> 
     </span>
    </p>
   </div>
   <div class='ocr_carea' id='block_1_7' title="bbox 501 814 2061 885">
    <p class='ocr_par' dir='ltr' id='par_1_7' title="bbox 501 814 2061 885">
     <span class='ocr_line' id='line_1_7' title="bbox 501 814 2061 885; baseline 0 -17"><span class='ocrx_word' id='word_1_31' title='bbox 501 815 828 874; x_wconf 83' lang='lat' dir='ltr'><strong>stauratione</strong></span> <span class='ocrx_word' id='word_1_32' title='bbox 867 815 1030 869; x_wconf 87' lang='lat' dir='ltr'><strong>ablati</strong></span> <span class='ocrx_word' id='word_1_33' title='bbox 1060 816 1322 881; x_wconf 90' lang='lat' dir='ltr'><strong>thesauri,</strong></span> <span class='ocrx_word' id='word_1_34' title='bbox 1361 816 1498 870; x_wconf 88' lang='lat' dir='ltr'><strong>duas</strong></span> <span class='ocrx_word' id='word_1_35' title='bbox 1534 815 1768 885; x_wconf 76' lang='lat' dir='ltr'><strong>capellas</strong></span> <span class='ocrx_word' id='word_1_36' title='bbox 1803 814 1969 883; x_wconf 82' lang='lat' dir='ltr'><strong>in.....</strong></span> <span class='ocrx_word' id='word_1_37' title='bbox 2006 823 2061 869; x_wconf 92' lang='lat' dir='ltr'><strong>et</strong></span> 
     </span>
    </p>
   </div>
   <div class='ocr_carea' id='block_1_8' title="bbox 500 888 2057 974">
    <p class='ocr_par' dir='ltr' id='par_1_8' title="bbox 500 888 2057 974">
     <span class='ocr_line' id='line_1_8' title="bbox 500 888 2057 974; baseline 0.001 -15"><span class='ocrx_word' id='word_1_38' title='bbox 500 888 665 960; x_wconf 76' lang='lat' dir='ltr'><strong>unam</strong></span> <span class='ocrx_word' id='word_1_39' title='bbox 697 894 753 959; x_wconf 87' lang='lat' dir='ltr'><strong>in</strong></span> <span class='ocrx_word' id='word_1_40' title='bbox 796 907 979 961; x_wconf 83' lang='lat' dir='ltr'><strong>casula</strong></span> <span class='ocrx_word' id='word_1_41' title='bbox 1005 904 1261 963; x_wconf 76' lang='lat' dir='ltr'><strong>Ecclesia:</strong></span> <span class='ocrx_word' id='word_1_42' title='bbox 1296 906 1584 963; x_wconf 69' lang='lat' dir='ltr'><strong>Canusinae</strong></span> <span class='ocrx_word' id='word_1_43' title='bbox 1604 899 2057 974; x_wconf 84' lang='lat' dir='ltr'><strong>supposuit.&#39;Acta</strong></span> 
     </span>
    </p>
   </div>
   <div class='ocr_carea' id='block_1_9' title="bbox 499 993 2054 1065">
    <p class='ocr_par' dir='ltr' id='par_1_9' title="bbox 499 993 2054 1065">
     <span class='ocr_line' id='line_1_9' title="bbox 499 993 2054 1065; baseline 0.001 -17"><span class='ocrx_word' id='word_1_44' title='bbox 499 1002 628 1049; x_wconf 88' lang='lat' dir='ltr'><strong>sunt</strong></span> <span class='ocrx_word' id='word_1_45' title='bbox 656 994 770 1051; x_wconf 73' lang='lat' dir='ltr'><strong>hmo</strong></span> <span class='ocrx_word' id='word_1_46' title='bbox 794 1011 938 1050; x_wconf 84' lang='lat' dir='ltr'><strong>anno</strong></span> <span class='ocrx_word' id='word_1_47' title='bbox 962 996 1172 1049; x_wconf 85' lang='lat' dir='ltr'><strong>Domini</strong></span> <span class='ocrx_word' id='word_1_48' title='bbox 1196 996 1480 1049; x_wconf 86' lang='lat' dir='ltr'><strong>millesimo</strong></span> <span class='ocrx_word' id='word_1_49' title='bbox 1501 993 1830 1065; x_wconf 82' lang='lat' dir='ltr'><strong>octogesimo</strong></span> <span class='ocrx_word' id='word_1_50' title='bbox 1846 996 2054 1064; x_wconf 88' lang='lat' dir='ltr'><strong>quinto.</strong></span> 
     </span>
    </p>
   </div>
   <div class='ocr_carea' id='block_1_10' title="bbox 498 1080 2056 1155">
    <p class='ocr_par' dir='ltr' id='par_1_10' title="bbox 498 1080 2056 1155">
     <span class='ocr_line' id='line_1_10' title="bbox 498 1080 2056 1155; baseline 0.002 -19"><span class='ocrx_word' id='word_1_51' title='bbox 498 1080 627 1137; x_wconf 83' lang='lat' dir='ltr'><strong>Post</strong></span> <span class='ocrx_word' id='word_1_52' title='bbox 652 1084 767 1139; x_wconf 71' lang='lat' dir='ltr'><strong>haec</strong></span> <span class='ocrx_word' id='word_1_53' title='bbox 801 1100 944 1141; x_wconf 89' lang='lat' dir='ltr'><strong>anno</strong></span> <span class='ocrx_word' id='word_1_54' title='bbox 973 1085 1175 1141; x_wconf 89' lang='lat' dir='ltr'><strong>Christi</strong></span> <span class='ocrx_word' id='word_1_55' title='bbox 1214 1086 1501 1141; x_wconf 84' lang='lat' dir='ltr'><strong>millesimo</strong></span> <span class='ocrx_word' id='word_1_56' title='bbox 1531 1085 1861 1155; x_wconf 86' lang='lat' dir='ltr'><strong>octogesimo</strong></span> <span class='ocrx_word' id='word_1_57' title='bbox 1884 1093 2056 1153; x_wconf 86' lang='lat' dir='ltr'><strong>sexto,</strong></span> 
     </span>
    </p>
   </div>
   <div class='ocr_carea' id='block_1_11' title="bbox 499 1171 2059 1247">
    <p class='ocr_par' dir='ltr' id='par_1_11' title="bbox 499 1171 2059 1247">
     <span class='ocr_line' id='line_1_11' title="bbox 499 1171 2059 1247; baseline 0.004 -22"><span class='ocrx_word' id='word_1_58' title='bbox 499 1172 649 1228; x_wconf 85' lang='lat' dir='ltr'><strong>idem&#39;</strong></span> <span class='ocrx_word' id='word_1_59' title='bbox 670 1171 961 1244; x_wconf 78' lang='lat' dir='ltr'><strong>Gregorius</strong></span> <span class='ocrx_word' id='word_1_60' title='bbox 1000 1191 1134 1245; x_wconf 90' lang='lat' dir='ltr'><strong>papa</strong></span> <span class='ocrx_word' id='word_1_61' title='bbox 1167 1177 1568 1245; x_wconf 85' lang='lat' dir='ltr'><strong>quartadecima</strong></span> <span class='ocrx_word' id='word_1_62' title='bbox 1593 1175 1678 1230; x_wconf 89' lang='lat' dir='ltr'><strong>die</strong></span> <span class='ocrx_word' id='word_1_63' title='bbox 1706 1173 1830 1229; x_wconf 80' lang='lat' dir='ltr'><strong>Maii</strong></span> <span class='ocrx_word' id='word_1_64' title='bbox 1861 1175 2059 1247; x_wconf 83' lang='lat' dir='ltr'><strong>migra-</strong></span> 
     </span>
    </p>
   </div>
   <div class='ocr_carea' id='block_1_12' title="bbox 496 1261 2058 1336">
    <p class='ocr_par' dir='ltr' id='par_1_12' title="bbox 496 1261 2058 1336">
     <span class='ocr_line' id='line_1_12' title="bbox 496 1261 2058 1336; baseline 0.004 -23"><span class='ocrx_word' id='word_1_65' title='bbox 496 1261 575 1316; x_wconf 94' lang='lat' dir='ltr'><strong>vit</strong></span> <span class='ocrx_word' id='word_1_66' title='bbox 616 1276 647 1316; x_wconf 89' lang='lat' dir='ltr'><strong>a</strong></span> <span class='ocrx_word' id='word_1_67' title='bbox 688 1264 921 1329; x_wconf 69' lang='lat' dir='ltr'><strong>steculo,~</strong></span> <span class='ocrx_word' id='word_1_68' title='bbox 952 1266 1109 1336; x_wconf 81' lang='lat' dir='ltr'><strong>cujus</strong></span> <span class='ocrx_word' id='word_1_69' title='bbox 1152 1267 1414 1321; x_wconf 90' lang='lat' dir='ltr'><strong>transitus</strong></span> <span class='ocrx_word' id='word_1_70' title='bbox 1458 1266 1641 1320; x_wconf 85' lang='lat' dir='ltr'><strong>multis</strong></span> <span class='ocrx_word' id='word_1_71' title='bbox 1670 1264 1770 1320; x_wconf 86' lang='lat' dir='ltr'><strong>fuit</strong></span> <span class='ocrx_word' id='word_1_72' title='bbox 1806 1265 2058 1323; x_wconf 77' lang='lat' dir='ltr'><strong>mmroris</strong></span> 
     </span>
    </p>
   </div>
   <div class='ocr_carea' id='block_1_13' title="bbox 498 1349 2056 1424">
    <p class='ocr_par' dir='ltr' id='par_1_13' title="bbox 498 1349 2056 1424">
     <span class='ocr_line' id='line_1_13' title="bbox 498 1349 2056 1424; baseline 0.003 -23"><span class='ocrx_word' id='word_1_73' title='bbox 498 1349 719 1419; x_wconf 84' lang='lat' dir='ltr'><strong>maximi</strong></span> <span class='ocrx_word' id='word_1_74' title='bbox 762 1354 1011 1407; x_wconf 73' lang='lat' dir='ltr'><strong>occasio.</strong></span> <span class='ocrx_word' id='word_1_75' title='bbox 1037 1352 1162 1420; x_wconf 78' lang='lat' dir='ltr'><strong>Quo</strong></span> <span class='ocrx_word' id='word_1_76' title='bbox 1191 1353 1462 1420; x_wconf 87' lang='lat' dir='ltr'><strong>defuncto,</strong></span> <span class='ocrx_word' id='word_1_77' title='bbox 1497 1354 1715 1424; x_wconf 85' lang='lat' dir='ltr'><strong>quidam</strong></span> <span class='ocrx_word' id='word_1_78' title='bbox 1752 1352 2056 1408; x_wconf 84' lang='lat' dir='ltr'><strong>Desiderius</strong></span> 
     </span>
    </p>
   </div>
   <div class='ocr_carea' id='block_1_14' title="bbox 499 1438 2079 1513">
    <p class='ocr_par' dir='ltr' id='par_1_14' title="bbox 499 1438 2079 1513">
     <span class='ocr_line' id='line_1_14' title="bbox 499 1438 2079 1513; baseline 0.004 -22"><span class='ocrx_word' id='word_1_79' title='bbox 499 1439 699 1493; x_wconf 87' lang='lat' dir='ltr'><strong>montis</strong></span> <span class='ocrx_word' id='word_1_80' title='bbox 728 1438 950 1513; x_wconf 84' lang='lat' dir='ltr'><strong>Cassini</strong></span> <span class='ocrx_word' id='word_1_81' title='bbox 971 1441 1137 1496; x_wconf 87' lang='lat' dir='ltr'><strong>abbas</strong></span> <span class='ocrx_word' id='word_1_82' title='bbox 1170 1442 1224 1496; x_wconf 93' lang='lat' dir='ltr'><strong>in</strong></span> <span class='ocrx_word' id='word_1_83' title='bbox 1255 1457 1447 1512; x_wconf 82' lang='lat' dir='ltr'><strong>papam</strong></span> <span class='ocrx_word' id='word_1_84' title='bbox 1467 1441 1894 1512; x_wconf 62' lang='lat' dir='ltr'><strong>cligitur,dirtus</strong></span> <span class='ocrx_word' id='word_1_85' title='bbox 1922 1453 2079 1511; x_wconf 61' lang='grc' dir='ltr'><strong>νινε-⁸</strong></span> 
     </span>
    </p>
   </div>
   <div class='ocr_carea' id='block_1_15' title="bbox 498 1527 2056 1603">
    <p class='ocr_par' dir='ltr' id='par_1_15' title="bbox 498 1527 2056 1603">
     <span class='ocr_line' id='line_1_15' title="bbox 498 1527 2056 1603; baseline 0.005 -23"><span class='ocrx_word' id='word_1_86' title='bbox 498 1535 642 1583; x_wconf 70' lang='lat' dir='ltr'><strong>terea</strong></span> <span class='ocrx_word' id='word_1_87' title='bbox 674 1527 874 1595; x_wconf 75' lang='lat' dir='ltr'><strong>Victor,</strong></span> <span class='ocrx_word' id='word_1_88' title='bbox 900 1532 992 1600; x_wconf 82' lang='lat' dir='ltr'><strong>qui</strong></span> <span class='ocrx_word' id='word_1_89' title='bbox 1020 1547 1192 1600; x_wconf 87' lang='lat' dir='ltr'><strong>pauco</strong></span> <span class='ocrx_word' id='word_1_90' title='bbox 1223 1541 1460 1603; x_wconf 78' lang='lat' dir='ltr'><strong>tempore</strong></span> <span class='ocrx_word' id='word_1_91' title='bbox 1493 1534 1642 1587; x_wconf 78' lang='lat' dir='ltr'><strong>vixit.</strong></span> <span class='ocrx_word' id='word_1_92' title='bbox 1672 1532 1771 1587; x_wconf 80' lang='lat' dir='ltr'><strong>Cui</strong></span> <span class='ocrx_word' id='word_1_93' title='bbox 1797 1534 2056 1589; x_wconf 84' lang='lat' dir='ltr'><strong>successit</strong></span> 
     </span>
    </p>
   </div>
   <div class='ocr_carea' id='block_1_16' title="bbox 498 1605 2052 1691">
    <p class='ocr_par' dir='ltr' id='par_1_16' title="bbox 498 1605 2052 1691">
     <span class='ocr_line' id='line_1_16' title="bbox 498 1605 2052 1691; baseline 0.005 -23"><span class='ocrx_word' id='word_1_94' title='bbox 498 1613 621 1670; x_wconf 76' lang='lat' dir='ltr'><strong>Odo</strong></span> <span class='ocrx_word' id='word_1_95' title='bbox 633 1618 933 1673; x_wconf 81' lang='lat' dir='ltr'><strong>monachus</strong></span> <span class='ocrx_word' id='word_1_96' title='bbox 955 1618 1348 1687; x_wconf 85' lang='lat' dir='ltr'><strong>Cluniacensis,</strong></span> <span class='ocrx_word' id='word_1_97' title='bbox 1360 1605 1645 1691; x_wconf 83' lang='lat' dir='ltr'><strong>episc0pus</strong></span> <span class='ocrx_word' id='word_1_98' title='bbox 1665 1619 1949 1688; x_wconf 84' lang='lat' dir='ltr'><strong>Ostiensis,</strong></span> <span class='ocrx_word' id='word_1_99' title='bbox 1967 1622 2052 1677; x_wconf 85' lang='lat' dir='ltr'><strong>di-</strong></span> 
     </span>
    </p>
   </div>
   <div class='ocr_carea' id='block_1_17' title="bbox 497 1703 2051 1777">
    <p class='ocr_par' dir='ltr' id='par_1_17' title="bbox 497 1703 2051 1777">
     <span class='ocr_line' id='line_1_17' title="bbox 497 1703 2051 1777; baseline 0.005 -19"><span class='ocrx_word' id='word_1_100' title='bbox 497 1713 618 1759; x_wconf 86' lang='lat' dir='ltr'><strong>ctus</strong></span> <span class='ocrx_word' id='word_1_101' title='bbox 648 1703 900 1761; x_wconf 84' lang='lat' dir='ltr'><strong>Urbanus</strong></span> <span class='ocrx_word' id='word_1_102' title='bbox 932 1708 1093 1777; x_wconf 87' lang='lat' dir='ltr'><strong>hujus</strong></span> <span class='ocrx_word' id='word_1_103' title='bbox 1127 1710 1360 1765; x_wconf 86' lang='lat' dir='ltr'><strong>nominis</strong></span> <span class='ocrx_word' id='word_1_104' title='bbox 1404 1711 1691 1765; x_wconf 88' lang='lat' dir='ltr'><strong>secundus.</strong></span> <span class='ocrx_word' id='word_1_105' title='bbox 1736 1709 1835 1764; x_wconf 83' lang='lat' dir='ltr'><strong>Hic</strong></span> <span class='ocrx_word' id='word_1_106' title='bbox 1872 1713 2051 1767; x_wconf 87' lang='lat' dir='ltr'><strong>omnia</strong></span> 
     </span>
    </p>
   </div>
   <div class='ocr_carea' id='block_1_18' title="bbox 497 1787 2051 1866">
    <p class='ocr_par' dir='ltr' id='par_1_18' title="bbox 497 1787 2051 1866">
     <span class='ocr_line' id='line_1_18' title="bbox 497 1787 2051 1866; baseline 0.006 -18"><span class='ocrx_word' id='word_1_107' title='bbox 497 1805 616 1849; x_wconf 78' lang='lat' dir='ltr'><strong>acta</strong></span> <span class='ocrx_word' id='word_1_108' title='bbox 648 1795 1012 1866; x_wconf 72' lang='lat' dir='ltr'><strong>imperatoris,</strong></span> <span class='ocrx_word' id='word_1_109' title='bbox 1045 1807 1098 1853; x_wconf 90' lang='lat' dir='ltr'><strong>et</strong></span> <span class='ocrx_word' id='word_1_110' title='bbox 1125 1787 1365 1855; x_wconf 85' lang='lat' dir='ltr'><strong>Guiberti</strong></span> <span class='ocrx_word' id='word_1_111' title='bbox 1389 1801 1699 1866; x_wconf 71' lang='lat' dir='ltr'><strong>damnavit,</strong></span> <span class='ocrx_word' id='word_1_112' title='bbox 1715 1810 1768 1856; x_wconf 91' lang='lat' dir='ltr'><strong>et</strong></span> <span class='ocrx_word' id='word_1_113' title='bbox 1796 1802 1862 1856; x_wconf 88' lang='lat' dir='ltr'><strong>ad</strong></span> <span class='ocrx_word' id='word_1_114' title='bbox 1883 1803 2051 1857; x_wconf 91' lang='lat' dir='ltr'><strong>comi-</strong></span> 
     </span>
    </p>
   </div>
   <div class='ocr_carea' id='block_1_19' title="bbox 497 1885 2048 1948">
    <p class='ocr_par' dir='ltr' id='par_1_19' title="bbox 497 1885 2048 1948">
     <span class='ocr_line' id='line_1_19' title="bbox 497 1885 2048 1948; baseline 0.006 -10"><span class='ocrx_word' id='word_1_115' title='bbox 497 1885 682 1942; x_wconf 82' lang='lat' dir='ltr'><strong>tissam</strong></span> <span class='ocrx_word' id='word_1_116' title='bbox 718 1886 773 1941; x_wconf 82' lang='lat' dir='ltr'><strong>ll.</strong></span> <span class='ocrx_word' id='word_1_117' title='bbox 807 1886 945 1943; x_wconf 85' lang='lat' dir='ltr'><strong>Petri</strong></span> <span class='ocrx_word' id='word_1_118' title='bbox 966 1890 1129 1945; x_wconf 83' lang='lat' dir='ltr'><strong>tiliam</strong></span> <span class='ocrx_word' id='word_1_119' title='bbox 1160 1906 1291 1945; x_wconf 90' lang='lat' dir='ltr'><strong>suas</strong></span> <span class='ocrx_word' id='word_1_120' title='bbox 1304 1891 1700 1947; x_wconf 79' lang='lat' dir='ltr'><strong>exhortatorias</strong></span> <span class='ocrx_word' id='word_1_121' title='bbox 1733 1892 1938 1948; x_wconf 85' lang='lat' dir='ltr'><strong>litteras</strong></span> <span class='ocrx_word' id='word_1_122' title='bbox 1966 1894 2048 1948; x_wconf 88' lang='lat' dir='ltr'><strong>di-</strong></span> 
     </span>
    </p>
   </div>
   <div class='ocr_carea' id='block_1_20' title="bbox 497 1978 1912 2046">
    <p class='ocr_par' dir='ltr' id='par_1_20' title="bbox 497 1978 1912 2046">
     <span class='ocr_line' id='line_1_20' title="bbox 497 1978 1912 2046; baseline 0.006 -17"><span class='ocrx_word' id='word_1_123' title='bbox 497 1978 696 2046; x_wconf 82' lang='lat' dir='ltr'><strong>rigens,</strong></span> <span class='ocrx_word' id='word_1_124' title='bbox 715 1991 942 2032; x_wconf 86' lang='lat' dir='ltr'><strong>suorum</strong></span> <span class='ocrx_word' id='word_1_125' title='bbox 960 1980 1170 2034; x_wconf 91' lang='lat' dir='ltr'><strong>veniam</strong></span> <span class='ocrx_word' id='word_1_126' title='bbox 1193 1981 1293 2035; x_wconf 87' lang='lat' dir='ltr'><strong>sibi</strong></span> <span class='ocrx_word' id='word_1_127' title='bbox 1325 1982 1552 2036; x_wconf 86' lang='lat' dir='ltr'><strong>contulit</strong></span> <span class='ocrx_word' id='word_1_128' title='bbox 1576 1982 1912 2039; x_wconf 85' lang='lat' dir='ltr'><strong>delictorum.</strong></span> 
     </span>
    </p>
   </div>
   <div class='ocr_carea' id='block_1_21' title="bbox 1102 2132 1462 2200">
    <p class='ocr_par' dir='ltr' id='par_1_21' title="bbox 1102 2132 1462 2200">
     <span class='ocr_line' id='line_1_21' title="bbox 1102 2132 1462 2200; baseline 0.011 -16"><span class='ocrx_word' id='word_1_129' title='bbox 1102 2132 1328 2200; x_wconf 77' lang='lat' dir='ltr'><strong>CAPUT</strong></span> <span class='ocrx_word' id='word_1_130' title='bbox 1364 2133 1462 2189; x_wconf 82' lang='lat' dir='ltr'><strong>Xl.‘</strong></span> 
     </span>
    </p>
   </div>
   <div class='ocr_carea' id='block_1_22' title="bbox 497 2241 2059 2315">
    <p class='ocr_par' dir='ltr' id='par_1_22' title="bbox 497 2241 2059 2315">
     <span class='ocr_line' id='line_1_22' title="bbox 497 2241 2059 2315; baseline 0.003 -18"><span class='ocrx_word' id='word_1_131' title='bbox 497 2241 572 2297; x_wconf 85' lang='lat' dir='ltr'><strong>De</strong></span> <span class='ocrx_word' id='word_1_132' title='bbox 596 2243 944 2313; x_wconf 77' lang='lat' dir='ltr'><strong>persecutione</strong></span> <span class='ocrx_word' id='word_1_133' title='bbox 967 2242 1022 2296; x_wconf 84' lang='lat' dir='ltr'><strong>in</strong></span> <span class='ocrx_word' id='word_1_134' title='bbox 1046 2246 1366 2315; x_wconf 71' lang='lat' dir='ltr'><strong>comitissam</strong></span> <span class='ocrx_word' id='word_1_135' title='bbox 1389 2262 1484 2315; x_wconf 85' lang='lat' dir='ltr'><strong>pro</strong></span> <span class='ocrx_word' id='word_1_136' title='bbox 1513 2247 1686 2314; x_wconf 70' lang='lat' dir='ltr'><strong>favore</strong></span> <span class='ocrx_word' id='word_1_137' title='bbox 1711 2244 1980 2311; x_wconf 74' lang='lat' dir='ltr'><strong>Ecclesia&#39;,</strong></span> <span class='ocrx_word' id='word_1_138' title='bbox 2011 2257 2059 2301; x_wconf 88' lang='lat' dir='ltr'><strong>et</strong></span> 
     </span>
    </p>
   </div>
   <div class='ocr_carea' id='block_1_23' title="bbox 1001 2314 1551 2368">
    <p class='ocr_par' dir='ltr' id='par_1_23' title="bbox 1001 2314 1551 2368">
     <span class='ocr_line' id='line_1_23' title="bbox 1001 2314 1551 2368; baseline 0.002 -2"><span class='ocrx_word' id='word_1_139' title='bbox 1001 2314 1267 2367; x_wconf 76' lang='lat' dir='ltr'><strong>obsidione</strong></span> <span class='ocrx_word' id='word_1_140' title='bbox 1299 2314 1551 2368; x_wconf 70' lang='lat' dir='ltr'><strong>Mantum.</strong></span> 
     </span>
    </p>
   </div>
   <div class='ocr_carea' id='block_1_24' title="bbox 562 2408 2061 2495">
    <p class='ocr_par' dir='ltr' id='par_1_24' title="bbox 562 2408 2061 2495">
     <span class='ocr_line' id='line_1_24' title="bbox 562 2408 2061 2495; baseline 0.005 -20"><span class='ocrx_word' id='word_1_141' title='bbox 562 2422 697 2476; x_wconf 89' lang='lat' dir='ltr'><strong>Cum</strong></span> <span class='ocrx_word' id='word_1_142' title='bbox 739 2431 916 2477; x_wconf 89' lang='lat' dir='ltr'><strong>autem</strong></span> <span class='ocrx_word' id='word_1_143' title='bbox 951 2425 1123 2478; x_wconf 82' lang='lat' dir='ltr'><strong>nuntii</strong></span> <span class='ocrx_word' id='word_1_144' title='bbox 1166 2412 1317 2495; x_wconf 67' lang='lat' dir='ltr'><strong>papae</strong></span> <span class='ocrx_word' id='word_1_145' title='bbox 1366 2436 1419 2480; x_wconf 89' lang='lat' dir='ltr'><strong>et</strong></span> <span class='ocrx_word' id='word_1_146' title='bbox 1451 2426 1738 2482; x_wconf 73' lang='lat' dir='ltr'><strong>comitissze</strong></span> <span class='ocrx_word' id='word_1_147' title='bbox 1772 2408 1898 2483; x_wconf 80' lang='lat' dir='ltr'><strong>binc</strong></span> <span class='ocrx_word' id='word_1_148' title='bbox 1936 2409 2061 2483; x_wconf 74' lang='lat' dir='ltr'><strong>inde</strong></span> 
     </span>
    </p>
   </div>
   <div class='ocr_carea' id='block_1_25' title="bbox 496 2512 2057 2584">
    <p class='ocr_par' dir='ltr' id='par_1_25' title="bbox 496 2512 2057 2584">
     <span class='ocr_line' id='line_1_25' title="bbox 496 2512 2057 2584; baseline 0.004 -19"><span class='ocrx_word' id='word_1_149' title='bbox 496 2512 686 2566; x_wconf 85' lang='lat' dir='ltr'><strong>crebro</strong></span> <span class='ocrx_word' id='word_1_150' title='bbox 713 2513 1117 2580; x_wconf 88' lang='lat' dir='ltr'><strong>discurrerent,.</strong></span> <span class='ocrx_word' id='word_1_151' title='bbox 1139 2531 1365 2584; x_wconf 77' lang='lat' dir='ltr'><strong>regnum</strong></span> <span class='ocrx_word' id='word_1_152' title='bbox 1407 2515 1518 2570; x_wconf 85' lang='lat' dir='ltr'><strong>fere</strong></span> <span class='ocrx_word' id='word_1_153' title='bbox 1541 2528 1727 2571; x_wconf 88' lang='lat' dir='ltr'><strong>contra</strong></span> <span class='ocrx_word' id='word_1_154' title='bbox 1768 2533 1827 2571; x_wconf 90' lang='lat' dir='ltr'><strong>se</strong></span> <span class='ocrx_word' id='word_1_155' title='bbox 1871 2518 2057 2573; x_wconf 90' lang='lat' dir='ltr'><strong>eadem</strong></span> 
     </span>
    </p>
   </div>
   <div class='ocr_carea' id='block_1_26' title="bbox 496 2603 2057 2677">
    <p class='ocr_par' dir='ltr' id='par_1_26' title="bbox 496 2603 2057 2677">
     <span class='ocr_line' id='line_1_26' title="bbox 496 2603 2057 2677; baseline 0.004 -22"><span class='ocrx_word' id='word_1_156' title='bbox 496 2603 769 2658; x_wconf 89' lang='lat' dir='ltr'><strong>comitissa</strong></span> <span class='ocrx_word' id='word_1_157' title='bbox 793 2606 1083 2659; x_wconf 82' lang='lat' dir='ltr'><strong>commovit</strong></span> <span class='ocrx_word' id='word_1_158' title='bbox 1103 2605 1368 2661; x_wconf 84' lang='lat' dir='ltr'><strong>Italicum.</strong></span> <span class='ocrx_word' id='word_1_159' title='bbox 1399 2604 1553 2661; x_wconf 83' lang='lat' dir='ltr'><strong>Unde</strong></span> <span class='ocrx_word' id='word_1_160' title='bbox 1576 2608 1742 2660; x_wconf 86' lang='lat' dir='ltr'><strong>multa</strong></span> <span class='ocrx_word' id='word_1_161' title='bbox 1767 2616 1893 2661; x_wconf 90' lang='lat' dir='ltr'><strong>sunt</strong></span> <span class='ocrx_word' id='word_1_162' title='bbox 1917 2623 2057 2677; x_wconf 71' lang='lat' dir='ltr'><strong>pra:-</strong></span> 
     </span>
    </p>
   </div>
   <div class='ocr_carea' id='block_1_27' title="bbox 495 2691 2060 2766">
    <p class='ocr_par' dir='ltr' id='par_1_27' title="bbox 495 2691 2060 2766">
     <span class='ocr_line' id='line_1_27' title="bbox 495 2691 2060 2766; baseline 0.005 -22"><span class='ocrx_word' id='word_1_163' title='bbox 495 2691 569 2746; x_wconf 86' lang='lat' dir='ltr'><strong>lia</strong></span> <span class='ocrx_word' id='word_1_164' title='bbox 595 2693 901 2748; x_wconf 81' lang='lat' dir='ltr'><strong>subsecuta.</strong></span> <span class='ocrx_word' id='word_1_165' title='bbox 942 2692 1020 2748; x_wconf 87' lang='lat' dir='ltr'><strong>Ex</strong></span> <span class='ocrx_word' id='word_1_166' title='bbox 1051 2696 1249 2764; x_wconf 79' lang='lat' dir='ltr'><strong>quibus</strong></span> <span class='ocrx_word' id='word_1_167' title='bbox 1289 2712 1415 2766; x_wconf 90' lang='lat' dir='ltr'><strong>pars</strong></span> <span class='ocrx_word' id='word_1_168' title='bbox 1449 2697 1734 2752; x_wconf 69' lang='lat' dir='ltr'><strong>eomitissaa</strong></span> <span class='ocrx_word' id='word_1_169' title='bbox 1766 2698 1949 2752; x_wconf 89' lang='lat' dir='ltr'><strong>multis</strong></span> <span class='ocrx_word' id='word_1_170' title='bbox 1979 2698 2060 2752; x_wconf 89' lang='lat' dir='ltr'><strong>vi-</strong></span> 
     </span>
    </p>
   </div>
   <div class='ocr_carea' id='block_1_28' title="bbox 494 2780 2059 2855">
    <p class='ocr_par' dir='ltr' id='par_1_28' title="bbox 494 2780 2059 2855">
     <span class='ocr_line' id='line_1_28' title="bbox 494 2780 2059 2855; baseline 0.005 -22"><span class='ocrx_word' id='word_1_171' title='bbox 494 2780 681 2835; x_wconf 78' lang='lat' dir='ltr'><strong>ctoriis</strong></span> <span class='ocrx_word' id='word_1_172' title='bbox 714 2780 923 2836; x_wconf 85' lang='lat' dir='ltr'><strong>claruit.</strong></span> <span class='ocrx_word' id='word_1_173' title='bbox 954 2781 1033 2837; x_wconf 83' lang='lat' dir='ltr'><strong>Eo</strong></span> <span class='ocrx_word' id='word_1_174' title='bbox 1059 2784 1220 2841; x_wconf 85' lang='lat' dir='ltr'><strong>etiam</strong></span> <span class='ocrx_word' id='word_1_175' title='bbox 1253 2793 1493 2855; x_wconf 90' lang='lat' dir='ltr'><strong>tempore</strong></span> <span class='ocrx_word' id='word_1_176' title='bbox 1518 2787 1670 2841; x_wconf 90' lang='lat' dir='ltr'><strong>multi</strong></span> <span class='ocrx_word' id='word_1_177' title='bbox 1704 2802 1770 2842; x_wconf 86' lang='lat' dir='ltr'><strong>ex</strong></span> <span class='ocrx_word' id='word_1_178' title='bbox 1791 2785 2059 2843; x_wconf 71' lang='lat' dir='ltr'><strong>ltaliteci-</strong></span> 
     </span>
    </p>
   </div>
   <div class='ocr_carea' id='block_1_29' title="bbox 492 2867 2059 2943">
    <p class='ocr_par' dir='ltr' id='par_1_29' title="bbox 492 2867 2059 2943">
     <span class='ocr_line' id='line_1_29' title="bbox 492 2867 2059 2943; baseline 0.006 -22"><span class='ocrx_word' id='word_1_179' title='bbox 492 2867 768 2936; x_wconf 86' lang='lat' dir='ltr'><strong>vitatibus,</strong></span> <span class='ocrx_word' id='word_1_180' title='bbox 799 2870 936 2926; x_wconf 89' lang='lat' dir='ltr'><strong>duce</strong></span> <span class='ocrx_word' id='word_1_181' title='bbox 973 2873 1207 2941; x_wconf 89' lang='lat' dir='ltr'><strong>quodam</strong></span> <span class='ocrx_word' id='word_1_182' title='bbox 1245 2871 1475 2941; x_wconf 87' lang='lat' dir='ltr'><strong>Oberto,</strong></span> <span class='ocrx_word' id='word_1_183' title='bbox 1503 2876 1731 2943; x_wconf 87' lang='lat' dir='ltr'><strong>arreptis</strong></span> <span class='ocrx_word' id='word_1_184' title='bbox 1763 2874 1958 2940; x_wconf 82' lang='lat' dir='ltr'><strong>armis,</strong></span> <span class='ocrx_word' id='word_1_185' title='bbox 1990 2875 2059 2931; x_wconf 80' lang='lat' dir='ltr'><strong>ad</strong></span> 
     </span>
    </p>
   </div>
   <div class='ocr_carea' id='block_1_30' title="bbox 495 2959 2056 3037">
    <p class='ocr_par' dir='ltr' id='par_1_30' title="bbox 495 2959 2056 3037">
     <span class='ocr_line' id='line_1_30' title="bbox 495 2959 2056 3037; baseline 0.003 -20"><span class='ocrx_word' id='word_1_186' title='bbox 495 2961 695 3019; x_wconf 89' lang='lat' dir='ltr'><strong>Urbem</strong></span> <span class='ocrx_word' id='word_1_187' title='bbox 720 2975 1031 3036; x_wconf 84' lang='lat' dir='ltr'><strong>properant,</strong></span> <span class='ocrx_word' id='word_1_188' title='bbox 1066 2980 1189 3022; x_wconf 88' lang='lat' dir='ltr'><strong>cum</strong></span> <span class='ocrx_word' id='word_1_189' title='bbox 1237 2959 1436 3036; x_wconf 84' lang='lat' dir='ltr'><strong>quibus</strong></span> <span class='ocrx_word' id='word_1_190' title='bbox 1479 2975 1596 3021; x_wconf 88' lang='lat' dir='ltr'><strong>erat</strong></span> <span class='ocrx_word' id='word_1_191' title='bbox 1646 2966 1884 3037; x_wconf 79' lang='lat' dir='ltr'><strong>Reginus</strong></span> <span class='ocrx_word' id='word_1_192' title='bbox 1920 2966 2056 3022; x_wconf 90' lang='lat' dir='ltr'><strong>Par-</strong></span> 
     </span>
    </p>
   </div>
   <div class='ocr_carea' id='block_1_31' title="bbox 495 3054 2055 3125">
    <p class='ocr_par' dir='ltr' id='par_1_31' title="bbox 495 3054 2055 3125">
     <span class='ocr_line' id='line_1_31' title="bbox 495 3054 2055 3125; baseline 0.003 -21"><span class='ocrx_word' id='word_1_193' title='bbox 495 3054 698 3108; x_wconf 86' lang='lat' dir='ltr'><strong>mensis</strong></span> <span class='ocrx_word' id='word_1_194' title='bbox 721 3055 1027 3123; x_wconf 89' lang='lat' dir='ltr'><strong>episcopus.</strong></span> <span class='ocrx_word' id='word_1_195' title='bbox 1052 3054 1117 3108; x_wconf 88' lang='lat' dir='ltr'><strong>lli</strong></span> <span class='ocrx_word' id='word_1_196' title='bbox 1146 3062 1316 3109; x_wconf 87' lang='lat' dir='ltr'><strong>terras</strong></span> <span class='ocrx_word' id='word_1_197' title='bbox 1353 3056 1644 3110; x_wconf 75' lang='lat' dir='ltr'><strong>eomitissm</strong></span> <span class='ocrx_word' id='word_1_198' title='bbox 1680 3065 2055 3125; x_wconf 79' lang='lat' dir='ltr'><strong>pervagantes,</strong></span> 
     </span>
    </p>
   </div>
   <div class='ocr_carea' id='block_1_32' title="bbox 494 3141 2058 3213">
    <p class='ocr_par' dir='ltr' id='par_1_32' title="bbox 494 3141 2058 3213">
     <span class='ocr_line' id='line_1_32' title="bbox 494 3141 2058 3213; baseline 0.003 -20"><span class='ocrx_word' id='word_1_199' title='bbox 494 3141 837 3209; x_wconf 74' lang='lat' dir='ltr'><strong>populatione</strong></span> <span class='ocrx_word' id='word_1_200' title='bbox 859 3157 1052 3212; x_wconf 85' lang='lat' dir='ltr'><strong>magna</strong></span> <span class='ocrx_word' id='word_1_201' title='bbox 1069 3143 1122 3195; x_wconf 85' lang='lat' dir='ltr'><strong>in</strong></span> <span class='ocrx_word' id='word_1_202' title='bbox 1142 3143 1222 3198; x_wconf 88' lang='lat' dir='ltr'><strong>eis</strong></span> <span class='ocrx_word' id='word_1_203' title='bbox 1244 3144 1548 3198; x_wconf 66' lang='lat' dir='ltr'><strong>saeviebant.</strong></span> <span class='ocrx_word' id='word_1_204' title='bbox 1568 3142 1809 3213; x_wconf 88' lang='lat' dir='ltr'><strong>Dumque</strong></span> <span class='ocrx_word' id='word_1_205' title='bbox 1834 3145 1885 3196; x_wconf 90' lang='lat' dir='ltr'><strong>in</strong></span> <span class='ocrx_word' id='word_1_206' title='bbox 1908 3159 2058 3197; x_wconf 85' lang='lat' dir='ltr'><strong>eam-</strong></span> 
     </span>
    </p>
   </div>
   <div class='ocr_carea' id='block_1_33' title="bbox 495 3229 2056 3302">
    <p class='ocr_par' dir='ltr' id='par_1_33' title="bbox 495 3229 2056 3302">
     <span class='ocr_line' id='line_1_33' title="bbox 495 3229 2056 3302; baseline 0.006 -22"><span class='ocrx_word' id='word_1_207' title='bbox 495 3230 578 3297; x_wconf 86' lang='lat' dir='ltr'><strong>pis</strong></span> <span class='ocrx_word' id='word_1_208' title='bbox 603 3229 870 3286; x_wconf 74' lang='lat' dir='ltr'><strong>Sorbaria:</strong></span> <span class='ocrx_word' id='word_1_209' title='bbox 890 3231 1257 3286; x_wconf 87' lang='lat' dir='ltr'><strong>castrametati</strong></span> <span class='ocrx_word' id='word_1_210' title='bbox 1272 3240 1472 3298; x_wconf 86' lang='lat' dir='ltr'><strong>essent,</strong></span> <span class='ocrx_word' id='word_1_211' title='bbox 1495 3233 1728 3302; x_wconf 88' lang='lat' dir='ltr'><strong>quadam</strong></span> <span class='ocrx_word' id='word_1_212' title='bbox 1751 3241 1909 3287; x_wconf 91' lang='lat' dir='ltr'><strong>nocte</strong></span> <span class='ocrx_word' id='word_1_213' title='bbox 1928 3233 2056 3289; x_wconf 89' lang='lat' dir='ltr'><strong>dor-</strong></span> 
     </span>
    </p>
   </div>
   <div class='ocr_carea' id='block_1_34' title="bbox 2156 720 3725 806">
    <p class='ocr_par' dir='ltr' id='par_1_34' title="bbox 2156 720 3725 806">
     <span class='ocr_line' id='line_1_34' title="bbox 2156 720 3725 806; baseline 0.006 -25"><span class='ocrx_word' id='word_1_214' title='bbox 2156 729 2431 798; x_wconf 84' lang='lat' dir='ltr'><strong>ginensem</strong></span> <span class='ocrx_word' id='word_1_215' title='bbox 2466 737 2522 783; x_wconf 88' lang='lat' dir='ltr'><strong>et</strong></span> <span class='ocrx_word' id='word_1_216' title='bbox 2553 728 2912 800; x_wconf 76' lang='lat' dir='ltr'><strong>Mutinensem</strong></span> <span class='ocrx_word' id='word_1_217' title='bbox 2950 720 3246 806; x_wconf 70' lang='lat' dir='ltr'><strong>comitatus</strong></span> <span class='ocrx_word' id='word_1_218' title='bbox 3280 720 3558 803; x_wconf 77' lang='lat' dir='ltr'><strong>eqtlitans,</strong></span> <span class='ocrx_word' id='word_1_219' title='bbox 3591 748 3725 803; x_wconf 53' lang='lat' dir='ltr'><strong>me</strong></span> 
     </span>
    </p>
   </div>
   <div class='ocr_carea' id='block_1_35' title="bbox 2156 813 3729 895">
    <p class='ocr_par' dir='ltr' id='par_1_35' title="bbox 2156 813 3729 895">
     <span class='ocr_line' id='line_1_35' title="bbox 2156 813 3729 895; baseline 0.007 -28"><span class='ocrx_word' id='word_1_220' title='bbox 2156 815 2271 883; x_wconf 88' lang='lat' dir='ltr'><strong>pria</strong></span> <span class='ocrx_word' id='word_1_221' title='bbox 2297 813 2561 871; x_wconf 83' lang='lat' dir='ltr'><strong>fortalicia</strong></span> <span class='ocrx_word' id='word_1_222' title='bbox 2589 817 2892 887; x_wconf 85' lang='lat' dir='ltr'><strong>reparabat.</strong></span> <span class='ocrx_word' id='word_1_223' title='bbox 2930 816 3136 895; x_wconf 78' lang='lat' dir='ltr'><strong>Hiemis</strong></span> <span class='ocrx_word' id='word_1_224' title='bbox 3150 819 3339 889; x_wconf 81' lang='lat' dir='ltr'><strong>itaque</strong></span> <span class='ocrx_word' id='word_1_225' title='bbox 3358 816 3611 892; x_wconf 78' lang='lat' dir='ltr'><strong>tempore</strong></span> <span class='ocrx_word' id='word_1_226' title='bbox 3630 838 3729 878; x_wconf 77' lang='lat' dir='ltr'><strong>ca-</strong></span> 
     </span>
    </p>
   </div>
   <div class='ocr_carea' id='block_1_36' title="bbox 2155 897 3727 979">
    <p class='ocr_par' dir='ltr' id='par_1_36' title="bbox 2155 897 3727 979">
     <span class='ocr_line' id='line_1_36' title="bbox 2155 897 3727 979; baseline 0.01 -28"><span class='ocrx_word' id='word_1_227' title='bbox 2155 910 2248 972; x_wconf 85' lang='lat' dir='ltr'><strong>pto</strong></span> <span class='ocrx_word' id='word_1_228' title='bbox 2290 902 2563 959; x_wconf 70' lang='lat' dir='ltr'><strong>Minervia:</strong></span> <span class='ocrx_word' id='word_1_229' title='bbox 2604 903 2832 974; x_wconf 87' lang='lat' dir='ltr'><strong>oppido,</strong></span> <span class='ocrx_word' id='word_1_230' title='bbox 2888 897 3133 961; x_wconf 74' lang='lat' dir='ltr'><strong>Athesim</strong></span> <span class='ocrx_word' id='word_1_231' title='bbox 3179 906 3380 962; x_wconf 82' lang='lat' dir='ltr'><strong>ﬂumen</strong></span> <span class='ocrx_word' id='word_1_232' title='bbox 3426 909 3727 979; x_wconf 78' lang='lat' dir='ltr'><strong>imperator</strong></span> 
     </span>
    </p>
   </div>
   <div class='ocr_carea' id='block_1_37' title="bbox 2155 980 3728 1065">
    <p class='ocr_par' dir='ltr' id='par_1_37' title="bbox 2155 980 3728 1065">
     <span class='ocr_line' id='line_1_37' title="bbox 2155 980 3728 1065; baseline 0.006 -20"><span class='ocrx_word' id='word_1_233' title='bbox 2155 990 2343 1059; x_wconf 88' lang='lat' dir='ltr'><strong>paucis</strong></span> <span class='ocrx_word' id='word_1_234' title='bbox 2375 991 2665 1048; x_wconf 75' lang='lat' dir='ltr'><strong>comitatus</strong></span> <span class='ocrx_word' id='word_1_235' title='bbox 2697 980 2959 1049; x_wconf 80' lang='lat' dir='ltr'><strong>militibus</strong></span> <span class='ocrx_word' id='word_1_236' title='bbox 2982 995 3348 1065; x_wconf 78' lang='lat' dir='ltr'><strong>pertransivit.</strong></span> <span class='ocrx_word' id='word_1_237' title='bbox 3378 995 3536 1064; x_wconf 83' lang='lat' dir='ltr'><strong>Quod</strong></span> <span class='ocrx_word' id='word_1_238' title='bbox 3562 998 3728 1054; x_wconf 89' lang='lat' dir='ltr'><strong>intel-</strong></span> 
     </span>
    </p>
   </div>
   <div class='ocr_carea' id='block_1_38' title="bbox 2155 1069 3727 1155">
    <p class='ocr_par' dir='ltr' id='par_1_38' title="bbox 2155 1069 3727 1155">
     <span class='ocr_line' id='line_1_38' title="bbox 2155 1069 3727 1155; baseline 0.007 -22"><span class='ocrx_word' id='word_1_239' title='bbox 2155 1079 2325 1155; x_wconf 79' lang='lat' dir='ltr'><strong>ligens</strong></span> <span class='ocrx_word' id='word_1_240' title='bbox 2354 1081 2664 1146; x_wconf 87' lang='lat' dir='ltr'><strong>comitissa,</strong></span> <span class='ocrx_word' id='word_1_241' title='bbox 2705 1074 2887 1143; x_wconf 81' lang='lat' dir='ltr'><strong>statim</strong></span> <span class='ocrx_word' id='word_1_242' title='bbox 2919 1069 3105 1140; x_wconf 80' lang='lat' dir='ltr'><strong>contra</strong></span> <span class='ocrx_word' id='word_1_243' title='bbox 3146 1100 3271 1149; x_wconf 85' lang='lat' dir='ltr'><strong>eum</strong></span> <span class='ocrx_word' id='word_1_244' title='bbox 3304 1087 3451 1142; x_wconf 89' lang='lat' dir='ltr'><strong>mille</strong></span> <span class='ocrx_word' id='word_1_245' title='bbox 3479 1096 3727 1144; x_wconf 86' lang='lat' dir='ltr'><strong>armatos</strong></span> 
     </span>
    </p>
   </div>
   <div class='ocr_carea' id='block_1_39' title="bbox 2153 1161 3783 1247">
    <p class='ocr_par' dir='ltr' id='par_1_39' title="bbox 2153 1161 3783 1247">
     <span class='ocr_line' id='line_1_39' title="bbox 2153 1161 3783 1247; baseline 0.004 -23"><span class='ocrx_word' id='word_1_246' title='bbox 2153 1170 2362 1239; x_wconf 90' lang='lat' dir='ltr'><strong>equites</strong></span> <span class='ocrx_word' id='word_1_247' title='bbox 2395 1170 2701 1225; x_wconf 75' lang='lat' dir='ltr'><strong>destinavit.</strong></span> <span class='ocrx_word' id='word_1_248' title='bbox 2731 1170 2835 1238; x_wconf 85' lang='lat' dir='ltr'><strong>Qui</strong></span> <span class='ocrx_word' id='word_1_249' title='bbox 2863 1161 3221 1235; x_wconf 33' lang='lat' dir='ltr'><strong>cum‘Padum</strong></span> <span class='ocrx_word' id='word_1_250' title='bbox 3243 1183 3297 1231; x_wconf 91' lang='lat' dir='ltr'><strong>et</strong></span> <span class='ocrx_word' id='word_1_251' title='bbox 3319 1175 3562 1237; x_wconf 76' lang='lat' dir='ltr'><strong>Athesim</strong></span> <span class='ocrx_word' id='word_1_252' title='bbox 3597 1193 3727 1247; x_wconf 87' lang='lat' dir='ltr'><strong>per-</strong></span> <span class='ocrx_word' id='word_1_253' title='bbox 3777 1236 3783 1242; x_wconf 54' lang='grc'><em>,</em></span> 
     </span>
    </p>
   </div>
   <div class='ocr_carea' id='block_1_40' title="bbox 2155 1251 3737 1342">
    <p class='ocr_par' dir='ltr' id='par_1_40' title="bbox 2155 1251 3737 1342">
     <span class='ocr_line' id='line_1_40' title="bbox 2155 1251 3737 1342; baseline 0.006 -30"><span class='ocrx_word' id='word_1_254' title='bbox 2155 1260 2496 1323; x_wconf 85' lang='lat' dir='ltr'><strong>transissent,</strong></span> <span class='ocrx_word' id='word_1_255' title='bbox 2534 1274 2630 1315; x_wconf 88' lang='lat' dir='ltr'><strong>eos</strong></span> <span class='ocrx_word' id='word_1_256' title='bbox 2661 1260 2853 1317; x_wconf 89' lang='lat' dir='ltr'><strong>diebus</strong></span> <span class='ocrx_word' id='word_1_257' title='bbox 2889 1269 3014 1318; x_wconf 90' lang='lat' dir='ltr'><strong>octo</strong></span> <span class='ocrx_word' id='word_1_258' title='bbox 3038 1251 3334 1342; x_wconf 70' lang='lat' dir='ltr'><strong>imperator</strong></span> <span class='ocrx_word' id='word_1_259' title='bbox 3374 1279 3471 1319; x_wconf 87' lang='lat' dir='ltr'><strong>sua</strong></span> <span class='ocrx_word' id='word_1_260' title='bbox 3520 1266 3737 1321; x_wconf 46' lang='lat' dir='ltr'><strong>astutia»</strong></span> 
     </span>
    </p>
   </div>
   <div class='ocr_carea' id='block_1_41' title="bbox 2153 1347 3723 1423">
    <p class='ocr_par' dir='ltr' id='par_1_41' title="bbox 2153 1347 3723 1423">
     <span class='ocr_line' id='line_1_41' title="bbox 2153 1347 3723 1423; baseline 0.003 -20"><span class='ocrx_word' id='word_1_261' title='bbox 2153 1347 2389 1404; x_wconf 77' lang='lat' dir='ltr'><strong>evitavit.</strong></span> <span class='ocrx_word' id='word_1_262' title='bbox 2434 1348 2700 1420; x_wconf 83' lang='lat' dir='ltr'><strong>Fingebat</strong></span> <span class='ocrx_word' id='word_1_263' title='bbox 2745 1349 2892 1405; x_wconf 85' lang='lat' dir='ltr'><strong>enim</strong></span> <span class='ocrx_word' id='word_1_264' title='bbox 2939 1366 2999 1407; x_wconf 88' lang='lat' dir='ltr'><strong>se</strong></span> <span class='ocrx_word' id='word_1_265' title='bbox 3042 1352 3188 1407; x_wconf 82' lang='lat' dir='ltr'><strong>nolle</strong></span> <span class='ocrx_word' id='word_1_266' title='bbox 3232 1352 3523 1423; x_wconf 80' lang='lat' dir='ltr'><strong>conﬂigere</strong></span> <span class='ocrx_word' id='word_1_267' title='bbox 3557 1353 3723 1421; x_wconf 82' lang='lat' dir='ltr'><strong>bello,</strong></span> 
     </span>
    </p>
   </div>
   <div class='ocr_carea' id='block_1_42' title="bbox 2152 1423 3723 1534">
    <p class='ocr_par' dir='ltr' id='par_1_42' title="bbox 2152 1423 3723 1534">
     <span class='ocr_line' id='line_1_42' title="bbox 2152 1423 3723 1534; baseline 0.002 -40"><span class='ocrx_word' id='word_1_268' title='bbox 2152 1439 2391 1508; x_wconf 87' lang='lat' dir='ltr'><strong>dumque</strong></span> <span class='ocrx_word' id='word_1_269' title='bbox 2418 1438 2489 1494; x_wconf 93' lang='lat' dir='ltr'><strong>ob</strong></span> <span class='ocrx_word' id='word_1_270' title='bbox 2636 1447 2915 1534; x_wconf 63' lang='lat' dir='ltr'><strong>mqnerent</strong></span> <span class='ocrx_word' id='word_1_271' title='bbox 2935 1439 3206 1526; x_wconf 76' lang='lat' dir='ltr'><strong>intrepidi,</strong></span> <span class='ocrx_word' id='word_1_272' title='bbox 3229 1423 3517 1512; x_wconf 80' lang='lat' dir='ltr'><strong>nullasque</strong></span> <span class='ocrx_word' id='word_1_273' title='bbox 3534 1442 3723 1512; x_wconf 83' lang='lat' dir='ltr'><strong>suspi-</strong></span> 
     </span>
    </p>
   </div>
   <div class='ocr_carea' id='block_1_43' title="bbox 2152 1522 3728 1601">
    <p class='ocr_par' dir='ltr' id='par_1_43' title="bbox 2152 1522 3728 1601">
     <span class='ocr_line' id='line_1_43' title="bbox 2152 1522 3728 1601; baseline 0.001 -15"><span class='ocrx_word' id='word_1_274' title='bbox 2152 1537 2407 1586; x_wconf 86' lang='lat' dir='ltr'><strong>carentur</strong></span> <span class='ocrx_word' id='word_1_275' title='bbox 2437 1528 2683 1601; x_wconf 86' lang='lat' dir='ltr'><strong>insidias,</strong></span> <span class='ocrx_word' id='word_1_276' title='bbox 2713 1522 3068 1600; x_wconf 73' lang='lat' dir='ltr'><strong>imperatoris</strong></span> <span class='ocrx_word' id='word_1_277' title='bbox 3096 1522 3296 1587; x_wconf 80' lang='lat' dir='ltr'><strong>milites</strong></span> <span class='ocrx_word' id='word_1_278' title='bbox 3327 1531 3467 1587; x_wconf 85' lang='lat' dir='ltr'><strong>clam</strong></span> <span class='ocrx_word' id='word_1_279' title='bbox 3504 1532 3728 1588; x_wconf 83' lang='lat' dir='ltr'><strong>irruunt</strong></span> 
     </span>
    </p>
   </div>
   <div class='ocr_carea' id='block_1_44' title="bbox 2150 1612 3736 1690">
    <p class='ocr_par' dir='ltr' id='par_1_44' title="bbox 2150 1612 3736 1690">
     <span class='ocr_line' id='line_1_44' title="bbox 2150 1612 3736 1690; baseline 0 -16"><span class='ocrx_word' id='word_1_280' title='bbox 2150 1634 2312 1688; x_wconf 86' lang='lat' dir='ltr'><strong>super</strong></span> <span class='ocrx_word' id='word_1_281' title='bbox 2355 1634 2453 1674; x_wconf 89' lang='lat' dir='ltr'><strong>eos</strong></span> <span class='ocrx_word' id='word_1_282' title='bbox 2505 1619 2561 1673; x_wconf 89' lang='lat' dir='ltr'><strong>in</strong></span> <span class='ocrx_word' id='word_1_283' title='bbox 2604 1619 2724 1675; x_wconf 88' lang='lat' dir='ltr'><strong>loco</strong></span> <span class='ocrx_word' id='word_1_284' title='bbox 2770 1620 2988 1690; x_wconf 87' lang='lat' dir='ltr'><strong>quidem</strong></span> <span class='ocrx_word' id='word_1_285' title='bbox 3030 1618 3165 1681; x_wconf 83' lang='lat' dir='ltr'><strong>Tres</strong></span> <span class='ocrx_word' id='word_1_286' title='bbox 3191 1618 3513 1678; x_wconf 81' lang='lat' dir='ltr'><strong>Comitatus.</strong></span> <span class='ocrx_word' id='word_1_287' title='bbox 3568 1612 3736 1678; x_wconf 71' lang='lat' dir='ltr'><strong>Iulli.</strong></span> 
     </span>
    </p>
   </div>
   <div class='ocr_carea' id='block_1_45' title="bbox 2151 1708 3728 1779">
    <p class='ocr_par' dir='ltr' id='par_1_45' title="bbox 2151 1708 3728 1779">
     <span class='ocr_line' id='line_1_45' title="bbox 2151 1708 3728 1779; baseline 0.002 -17"><span class='ocrx_word' id='word_1_288' title='bbox 2151 1708 2332 1778; x_wconf 80' lang='lat' dir='ltr'><strong>Itaque</strong></span> <span class='ocrx_word' id='word_1_289' title='bbox 2357 1708 2484 1764; x_wconf 64' lang='lat' dir='ltr'><strong>cassi</strong></span> <span class='ocrx_word' id='word_1_290' title='bbox 2524 1715 2683 1776; x_wconf 83' lang='lat' dir='ltr'><strong>sunt;</strong></span> <span class='ocrx_word' id='word_1_291' title='bbox 2721 1709 2876 1771; x_wconf 86' lang='lat' dir='ltr'><strong>multi</strong></span> <span class='ocrx_word' id='word_1_292' title='bbox 2915 1709 3087 1764; x_wconf 87' lang='lat' dir='ltr'><strong>etiam</strong></span> <span class='ocrx_word' id='word_1_293' title='bbox 3116 1709 3437 1779; x_wconf 86' lang='lat' dir='ltr'><strong>capiuntur;</strong></span> <span class='ocrx_word' id='word_1_294' title='bbox 3473 1709 3568 1764; x_wconf 87' lang='lat' dir='ltr'><strong>alii</strong></span> <span class='ocrx_word' id='word_1_295' title='bbox 3603 1716 3728 1765; x_wconf 85' lang='lat' dir='ltr'><strong>tan-</strong></span> 
     </span>
    </p>
   </div>
   <div class='ocr_carea' id='block_1_46' title="bbox 2149 1796 3724 1870">
    <p class='ocr_par' dir='ltr' id='par_1_46' title="bbox 2149 1796 3724 1870">
     <span class='ocr_line' id='line_1_46' title="bbox 2149 1796 3724 1870; baseline 0.001 -17"><span class='ocrx_word' id='word_1_296' title='bbox 2149 1798 2269 1853; x_wconf 89' lang='lat' dir='ltr'><strong>dem</strong></span> <span class='ocrx_word' id='word_1_297' title='bbox 2294 1806 2601 1865; x_wconf 82' lang='lat' dir='ltr'><strong>evaserunt,</strong></span> <span class='ocrx_word' id='word_1_298' title='bbox 2626 1813 2722 1868; x_wconf 91' lang='lat' dir='ltr'><strong>per</strong></span> <span class='ocrx_word' id='word_1_299' title='bbox 2744 1797 2896 1854; x_wconf 88' lang='lat' dir='ltr'><strong>devia</strong></span> <span class='ocrx_word' id='word_1_300' title='bbox 2924 1796 3210 1870; x_wconf 81' lang='lat' dir='ltr'><strong>fugientes.</strong></span> <span class='ocrx_word' id='word_1_301' title='bbox 3257 1797 3432 1868; x_wconf 78' lang='lat' dir='ltr'><strong>Hujus</strong></span> <span class='ocrx_word' id='word_1_302' title='bbox 3461 1798 3724 1870; x_wconf 84' lang='lat' dir='ltr'><strong>proditio-</strong></span> 
     </span>
    </p>
   </div>
   <div class='ocr_carea' id='block_1_47' title="bbox 2148 1884 3736 1973">
    <p class='ocr_par' dir='ltr' id='par_1_47' title="bbox 2148 1884 3736 1973">
     <span class='ocr_line' id='line_1_47' title="bbox 2148 1884 3736 1973; baseline 0.003 -34"><span class='ocrx_word' id='word_1_303' title='bbox 2148 1886 2235 1941; x_wconf 88' lang='lat' dir='ltr'><strong>nis</strong></span> <span class='ocrx_word' id='word_1_304' title='bbox 2282 1895 2489 1942; x_wconf 86' lang='lat' dir='ltr'><strong>auctor.</strong></span> <span class='ocrx_word' id='word_1_305' title='bbox 2527 1884 2644 1955; x_wconf 83' lang='lat' dir='ltr'><strong>Ugo</strong></span> <span class='ocrx_word' id='word_1_306' title='bbox 2693 1887 2911 1958; x_wconf 85' lang='lat' dir='ltr'><strong>quidam</strong></span> <span class='ocrx_word' id='word_1_307' title='bbox 2967 1901 3081 1947; x_wconf 68' lang='lat' dir='ltr'><strong>sua:</strong></span> <span class='ocrx_word' id='word_1_308' title='bbox 3125 1887 3436 1973; x_wconf 68' lang='lat' dir='ltr'><strong>nobilitatis</strong></span> <span class='ocrx_word' id='word_1_309' title='bbox 3486 1886 3736 1959; x_wconf 86' lang='lat' dir='ltr'><strong>degene—.</strong></span> 
     </span>
    </p>
   </div>
   <div class='ocr_carea' id='block_1_48' title="bbox 2087 1971 2389 2031">
    <p class='ocr_par' dir='ltr' id='par_1_48' title="bbox 2087 1971 2389 2031">
     <span class='ocr_line' id='line_1_48' title="bbox 2087 1971 2389 2031; baseline 0.017 -5"><span class='ocrx_word' id='word_1_310' title='bbox 2087 1971 2129 2026; x_wconf 87' lang='lat' dir='ltr'><strong>B</strong></span> <span class='ocrx_word' id='word_1_311' title='bbox 2154 1990 2304 2030; x_wconf 87' lang='lat' dir='ltr'><strong>rans.</strong></span> <span class='ocrx_word' id='word_1_312' title='bbox 2382 2030 2389 2031; x_wconf 62' lang='lat'><strong><em>,</em></strong></span> 
     </span>
    </p>
   </div>
   <div class='ocr_carea' id='block_1_49' title="bbox 2749 2103 3122 2161">
    <p class='ocr_par' dir='ltr' id='par_1_49' title="bbox 2749 2103 3122 2161">
     <span class='ocr_line' id='line_1_49' title="bbox 2749 2103 3122 2161; baseline -0.003 0"><span class='ocrx_word' id='word_1_313' title='bbox 2749 2103 2972 2161; x_wconf 77' lang='lat' dir='ltr'><strong>CAPUT</strong></span> <span class='ocrx_word' id='word_1_314' title='bbox 3008 2105 3122 2160; x_wconf 78' lang='lat' dir='ltr'><strong>Xll’.</strong></span> 
     </span>
    </p>
   </div>
   <div class='ocr_carea' id='block_1_50' title="bbox 2158 2215 3729 2286">
    <p class='ocr_par' dir='ltr' id='par_1_50' title="bbox 2158 2215 3729 2286">
     <span class='ocr_line' id='line_1_50' title="bbox 2158 2215 3729 2286; baseline 0.003 -17"><span class='ocrx_word' id='word_1_315' title='bbox 2158 2215 2493 2285; x_wconf 76' lang='lat' dir='ltr'><strong>Deprmdatio</strong></span> <span class='ocrx_word' id='word_1_316' title='bbox 2514 2216 2695 2270; x_wconf 67' lang='lat' dir='ltr'><strong>vexilli</strong></span> <span class='ocrx_word' id='word_1_317' title='bbox 2731 2216 3077 2286; x_wconf 72' lang='lat' dir='ltr'><strong>imperatoris</strong></span> <span class='ocrx_word' id='word_1_318' title='bbox 3095 2233 3128 2271; x_wconf 75' lang='grc' dir='ltr'><strong>τι</strong></span> <span class='ocrx_word' id='word_1_319' title='bbox 3154 2218 3442 2283; x_wconf 82' lang='lat' dir='ltr'><strong>comitissa,</strong></span> <span class='ocrx_word' id='word_1_320' title='bbox 3467 2219 3605 2273; x_wconf 81' lang='lat' dir='ltr'><strong>etde</strong></span> <span class='ocrx_word' id='word_1_321' title='bbox 3634 2216 3729 2273; x_wconf 68' lang='lat' dir='ltr'><strong>u-</strong></span> 
     </span>
    </p>
   </div>
   <div class='ocr_carea' id='block_1_51' title="bbox 2458 2286 3425 2341">
    <p class='ocr_par' dir='ltr' id='par_1_51' title="bbox 2458 2286 3425 2341">
     <span class='ocr_line' id='line_1_51' title="bbox 2458 2286 3425 2341; baseline 0.003 -4"><span class='ocrx_word' id='word_1_322' title='bbox 2458 2287 2623 2339; x_wconf 81' lang='lat' dir='ltr'><strong>ctoria</strong></span> <span class='ocrx_word' id='word_1_323' title='bbox 2653 2295 2834 2339; x_wconf 78' lang='lat' dir='ltr'><strong>contra</strong></span> <span class='ocrx_word' id='word_1_324' title='bbox 2866 2286 3100 2340; x_wconf 83' lang='lat' dir='ltr'><strong>eumdem</strong></span> <span class='ocrx_word' id='word_1_325' title='bbox 3128 2296 3425 2341; x_wconf 73' lang='lat' dir='ltr'><strong>consecuta.</strong></span> 
     </span>
    </p>
   </div>
   <div class='ocr_carea' id='block_1_52' title="bbox 2228 2413 3726 2485">
    <p class='ocr_par' dir='ltr' id='par_1_52' title="bbox 2228 2413 3726 2485">
     <span class='ocr_line' id='line_1_52' title="bbox 2228 2413 3726 2485; baseline 0.002 -18"><span class='ocrx_word' id='word_1_326' title='bbox 2228 2413 2521 2469; x_wconf 86' lang='lat' dir='ltr'><strong>Transacta</strong></span> <span class='ocrx_word' id='word_1_327' title='bbox 2567 2414 2762 2481; x_wconf 91' lang='lat' dir='ltr'><strong>hieme,</strong></span> <span class='ocrx_word' id='word_1_328' title='bbox 2792 2416 3083 2485; x_wconf 87' lang='lat' dir='ltr'><strong>imperator</strong></span> <span class='ocrx_word' id='word_1_329' title='bbox 3128 2431 3255 2470; x_wconf 92' lang='lat' dir='ltr'><strong>cum</strong></span> <span class='ocrx_word' id='word_1_330' title='bbox 3301 2416 3623 2471; x_wconf 83' lang='lat' dir='ltr'><strong>Alamannis</strong></span> <span class='ocrx_word' id='word_1_331' title='bbox 3671 2424 3726 2471; x_wconf 87' lang='lat' dir='ltr'><strong>et</strong></span> 
     </span>
    </p>
   </div>
   <div class='ocr_carea' id='block_1_53' title="bbox 2158 2501 3722 2576">
    <p class='ocr_par' dir='ltr' id='par_1_53' title="bbox 2158 2501 3722 2576">
     <span class='ocr_line' id='line_1_53' title="bbox 2158 2501 3722 2576; baseline 0.002 -20"><span class='ocrx_word' id='word_1_332' title='bbox 2158 2503 2525 2574; x_wconf 86' lang='lat' dir='ltr'><strong>Langobardis</strong></span> <span class='ocrx_word' id='word_1_333' title='bbox 2578 2504 2645 2558; x_wconf 84' lang='lat' dir='ltr'><strong>ad</strong></span> <span class='ocrx_word' id='word_1_334' title='bbox 2693 2512 2904 2560; x_wconf 88' lang='lat' dir='ltr'><strong>montes</strong></span> <span class='ocrx_word' id='word_1_335' title='bbox 2946 2501 3332 2562; x_wconf 70' lang='lat' dir='ltr'><strong>Mutinensium</strong></span> <span class='ocrx_word' id='word_1_336' title='bbox 3374 2505 3722 2576; x_wconf 85' lang='lat' dir='ltr'><strong>properavit;</strong></span> 
     </span>
    </p>
   </div>
   <div class='ocr_carea' id='block_1_54' title="bbox 2157 2593 3742 2671">
    <p class='ocr_par' dir='ltr' id='par_1_54' title="bbox 2157 2593 3742 2671">
     <span class='ocr_line' id='line_1_54' title="bbox 2157 2593 3742 2671; baseline 0.001 -23"><span class='ocrx_word' id='word_1_337' title='bbox 2157 2594 2299 2662; x_wconf 86' lang='lat' dir='ltr'><strong>cepit</strong></span> <span class='ocrx_word' id='word_1_338' title='bbox 2331 2603 2511 2649; x_wconf 86' lang='lat' dir='ltr'><strong>autem</strong></span> <span class='ocrx_word' id='word_1_339' title='bbox 2537 2602 2775 2671; x_wconf 79' lang='lat' dir='ltr'><strong>montem</strong></span> <span class='ocrx_word' id='word_1_340' title='bbox 2793 2593 3108 2649; x_wconf 81' lang='lat' dir='ltr'><strong>Maurellum</strong></span> <span class='ocrx_word' id='word_1_341' title='bbox 3138 2602 3193 2649; x_wconf 86' lang='lat' dir='ltr'><strong>et</strong></span> <span class='ocrx_word' id='word_1_342' title='bbox 3220 2602 3462 2651; x_wconf 86' lang='lat' dir='ltr'><strong>montem</strong></span> <span class='ocrx_word' id='word_1_343' title='bbox 3488 2594 3742 2662; x_wconf 36' lang='lat' dir='ltr'><strong>Alfredit</strong></span> 
     </span>
    </p>
   </div>
   <div class='ocr_carea' id='block_1_55' title="bbox 2157 2683 3724 2764">
    <p class='ocr_par' dir='ltr' id='par_1_55' title="bbox 2157 2683 3724 2764">
     <span class='ocr_line' id='line_1_55' title="bbox 2157 2683 3724 2764; baseline 0.003 -27"><span class='ocrx_word' id='word_1_344' title='bbox 2157 2683 2248 2737; x_wconf 90' lang='lat' dir='ltr'><strong>ubi</strong></span> <span class='ocrx_word' id='word_1_345' title='bbox 2279 2689 2466 2751; x_wconf 87' lang='lat' dir='ltr'><strong>captus</strong></span> <span class='ocrx_word' id='word_1_346' title='bbox 2485 2692 2569 2737; x_wconf 87' lang='lat' dir='ltr'><strong>est</strong></span> <span class='ocrx_word' id='word_1_347' title='bbox 2588 2683 2870 2740; x_wconf 73' lang='lat' dir='ltr'><strong>.Gerardus</strong></span> <span class='ocrx_word' id='word_1_348' title='bbox 2897 2683 3121 2764; x_wconf 76' lang='lat' dir='ltr'><strong>signifer</strong></span> <span class='ocrx_word' id='word_1_349' title='bbox 3139 2683 3453 2750; x_wconf 66' lang='lat' dir='ltr'><strong>eomitissm,</strong></span> <span class='ocrx_word' id='word_1_350' title='bbox 3470 2685 3540 2741; x_wconf 82' lang='lat' dir='ltr'><strong>de</strong></span> <span class='ocrx_word' id='word_1_351' title='bbox 3559 2686 3724 2754; x_wconf 84' lang='lat' dir='ltr'><strong>cujus</strong></span> 
     </span>
    </p>
   </div>
   <div class='ocr_carea' id='block_1_56' title="bbox 2156 2772 3722 2843">
    <p class='ocr_par' dir='ltr' id='par_1_56' title="bbox 2156 2772 3722 2843">
     <span class='ocr_line' id='line_1_56' title="bbox 2156 2772 3722 2843; baseline 0.001 -14"><span class='ocrx_word' id='word_1_352' title='bbox 2156 2774 2406 2843; x_wconf 86' lang='lat' dir='ltr'><strong>captione</strong></span> <span class='ocrx_word' id='word_1_353' title='bbox 2456 2773 2687 2828; x_wconf 87' lang='lat' dir='ltr'><strong>multum</strong></span> <span class='ocrx_word' id='word_1_354' title='bbox 2733 2773 2926 2828; x_wconf 87' lang='lat' dir='ltr'><strong>doluit.</strong></span> <span class='ocrx_word' id='word_1_355' title='bbox 2974 2772 3169 2829; x_wconf 86' lang='lat' dir='ltr'><strong>Postea</strong></span> <span class='ocrx_word' id='word_1_356' title='bbox 3215 2782 3460 2829; x_wconf 84' lang='lat' dir='ltr'><strong>castrum</strong></span> <span class='ocrx_word' id='word_1_357' title='bbox 3523 2774 3722 2830; x_wconf 71' lang='lat' dir='ltr'><strong>Montis</strong></span> 
     </span>
    </p>
   </div>
   <div class='ocr_carea' id='block_1_57' title="bbox 2156 2862 3722 2933">
    <p class='ocr_par' dir='ltr' id='par_1_57' title="bbox 2156 2862 3722 2933">
     <span class='ocr_line' id='line_1_57' title="bbox 2156 2862 3722 2933; baseline 0.001 -17"><span class='ocrx_word' id='word_1_358' title='bbox 2156 2863 2289 2918; x_wconf 87' lang='lat' dir='ltr'><strong>Belli</strong></span> <span class='ocrx_word' id='word_1_359' title='bbox 2320 2864 2567 2929; x_wconf 84' lang='lat' dir='ltr'><strong>obsedit;</strong></span> <span class='ocrx_word' id='word_1_360' title='bbox 2614 2862 2813 2921; x_wconf 88' lang='lat' dir='ltr'><strong>fultum</strong></span> <span class='ocrx_word' id='word_1_361' title='bbox 2853 2863 2998 2919; x_wconf 86' lang='lat' dir='ltr'><strong>enim</strong></span> <span class='ocrx_word' id='word_1_362' title='bbox 3032 2862 3291 2933; x_wconf 73' lang='lat' dir='ltr'><strong>oppidum</strong></span> <span class='ocrx_word' id='word_1_363' title='bbox 3318 2864 3526 2919; x_wconf 85' lang='lat' dir='ltr'><strong>auxilio</strong></span> <span class='ocrx_word' id='word_1_364' title='bbox 3546 2864 3722 2919; x_wconf 83' lang='lat' dir='ltr'><strong>comi-</strong></span> 
     </span>
    </p>
   </div>
   <div class='ocr_carea' id='block_1_58' title="bbox 2155 2950 3723 3023">
    <p class='ocr_par' dir='ltr' id='par_1_58' title="bbox 2155 2950 3723 3023">
     <span class='ocr_line' id='line_1_58' title="bbox 2155 2950 3723 3023; baseline 0.001 -17"><span class='ocrx_word' id='word_1_365' title='bbox 2155 2952 2305 3007; x_wconf 70' lang='lat' dir='ltr'><strong>tissa:</strong></span> <span class='ocrx_word' id='word_1_366' title='bbox 2327 2968 2435 3007; x_wconf 92' lang='lat' dir='ltr'><strong>non</strong></span> <span class='ocrx_word' id='word_1_367' title='bbox 2462 2952 2637 3020; x_wconf 91' lang='lat' dir='ltr'><strong>potuit</strong></span> <span class='ocrx_word' id='word_1_368' title='bbox 2660 2952 2959 3010; x_wconf 56' lang='lat' dir='ltr'><strong>debellare;</strong></span> <span class='ocrx_word' id='word_1_369' title='bbox 2979 2950 3134 3009; x_wconf 86' lang='lat' dir='ltr'><strong>Tunc</strong></span> <span class='ocrx_word' id='word_1_370' title='bbox 3152 2954 3405 3023; x_wconf 79' lang='lat' dir='ltr'><strong>autipapa</strong></span> <span class='ocrx_word' id='word_1_371' title='bbox 3425 2952 3723 3008; x_wconf 85' lang='lat' dir='ltr'><strong>Guibertus</strong></span> 
     </span>
    </p>
   </div>
   <div class='ocr_carea' id='block_1_59' title="bbox 2157 3040 3723 3115">
    <p class='ocr_par' dir='ltr' id='par_1_59' title="bbox 2157 3040 3723 3115">
     <span class='ocr_line' id='line_1_59' title="bbox 2157 3040 3723 3115; baseline 0.002 -19"><span class='ocrx_word' id='word_1_372' title='bbox 2157 3042 2223 3097; x_wconf 91' lang='lat' dir='ltr'><strong>ad</strong></span> <span class='ocrx_word' id='word_1_373' title='bbox 2248 3041 2625 3112; x_wconf 84' lang='lat' dir='ltr'><strong>imperatorem</strong></span> <span class='ocrx_word' id='word_1_374' title='bbox 2668 3044 2843 3108; x_wconf 87' lang='lat' dir='ltr'><strong>venit;</strong></span> <span class='ocrx_word' id='word_1_375' title='bbox 2876 3051 2955 3108; x_wconf 85' lang='lat' dir='ltr'><strong>et,</strong></span> <span class='ocrx_word' id='word_1_376' title='bbox 3002 3043 3050 3101; x_wconf 82' lang='lat' dir='ltr'><strong>si</strong></span> <span class='ocrx_word' id='word_1_377' title='bbox 3093 3040 3410 3098; x_wconf 83' lang='lat' dir='ltr'><strong>Guibertum</strong></span> <span class='ocrx_word' id='word_1_378' title='bbox 3438 3044 3495 3099; x_wconf 89' lang='lat' dir='ltr'><strong>in</strong></span> <span class='ocrx_word' id='word_1_379' title='bbox 3524 3058 3723 3115; x_wconf 85' lang='lat' dir='ltr'><strong>papam</strong></span> 
     </span>
    </p>
   </div>
   <div class='ocr_carea' id='block_1_60' title="bbox 2158 3122 3722 3202">
    <p class='ocr_par' dir='ltr' id='par_1_60' title="bbox 2158 3122 3722 3202">
     <span class='ocr_line' id='line_1_60' title="bbox 2158 3122 3722 3202; baseline 0.004 -19"><span class='ocrx_word' id='word_1_380' title='bbox 2158 3129 2463 3186; x_wconf 75' lang='lat' dir='ltr'><strong>Romanum</strong></span> <span class='ocrx_word' id='word_1_381' title='bbox 2492 3122 2987 3202; x_wconf 45' lang='lat' dir='ltr'><strong>cognoscerentfin</strong></span> <span class='ocrx_word' id='word_1_382' title='bbox 3019 3139 3202 3187; x_wconf 81' lang='lat' dir='ltr'><strong>castro</strong></span> <span class='ocrx_word' id='word_1_383' title='bbox 3221 3132 3430 3188; x_wconf 80' lang='lat' dir='ltr'><strong>obsessi</strong></span> <span class='ocrx_word' id='word_1_384' title='bbox 3455 3142 3510 3187; x_wconf 90' lang='lat' dir='ltr'><strong>et</strong></span> <span class='ocrx_word' id='word_1_385' title='bbox 3536 3134 3722 3189; x_wconf 75' lang='lat' dir='ltr'><strong>aﬂlicti</strong></span> 
     </span>
    </p>
   </div>
   <div class='ocr_carea' id='block_1_61' title="bbox 2156 3221 3723 3292">
    <p class='ocr_par' dir='ltr' id='par_1_61' title="bbox 2156 3221 3723 3292">
     <span class='ocr_line' id='line_1_61' title="bbox 2156 3221 3723 3292; baseline -0.001 -16"><span class='ocrx_word' id='word_1_386' title='bbox 2156 3223 2316 3276; x_wconf 83' lang='lat' dir='ltr'><strong>t:edio</strong></span> <span class='ocrx_word' id='word_1_387' title='bbox 2343 3222 2412 3275; x_wconf 91' lang='lat' dir='ltr'><strong>ab</strong></span> <span class='ocrx_word' id='word_1_388' title='bbox 2439 3222 2761 3291; x_wconf 87' lang='lat' dir='ltr'><strong>imperatore</strong></span> <span class='ocrx_word' id='word_1_389' title='bbox 2778 3222 3051 3279; x_wconf 82' lang='lat' dir='ltr'><strong>licentiam</strong></span> <span class='ocrx_word' id='word_1_390' title='bbox 3086 3228 3349 3292; x_wconf 84' lang='lat' dir='ltr'><strong>peterent,</strong></span> <span class='ocrx_word' id='word_1_391' title='bbox 3379 3236 3501 3277; x_wconf 90' lang='lat' dir='ltr'><strong>eam</strong></span> <span class='ocrx_word' id='word_1_392' title='bbox 3528 3234 3591 3277; x_wconf 85' lang='lat' dir='ltr'><strong>se</strong></span> <span class='ocrx_word' id='word_1_393' title='bbox 3619 3221 3723 3275; x_wconf 81' lang='lat' dir='ltr'><strong>da—</strong></span> 
     </span>
    </p>
   </div>
   <div class='ocr_carea' id='block_1_62' title="bbox 495 3304 2057 3389">
    <p class='ocr_par' dir='ltr' id='par_1_62' title="bbox 495 3319 2057 3389">
     <span class='ocr_line' id='line_1_62' title="bbox 495 3319 2057 3389; baseline 0.002 -18"><span class='ocrx_word' id='word_1_394' title='bbox 495 3319 722 3373; x_wconf 81' lang='lat' dir='ltr'><strong>mientes</strong></span> <span class='ocrx_word' id='word_1_395' title='bbox 746 3319 1017 3387; x_wconf 85' lang='lat' dir='ltr'><strong>intrepidi,</strong></span> <span class='ocrx_word' id='word_1_396' title='bbox 1054 3336 1179 3374; x_wconf 89' lang='lat' dir='ltr'><strong>ecce</strong></span> <span class='ocrx_word' id='word_1_397' title='bbox 1201 3330 1422 3389; x_wconf 88' lang='lat' dir='ltr'><strong>repente</strong></span> <span class='ocrx_word' id='word_1_398' title='bbox 1441 3322 1640 3374; x_wconf 88' lang='lat' dir='ltr'><strong>milites</strong></span> <span class='ocrx_word' id='word_1_399' title='bbox 1658 3321 1959 3389; x_wconf 63' lang='lat' dir='ltr'><strong>~comitisste</strong></span> <span class='ocrx_word' id='word_1_400' title='bbox 1984 3321 2057 3374; x_wconf 86' lang='lat' dir='ltr'><strong>ir—</strong></span> 
     </span>
    </p>
   </div>
   <div class='ocr_carea' id='block_1_63' title="bbox 2153 3304 3724 3389">
    <p class='ocr_par' dir='ltr' id='par_1_63' title="bbox 2160 3310 3724 3380">
     <span class='ocr_line' id='line_1_63' title="bbox 2160 3310 3724 3380; baseline -0.001 -15"><span class='ocrx_word' id='word_1_401' title='bbox 2160 3320 2341 3365; x_wconf 88' lang='lat' dir='ltr'><strong>turum</strong></span> <span class='ocrx_word' id='word_1_402' title='bbox 2389 3312 2663 3380; x_wconf 83' lang='lat' dir='ltr'><strong>pollicitus</strong></span> <span class='ocrx_word' id='word_1_403' title='bbox 2701 3320 2804 3368; x_wconf 87' lang='lat' dir='ltr'><strong>est.</strong></span> <span class='ocrx_word' id='word_1_404' title='bbox 2854 3311 3012 3378; x_wconf 83' lang='lat' dir='ltr'><strong>Quod</strong></span> <span class='ocrx_word' id='word_1_405' title='bbox 3048 3310 3329 3369; x_wconf 83' lang='lat' dir='ltr'><strong>comitissa</strong></span> <span class='ocrx_word' id='word_1_406' title='bbox 3354 3325 3465 3366; x_wconf 88' lang='lat' dir='ltr'><strong>non</strong></span> <span class='ocrx_word' id='word_1_407' title='bbox 3503 3310 3724 3377; x_wconf 84' lang='lat' dir='ltr'><strong>annuit,</strong></span> 
     </span>
    </p>
   </div>
   <div class='ocr_carea' id='block_1_64' title="bbox 495 3394 2060 3477">
    <p class='ocr_par' dir='ltr' id='par_1_64' title="bbox 495 3394 2060 3477">
     <span class='ocr_line' id='line_1_64' title="bbox 495 3394 2060 3477; baseline 0 -16"><span class='ocrx_word' id='word_1_408' title='bbox 495 3415 661 3462; x_wconf 83' lang='lat' dir='ltr'><strong>ruunt</strong></span> <span class='ocrx_word' id='word_1_409' title='bbox 695 3423 858 3476; x_wconf 88' lang='lat' dir='ltr'><strong>super</strong></span> <span class='ocrx_word' id='word_1_410' title='bbox 878 3408 1045 3477; x_wconf 88' lang='lat' dir='ltr'><strong>ipsos,</strong></span> <span class='ocrx_word' id='word_1_411' title='bbox 1076 3406 1430 3464; x_wconf 77' lang='lat' dir='ltr'><strong>vociferantes</strong></span> <span class='ocrx_word' id='word_1_412' title='bbox 1467 3426 1480 3461; x_wconf 95' lang='lat'>:</span> <span class='ocrx_word' id='word_1_413' title='bbox 1509 3407 1668 3462; x_wconf 85' lang='lat' dir='ltr'><strong>Beate</strong></span> <span class='ocrx_word' id='word_1_414' title='bbox 1697 3405 1872 3473; x_wconf 90' lang='lat' dir='ltr'><strong>Petre,</strong></span> <span class='ocrx_word' id='word_1_415' title='bbox 1906 3394 2060 3463; x_wconf 78' lang='lat' dir='ltr'><strong>auxi-</strong></span> 
     </span>
    </p>
   </div>
   <div class='ocr_carea' id='block_1_65' title="bbox 493 3495 2059 3567">
    <p class='ocr_par' dir='ltr' id='par_1_65' title="bbox 493 3495 2059 3567">
     <span class='ocr_line' id='line_1_65' title="bbox 493 3495 2059 3567; baseline 0.002 -18"><span class='ocrx_word' id='word_1_416' title='bbox 493 3497 625 3555; x_wconf 82' lang='lat' dir='ltr'><strong>liare</strong></span> <span class='ocrx_word' id='word_1_417' title='bbox 649 3495 775 3550; x_wconf 87' lang='lat' dir='ltr'><strong>tuis.</strong></span> <span class='ocrx_word' id='word_1_418' title='bbox 802 3495 974 3551; x_wconf 89' lang='lat' dir='ltr'><strong>Tanto</strong></span> <span class='ocrx_word' id='word_1_419' title='bbox 1003 3497 1167 3567; x_wconf 85' lang='lat' dir='ltr'><strong>igitur</strong></span> <span class='ocrx_word' id='word_1_420' title='bbox 1185 3495 1541 3566; x_wconf 85' lang='lat' dir='ltr'><strong>expergefacti</strong></span> <span class='ocrx_word' id='word_1_421' title='bbox 1568 3505 1774 3550; x_wconf 89' lang='lat' dir='ltr'><strong>terrore</strong></span> <span class='ocrx_word' id='word_1_422' title='bbox 1795 3497 2059 3552; x_wconf 89' lang='lat' dir='ltr'><strong>clamore-</strong></span> 
     </span>
    </p>
   </div>
   <div class='ocr_carea' id='block_1_66' title="bbox 494 3582 2058 3653">
    <p class='ocr_par' dir='ltr' id='par_1_66' title="bbox 494 3582 2058 3653">
     <span class='ocr_line' id='line_1_66' title="bbox 494 3582 2058 3653; baseline 0.003 -18"><span class='ocrx_word' id='word_1_423' title='bbox 494 3597 620 3650; x_wconf 86' lang='lat' dir='ltr'><strong>que,</strong></span> <span class='ocrx_word' id='word_1_424' title='bbox 667 3589 776 3635; x_wconf 90' lang='lat' dir='ltr'><strong>tam</strong></span> <span class='ocrx_word' id='word_1_425' title='bbox 808 3583 989 3637; x_wconf 85' lang='lat' dir='ltr'><strong>subito</strong></span> <span class='ocrx_word' id='word_1_426' title='bbox 1028 3582 1310 3653; x_wconf 78' lang='lat' dir='ltr'><strong>stupefacti</strong></span> <span class='ocrx_word' id='word_1_427' title='bbox 1353 3584 1600 3653; x_wconf 84' lang='lat' dir='ltr'><strong>strepitu,</strong></span> <span class='ocrx_word' id='word_1_428' title='bbox 1642 3584 1768 3639; x_wconf 88' lang='lat' dir='ltr'><strong>bine</strong></span> <span class='ocrx_word' id='word_1_429' title='bbox 1816 3584 1939 3639; x_wconf 85' lang='lat' dir='ltr'><strong>inde</strong></span> <span class='ocrx_word' id='word_1_430' title='bbox 1974 3585 2058 3639; x_wconf 83' lang='lat' dir='ltr'><strong>di-</strong></span> 
     </span>
    </p>
   </div>
   <div class='ocr_carea' id='block_1_67' title="bbox 495 3671 2057 3749">
    <p class='ocr_par' dir='ltr' id='par_1_67' title="bbox 495 3671 2057 3749">
     <span class='ocr_line' id='line_1_67' title="bbox 495 3671 2057 3749; baseline 0.003 -25"><span class='ocrx_word' id='word_1_431' title='bbox 495 3671 687 3738; x_wconf 82' lang='lat' dir='ltr'><strong>spersi,</strong></span> <span class='ocrx_word' id='word_1_432' title='bbox 719 3681 865 3741; x_wconf 78' lang='lat' dir='ltr'><strong>terga</strong></span> <span class='ocrx_word' id='word_1_433' title='bbox 881 3682 1177 3749; x_wconf 76' lang='lat' dir='ltr'><strong>verterunt.</strong></span> <span class='ocrx_word' id='word_1_434' title='bbox 1190 3672 1359 3729; x_wconf 66' lang='lat' dir='ltr'><strong>Caesis</strong></span> <span class='ocrx_word' id='word_1_435' title='bbox 1378 3676 1559 3742; x_wconf 90' lang='lat' dir='ltr'><strong>itaque</strong></span> <span class='ocrx_word' id='word_1_436' title='bbox 1574 3682 1628 3728; x_wconf 88' lang='lat' dir='ltr'><strong>et</strong></span> <span class='ocrx_word' id='word_1_437' title='bbox 1652 3674 1846 3729; x_wconf 88' lang='lat' dir='ltr'><strong>occisis</strong></span> <span class='ocrx_word' id='word_1_438' title='bbox 1870 3690 2057 3729; x_wconf 89' lang='lat' dir='ltr'><strong>eorum</strong></span> 
     </span>
    </p>
   </div>
   <div class='ocr_carea' id='block_1_68' title="bbox 494 3760 2059 3833">
    <p class='ocr_par' dir='ltr' id='par_1_68' title="bbox 494 3760 2059 3833">
     <span class='ocr_line' id='line_1_68' title="bbox 494 3760 2059 3833; baseline 0.005 -22"><span class='ocrx_word' id='word_1_439' title='bbox 494 3760 763 3830; x_wconf 85' lang='lat' dir='ltr'><strong>plurimis,</strong></span> <span class='ocrx_word' id='word_1_440' title='bbox 816 3764 973 3816; x_wconf 89' lang='lat' dir='ltr'><strong>multi</strong></span> <span class='ocrx_word' id='word_1_441' title='bbox 1025 3779 1243 3833; x_wconf 87' lang='lat' dir='ltr'><strong>quoque</strong></span> <span class='ocrx_word' id='word_1_442' title='bbox 1295 3779 1609 3819; x_wconf 86' lang='lat' dir='ltr'><strong>remansere</strong></span> <span class='ocrx_word' id='word_1_443' title='bbox 1653 3765 1869 3833; x_wconf 86' lang='lat' dir='ltr'><strong>captivi,</strong></span> <span class='ocrx_word' id='word_1_444' title='bbox 1918 3767 2059 3819; x_wconf 89' lang='lat' dir='ltr'><strong>inter</strong></span> 
     </span>
    </p>
   </div>
   <div class='ocr_carea' id='block_1_69' title="bbox 493 3846 2055 3923">
    <p class='ocr_par' dir='ltr' id='par_1_69' title="bbox 493 3846 2055 3923">
     <span class='ocr_line' id='line_1_69' title="bbox 493 3846 2055 3923; baseline 0.004 -22"><span class='ocrx_word' id='word_1_445' title='bbox 493 3866 633 3917; x_wconf 79' lang='lat' dir='ltr'><strong>quos</strong></span> <span class='ocrx_word' id='word_1_446' title='bbox 674 3846 977 3907; x_wconf 85' lang='lat' dir='ltr'><strong>Ebcrardus</strong></span> <span class='ocrx_word' id='word_1_447' title='bbox 1005 3852 1314 3910; x_wconf 84' lang='lat' dir='ltr'><strong>Parmensis</strong></span> <span class='ocrx_word' id='word_1_448' title='bbox 1351 3854 1636 3923; x_wconf 88' lang='lat' dir='ltr'><strong>episcopus</strong></span> <span class='ocrx_word' id='word_1_449' title='bbox 1661 3852 1779 3908; x_wconf 89' lang='lat' dir='ltr'><strong>fuit.</strong></span> <span class='ocrx_word' id='word_1_450' title='bbox 1810 3853 1887 3910; x_wconf 87' lang='lat' dir='ltr'><strong>Eo</strong></span> <span class='ocrx_word' id='word_1_451' title='bbox 1925 3864 2055 3910; x_wconf 83' lang='lat' dir='ltr'><strong>tem-</strong></span> 
     </span>
    </p>
   </div>
   <div class='ocr_carea' id='block_1_70' title="bbox 493 3942 2061 4013">
    <p class='ocr_par' dir='ltr' id='par_1_70' title="bbox 493 3942 2061 4013">
     <span class='ocr_line' id='line_1_70' title="bbox 493 3942 2061 4013; baseline 0.006 -22"><span class='ocrx_word' id='word_1_452' title='bbox 493 3955 626 4006; x_wconf 88' lang='lat' dir='ltr'><strong>pore</strong></span> <span class='ocrx_word' id='word_1_453' title='bbox 657 3943 948 3999; x_wconf 77' lang='lat' dir='ltr'><strong>Anselmus</strong></span> <span class='ocrx_word' id='word_1_454' title='bbox 971 3942 1233 3997; x_wconf 88' lang='lat' dir='ltr'><strong>Lucensis</strong></span> <span class='ocrx_word' id='word_1_455' title='bbox 1257 3944 1546 4011; x_wconf 86' lang='lat' dir='ltr'><strong>episcopus</strong></span> <span class='ocrx_word' id='word_1_456' title='bbox 1573 3943 1857 3999; x_wconf 84' lang='lat' dir='ltr'><strong>defunctus</strong></span> <span class='ocrx_word' id='word_1_457' title='bbox 1875 3954 1978 4013; x_wconf 87' lang='lat' dir='ltr'><strong>est,</strong></span> <span class='ocrx_word' id='word_1_458' title='bbox 2004 3954 2061 4000; x_wconf 90' lang='lat' dir='ltr'><strong>et</strong></span> 
     </span>
    </p>
   </div>
   <div class='ocr_carea' id='block_1_71' title="bbox 494 4026 2057 4102">
    <p class='ocr_par' dir='ltr' id='par_1_71' title="bbox 494 4026 2057 4102">
     <span class='ocr_line' id='line_1_71' title="bbox 494 4026 2057 4102; baseline 0.002 -16"><span class='ocrx_word' id='word_1_459' title='bbox 494 4033 727 4088; x_wconf 75' lang='lat' dir='ltr'><strong>Mantuae</strong></span> <span class='ocrx_word' id='word_1_460' title='bbox 747 4031 1008 4100; x_wconf 82' lang='lat' dir='ltr'><strong>sepultus.</strong></span> <span class='ocrx_word' id='word_1_461' title='bbox 1028 4030 1143 4086; x_wconf 86' lang='lat' dir='ltr'><strong>&#39;Scd</strong></span> <span class='ocrx_word' id='word_1_462' title='bbox 1173 4032 1226 4084; x_wconf 90' lang='lat' dir='ltr'><strong>in</strong></span> <span class='ocrx_word' id='word_1_463' title='bbox 1252 4030 1430 4086; x_wconf 83' lang='lat' dir='ltr'><strong>Gestis</strong></span> <span class='ocrx_word' id='word_1_464' title='bbox 1453 4032 1572 4100; x_wconf 85' lang='lat' dir='ltr'><strong>ejus</strong></span> <span class='ocrx_word' id='word_1_465' title='bbox 1589 4032 1692 4102; x_wconf 83' lang='lat' dir='ltr'><strong>legi</strong></span> <span class='ocrx_word' id='word_1_466' title='bbox 1714 4026 1855 4102; x_wconf 76' lang='lat' dir='ltr'><strong>quod</strong></span> <span class='ocrx_word' id='word_1_467' title='bbox 1882 4033 2057 4089; x_wconf 88' lang='lat' dir='ltr'><strong>factus</strong></span> 
     </span>
    </p>
   </div>
   <div class='ocr_carea' id='block_1_72' title="bbox 493 4119 2059 4193">
    <p class='ocr_par' dir='ltr' id='par_1_72' title="bbox 493 4119 2059 4193">
     <span class='ocr_line' id='line_1_72' title="bbox 493 4119 2059 4193; baseline 0.001 -18"><span class='ocrx_word' id='word_1_468' title='bbox 493 4134 654 4193; x_wconf 61' lang='lat' dir='ltr'><strong>papa,</strong></span> <span class='ocrx_word' id='word_1_469' title='bbox 684 4129 736 4176; x_wconf 91' lang='lat' dir='ltr'><strong>et</strong></span> <span class='ocrx_word' id='word_1_470' title='bbox 760 4120 1062 4174; x_wconf 81' lang='lat' dir='ltr'><strong>Alexander</strong></span> <span class='ocrx_word' id='word_1_471' title='bbox 1088 4120 1285 4184; x_wconf 89' lang='lat' dir='ltr'><strong>dictus,</strong></span> <span class='ocrx_word' id='word_1_472' title='bbox 1309 4121 1364 4172; x_wconf 90' lang='lat' dir='ltr'><strong>in</strong></span> <span class='ocrx_word' id='word_1_473' title='bbox 1388 4119 1737 4176; x_wconf 87' lang='lat' dir='ltr'><strong>Lateranensi</strong></span> <span class='ocrx_word' id='word_1_474' title='bbox 1763 4123 2059 4191; x_wconf 86' lang='lat' dir='ltr'><strong>requiescit</strong></span> 
     </span>
    </p>
   </div>
   <div class='ocr_carea' id='block_1_73' title="bbox 493 4206 2055 4285">
    <p class='ocr_par' dir='ltr' id='par_1_73' title="bbox 493 4206 2055 4285">
     <span class='ocr_line' id='line_1_73' title="bbox 493 4206 2055 4285; baseline -0.001 -18"><span class='ocrx_word' id='word_1_475' title='bbox 493 4209 739 4267; x_wconf 83' lang='lat' dir='ltr'><strong>ecclesia.</strong></span> <span class='ocrx_word' id='word_1_476' title='bbox 791 4206 1053 4282; x_wconf 83' lang='lat' dir='ltr'><strong>Henricus</strong></span> <span class='ocrx_word' id='word_1_477' title='bbox 1086 4210 1247 4262; x_wconf 89' lang='lat' dir='ltr'><strong>etiam</strong></span> <span class='ocrx_word' id='word_1_478' title='bbox 1285 4210 1574 4283; x_wconf 87' lang='lat' dir='ltr'><strong>imperator</strong></span> <span class='ocrx_word' id='word_1_479' title='bbox 1623 4210 1678 4263; x_wconf 92' lang='lat' dir='ltr'><strong>in</strong></span> <span class='ocrx_word' id='word_1_480' title='bbox 1727 4211 2055 4285; x_wconf 88' lang='lat' dir='ltr'><strong>persecutio-</strong></span> 
     </span>
    </p>
   </div>
   <div class='ocr_carea' id='block_1_74' title="bbox 494 4296 2056 4366">
    <p class='ocr_par' dir='ltr' id='par_1_74' title="bbox 494 4296 2056 4366">
     <span class='ocr_line' id='line_1_74' title="bbox 494 4296 2056 4366; baseline 0.001 -12"><span class='ocrx_word' id='word_1_481' title='bbox 494 4316 617 4357; x_wconf 86' lang='lat' dir='ltr'><strong>nem</strong></span> <span class='ocrx_word' id='word_1_482' title='bbox 662 4298 955 4362; x_wconf 82' lang='lat' dir='ltr'><strong>Mathildis,</strong></span> <span class='ocrx_word' id='word_1_483' title='bbox 986 4297 1198 4366; x_wconf 87' lang='lat' dir='ltr'><strong>publice</strong></span> <span class='ocrx_word' id='word_1_484' title='bbox 1214 4296 1327 4365; x_wconf 89' lang='lat' dir='ltr'><strong>jam</strong></span> <span class='ocrx_word' id='word_1_485' title='bbox 1357 4298 1411 4349; x_wconf 90' lang='lat' dir='ltr'><strong>in</strong></span> <span class='ocrx_word' id='word_1_486' title='bbox 1448 4312 1576 4352; x_wconf 89' lang='lat' dir='ltr'><strong>suos</strong></span> <span class='ocrx_word' id='word_1_487' title='bbox 1607 4299 1907 4365; x_wconf 80' lang='lat' dir='ltr'><strong>advertens,</strong></span> <span class='ocrx_word' id='word_1_488' title='bbox 1931 4301 2056 4361; x_wconf 88' lang='lat' dir='ltr'><strong>abs-</strong></span> 
     </span>
    </p>
   </div>
   <div class='ocr_carea' id='block_1_75' title="bbox 492 4384 2055 4459">
    <p class='ocr_par' dir='ltr' id='par_1_75' title="bbox 492 4384 2055 4459">
     <span class='ocr_line' id='line_1_75' title="bbox 492 4384 2055 4459; baseline 0.001 -18"><span class='ocrx_word' id='word_1_489' title='bbox 492 4391 615 4446; x_wconf 80' lang='lat' dir='ltr'><strong>tulit</strong></span> <span class='ocrx_word' id='word_1_490' title='bbox 642 4390 688 4443; x_wconf 92' lang='lat' dir='ltr'><strong>ei</strong></span> <span class='ocrx_word' id='word_1_491' title='bbox 720 4388 980 4457; x_wconf 83' lang='lat' dir='ltr'><strong>quidquid</strong></span> <span class='ocrx_word' id='word_1_492' title='bbox 1020 4388 1074 4442; x_wconf 92' lang='lat' dir='ltr'><strong>in</strong></span> <span class='ocrx_word' id='word_1_493' title='bbox 1120 4386 1288 4442; x_wconf 87' lang='lat' dir='ltr'><strong>Gallia</strong></span> <span class='ocrx_word' id='word_1_494' title='bbox 1316 4400 1383 4440; x_wconf 80' lang='lat' dir='ltr'><strong>ex</strong></span> <span class='ocrx_word' id='word_1_495' title='bbox 1418 4384 1537 4455; x_wconf 89' lang='lat' dir='ltr'><strong>ipso</strong></span> <span class='ocrx_word' id='word_1_496' title='bbox 1568 4386 1691 4456; x_wconf 86' lang='lat' dir='ltr'><strong>jure</strong></span> <span class='ocrx_word' id='word_1_497' title='bbox 1717 4397 1972 4459; x_wconf 74' lang='lat' dir='ltr'><strong>materno</strong></span> <span class='ocrx_word' id='word_1_498' title='bbox 2001 4398 2055 4443; x_wconf 87' lang='lat' dir='ltr'><strong>et</strong></span> 
     </span>
    </p>
   </div>
   <div class='ocr_carea' id='block_1_76' title="bbox 492 4473 2055 4550">
    <p class='ocr_par' dir='ltr' id='par_1_76' title="bbox 492 4473 2055 4550">
     <span class='ocr_line' id='line_1_76' title="bbox 492 4473 2055 4550; baseline -0.002 -18"><span class='ocrx_word' id='word_1_499' title='bbox 492 4487 716 4550; x_wconf 58' lang='lat' dir='ltr'><strong>paterno</strong></span> <span class='ocrx_word' id='word_1_500' title='bbox 737 4477 1063 4546; x_wconf 86' lang='lat' dir='ltr'><strong>possidebat,</strong></span> <span class='ocrx_word' id='word_1_501' title='bbox 1095 4473 1375 4543; x_wconf 83' lang='lat' dir='ltr'><strong>Brigerino</strong></span> <span class='ocrx_word' id='word_1_502' title='bbox 1408 4484 1587 4529; x_wconf 91' lang='lat' dir='ltr'><strong>castro</strong></span> <span class='ocrx_word' id='word_1_503' title='bbox 1606 4474 1877 4529; x_wconf 77' lang='lat' dir='ltr'><strong>duntaxat</strong></span> <span class='ocrx_word' id='word_1_504' title='bbox 1896 4489 2055 4529; x_wconf 85' lang='lat' dir='ltr'><strong>exce-</strong></span> 
     </span>
    </p>
   </div>
   <div class='ocr_carea' id='block_1_77' title="bbox 492 4564 2052 4641">
    <p class='ocr_par' dir='ltr' id='par_1_77' title="bbox 492 4564 2052 4641">
     <span class='ocr_line' id='line_1_77' title="bbox 492 4564 2052 4641; baseline -0.004 -18"><span class='ocrx_word' id='word_1_505' title='bbox 492 4579 605 4640; x_wconf 84' lang='lat' dir='ltr'><strong>pto,</strong></span> <span class='ocrx_word' id='word_1_506' title='bbox 627 4583 751 4622; x_wconf 85' lang='lat' dir='ltr'><strong>eum</strong></span> <span class='ocrx_word' id='word_1_507' title='bbox 783 4581 980 4641; x_wconf 73' lang='lat' dir='ltr'><strong>revera</strong></span> <span class='ocrx_word' id='word_1_508' title='bbox 1019 4575 1163 4618; x_wconf 84' lang='lat' dir='ltr'><strong>esset</strong></span> <span class='ocrx_word' id='word_1_509' title='bbox 1197 4564 1602 4634; x_wconf 78' lang='lat' dir='ltr'><strong>inexpugnabile</strong></span> <span class='ocrx_word' id='word_1_510' title='bbox 1623 4573 1878 4620; x_wconf 89' lang='lat' dir='ltr'><strong>castrum.</strong></span> <span class='ocrx_word' id='word_1_511' title='bbox 1924 4566 2052 4623; x_wconf 83' lang='lat' dir='ltr'><strong>Post</strong></span> 
     </span>
    </p>
   </div>
   <div class='ocr_carea' id='block_1_78' title="bbox 492 4661 2048 4735">
    <p class='ocr_par' dir='ltr' id='par_1_78' title="bbox 492 4661 2048 4735">
     <span class='ocr_line' id='line_1_78' title="bbox 492 4661 2048 4735; baseline -0.003 -12"><span class='ocrx_word' id='word_1_512' title='bbox 492 4668 609 4724; x_wconf 72' lang='lat' dir='ltr'><strong>hazc</strong></span> <span class='ocrx_word' id='word_1_513' title='bbox 633 4667 922 4735; x_wconf 86' lang='lat' dir='ltr'><strong>imperator</strong></span> <span class='ocrx_word' id='word_1_514' title='bbox 944 4662 1216 4716; x_wconf 79' lang='lat' dir='ltr'><strong>Mantuam</strong></span> <span class='ocrx_word' id='word_1_515' title='bbox 1232 4661 1448 4727; x_wconf 86' lang='lat' dir='ltr'><strong>invasit,</strong></span> <span class='ocrx_word' id='word_1_516' title='bbox 1468 4678 1630 4731; x_wconf 90' lang='lat' dir='ltr'><strong>quam</strong></span> <span class='ocrx_word' id='word_1_517' title='bbox 1651 4663 1881 4719; x_wconf 88' lang='lat' dir='ltr'><strong>undenis</strong></span> <span class='ocrx_word' id='word_1_518' title='bbox 1895 4681 2048 4718; x_wconf 88' lang='lat' dir='ltr'><strong>men-</strong></span> 
     </span>
    </p>
   </div>
   <div class='ocr_carea' id='block_1_79' title="bbox 492 4751 2051 4822">
    <p class='ocr_par' dir='ltr' id='par_1_79' title="bbox 492 4751 2051 4822">
     <span class='ocr_line' id='line_1_79' title="bbox 492 4751 2051 4822; baseline -0.001 -13"><span class='ocrx_word' id='word_1_519' title='bbox 492 4756 645 4809; x_wconf 83' lang='lat' dir='ltr'><strong>sibus</strong></span> <span class='ocrx_word' id='word_1_520' title='bbox 671 4755 788 4811; x_wconf 82' lang='lat' dir='ltr'><strong>dira</strong></span> <span class='ocrx_word' id='word_1_521' title='bbox 810 4752 1089 4806; x_wconf 88' lang='lat' dir='ltr'><strong>obsidione</strong></span> <span class='ocrx_word' id='word_1_522' title='bbox 1112 4751 1349 4807; x_wconf 81' lang='lat' dir='ltr'><strong>vallavit.</strong></span> <span class='ocrx_word' id='word_1_523' title='bbox 1378 4752 1666 4807; x_wconf 84' lang='lat' dir='ltr'><strong>Comitissa</strong></span> <span class='ocrx_word' id='word_1_524' title='bbox 1685 4768 1813 4807; x_wconf 90' lang='lat' dir='ltr'><strong>vero</strong></span> <span class='ocrx_word' id='word_1_525' title='bbox 1843 4768 1938 4822; x_wconf 91' lang='lat' dir='ltr'><strong>per</strong></span> <span class='ocrx_word' id='word_1_526' title='bbox 1966 4755 2051 4808; x_wconf 88' lang='lat' dir='ltr'><strong>in-</strong></span> 
     </span>
    </p>
   </div>
   <div class='ocr_carea' id='block_1_80' title="bbox 493 4836 2045 4907">
    <p class='ocr_par' dir='ltr' id='par_1_80' title="bbox 493 4836 2045 4907">
     <span class='ocr_line' id='line_1_80' title="bbox 493 4836 2045 4907; baseline -0.003 -8"><span class='ocrx_word' id='word_1_527' title='bbox 493 4841 796 4899; x_wconf 80' lang='lat' dir='ltr'><strong>ternuntios</strong></span> <span class='ocrx_word' id='word_1_528' title='bbox 851 4855 980 4894; x_wconf 90' lang='lat' dir='ltr'><strong>suos</strong></span> <span class='ocrx_word' id='word_1_529' title='bbox 1031 4853 1170 4907; x_wconf 66' lang='lat' dir='ltr'><strong>stupe</strong></span> <span class='ocrx_word' id='word_1_530' title='bbox 1219 4836 1539 4894; x_wconf 80' lang='lat' dir='ltr'><strong>Mantuanos</strong></span> <span class='ocrx_word' id='word_1_531' title='bbox 1580 4840 1647 4894; x_wconf 90' lang='lat' dir='ltr'><strong>ad</strong></span> <span class='ocrx_word' id='word_1_532' title='bbox 1689 4842 2045 4895; x_wconf 84' lang='lat' dir='ltr'><strong>constantiam</strong></span> 
     </span>
    </p>
   </div>
   <div class='ocr_carea' id='block_1_81' title="bbox 497 4928 2054 4999">
    <p class='ocr_par' dir='ltr' id='par_1_81' title="bbox 497 4928 2054 4999">
     <span class='ocr_line' id='line_1_81' title="bbox 497 4928 2054 4999; baseline -0.001 -17"><span class='ocrx_word' id='word_1_533' title='bbox 497 4930 836 4997; x_wconf 63' lang='lat' dir='ltr'><strong>hortabatur,</strong></span> <span class='ocrx_word' id='word_1_534' title='bbox 862 4932 1049 4999; x_wconf 87' lang='lat' dir='ltr'><strong>eisque</strong></span> <span class='ocrx_word' id='word_1_535' title='bbox 1077 4931 1326 4986; x_wconf 79' lang='lat' dir='ltr'><strong>victualia</strong></span> <span class='ocrx_word' id='word_1_536' title='bbox 1353 4932 1709 4984; x_wconf 85' lang='lat' dir='ltr'><strong>ministrabat.</strong></span> <span class='ocrx_word' id='word_1_537' title='bbox 1736 4928 1839 4982; x_wconf 83' lang='lat' dir='ltr'><strong>Sed</strong></span> <span class='ocrx_word' id='word_1_538' title='bbox 1867 4942 2054 4982; x_wconf 79' lang='lat' dir='ltr'><strong>eorum</strong></span> 
     </span>
    </p>
   </div>
   <div class='ocr_carea' id='block_1_82' title="bbox 497 5020 2058 5088">
    <p class='ocr_par' dir='ltr' id='par_1_82' title="bbox 497 5020 2058 5088">
     <span class='ocr_line' id='line_1_82' title="bbox 497 5020 2058 5088; baseline -0.001 -15"><span class='ocrx_word' id='word_1_539' title='bbox 497 5021 601 5073; x_wconf 81' lang='lat' dir='ltr'><strong>ﬁde</strong></span> <span class='ocrx_word' id='word_1_540' title='bbox 621 5028 825 5073; x_wconf 86' lang='lat' dir='ltr'><strong>mutata</strong></span> <span class='ocrx_word' id='word_1_541' title='bbox 849 5034 967 5074; x_wconf 86' lang='lat' dir='ltr'><strong>sese</strong></span> <span class='ocrx_word' id='word_1_542' title='bbox 989 5021 1299 5088; x_wconf 86' lang='lat' dir='ltr'><strong>imperatori</strong></span> <span class='ocrx_word' id='word_1_543' title='bbox 1325 5020 1675 5083; x_wconf 83' lang='lat' dir='ltr'><strong>tradiderunt,</strong></span> <span class='ocrx_word' id='word_1_544' title='bbox 1701 5021 1868 5074; x_wconf 89' lang='lat' dir='ltr'><strong>inscia</strong></span> <span class='ocrx_word' id='word_1_545' title='bbox 1891 5020 2058 5074; x_wconf 86' lang='lat' dir='ltr'><strong>comi-</strong></span> 
     </span>
    </p>
   </div>
   <div class='ocr_carea' id='block_1_83' title="bbox 496 5109 2059 5179">
    <p class='ocr_par' dir='ltr' id='par_1_83' title="bbox 496 5109 2059 5179">
     <span class='ocr_line' id='line_1_83' title="bbox 496 5109 2059 5179; baseline 0 -16"><span class='ocrx_word' id='word_1_546' title='bbox 496 5109 650 5169; x_wconf 86' lang='lat' dir='ltr'><strong>tissa,</strong></span> <span class='ocrx_word' id='word_1_547' title='bbox 682 5110 1002 5175; x_wconf 82' lang='lat' dir='ltr'><strong>quibusdam</strong></span> <span class='ocrx_word' id='word_1_548' title='bbox 1025 5111 1314 5166; x_wconf 68' lang='lat' dir='ltr'><strong>comitissaa</strong></span> <span class='ocrx_word' id='word_1_549' title='bbox 1340 5110 1648 5179; x_wconf 87' lang='lat' dir='ltr'><strong>proceribus</strong></span> <span class='ocrx_word' id='word_1_550' title='bbox 1678 5125 1807 5163; x_wconf 85' lang='lat' dir='ltr'><strong>casu</strong></span> <span class='ocrx_word' id='word_1_551' title='bbox 1829 5111 2059 5167; x_wconf 86' lang='lat' dir='ltr'><strong>evaden-</strong></span> 
     </span>
    </p>
   </div>
   <div class='ocr_carea' id='block_1_84' title="bbox 499 5199 2057 5267">
    <p class='ocr_par' dir='ltr' id='par_1_84' title="bbox 499 5199 2057 5267">
     <span class='ocr_line' id='line_1_84' title="bbox 499 5199 2057 5267; baseline 0 -15"><span class='ocrx_word' id='word_1_552' title='bbox 499 5199 666 5262; x_wconf 86' lang='lat' dir='ltr'><strong>tibus,</strong></span> <span class='ocrx_word' id='word_1_553' title='bbox 683 5200 774 5267; x_wconf 88' lang='lat' dir='ltr'><strong>qui</strong></span> <span class='ocrx_word' id='word_1_554' title='bbox 796 5200 849 5252; x_wconf 91' lang='lat' dir='ltr'><strong>in</strong></span> <span class='ocrx_word' id='word_1_555' title='bbox 863 5200 978 5267; x_wconf 87' lang='lat' dir='ltr'><strong>ipsa</strong></span> <span class='ocrx_word' id='word_1_556' title='bbox 999 5201 1215 5256; x_wconf 87' lang='lat' dir='ltr'><strong>civitate</strong></span> <span class='ocrx_word' id='word_1_557' title='bbox 1235 5201 1300 5255; x_wconf 90' lang='lat' dir='ltr'><strong>ad</strong></span> <span class='ocrx_word' id='word_1_558' title='bbox 1323 5200 1736 5257; x_wconf 83' lang='lat' dir='ltr'><strong>Mantuanorum</strong></span> <span class='ocrx_word' id='word_1_559' title='bbox 1757 5199 2057 5255; x_wconf 86' lang='lat' dir='ltr'><strong>subsidium</strong></span> 
     </span>
    </p>
   </div>
   <div class='ocr_carea' id='block_1_85' title="bbox 498 5287 2059 5359">
    <p class='ocr_par' dir='ltr' id='par_1_85' title="bbox 498 5287 2059 5359">
     <span class='ocr_line' id='line_1_85' title="bbox 498 5287 2059 5359; baseline 0.002 -16"><span class='ocrx_word' id='word_1_560' title='bbox 498 5287 826 5343; x_wconf 79' lang='lat' dir='ltr'><strong>residebant.</strong></span> <span class='ocrx_word' id='word_1_561' title='bbox 850 5287 1146 5357; x_wconf 87' lang='lat' dir='ltr'><strong>Imperator</strong></span> <span class='ocrx_word' id='word_1_562' title='bbox 1166 5290 1304 5343; x_wconf 84' lang='lat' dir='ltr'><strong>victa</strong></span> <span class='ocrx_word' id='word_1_563' title='bbox 1326 5290 1538 5345; x_wconf 86' lang='lat' dir='ltr'><strong>civitate</strong></span> <span class='ocrx_word' id='word_1_564' title='bbox 1559 5291 1746 5345; x_wconf 86' lang='lat' dir='ltr'><strong>statuit</strong></span> <span class='ocrx_word' id='word_1_565' title='bbox 1765 5290 1819 5343; x_wconf 89' lang='lat' dir='ltr'><strong>in</strong></span> <span class='ocrx_word' id='word_1_566' title='bbox 1841 5305 1904 5345; x_wconf 90' lang='lat' dir='ltr'><strong>ea</strong></span> <span class='ocrx_word' id='word_1_567' title='bbox 1924 5304 2059 5359; x_wconf 68' lang='lat' dir='ltr'><strong>prte-</strong></span> 
     </span>
    </p>
   </div>
   <div class='ocr_carea' id='block_1_86' title="bbox 500 5371 2061 5448">
    <p class='ocr_par' dir='ltr' id='par_1_86' title="bbox 500 5371 2061 5448">
     <span class='ocr_line' id='line_1_86' title="bbox 500 5371 2061 5448; baseline 0.003 -19"><span class='ocrx_word' id='word_1_568' title='bbox 500 5377 681 5430; x_wconf 83' lang='lat' dir='ltr'><strong>sulem.</strong></span> <span class='ocrx_word' id='word_1_569' title='bbox 718 5376 994 5433; x_wconf 88' lang='lat' dir='ltr'><strong>Cononem</strong></span> <span class='ocrx_word' id='word_1_570' title='bbox 1040 5379 1279 5444; x_wconf 88' lang='lat' dir='ltr'><strong>nomine,</strong></span> <span class='ocrx_word' id='word_1_571' title='bbox 1317 5393 1511 5448; x_wconf 79' lang='lat' dir='ltr'><strong>genere</strong></span> <span class='ocrx_word' id='word_1_572' title='bbox 1550 5371 1939 5444; x_wconf 75' lang='lat' dir='ltr'><strong>Alamannam,</strong></span> <span class='ocrx_word' id='word_1_573' title='bbox 1976 5379 2061 5434; x_wconf 83' lang='lat' dir='ltr'><strong>fu-</strong></span> 
     </span>
    </p>
   </div>
   <div class='ocr_carea' id='block_1_87' title="bbox 501 5465 2059 5539">
    <p class='ocr_par' dir='ltr' id='par_1_87' title="bbox 501 5465 2059 5539">
     <span class='ocr_line' id='line_1_87' title="bbox 501 5465 2059 5539; baseline 0.001 -18"><span class='ocrx_word' id='word_1_574' title='bbox 501 5477 624 5537; x_wconf 84' lang='lat' dir='ltr'><strong>gato</strong></span> <span class='ocrx_word' id='word_1_575' title='bbox 653 5467 778 5521; x_wconf 88' lang='lat' dir='ltr'><strong>inde</strong></span> <span class='ocrx_word' id='word_1_576' title='bbox 813 5465 1019 5521; x_wconf 88' lang='lat' dir='ltr'><strong>Ubaldo</strong></span> <span class='ocrx_word' id='word_1_577' title='bbox 1045 5470 1300 5525; x_wconf 85' lang='lat' dir='ltr'><strong>antistite.</strong></span> <span class='ocrx_word' id='word_1_578' title='bbox 1328 5467 1571 5523; x_wconf 88' lang='lat' dir='ltr'><strong>Obtinuit</strong></span> <span class='ocrx_word' id='word_1_579' title='bbox 1606 5476 1858 5537; x_wconf 64' lang='lat' dir='ltr'><strong>prmhrrea</strong></span> <span class='ocrx_word' id='word_1_580' title='bbox 1886 5468 2059 5539; x_wconf 50' lang='lat' dir='ltr'><strong>impc‘</strong></span> 
     </span>
    </p>
   </div>
   <div class='ocr_carea' id='block_1_88' title="bbox 503 5556 2059 5629">
    <p class='ocr_par' dir='ltr' id='par_1_88' title="bbox 503 5556 2059 5629">
     <span class='ocr_line' id='line_1_88' title="bbox 503 5556 2059 5629; baseline 0.001 -18"><span class='ocrx_word' id='word_1_581' title='bbox 503 5567 652 5612; x_wconf 85' lang='lat' dir='ltr'><strong>ratur</strong></span> <span class='ocrx_word' id='word_1_582' title='bbox 688 5558 799 5612; x_wconf 84' lang='lat' dir='ltr'><strong>fere</strong></span> <span class='ocrx_word' id='word_1_583' title='bbox 830 5567 1053 5613; x_wconf 87' lang='lat' dir='ltr'><strong>cunctas</strong></span> <span class='ocrx_word' id='word_1_584' title='bbox 1083 5560 1323 5615; x_wconf 85' lang='lat' dir='ltr'><strong>civitates</strong></span> <span class='ocrx_word' id='word_1_585' title='bbox 1352 5570 1405 5614; x_wconf 91' lang='lat' dir='ltr'><strong>et</strong></span> <span class='ocrx_word' id='word_1_586' title='bbox 1431 5558 1623 5629; x_wconf 90' lang='lat' dir='ltr'><strong>oppida</strong></span> <span class='ocrx_word' id='word_1_587' title='bbox 1658 5559 1796 5612; x_wconf 90' lang='lat' dir='ltr'><strong>ultra</strong></span> <span class='ocrx_word' id='word_1_588' title='bbox 1833 5556 2059 5625; x_wconf 87' lang='lat' dir='ltr'><strong>Padum,</strong></span> 
     </span>
    </p>
   </div>
   <div class='ocr_carea' id='block_1_89' title="bbox 503 5648 2063 5720">
    <p class='ocr_par' dir='ltr' id='par_1_89' title="bbox 503 5648 2063 5720">
     <span class='ocr_line' id='line_1_89' title="bbox 503 5648 2063 5720; baseline 0.003 -18"><span class='ocrx_word' id='word_1_589' title='bbox 503 5649 741 5717; x_wconf 78' lang='lat' dir='ltr'><strong>exceptis</strong></span> <span class='ocrx_word' id='word_1_590' title='bbox 769 5648 987 5706; x_wconf 77' lang='lat' dir='ltr'><strong>Platona</strong></span> <span class='ocrx_word' id='word_1_591' title='bbox 1024 5658 1078 5703; x_wconf 87' lang='lat' dir='ltr'><strong>et</strong></span> <span class='ocrx_word' id='word_1_592' title='bbox 1108 5648 1315 5719; x_wconf 72' lang='lat' dir='ltr'><strong>Nagara</strong></span> <span class='ocrx_word' id='word_1_593' title='bbox 1338 5691 1351 5714; x_wconf 93' lang='lat'><strong>,</strong></span> <span class='ocrx_word' id='word_1_594' title='bbox 1389 5666 1513 5720; x_wconf 66' lang='lat' dir='ltr'><strong>quae</strong></span> <span class='ocrx_word' id='word_1_595' title='bbox 1549 5649 1603 5704; x_wconf 89' lang='lat' dir='ltr'><strong>in</strong></span> <span class='ocrx_word' id='word_1_596' title='bbox 1640 5649 1742 5705; x_wconf 85' lang='lat' dir='ltr'><strong>ﬁde</strong></span> <span class='ocrx_word' id='word_1_597' title='bbox 1775 5648 2063 5706; x_wconf 64' lang='lat' dir='ltr'><strong>comitissat</strong></span> 
     </span>
    </p>
   </div>
   <div class='ocr_carea' id='block_1_90' title="bbox 508 5740 2059 5810">
    <p class='ocr_par' dir='ltr' id='par_1_90' title="bbox 508 5740 2059 5810">
     <span class='ocr_line' id='line_1_90' title="bbox 508 5740 2059 5810; baseline 0.002 -17"><span class='ocrx_word' id='word_1_598' title='bbox 508 5750 917 5805; x_wconf 87' lang='lat' dir='ltr'><strong>permanserunt</strong></span> <span class='ocrx_word' id='word_1_599' title='bbox 958 5740 1245 5796; x_wconf 79' lang='lat' dir='ltr'><strong>Mathildis.</strong></span> <span class='ocrx_word' id='word_1_600' title='bbox 1286 5740 1436 5809; x_wconf 79' lang='lat' dir='ltr'><strong>Cepit</strong></span> <span class='ocrx_word' id='word_1_601' title='bbox 1468 5750 1720 5810; x_wconf 72' lang='lat' dir='ltr'><strong>praeterea</strong></span> <span class='ocrx_word' id='word_1_602' title='bbox 1752 5741 2059 5797; x_wconf 74' lang='lat' dir='ltr'><strong>lliuerviam</strong></span> 
     </span>
    </p>
   </div>
   <div class='ocr_carea' id='block_1_91' title="bbox 508 5827 2061 5898">
    <p class='ocr_par' dir='ltr' id='par_1_91' title="bbox 508 5827 2061 5898">
     <span class='ocr_line' id='line_1_91' title="bbox 508 5827 2061 5898; baseline 0.007 -17"><span class='ocrx_word' id='word_1_603' title='bbox 508 5827 647 5883; x_wconf 82' lang='lat' dir='ltr'><strong>fame</strong></span> <span class='ocrx_word' id='word_1_604' title='bbox 674 5830 942 5885; x_wconf 83' lang='lat' dir='ltr'><strong>alllietam.</strong></span> <span class='ocrx_word' id='word_1_605' title='bbox 973 5832 1259 5887; x_wconf 78' lang='lat' dir='ltr'><strong>Comitissa</strong></span> <span class='ocrx_word' id='word_1_606' title='bbox 1287 5847 1392 5885; x_wconf 88' lang='lat' dir='ltr'><strong>non</strong></span> <span class='ocrx_word' id='word_1_607' title='bbox 1428 5840 1706 5898; x_wconf 81' lang='lat' dir='ltr'><strong>propterea</strong></span> <span class='ocrx_word' id='word_1_608' title='bbox 1727 5842 1905 5891; x_wconf 84' lang='lat' dir='ltr'><strong>tamen</strong></span> <span class='ocrx_word' id='word_1_609' title='bbox 1930 5848 2061 5891; x_wconf 89' lang='lat' dir='ltr'><strong>con-</strong></span> 
     </span>
    </p>
   </div>
   <div class='ocr_carea' id='block_1_92' title="bbox 2142 3400 3725 3470">
    <p class='ocr_par' dir='ltr' id='par_1_92' title="bbox 2142 3400 3725 3470">
     <span class='ocr_line' id='line_1_92' title="bbox 2142 3400 3725 3470; baseline 0.002 -17"><span class='ocrx_word' id='word_1_610' title='bbox 2142 3400 2479 3469; x_wconf 64' lang='lat' dir='ltr'><strong>quibusdam</strong></span> <span class='ocrx_word' id='word_1_611' title='bbox 2517 3408 2699 3456; x_wconf 90' lang='lat' dir='ltr'><strong>tamen</strong></span> <span class='ocrx_word' id='word_1_612' title='bbox 2734 3401 3095 3457; x_wconf 85' lang='lat' dir='ltr'><strong>mediautibus</strong></span> <span class='ocrx_word' id='word_1_613' title='bbox 3132 3400 3454 3470; x_wconf 81' lang='lat' dir='ltr'><strong>proceribus</strong></span> <span class='ocrx_word' id='word_1_614' title='bbox 3486 3409 3543 3457; x_wconf 88' lang='lat' dir='ltr'><strong>et</strong></span> <span class='ocrx_word' id='word_1_615' title='bbox 3577 3415 3725 3470; x_wconf 74' lang='lat' dir='ltr'><strong>pra:-</strong></span> 
     </span>
    </p>
   </div>
   <div class='ocr_carea' id='block_1_93' title="bbox 2157 3490 3722 3563">
    <p class='ocr_par' dir='ltr' id='par_1_93' title="bbox 2157 3490 3722 3563">
     <span class='ocr_line' id='line_1_93' title="bbox 2157 3490 3722 3563; baseline 0.001 -18"><span class='ocrx_word' id='word_1_616' title='bbox 2157 3491 2310 3557; x_wconf 90' lang='lat' dir='ltr'><strong>latis;</strong></span> <span class='ocrx_word' id='word_1_617' title='bbox 2335 3493 2474 3547; x_wconf 89' lang='lat' dir='ltr'><strong>inter</strong></span> <span class='ocrx_word' id='word_1_618' title='bbox 2499 3506 2639 3561; x_wconf 90' lang='lat' dir='ltr'><strong>quos</strong></span> <span class='ocrx_word' id='word_1_619' title='bbox 2660 3507 2785 3548; x_wconf 89' lang='lat' dir='ltr'><strong>eum</strong></span> <span class='ocrx_word' id='word_1_620' title='bbox 2808 3491 3124 3547; x_wconf 80' lang='lat' dir='ltr'><strong>Heribertus</strong></span> <span class='ocrx_word' id='word_1_621' title='bbox 3154 3490 3471 3563; x_wconf 82' lang='lat' dir='ltr'><strong>Reginensis</strong></span> <span class='ocrx_word' id='word_1_622' title='bbox 3497 3491 3722 3561; x_wconf 87' lang='lat' dir='ltr'><strong>episeo-</strong></span> 
     </span>
    </p>
   </div>
   <div class='ocr_carea' id='block_1_94' title="bbox 2158 3582 3725 3655">
    <p class='ocr_par' dir='ltr' id='par_1_94' title="bbox 2158 3582 3725 3655">
     <span class='ocr_line' id='line_1_94' title="bbox 2158 3582 3725 3655; baseline 0.002 -19"><span class='ocrx_word' id='word_1_623' title='bbox 2158 3598 2259 3651; x_wconf 91' lang='lat' dir='ltr'><strong>pus</strong></span> <span class='ocrx_word' id='word_1_624' title='bbox 2296 3583 2544 3637; x_wconf 88' lang='lat' dir='ltr'><strong>inclinari</strong></span> <span class='ocrx_word' id='word_1_625' title='bbox 2579 3583 2850 3638; x_wconf 87' lang='lat' dir='ltr'><strong>videretur</strong></span> <span class='ocrx_word' id='word_1_626' title='bbox 2890 3584 2957 3638; x_wconf 90' lang='lat' dir='ltr'><strong>ad</strong></span> <span class='ocrx_word' id='word_1_627' title='bbox 2986 3583 3137 3655; x_wconf 83' lang='lat' dir='ltr'><strong>pacis</strong></span> <span class='ocrx_word' id='word_1_628' title='bbox 3182 3582 3499 3650; x_wconf 84' lang='lat' dir='ltr'><strong>vinculum,</strong></span> <span class='ocrx_word' id='word_1_629' title='bbox 3549 3582 3725 3639; x_wconf 75' lang='lat' dir='ltr'><strong>abbas</strong></span> 
     </span>
    </p>
   </div>
   <div class='ocr_carea' id='block_1_95' title="bbox 2155 3670 3721 3754">
    <p class='ocr_par' dir='ltr' id='par_1_95' title="bbox 2155 3670 3721 3754">
     <span class='ocr_line' id='line_1_95' title="bbox 2155 3670 3721 3754; baseline 0.001 -27"><span class='ocrx_word' id='word_1_630' title='bbox 2155 3672 2373 3742; x_wconf 77' lang='lat' dir='ltr'><strong>quidam</strong></span> <span class='ocrx_word' id='word_1_631' title='bbox 2406 3670 2639 3728; x_wconf 83' lang='lat' dir='ltr'><strong>Joannes</strong></span> <span class='ocrx_word' id='word_1_632' title='bbox 2672 3673 2889 3727; x_wconf 91' lang='lat' dir='ltr'><strong>nomine</strong></span> <span class='ocrx_word' id='word_1_633' title='bbox 2926 3672 3217 3754; x_wconf 62' lang='lat' dir='ltr'><strong>comitissz</strong></span> <span class='ocrx_word' id='word_1_634' title='bbox 3240 3688 3428 3742; x_wconf 82' lang='lat' dir='ltr'><strong>pacem</strong></span> <span class='ocrx_word' id='word_1_635' title='bbox 3454 3672 3571 3727; x_wconf 78' lang='lat' dir='ltr'><strong>ﬁeri</strong></span> <span class='ocrx_word' id='word_1_636' title='bbox 3598 3673 3721 3728; x_wconf 87' lang='lat' dir='ltr'><strong>dis-</strong></span> 
     </span>
    </p>
   </div>
   <div class='ocr_carea' id='block_1_96' title="bbox 2157 3750 3725 3833">
    <p class='ocr_par' dir='ltr' id='par_1_96' title="bbox 2157 3750 3725 3833">
     <span class='ocr_line' id='line_1_96' title="bbox 2157 3750 3725 3833; baseline 0.002 -18"><span class='ocrx_word' id='word_1_637' title='bbox 2157 3762 2347 3827; x_wconf 84' lang='lat' dir='ltr'><strong>suasit,</strong></span> <span class='ocrx_word' id='word_1_638' title='bbox 2371 3761 2511 3816; x_wconf 85' lang='lat' dir='ltr'><strong>bane</strong></span> <span class='ocrx_word' id='word_1_639' title='bbox 2537 3777 2786 3818; x_wconf 89' lang='lat' dir='ltr'><strong>asserens</strong></span> <span class='ocrx_word' id='word_1_640' title='bbox 2820 3750 3008 3833; x_wconf 89' lang='lat' dir='ltr'><strong>pacem</strong></span> <span class='ocrx_word' id='word_1_641' title='bbox 3027 3750 3335 3818; x_wconf 61' lang='lat' dir='ltr'><strong>&quot;catholica</strong></span> <span class='ocrx_word' id='word_1_642' title='bbox 3362 3762 3560 3817; x_wconf 85' lang='lat' dir='ltr'><strong>unitati</strong></span> <span class='ocrx_word' id='word_1_643' title='bbox 3599 3762 3725 3818; x_wconf 82' lang='lat' dir='ltr'><strong>fore</strong></span> 
     </span>
    </p>
   </div>
   <div class='ocr_carea' id='block_1_97' title="bbox 2157 3846 3723 3923">
    <p class='ocr_par' dir='ltr' id='par_1_97' title="bbox 2157 3846 3723 3923">
     <span class='ocr_line' id='line_1_97' title="bbox 2157 3846 3723 3923; baseline 0.002 -17"><span class='ocrx_word' id='word_1_644' title='bbox 2157 3851 2504 3907; x_wconf 87' lang='lat' dir='ltr'><strong>contrariam.</strong></span> <span class='ocrx_word' id='word_1_645' title='bbox 2551 3852 2841 3908; x_wconf 76' lang='lat' dir='ltr'><strong>Animatur</strong></span> <span class='ocrx_word' id='word_1_646' title='bbox 2884 3854 3069 3923; x_wconf 86' lang='lat' dir='ltr'><strong>itaque</strong></span> <span class='ocrx_word' id='word_1_647' title='bbox 3105 3850 3383 3909; x_wconf 82' lang='lat' dir='ltr'><strong>comitissa</strong></span> <span class='ocrx_word' id='word_1_648' title='bbox 3418 3862 3479 3908; x_wconf 87' lang='lat' dir='ltr'><strong>ut</strong></span> <span class='ocrx_word' id='word_1_649' title='bbox 3526 3854 3584 3908; x_wconf 91' lang='lat' dir='ltr'><strong>iu</strong></span> <span class='ocrx_word' id='word_1_650' title='bbox 3610 3846 3723 3909; x_wconf 74' lang='lat' dir='ltr'><strong>Do-</strong></span> 
     </span>
    </p>
   </div>
   <div class='ocr_carea' id='block_1_98' title="bbox 2155 3942 3721 4005">
    <p class='ocr_par' dir='ltr' id='par_1_98' title="bbox 2155 3942 3721 4005">
     <span class='ocr_line' id='line_1_98' title="bbox 2155 3942 3721 4005; baseline 0.001 -8"><span class='ocrx_word' id='word_1_651' title='bbox 2155 3943 2303 3998; x_wconf 91' lang='lat' dir='ltr'><strong>mino</strong></span> <span class='ocrx_word' id='word_1_652' title='bbox 2348 3943 2625 3999; x_wconf 82' lang='lat' dir='ltr'><strong>conlidens</strong></span> <span class='ocrx_word' id='word_1_653' title='bbox 2662 3944 2811 3999; x_wconf 87' lang='lat' dir='ltr'><strong>vires</strong></span> <span class='ocrx_word' id='word_1_654' title='bbox 2849 3942 3545 4005; x_wconf 54' lang='lat' dir='ltr'><strong>assumeret‘fortitudinis.</strong></span> <span class='ocrx_word' id='word_1_655' title='bbox 3572 3942 3721 3998; x_wconf 64' lang='lat' dir='ltr'><strong>Hac</strong></span> 
     </span>
    </p>
   </div>
   <div class='ocr_carea' id='block_1_99' title="bbox 2155 4030 3718 4105">
    <p class='ocr_par' dir='ltr' id='par_1_99' title="bbox 2155 4030 3718 4105">
     <span class='ocr_line' id='line_1_99' title="bbox 2155 4030 3718 4105; baseline 0.003 -20"><span class='ocrx_word' id='word_1_656' title='bbox 2155 4041 2333 4086; x_wconf 88' lang='lat' dir='ltr'><strong>autem</strong></span> <span class='ocrx_word' id='word_1_657' title='bbox 2379 4039 2500 4086; x_wconf 86' lang='lat' dir='ltr'><strong>acta</strong></span> <span class='ocrx_word' id='word_1_658' title='bbox 2545 4033 2773 4086; x_wconf 78' lang='lat' dir='ltr'><strong>suntin</strong></span> <span class='ocrx_word' id='word_1_659' title='bbox 2824 4033 2946 4089; x_wconf 88' lang='lat' dir='ltr'><strong>loco</strong></span> <span class='ocrx_word' id='word_1_660' title='bbox 2984 4034 3081 4105; x_wconf 89' lang='lat' dir='ltr'><strong>qui</strong></span> <span class='ocrx_word' id='word_1_661' title='bbox 3097 4030 3296 4088; x_wconf 81' lang='lat' dir='ltr'><strong>dicitur</strong></span> <span class='ocrx_word' id='word_1_662' title='bbox 3337 4032 3718 4103; x_wconf 82' lang='lat' dir='ltr'><strong>Carpinetum.</strong></span> 
     </span>
    </p>
   </div>
   <div class='ocr_carea' id='block_1_100' title="bbox 2154 4122 3720 4195">
    <p class='ocr_par' dir='ltr' id='par_1_100' title="bbox 2154 4122 3720 4195">
     <span class='ocr_line' id='line_1_100' title="bbox 2154 4122 3720 4195; baseline 0.004 -21"><span class='ocrx_word' id='word_1_663' title='bbox 2154 4122 2333 4176; x_wconf 84' lang='lat' dir='ltr'><strong>Multis</strong></span> <span class='ocrx_word' id='word_1_664' title='bbox 2361 4123 2524 4191; x_wconf 88' lang='lat' dir='ltr'><strong>igitur</strong></span> <span class='ocrx_word' id='word_1_665' title='bbox 2558 4123 2845 4189; x_wconf 87' lang='lat' dir='ltr'><strong>machinis,</strong></span> <span class='ocrx_word' id='word_1_666' title='bbox 2887 4132 2942 4179; x_wconf 88' lang='lat' dir='ltr'><strong>et</strong></span> <span class='ocrx_word' id='word_1_667' title='bbox 2965 4122 3087 4178; x_wconf 87' lang='lat' dir='ltr'><strong>aliis</strong></span> <span class='ocrx_word' id='word_1_668' title='bbox 3110 4123 3319 4179; x_wconf 86' lang='lat' dir='ltr'><strong>bellicis</strong></span> <span class='ocrx_word' id='word_1_669' title='bbox 3342 4125 3720 4195; x_wconf 81' lang='lat' dir='ltr'><strong>apparatibus</strong></span> 
     </span>
    </p>
   </div>
   <div class='ocr_carea' id='block_1_101' title="bbox 2153 4212 3717 4284">
    <p class='ocr_par' dir='ltr' id='par_1_101' title="bbox 2153 4212 3717 4284">
     <span class='ocr_line' id='line_1_101' title="bbox 2153 4212 3717 4284; baseline 0.001 -19"><span class='ocrx_word' id='word_1_670' title='bbox 2153 4212 2349 4266; x_wconf 82' lang='lat' dir='ltr'><strong>Montis</strong></span> <span class='ocrx_word' id='word_1_671' title='bbox 2371 4212 2500 4270; x_wconf 86' lang='lat' dir='ltr'><strong>Belli</strong></span> <span class='ocrx_word' id='word_1_672' title='bbox 2528 4222 2775 4268; x_wconf 87' lang='lat' dir='ltr'><strong>castrum</strong></span> <span class='ocrx_word' id='word_1_673' title='bbox 2797 4222 3166 4284; x_wconf 82' lang='lat' dir='ltr'><strong>oppugnatum</strong></span> <span class='ocrx_word' id='word_1_674' title='bbox 3192 4221 3295 4279; x_wconf 76' lang='lat' dir='ltr'><strong>est.</strong></span> <span class='ocrx_word' id='word_1_675' title='bbox 3323 4213 3512 4283; x_wconf 76' lang='lat' dir='ltr'><strong>Ibique</strong></span> <span class='ocrx_word' id='word_1_676' title='bbox 3537 4214 3717 4284; x_wconf 84' lang='lat' dir='ltr'><strong>impe-</strong></span> 
     </span>
    </p>
   </div>
   <div class='ocr_carea' id='block_1_102' title="bbox 2152 4295 3722 4374">
    <p class='ocr_par' dir='ltr' id='par_1_102' title="bbox 2152 4295 3722 4374">
     <span class='ocr_line' id='line_1_102' title="bbox 2152 4295 3722 4374; baseline 0.001 -17"><span class='ocrx_word' id='word_1_677' title='bbox 2152 4302 2523 4358; x_wconf 66' lang='lat' dir='ltr'><strong>ratoris’ﬁlius</strong></span> <span class='ocrx_word' id='word_1_678' title='bbox 2549 4304 2754 4358; x_wconf 89' lang='lat' dir='ltr'><strong>corruit</strong></span> <span class='ocrx_word' id='word_1_679' title='bbox 2795 4318 2904 4357; x_wconf 88' lang='lat' dir='ltr'><strong>non</strong></span> <span class='ocrx_word' id='word_1_680' title='bbox 2933 4304 3049 4358; x_wconf 89' lang='lat' dir='ltr'><strong>sine</strong></span> <span class='ocrx_word' id='word_1_681' title='bbox 3074 4295 3246 4373; x_wconf 83' lang='lat' dir='ltr'><strong>patris</strong></span> <span class='ocrx_word' id='word_1_682' title='bbox 3291 4302 3476 4359; x_wconf 89' lang='lat' dir='ltr'><strong>dolore</strong></span> <span class='ocrx_word' id='word_1_683' title='bbox 3502 4303 3722 4374; x_wconf 81' lang='lat' dir='ltr'><strong>gravis-</strong></span> 
     </span>
    </p>
   </div>
   <div class='ocr_carea' id='block_1_103' title="bbox 2150 4392 3720 4470">
    <p class='ocr_par' dir='ltr' id='par_1_103' title="bbox 2150 4392 3720 4470">
     <span class='ocr_line' id='line_1_103' title="bbox 2150 4392 3720 4470; baseline 0.001 -23"><span class='ocrx_word' id='word_1_684' title='bbox 2150 4394 2316 4459; x_wconf 90' lang='lat' dir='ltr'><strong>simo;</strong></span> <span class='ocrx_word' id='word_1_685' title='bbox 2352 4393 2512 4470; x_wconf 83' lang='lat' dir='ltr'><strong>cujus</strong></span> <span class='ocrx_word' id='word_1_686' title='bbox 2545 4402 2741 4461; x_wconf 81' lang='lat' dir='ltr'><strong>corpus</strong></span> <span class='ocrx_word' id='word_1_687' title='bbox 2768 4392 2963 4447; x_wconf 76' lang='lat' dir='ltr'><strong>deferri</strong></span> <span class='ocrx_word' id='word_1_688' title='bbox 3005 4392 3268 4449; x_wconf 85' lang='lat' dir='ltr'><strong>Veronam</strong></span> <span class='ocrx_word' id='word_1_689' title='bbox 3292 4394 3478 4464; x_wconf 88' lang='lat' dir='ltr'><strong>jussit,</strong></span> <span class='ocrx_word' id='word_1_690' title='bbox 3506 4401 3564 4448; x_wconf 90' lang='lat' dir='ltr'><strong>et</strong></span> <span class='ocrx_word' id='word_1_691' title='bbox 3588 4396 3720 4449; x_wconf 70' lang='lat' dir='ltr'><strong>60n-</strong></span> 
     </span>
    </p>
   </div>
   <div class='ocr_carea' id='block_1_104' title="bbox 2149 4479 3714 4552">
    <p class='ocr_par' dir='ltr' id='par_1_104' title="bbox 2149 4479 3714 4552">
     <span class='ocr_line' id='line_1_104' title="bbox 2149 4479 3714 4552; baseline 0.003 -17"><span class='ocrx_word' id='word_1_692' title='bbox 2149 4482 2311 4552; x_wconf 91' lang='lat' dir='ltr'><strong>digno</strong></span> <span class='ocrx_word' id='word_1_693' title='bbox 2357 4481 2613 4535; x_wconf 89' lang='lat' dir='ltr'><strong>tumulari</strong></span> <span class='ocrx_word' id='word_1_694' title='bbox 2658 4480 2926 4550; x_wconf 89' lang='lat' dir='ltr'><strong>sepulcro.</strong></span> <span class='ocrx_word' id='word_1_695' title='bbox 2956 4479 3156 4537; x_wconf 81' lang='lat' dir='ltr'><strong>Videns</strong></span> <span class='ocrx_word' id='word_1_696' title='bbox 3202 4483 3415 4537; x_wconf 89' lang='lat' dir='ltr'><strong>tandem</strong></span> <span class='ocrx_word' id='word_1_697' title='bbox 3465 4493 3714 4539; x_wconf 85' lang='lat' dir='ltr'><strong>castrum</strong></span> 
     </span>
    </p>
   </div>
   <div class='ocr_carea' id='block_1_105' title="bbox 2152 4569 3723 4642">
    <p class='ocr_par' dir='ltr' id='par_1_105' title="bbox 2152 4569 3723 4642">
     <span class='ocr_line' id='line_1_105' title="bbox 2152 4569 3723 4642; baseline 0.001 -18"><span class='ocrx_word' id='word_1_698' title='bbox 2152 4571 2265 4625; x_wconf 79' lang='lat' dir='ltr'><strong>fore</strong></span> <span class='ocrx_word' id='word_1_699' title='bbox 2286 4570 2714 4642; x_wconf 80' lang='lat' dir='ltr'><strong>inexpugnabile,</strong></span> <span class='ocrx_word' id='word_1_700' title='bbox 2732 4571 2801 4625; x_wconf 88' lang='lat' dir='ltr'><strong>ab</strong></span> <span class='ocrx_word' id='word_1_701' title='bbox 2811 4570 3089 4626; x_wconf 88' lang='lat' dir='ltr'><strong>obsidione</strong></span> <span class='ocrx_word' id='word_1_702' title='bbox 3107 4571 3377 4639; x_wconf 87' lang='lat' dir='ltr'><strong>discessit,</strong></span> <span class='ocrx_word' id='word_1_703' title='bbox 3387 4579 3443 4625; x_wconf 88' lang='lat' dir='ltr'><strong>et</strong></span> <span class='ocrx_word' id='word_1_704' title='bbox 3462 4571 3519 4624; x_wconf 91' lang='lat' dir='ltr'><strong>in</strong></span> <span class='ocrx_word' id='word_1_705' title='bbox 3534 4569 3723 4626; x_wconf 68' lang='lat' dir='ltr'><strong>Emi-&#39;</strong></span> 
     </span>
    </p>
   </div>
   <div class='ocr_carea' id='block_1_106' title="bbox 2149 4659 3714 4719">
    <p class='ocr_par' dir='ltr' id='par_1_106' title="bbox 2149 4659 3714 4719">
     <span class='ocr_line' id='line_1_106' title="bbox 2149 4659 3714 4719; baseline -0.001 -2"><span class='ocrx_word' id='word_1_706' title='bbox 2149 4663 2276 4717; x_wconf 88' lang='lat' dir='ltr'><strong>liam</strong></span> <span class='ocrx_word' id='word_1_707' title='bbox 2304 4661 2525 4716; x_wconf 89' lang='lat' dir='ltr'><strong>veniens</strong></span> <span class='ocrx_word' id='word_1_708' title='bbox 2560 4677 2618 4715; x_wconf 90' lang='lat' dir='ltr'><strong>se</strong></span> <span class='ocrx_word' id='word_1_709' title='bbox 2644 4660 2895 4715; x_wconf 87' lang='lat' dir='ltr'><strong>Parmam</strong></span> <span class='ocrx_word' id='word_1_710' title='bbox 2929 4659 3085 4719; x_wconf 75' lang='lat' dir='ltr'><strong>tinxit</strong></span> <span class='ocrx_word' id='word_1_711' title='bbox 3117 4662 3284 4717; x_wconf 87' lang='lat' dir='ltr'><strong>adire.</strong></span> <span class='ocrx_word' id='word_1_712' title='bbox 3319 4660 3424 4716; x_wconf 89' lang='lat' dir='ltr'><strong>Sed</strong></span> <span class='ocrx_word' id='word_1_713' title='bbox 3446 4659 3714 4715; x_wconf 79' lang='lat' dir='ltr'><strong>Camisia—</strong></span> 
     </span>
    </p>
   </div>
   <div class='ocr_carea' id='block_1_107' title="bbox 2149 4748 3711 4831">
    <p class='ocr_par' dir='ltr' id='par_1_107' title="bbox 2149 4748 3711 4831">
     <span class='ocr_line' id='line_1_107' title="bbox 2149 4748 3711 4831; baseline 0.001 -28"><span class='ocrx_word' id='word_1_714' title='bbox 2149 4766 2278 4803; x_wconf 90' lang='lat' dir='ltr'><strong>num</strong></span> <span class='ocrx_word' id='word_1_715' title='bbox 2308 4750 2522 4804; x_wconf 87' lang='lat' dir='ltr'><strong>rediens</strong></span> <span class='ocrx_word' id='word_1_716' title='bbox 2545 4749 2783 4804; x_wconf 90' lang='lat' dir='ltr'><strong>decrevit</strong></span> <span class='ocrx_word' id='word_1_717' title='bbox 2806 4748 3139 4807; x_wconf 80' lang='lat' dir='ltr'><strong>canusinum</strong></span> <span class='ocrx_word' id='word_1_718' title='bbox 3161 4748 3711 4831; x_wconf 56' lang='lat' dir='ltr'><strong>castrumfinvaderc,</strong></span> 
     </span>
    </p>
   </div>
   <div class='ocr_carea' id='block_1_108' title="bbox 2146 4826 3711 4913">
    <p class='ocr_par' dir='ltr' id='par_1_108' title="bbox 2146 4826 3711 4913">
     <span class='ocr_line' id='line_1_108' title="bbox 2146 4826 3711 4913; baseline 0 -18"><span class='ocrx_word' id='word_1_719' title='bbox 2146 4840 2216 4897; x_wconf 89' lang='lat' dir='ltr'><strong>ad</strong></span> <span class='ocrx_word' id='word_1_720' title='bbox 2249 4839 2565 4904; x_wconf 78' lang='lat' dir='ltr'><strong>memoriam</strong></span> <span class='ocrx_word' id='word_1_721' title='bbox 2594 4838 2854 4893; x_wconf 85' lang='lat' dir='ltr'><strong>reducens</strong></span> <span class='ocrx_word' id='word_1_722' title='bbox 2881 4839 2934 4893; x_wconf 91' lang='lat' dir='ltr'><strong>id</strong></span> <span class='ocrx_word' id='word_1_723' title='bbox 2960 4838 3107 4907; x_wconf 88' lang='lat' dir='ltr'><strong>quod</strong></span> <span class='ocrx_word' id='word_1_724' title='bbox 3148 4826 3552 4913; x_wconf 57' lang='lat' dir='ltr'><strong>passus’ligerat</strong></span> <span class='ocrx_word' id='word_1_725' title='bbox 3574 4840 3711 4895; x_wconf 78' lang='lat' dir='ltr'><strong>dum</strong></span> 
     </span>
    </p>
   </div>
   <div class='ocr_carea' id='block_1_109' title="bbox 2148 4914 3710 4999">
    <p class='ocr_par' dir='ltr' id='par_1_109' title="bbox 2148 4914 3710 4999">
     <span class='ocr_line' id='line_1_109' title="bbox 2148 4914 3710 4999; baseline 0.001 -16"><span class='ocrx_word' id='word_1_726' title='bbox 2148 4930 2214 4983; x_wconf 91' lang='lat' dir='ltr'><strong>ad</strong></span> <span class='ocrx_word' id='word_1_727' title='bbox 2242 4945 2394 4999; x_wconf 70' lang='lat' dir='ltr'><strong>papa:</strong></span> <span class='ocrx_word' id='word_1_728' title='bbox 2424 4928 2766 4999; x_wconf 65' lang='lat' dir='ltr'><strong>praesentiam</strong></span> <span class='ocrx_word' id='word_1_729' title='bbox 2799 4942 2963 4997; x_wconf 84' lang='lat' dir='ltr'><strong>super</strong></span> <span class='ocrx_word' id='word_1_730' title='bbox 2992 4927 3176 4984; x_wconf 84' lang='lat' dir='ltr'><strong>nivem</strong></span> <span class='ocrx_word' id='word_1_731' title='bbox 3203 4935 3258 4984; x_wconf 89' lang='lat' dir='ltr'><strong>et</strong></span> <span class='ocrx_word' id='word_1_732' title='bbox 3276 4914 3509 4999; x_wconf 68' lang='lat' dir='ltr'><strong>glaciem</strong></span> <span class='ocrx_word' id='word_1_733' title='bbox 3542 4930 3710 4985; x_wconf 89' lang='lat' dir='ltr'><strong>nudis</strong></span> 
     </span>
    </p>
   </div>
   <div class='ocr_carea' id='block_1_110' title="bbox 2146 5014 3708 5089">
    <p class='ocr_par' dir='ltr' id='par_1_110' title="bbox 2146 5014 3708 5089">
     <span class='ocr_line' id='line_1_110' title="bbox 2146 5014 3708 5089; baseline 0.001 -16"><span class='ocrx_word' id='word_1_734' title='bbox 2146 5020 2371 5089; x_wconf 86' lang='lat' dir='ltr'><strong>pedibus</strong></span> <span class='ocrx_word' id='word_1_735' title='bbox 2409 5017 2736 5073; x_wconf 87' lang='lat' dir='ltr'><strong>incessisset.</strong></span> <span class='ocrx_word' id='word_1_736' title='bbox 2762 5014 2996 5072; x_wconf 75' lang='lat' dir='ltr'><strong>Veniens</strong></span> <span class='ocrx_word' id='word_1_737' title='bbox 3024 5017 3188 5088; x_wconf 88' lang='lat' dir='ltr'><strong>igitur</strong></span> <span class='ocrx_word' id='word_1_738' title='bbox 3228 5019 3295 5073; x_wconf 88' lang='lat' dir='ltr'><strong>ad</strong></span> <span class='ocrx_word' id='word_1_739' title='bbox 3323 5019 3708 5074; x_wconf 88' lang='lat' dir='ltr'><strong>debellandum</strong></span> 
     </span>
    </p>
   </div>
   <div class='ocr_carea' id='block_1_111' title="bbox 2149 5103 3711 5176">
    <p class='ocr_par' dir='ltr' id='par_1_111' title="bbox 2149 5103 3711 5176">
     <span class='ocr_line' id='line_1_111' title="bbox 2149 5103 3711 5176; baseline 0.002 -16"><span class='ocrx_word' id='word_1_740' title='bbox 2149 5107 2326 5176; x_wconf 77' lang='lat' dir='ltr'><strong>ipSum</strong></span> <span class='ocrx_word' id='word_1_741' title='bbox 2347 5108 2602 5162; x_wconf 62' lang='lat' dir='ltr'><strong>Cancssae</strong></span> <span class='ocrx_word' id='word_1_742' title='bbox 2623 5115 2883 5173; x_wconf 87' lang='lat' dir='ltr'><strong>castrum,</strong></span> <span class='ocrx_word' id='word_1_743' title='bbox 2905 5103 3105 5163; x_wconf 85' lang='lat' dir='ltr'><strong>milites</strong></span> <span class='ocrx_word' id='word_1_744' title='bbox 3130 5108 3433 5163; x_wconf 72' lang='lat' dir='ltr'><strong>comitissze&#39;</strong></span> <span class='ocrx_word' id='word_1_745' title='bbox 3447 5108 3711 5163; x_wconf 82' lang='lat' dir='ltr'><strong>se&#39;arlnis</strong></span> 
     </span>
    </p>
   </div>
   <div class='ocr_carea' id='block_1_112' title="bbox 2148 5197 3709 5268">
    <p class='ocr_par' dir='ltr' id='par_1_112' title="bbox 2148 5197 3709 5268">
     <span class='ocr_line' id='line_1_112' title="bbox 2148 5197 3709 5268; baseline 0.002 -18"><span class='ocrx_word' id='word_1_746' title='bbox 2148 5197 2466 5267; x_wconf 85' lang='lat' dir='ltr'><strong>accingunt,</strong></span> <span class='ocrx_word' id='word_1_747' title='bbox 2508 5204 2847 5252; x_wconf 77' lang='lat' dir='ltr'><strong>et&#39;eonserta</strong></span> <span class='ocrx_word' id='word_1_748' title='bbox 2887 5212 3065 5268; x_wconf 86' lang='lat' dir='ltr'><strong>pugna</strong></span> <span class='ocrx_word' id='word_1_749' title='bbox 3104 5198 3319 5268; x_wconf 84' lang='lat' dir='ltr'><strong>capitur</strong></span> <span class='ocrx_word' id='word_1_750' title='bbox 3355 5197 3709 5267; x_wconf 77' lang='lat' dir='ltr'><strong>imperatoris</strong></span> 
     </span>
    </p>
   </div>
   <div class='ocr_carea' id='block_1_113' title="bbox 2145 5285 3707 5357">
    <p class='ocr_par' dir='ltr' id='par_1_113' title="bbox 2145 5285 3707 5357">
     <span class='ocr_line' id='line_1_113' title="bbox 2145 5285 3707 5357; baseline 0.001 -18"><span class='ocrx_word' id='word_1_751' title='bbox 2145 5285 2417 5352; x_wconf 79' lang='lat' dir='ltr'><strong>vexillum,</strong></span> <span class='ocrx_word' id='word_1_752' title='bbox 2443 5286 2587 5355; x_wconf 89' lang='lat' dir='ltr'><strong>quod</strong></span> <span class='ocrx_word' id='word_1_753' title='bbox 2616 5286 2857 5356; x_wconf 83' lang='lat' dir='ltr'><strong>gestabat</strong></span> <span class='ocrx_word' id='word_1_754' title='bbox 2878 5285 3020 5342; x_wconf 75' lang='lat' dir='ltr'><strong>illius</strong></span> <span class='ocrx_word' id='word_1_755' title='bbox 3043 5286 3378 5341; x_wconf 81' lang='lat' dir='ltr'><strong>marebiouis</strong></span> <span class='ocrx_word' id='word_1_756' title='bbox 3401 5286 3707 5357; x_wconf 73' lang='lat' dir='ltr'><strong>Adalberti,</strong></span> 
     </span>
    </p>
   </div>
   <div class='ocr_carea' id='block_1_114' title="bbox 2145 5374 3707 5446">
    <p class='ocr_par' dir='ltr' id='par_1_114' title="bbox 2145 5374 3707 5446">
     <span class='ocr_line' id='line_1_114' title="bbox 2145 5374 3707 5446; baseline 0.004 -18"><span class='ocrx_word' id='word_1_757' title='bbox 2145 5375 2405 5445; x_wconf 86' lang='lat' dir='ltr'><strong>multique</strong></span> <span class='ocrx_word' id='word_1_758' title='bbox 2432 5389 2498 5430; x_wconf 83' lang='lat' dir='ltr'><strong>ex</strong></span> <span class='ocrx_word' id='word_1_759' title='bbox 2526 5374 2867 5444; x_wconf 75' lang='lat' dir='ltr'><strong>irnperatoris</strong></span> <span class='ocrx_word' id='word_1_760' title='bbox 2906 5375 3169 5432; x_wconf 74' lang='lat' dir='ltr'><strong>militibus</strong></span> <span class='ocrx_word' id='word_1_761' title='bbox 3200 5376 3591 5442; x_wconf 50' lang='lat' dir='ltr'><strong>volneratum.</strong></span> <span class='ocrx_word' id='word_1_762' title='bbox 3612 5376 3707 5446; x_wconf 29' lang='lat' dir='ltr'><strong>Vi.</strong></span> 
     </span>
    </p>
   </div>
   <div class='ocr_carea' id='block_1_115' title="bbox 2143 5463 3705 5545">
    <p class='ocr_par' dir='ltr' id='par_1_115' title="bbox 2143 5463 3705 5545">
     <span class='ocr_line' id='line_1_115' title="bbox 2143 5463 3705 5545; baseline 0.003 -27"><span class='ocrx_word' id='word_1_763' title='bbox 2143 5472 2321 5519; x_wconf 90' lang='lat' dir='ltr'><strong>ctores</strong></span> <span class='ocrx_word' id='word_1_764' title='bbox 2362 5465 2547 5534; x_wconf 88' lang='lat' dir='ltr'><strong>itaque</strong></span> <span class='ocrx_word' id='word_1_765' title='bbox 2589 5463 2849 5520; x_wconf 87' lang='lat' dir='ltr'><strong>Canusini</strong></span> <span class='ocrx_word' id='word_1_766' title='bbox 2897 5464 3238 5534; x_wconf 82' lang='lat' dir='ltr'><strong>imperatoris</strong></span> <span class='ocrx_word' id='word_1_767' title='bbox 3264 5466 3521 5545; x_wconf 76' lang='lat' dir='ltr'><strong>vexillum</strong></span> <span class='ocrx_word' id='word_1_768' title='bbox 3552 5466 3705 5523; x_wconf 69' lang='lat' dir='ltr'><strong>defe-</strong></span> 
     </span>
    </p>
   </div>
   <div class='ocr_carea' id='block_1_116' title="bbox 2140 5553 3704 5629">
    <p class='ocr_par' dir='ltr' id='par_1_116' title="bbox 2140 5553 3704 5629">
     <span class='ocr_line' id='line_1_116' title="bbox 2140 5553 3704 5629; baseline 0.004 -23"><span class='ocrx_word' id='word_1_769' title='bbox 2140 5563 2269 5609; x_wconf 86' lang='lat' dir='ltr'><strong>runt</strong></span> <span class='ocrx_word' id='word_1_770' title='bbox 2293 5554 2351 5610; x_wconf 90' lang='lat' dir='ltr'><strong>in</strong></span> <span class='ocrx_word' id='word_1_771' title='bbox 2376 5560 2595 5629; x_wconf 74' lang='lat' dir='ltr'><strong>castro,</strong></span> <span class='ocrx_word' id='word_1_772' title='bbox 2620 5554 2775 5624; x_wconf 36' lang='lat' dir='ltr'><strong>quod.</strong></span> <span class='ocrx_word' id='word_1_773' title='bbox 2798 5567 2970 5622; x_wconf 83' lang='lat' dir='ltr'><strong>usque</strong></span> <span class='ocrx_word' id='word_1_774' title='bbox 3014 5553 3173 5609; x_wconf 88' lang='lat' dir='ltr'><strong>hodie</strong></span> <span class='ocrx_word' id='word_1_775' title='bbox 3199 5553 3400 5612; x_wconf 79' lang='lat' dir='ltr'><strong>ibidem</strong></span> <span class='ocrx_word' id='word_1_776' title='bbox 3446 5556 3704 5629; x_wconf 73' lang='lat' dir='ltr'><strong>habetur.</strong></span> 
     </span>
    </p>
   </div>
   <div class='ocr_carea' id='block_1_117' title="bbox 2141 5640 3704 5715">
    <p class='ocr_par' dir='ltr' id='par_1_117' title="bbox 2141 5640 3704 5715">
     <span class='ocr_line' id='line_1_117' title="bbox 2141 5640 3704 5715; baseline 0.004 -19"><span class='ocrx_word' id='word_1_777' title='bbox 2141 5642 2271 5701; x_wconf 85' lang='lat' dir='ltr'><strong>Post</strong></span> <span class='ocrx_word' id='word_1_778' title='bbox 2316 5644 2432 5699; x_wconf 75' lang='lat' dir='ltr'><strong>haec</strong></span> <span class='ocrx_word' id='word_1_779' title='bbox 2490 5643 2784 5715; x_wconf 81' lang='lat' dir='ltr'><strong>imperator</strong></span> <span class='ocrx_word' id='word_1_780' title='bbox 2826 5640 2974 5697; x_wconf 83' lang='lat' dir='ltr'><strong>Pado</strong></span> <span class='ocrx_word' id='word_1_781' title='bbox 3019 5650 3356 5701; x_wconf 86' lang='lat' dir='ltr'><strong>transmeato</strong></span> 
     </span>
    </p>
   </div>
   <div class='ocr_carea' id='block_1_118' title="bbox 2140 5731 3708 5812">
    <p class='ocr_par' dir='ltr' id='par_1_118' title="bbox 2140 5731 3708 5812">
     <span class='ocr_line' id='line_1_118' title="bbox 2140 5731 3708 5812; baseline 0.004 -27"><span class='ocrx_word' id='word_1_782' title='bbox 2140 5732 2290 5788; x_wconf 84' lang='lat' dir='ltr'><strong>Multi</strong></span> <span class='ocrx_word' id='word_1_783' title='bbox 2316 5748 2477 5799; x_wconf 73' lang='lat' dir='ltr'><strong>vero,</strong></span> <span class='ocrx_word' id='word_1_784' title='bbox 2493 5733 2586 5803; x_wconf 85' lang='lat' dir='ltr'><strong>qui</strong></span> <span class='ocrx_word' id='word_1_785' title='bbox 2613 5732 2731 5801; x_wconf 84' lang='lat' dir='ltr'><strong>ejus</strong></span> <span class='ocrx_word' id='word_1_786' title='bbox 2768 5739 2915 5787; x_wconf 83' lang='lat' dir='ltr'><strong>metu</strong></span> <span class='ocrx_word' id='word_1_787' title='bbox 2941 5747 2969 5787; x_wconf 88' lang='lat' dir='ltr'><strong>a</strong></span> <span class='ocrx_word' id='word_1_788' title='bbox 2998 5734 3275 5789; x_wconf 79' lang='lat' dir='ltr'><strong>comitiss&#39;a</strong></span> <span class='ocrx_word' id='word_1_789' title='bbox 3307 5731 3708 5812; x_wconf 53' lang='lat' dir='ltr'><strong>discessu-ang</strong></span> 
     </span>
    </p>
   </div>
   <div class='ocr_carea' id='block_1_119' title="bbox 2140 5820 3421 5907">
    <p class='ocr_par' dir='ltr' id='par_1_119' title="bbox 2140 5820 3421 5907">
     <span class='ocr_line' id='line_1_119' title="bbox 2140 5820 3421 5907; baseline 0.005 -31"><span class='ocrx_word' id='word_1_790' title='bbox 2140 5822 2204 5877; x_wconf 83' lang='lat' dir='ltr'><strong>ad</strong></span> <span class='ocrx_word' id='word_1_791' title='bbox 2227 5824 2557 5881; x_wconf 88' lang='lat' dir='ltr'><strong>comitissam</strong></span> <span class='ocrx_word' id='word_1_792' title='bbox 2584 5820 2809 5877; x_wconf 82' lang='lat' dir='ltr'><strong>redeunt</strong></span> <span class='ocrx_word' id='word_1_793' title='bbox 2828 5829 2882 5877; x_wconf 87' lang='lat' dir='ltr'><strong>et</strong></span> <span class='ocrx_word' id='word_1_794' title='bbox 2909 5831 3086 5878; x_wconf 86' lang='lat' dir='ltr'><strong>castra</strong></span> <span class='ocrx_word' id='word_1_795' title='bbox 3106 5824 3421 5907; x_wconf 80' lang='lat' dir='ltr'><strong>restituunt.</strong></span> 
     </span>
    </p>
   </div>
  </div>
