3944 6424
1655 457 1768 514 MOI

1868 457 2086 511 ilENTA
2125 458 2582 515 GIIEGORIAXA.
3309 470 3438 521 ιιιίῇᾷ

1814 578 1858 636 Α
1889 581 2066 627 stante
2120 574 2304 642 itaque
2352 576 2690 629 solemnitate
2749 577 3148 644 gloriosissime
3210 580 3438 649 Virginis

1888 664 2076 720 Matris
2125 667 2239 730 Dei,
2277 669 2342 720 ad
2389 669 2649 737 majorem
2681 669 2992 735 ecclesiam,
3042 687 3162 739 qua:
3205 673 3323 740 ejus
3355 683 3440 726 est

1104 463 1384 517 APPEND.
1429 461 1510 515 III.

813 575 1034 628 CAi‘UI‘
1075 575 1208 629 XIII.

193 662 466 733 Qualiter
513 665 843 733 imperatoris
877 664 1019 732 ﬁlius
1061 666 1278 718 adliwsit
1307 667 1601 726 comitissw,
1638 673 1785 732 patre

195 465 344 518 1055

369 732 596 798 relicto,
625 744 672 785 ct
695 733 923 803 qualiter
953 733 1257 786 Fcrrarimu
1291 735 1622 802 recuperarit.

262 844 537 914 Contigit
574 846 713 900 inter
757 847 869 900 lucc
893 847 1231 914 imperatoris
1268 846 1448 900 infelix
1480 847 1780 915 augurium.

186 932 338 988 Nam
363 951 525 990 uxor
543 936 660 1005 ejus
684 937 865 1006 regina
889 936 1163 1001 Praxcdis,
1183 936 1352 1005 ipsius
1371 937 1564 1006 ﬂagitia
1589 937 1784 989 abhor—

187 1040 377 1088 rens,-
413 1035 640 1080 secreto
685 1041 809 1079 cum
858 1025 1136 1080 comitissa
1183 1027 1430 1080 tractavit
1474 1026 1779 1080 divortium.

186 1112 360 1180 Quod
394 1113 613 1170 factum
644 1115 829 1170 eadem
873 1116 1146 1170 comitissa
1183 1117 1506 1186 amplectens
1538 1117 1780 1180 libenter,

186 1203 500 1260 solemnes
547 1206 614 1259 ad
652 1220 772 1259 eam
803 1206 1022 1260 nuntios
1066 1205 1291 1260 Verona:
1337 1206 1641 1268 destinavit,
1689 1206 1783 1274 qui

183 1293 468 1348 eamdem
497 1296 737 1364 reginam
758 1296 823 1349 ad
862 1295 1195 1351 Canusinam
1229 1297 1480 1365 oppidum
1519 1295 1783 1364 perduxe-

185 1390 351 1436 runt.
383 1382 476 1438 Eo
523 1400 739 1454 quoque
760 1395 1019 1454 tempore,
1054 1401 1196 1439 anno
1226 1383 1783 1440 scilicet‘incarnatio—

184 1470 282 1525 nis
311 1471 633 1528 Dominica:
670 1475 823 1541 t097,
854 1473 1102 1530 Urbanus
1146 1491 1281 1545 papa
1330 1477 1621 1530 comitissa:
1650 1491 1782 1529 usus

185 1563 446 1617 consilio
481 1563 859 1618 Lombardiam
908 1567 1071 1630 venit,
1112 1574 1186 1629 et,
1233 1567 1460 1619 concilio
1501 1566 1783 1621 Placentia:

183 1651 516 1718 celebrato,
551 1655 739 1708 eodem
770 1654 974 1708 scilicet
997 1671 1138 1709 anno
1164 1655 1252 1709 die
1277 1654 1394 1708 Kal.
1422 1655 1579 1709 Mart.
1609 1656 1779 1725 inipc-

186 1749 453 1795 ratorem
481 1751 534 1796 et
553 1742 869 1797 Guibcrtum
888 1743 1191 1813 autipapam
1215 1745 1478 1798 catholica
1500 1746 1779 1799 damnavit

185 1832 510 1897 sententia,
547 1842 600 1886 ct
623 1835 910 1888 comitissa:
931 1836 1048 1888 vale
1085 1835 1269 1889 dicens
1296 1837 1543 1889 transivit
1565 1837 1616 1888 in
1648 1835 1774 1890 Gal-

1885 754 2138 825 insignita
2160 757 2442 821 vocabulo,
2465 759 2686 811 missam
2717 760 3084 814 celebraturus
3109 763 3363 828 accessit;
3385 773 3436 816 et

1883 845 2011 898 dum
2056 845 2160 910 ibi,
2193 847 2438 901 universa
2483 857 2691 901 astante
2721 849 2886 916 plebe,
2925 860 3045 918 post
3077 853 3433 920 evangelii-am

1884 936 2166 990 lectionem
2209 939 2406 1007 papula
2454 941 2820 1007 prmdieassct,
2869 949 2921 993 ct
2972 942 3242 994 nonnullis
3275 945 3433 996 verba

1882 1025 2122 1093 cjus,qui
2149 1027 2812 1094 imperatoriadhaerebant
2831 1069 2844 1091 ,
2871 1029 3052 1097 gravia
3079 1031 3430 1095 exstitissent,

1882 1112 2057 1180 posito
2091 1114 2216 1167 vino
2246 1122 2299 1166 ct
2319 1130 2456 1182 aqua
2488 1115 2538 1166 in
2573 1115 2737 1168 calice
2781 1125 2836 1167 ut
2877 1115 2984 1168 Deo
3011 1116 3226 1170 oflcrret
3267 1118 3432 1170 sat-ri-

1883 1203 2081 1264 ﬁcium,
2107 1218 2334 1272 magnus
2361 1203 2415 1255 in
2444 1195 2670 1257 ecclesia
2702 1205 2939 1257 insonuit
2966 1207 3247 1268 tumultus,
3271 1223 3431 1263 sexus

1882 1294 2160 1369 hominum
2211 1295 2491 1363 utriusque
2539 1295 2684 1348 diras
2725 1295 3116 1362 blasphemias,
3156 1305 3207 1349 et
3259 1298 3432 1353 minas

1882 1384 2145 1437 terribiles
2192 1384 2453 1437 adversus
2481 1383 2574 1437 Dei
2604 1384 2896 1449 hominem,
2941 1385 3143 1438 scilicet
3183 1386 3428 1439 abbatem

1880 1473 2212 1541 prmdictum,
2263 1471 2468 1526 nefarie
2525 1473 2910 1538 iuclamantes,
2951 1483 3002 1528 et
3055 1476 3228 1543 ipsum
3276 1493 3427 1529 l‘t‘ttttl

1880 1565 2039 1617 morti
2070 1565 2467 1632 adjadicantcs,
2502 1575 2755 1633 tanquam
2801 1566 3137 1635 imperatoris
3177 1570 3427 1622 annulum

1877 1663 1930 1706 et
1959 1654 2226 1709 rebellem.
2258 1655 2312 1708 In
2345 1656 2460 1723 ipso
2489 1656 2648 1724 igitur
2673 1657 2900 1709 tumultu
2929 1657 3114 1712 fractis
3139 1667 3190 1711 et
3220 1659 3428 1728 disper-

1878 1744 1950 1797 sis
1977 1745 2042 1797 de
2066 1739 2222 1798 altari
2250 1746 2435 1799 vitreis
2464 1747 2626 1811 vasis,
2655 1756 2708 1799 rt
2756 1747 2987 1814 pretiosa
3025 1747 3223 1815 capella
3265 1765 3426 1816 quam

1877 1834 2152 1889 comitissa
2181 1835 2300 1888 diva
2355 1835 2535 1888 abbati
2578 1835 2795 1889 donavit
2827 1836 3123 1904 deprredata
3147 1879 3160 1900 ,
3193 1839 3426 1892 nnivsusi

185 1918 352 1975 liam.
390 1921 793 1979 Consternatus
836 1925 920 1979 his
960 1925 1269 1994 imperator,
1320 1926 1505 1980 accitis
1553 1925 1776 1981 Verona:
1810 1904 1849 1958 Β
1875 1925 2081 1979 abbatis
2117 1926 2342 1980 comites
2371 1934 2424 1978 et
2445 1926 2624 1979 clerici
2653 1925 2929 1994 fugerunt;
2962 1926 3074 1994 ipse
3105 1943 3231 1981 vero
3262 1930 3427 1980 intrr-

184 2011 447 2078 civibus,
473 2011 700 2083 Nogara:
717 2023 955 2068 castrum
987 2016 1211 2070 obsedit.
1244 2014 1398 2080 Quod
1438 2017 1660 2070 audiens
1691 2033 1774 2070 c0-

187 2102 425 2158 mitissa
460 2104 640 2158 statim
658 2105 931 2159 accersitis
956 2105 1346 2159 Mutinensihus
1361 2103 1562 2158 Padum
1597 2114 1774 2161 trans-

188 2189 315 2256 ivit.
374 2191 636 2248 Sentiens
681 2203 860 2248 autem
913 2195 1202 2262 imperator
1261 2195 1378 2264 ejus
1445 2195 1768 2260 adventum,

187 2281 422 2338 viribus
469 2285 756 2338 destitutus
810 2295 863 2338 ct
905 2286 1116 2349 animo,
1179 2287 1355 2338 statim
1404 2283 1581 2354 fugam
1625 2285 1768 2351 iniit,

191 2373 356 2429 Omni
395 2373 754 2442 suppellectili
784 2375 834 2428 in
858 2376 1052 2428 castris
1079 2375 1280 2440 relicta,
1310 2392 1471 2444 quam
1498 2376 1770 2429 comitissa

191 2461 484 2528 militibus
510 2463 723 2533 reliquit
767 2465 818 2518 iu
864 2466 1115 2532 pricdam.
1149 2464 1398 2521 Castrum
1444 2465 1622 2533 itaque
1661 2464 1769 2518 No-

193 2565 348 2618 gara:
373 2552 459 2626 sic
482 2553 643 2606 cstab
663 2553 938 2606 obsidione
959 2554 1260 2606 liberatum.
1276 2555 1499 2608 Additur
1518 2566 1770 2628 pra-terea

191 2642 250 2692 'ct
278 2640 609 2708 imperatori
638 2657 798 2696 casus
828 2641 1072 2706 infestus,
1103 2643 1277 2710 ipsum
1309 2633 1601 2698 hostilitate
1631 2645 1771 2698 inva-

195 2727 368 2785 dente
397 2731 735 2784 domestica.
760 2729 893 2786 Nam
938 2731 1218 2785 Conradus
1248 2732 1365 2803 ejus
1394 2741 1570 2797 natus,
1602 2735 1770 2801 ipsius

195 2816 422 2872 scelera
474 2835 782 2886 exsecraris,
813 2821 882 2873 ab
942 2835 1008 2873 eo
1052 2821 1328 2885 discessit,
1386 2830 1437 2873 et
1483 2818 1771 2876 comitissa:

196 2907 460 2961 adhaesit.
486 2907 653 2978 Cujus
681 2910 908 2963 consilio
945 2911 1104 2963 filiam
1151 2909 1358 2980 Roget-ii
1386 2911 1588 2979 Apuliae.
1620 2912 1768 2980 prin-

195 2998 341 3066 cipis
370 2999 532 3053 duxit
567 3015 809 3054 uxorem.
849 3001 924 3054 Eo
950 3010 1186 3071 tempore
1209 3001 1456 3056 Ilrbat‘us
1487 3019 1618 3072 papa
1661 3020 1771 3056 mo-

197 3087 367 3155 ritur,
401 3104 547 3143 anno
571 3088 772 3144 Christi
811 3091 963 3156 l099,
1006 3101 1126 3160 post
1165 3089 1330 3161 'qucm
1371 3093 1645 3147 Paschalis
1670 3094 1766 3148 eli—

1875 2016 2029 2082 pidns
2078 2032 2302 2070 manens
2334 2016 2545 2084 capitur
2588 2025 2639 2068 et
2685 2017 2886 2068 carceri
2935 2016 3285 2084 mancipatur.
3334 2018 3428 2070 liis

1873 2107 2148 2160 comitissa
2179 2122 2284 2159 non
2332 2107 2447 2161 sine
2482 2121 2676 2175 magno
2713 2105 2893 2159 dolore
2927 2106 3140 2168 auditis,
3175 2104 3424 2159 Parmam

1871 2194 1956 2247 die
2007 2195 2162 2246 tertio
2209 2210 2330 2246 cum
2397 2193 2654 2246 militibus
2707 2194 2819 2246 suis
2866 2193 3166 2261 properavit
3206 2211 3216 2242 :
3265 2210 3423 2262 quzm

1873 2283 2226 2337 venerabilem
2279 2283 2454 2336 virum
2509 2283 2744 2347 liberari,
2773 2292 2825 2336 ct
2865 2284 3044 2337 omnia
3071 2284 3317 2351 subrepta
3348 2300 3427 2336 re-

1872 2373 2384 2441 stitui‘procuravit,
2425 2389 2532 2425 non
2577 2373 2716 2426 ultra
2765 2373 2831 2426 ad
2874 2373 3158 2427 vindictam
3205 2373 3423 2426 sceleris

1871 2463 2182 2528 procedens,
2211 2462 2401 2515 abbate
2445 2472 2686 2530 rogante,
2713 2462 2805 2530 qui
2831 2463 3044 2526 nudtos,
3074 2472 3191 2530 post
3221 2463 3421 2515 bonum

1873 2554 2038 2621 pacis,
2075 2555 2291 2606 amavit.
2325 2553 2454 2606 Acta
2501 2569 2628 2606 vero
2676 2563 2803 2606 sunt
2843 2554 2954 2606 lucc
2988 2569 3129 2606 anno
3170 2553 3284 2605 Filii
3329 2549 3422 2606 Ι)ῥὶ

1871 2643 2041 2697 exorti
2101 2643 2254 2696 11οι4.
2313 2642 2512 2697 Eodem
2559 2651 2799 2712 tempore
2855 2643 3030 2696 minor
3082 2643 3423 2712 imperatoris

1871 2732 2012 2785 filius
2047 2733 2097 2784 in
2129 2742 2331 2799 patrem
2354 2734 2774 2797 excandescens,
2792 2741 2847 2786 et
2880 2733 3125 2787 maximis
3149 2748 3270 2786 eum
3293 2747 3421 2801 pro-

1870 2821 1980 2874 bris
2011 2820 2246 2874 alliciens
2279 2822 2530 2876 iuvaderc
2577 2838 2802 2889 regnum
2843 2823 3046 2876 nititur.
3091 2819 3210 2876 Uno
3241 2821 3422 2890 itaque
3461 2874 3464 2876 .

1868 2927 1989 2964 cum
2038 2920 2186 2978 patre
2226 2912 2408 2980 prndio
2459 2927 2781 2981 congressus
2817 2913 2986 2967 victor
3026 2911 3281 2975 edicitur;
3328 2912 3422 2966 sed

1870 3000 2159 3069 imperator
2194 3002 2423 3056 evadcns
2468 3003 2630 3056 vitam
2682 3017 2915 3056 mmrorc
2955 3002 3081 3073 egit,
3118 3010 3171 3054 et
3205 2997 3422 3056 demum

1870 3107 1973 3144 non
2003 3091 2171 3143 multo
2204 3100 2324 3159 post
2345 3091 2630 3147 defunctus
2656 3101 2737 3144 est
2773 3107 2914 3144 anno
2939 3090 3138 3145 Christi
3178 3089 3332 3151 “05',
3367 3098 3422 3143 ct

199 3177 373 3246 gitur.
402 3178 605 3237 Contra
635 3195 795 3248 quem
841 3196 962 3235 cum
1001 3181 1264 3236 niteretur
1309 3183 1596 3237 Guibertas
1623 3184 1764 3237 anti-
1793 3219 1832 3274 Ο
1871 3179 2037 3250 Spira:
2059 3182 2295 3248 sepultus
2320 3190 2419 3234 est.
2445 3179 2573 3234 Post
2601 3181 2755 3249 cujus
2782 3180 2986 3233 obitum
3021 3194 3154 3248 papa
3182 3176 3420 3233 Pascha.-

197 3282 344 3336 papa
375 3271 607 3338 populos
632 3272 862 3334 allicere,
903 3271 968 3325 de
997 3273 1173 3328 medio
1199 3273 1439 3325 sublatus
1478 3268 1765 3337 est,‘suum

199 3373 395 3410 secum
440 3358 686 3412 deferens
711 3360 1012 3413 anathema.
1047 3358 1149 3424 Qui
1177 3360 1333 3414 annis
1357 3361 1424 3412 ΞΕ
1466 3350 1554 3414 1)ιί
1581 3359 1765 3415 Eccle—

200 3447 343 3505 siam
381 3448 647 3502 damnoso
671 3445 894 3502 dissidio
927 3449 1272 3520 perturbavit,
1310 3450 1374 3502 de
1403 3465 1510 3518 quo
1546 3451 1764 3520 quidam

202 3535 306 3593 hos
337 3539 540 3592 cecinit
565 3554 750 3592 versus
783 3556 793 3590 :
1068 3529 1100 3611 ,ί

275 3627 522 3681 Fletibus
544 3639 591 3681 et
614 3628 861 3697 lucrymis
898 3629 947 3682 si
984 3629 1115 3698 forte
1137 3629 1271 3698 {ores
1303 3630 1650 3694 redimendus,

275 3718 518 3770 Fletibus
540 3727 587 3770 et
615 3718 860 3785 Iacrgmis
891 3717 1046 3781 esses,
1075 3711 1336 3784 Guibcrte,
1373 3718 1623 3771 dolendus
1646 3735 1663 3773 .‘

252 3805 385 3860 .Sed
415 3807 546 3859 nulli
574 3808 792 3876 gemitus
815 3818 1027 3875 possunt
1058 3817 1149 3859 tua
1181 3807 1517 3875 factapiarc,

277 3894 448 3958 Quem
475 3912 610 3949 mors
638 3914 737 3949 non
766 3899 943 3965 potuit,
961 3897 1023 3949 de
1048 3897 1268 3965 per/idin
1291 3911 1542 3948 revocare.

203 3983 413 4060 Eodem
464 3987 627 4042 etiam
656 3995 911 4056 "tempore
975 3987 1228 4056 praefatus
1273 3985 1552 4041 Cenradas
1599 4001 1763 4055 unpe-

201 4083 357 4137 rator
400 4075 458 4126 in
485 4089 666 4128 mense
696 4075 838 4128 Julio
863 4078 1114 4141 moritur,
1139 4092 1281 4129 anno
1325 4077 1476 4130 tertio
1499 4085 1617 4144 post
1666 4075 1764 4129 Ur-

202 4162 676 4228 bani‘decessum,
717 4172 769 4217 et
795 4163 1076 4217 Florentize
1107 4165 1380 4233 sepelitur.
1412 4164 1761 4220 Postmodum

202 4251 473 4307 Ferraria:
502 4253 1013 4307 civitas-comitissze
1045 4252 1254 4305 rebellis
1287 4252 1529 4304 edicitur.
1563 4253 1776 4307 Con‘xa'

203 4359 372 4412 quam
404 4344 638 4398 adunato
663 4344 899 4397 exercitu
942 4358 1007 4396 ex
1049 4341 1240 4395 Tuscis
1267 4349 1320 4395 et
1348 4340 1672 4417 ~Lomhardis
1699 4357 1762 4396 ac

202 4435 368 4488 etiam
399 4432 848 4498 Ravennatorum,
879 4433 1155 4501 elasseque
1175 4429 1499 4484 Venetorum
1515 4432 1756 4496 collecta,

204 4539 322 4580 eam
353 4525 582 4590 obsedit,
606 4524 699 4590 sed
721 4538 848 4592 pace
877 4523 1188 4591 interposita
1221 4522 1287 4575 ad
1315 4520 1469 4574 ﬁdem
1500 4522 1674 4575 rediit.

781 4656 1004 4711 CAPUT
1041 4655 1178 4708 XIV.

208 4743 464 4807 Qualiter
511 4748 774 4799 comi.issa
836 4749 1070 4800 abbatem
1127 4747 1455 4800 Bcrnardum
1505 4746 1763 4799 acaréerc

275 4813 537 4875 liberavit,
563 4823 610 4864 et
633 4815 695 4866 de
725 4813 947 4866 Henrico
973 4817 1299 4882 imperatoris
1327 4813 1581 4883 ﬁlio,qui,
1598 4815 1752 4867 comi‘

278 4885 410 4936 tissa
435 4883 655 4949 favente,
693 4898 901 4950 regnum
925 4885 1093 4950 patris
1127 4883 1370 4934 obtinuit.

277 4989 419 5043 Inter
448 4988 562 5041 hcce
590 4986 864 5060 Paschalis.
890 5003 1025 5055 papa
1055 4987 1407 5053 Bernardum,
1443 4987 1606 5043 Vallis
1631 4989 1757 5043 Am-

209 5078 404 5134 brosia:
443 5078 708 5142 abbatem,
731 5084 784 5129 et
819 5075 1073 5128 Romamn
1121 5074 1371 5130 Ecclesia:
1406 5080 1756 5142 cardinalem,

210 5165 384 5222 virum
424 5169 608 5237 utique
633 5168 863 5220 maxima
888 5166 1227 5222 veneratione
1258 5167 1496 5236 dignum,
1524 5168 1593 5221 ob
1621 5176 1759 5220 tute-

209 5254 312 5308 lam
362 5257 634 5310 Mathildls
663 5257 716 5310 in
754 5253 1127 5320 Lombardiam
1161 5254 1371 5308 direxit.
1422 5253 1591 5318 Quem
1631 5269 1754 5308 cum

213 5339 324 5407 ipsa
351 5342 736 5397 honorabiliter
763 5343 1102 5411 suscepisset,
1150 5350 1203 5395 et
1241 5341 1359 5408 ejus
1405 5340 1532 5394 boni
1573 5341 1754 5394 odoris

212 5428 348 5483 fama
384 5430 526 5505 inter
553 5429 884 5509 Lombardos
904 5439 1186 5494 cresceret,
1213 5430 1364 5483 multi
1387 5445 1509 5482 eum
1534 5443 1598 5482 ex
1624 5428 1753 5482 Par-

212 5507 833 5587 mensibus'rogaverunt
860 5532 917 5577 ut
959 5537 1016 5576 se
1042 5522 1108 5576 ad
1128 5521 1391 5575 civitatem
1421 5519 1589 5588 ipsam
1619 5534 1750 5572 cou—

213 5607 388 5671 fcrret,
439 5614 494 5660 et
541 5605 675 5660 falce
710 5611 859 5667 verbi
904 5610 997 5665 Dei
1039 5619 1216 5665 sentes
1269 5609 1390 5664 inde
1436 5609 1754 5676 exstirparet

213 5697 507 5761 haereticas;
525 5695 616 5764 qui
649 5695 714 5750 de
734 5699 967 5754 consilio
986 5699 1612 5765 comitissm,condeecnti
1641 5699 1749 5751 cle-

215 5788 444 5855 ricorum
475 5784 745 5860 comitiva,
783 5786 844 5837 :ul
882 5787 1141 5840 civitatem
1182 5790 1348 5854 ipsam
1389 5786 1638 5856 perrexit.
1666 5784 1749 5836 lu—

1868 3271 1934 3326 lis
1958 3269 2332 3324 Lcmbardiam
2357 3271 2521 3335 venit,
2551 3279 2604 3324 et
2634 3271 2872 3323 lietaater
2894 3286 2923 3322 a
2946 3269 3218 3325 comitissa
3243 3284 3422 3322 susce-

1867 3367 1989 3425 ptus
2023 3368 2137 3422 est;
2164 3361 2255 3426 qui
2275 3360 2428 3427 juxta
2451 3359 2653 3412 Padum
2683 3360 2945 3428 synodum
2977 3373 3278 3412 convocans
3300 3358 3420 3410 loco

1865 3447 1955 3514 qui
1989 3447 2259 3501 Guastalla
2302 3448 2515 3508 dicitur,
2546 3447 2760 3501 IIcurici
2801 3446 3039 3501 defuncti
3079 3447 3419 3515 imperatoris

1867 3539 2008 3591 filius
2039 3537 2302 3592 Ilenrieus
2332 3538 2566 3600 nomine,
2597 3538 2687 3606 qui
2729 3538 2889 3605 hujus
2920 3536 3154 3591 nominis
3195 3537 3418 3605 quintus

1866 3627 1984 3690 fait,
2020 3629 2220 3697 legatos
2246 3628 2311 3680 ad
2355 3644 2476 3681 eum
2509 3628 2674 3692 inn-it,
2713 3629 2896 3695 petens
2932 3635 2989 3680 ut
3031 3626 3132 3680 sibi
3162 3627 3419 3696 regnandi

1858 3717 1950 3786 jus
1974 3718 2306 3780 concederet,
2342 3727 2393 3769 ct
2429 3726 2629 3769 sancta:
2664 3716 2807 3769 sedis
2837 3715 3142 3782 apostolica:
3173 3730 3232 3768 se
3256 3715 3419 3768 devo-

1865 3815 1977 3860 tum
2011 3807 2123 3860 fore
2147 3807 2481 3874 promittens.
2508 3805 2655 3858 Ilanc
2684 3805 3001 3873 legationem
3027 3820 3161 3871 papa
3192 3803 3418 3855 libenter

1864 3896 2197 3963 amplexatus
2227 3905 2326 3949 est.
2377 3895 2664 3948 Comitissa
2705 3908 2833 3947 vero
2864 3892 2948 3945 his
2988 3893 3154 3960 patris
3183 3900 3236 3944 et
3274 3891 3417 3959 regis

1863 3985 1947 4052 pia
1975 3986 2131 4038 verba
2166 3985 2415 4038 laudavit.
2439 3992 2490 4037 ct
2517 3999 2662 4052 papa:
2687 3980 3045 4052 magnidcavit
3072 3995 3413 4049 responsum.

1863 4074 1940 4128 Eo
1977 4085 2214 4144 tunpore
2240 4074 2556 4128 Parmenses
2600 4067 2875 4127 venientes
2924 4073 2988 4126 ad
3022 4087 3242 4143 papam,
3282 4070 3415 4141 Ber-

1864 4168 2090 4220 nardum
2115 4167 2379 4230 abbatem,
2405 4165 2496 4235 qui
2526 4164 2698 4219 fuerat
2718 4165 2772 4217 in
2801 4179 2863 4218 ea
2883 4164 3116 4226 civitate,
3136 4169 3196 4215 ut
3210 4163 3412 4215 dictum

1861 4266 1965 4321 est,
1993 4257 2348 4326 ignominioso
2376 4264 2666 4318 tractatus,
2713 4254 2814 4307 sibi
2862 4253 2916 4305 in
2950 4252 3260 4320 episcopum
3297 4250 3416 4304 dari

1862 4347 2148 4413 petierunt.
2182 4345 2296 4410 Qua
2318 4345 2574 4412 petitione
2597 4358 2730 4412 papa
2767 4343 2981 4409 gavisus
3005 4340 3253 4394 Parmam
3287 4355 3411 4393 cum

1867 4435 2058 4491 abbate
2101 4434 2263 4497 venit,
2291 4442 2344 4486 ct
2373 4433 2545 4500 ipsum
2577 4432 2630 4484 in
2667 4431 2908 4500 ejusdem
2937 4431 3249 4501 episcopum
3278 4445 3412 4484 con-

1791 4535 1833 4591 1)
1860 4525 2108 4589 secravit,
2137 4525 2428 4578 decernens
2453 4530 2629 4576 autem
2658 4521 2948 4576 Ecclesium
2981 4516 3322 4594 Par-mensem
3347 4522 3413 4574 ad

1865 4617 2161 4670 Romanam
2181 4624 2420 4684 spectare
2444 4615 2623 4679 sedem
2655 4630 2797 4667 anno
2820 4613 3021 4668 Christi
3051 4602 3200 4680 ll06,
3224 4612 3415 4666 deinde

1791 4705 1796 4709 ’
1865 4707 2088 4761 Romam
2124 4721 2372 4760 reversus
2394 4714 2476 4759 est
2502 4715 2656 4774 papa.

2451 4819 2677 4874 CAPUT
2715 4817 2825 4870 XV.

1862 4913 1937 4965 De
1957 4929 2083 4981 pere
2111 4913 2420 4979 conﬁrmata
2449 4910 2965 4981 interimperatorcm
2994 4913 3041 4956 et
3067 4905 3407 4981 comitissa)",

1927 4974 1974 5034 et
1998 4974 2223 5050 qualiter
2268 4982 2549 5046 imperator
2605 4975 2743 5044 regni
2797 4974 3037 5025 diadema
3095 4975 3315 5042 suscepit
3378 4995 3411 5028 α

1925 5067 2082 5117 papa.

1922 5157 2052 5210 Post
2092 5159 2205 5209 haec
2239 5169 2361 5206 cum
2404 5154 2695 5221 imperator
2721 5152 2986 5208 Ilenricus
3021 5156 3182 5223 hujus
3229 5155 3405 5208 nomi-

1856 5246 1940 5298 nis
1973 5243 2015 5295 ν
2041 5244 2283 5296 civitates
2324 5252 2377 5295 et
2407 5245 2598 5311 oppida
2627 5245 2941 5297 debellando
2969 5249 3307 5311 prosperaret
3351 5241 3404 5293 in
3477 5243 3480 5246 ’

1852 5351 2036 5405 regno,
2069 5334 2252 5387 volens
2284 5350 2395 5387 sua:
2416 5335 2713 5388 devotionis
2737 5336 2800 5387 ad
2826 5333 3104 5392 ecclesiam
3126 5331 3406 5398 propalare

1855 5425 2070 5490 iudicia,
2097 5425 2431 5478 venerandos
2458 5424 2650 5478 direxit
2688 5423 2954 5475 antistites
2987 5421 3049 5473 ad
3078 5421 3260 5472 urbem
3295 5420 3403 5471 lto-

1857 5532 1998 5570 mam
2030 5528 2172 5568 anno
2192 5513 2393 5565 Christi
2419 5512 2572 5574 H10,
2597 5497 2761 5576 seque
2785 5508 2841 5562 II.
2872 5509 3011 5562 Petri
3038 5510 3204 5561 lilium
3243 5526 3406 5576 spon-

1794 5595 1801 5604 ’
1853 5608 1994 5659 deus
2016 5618 2109 5672 per
2134 5602 2347 5654 eosdem
2373 5601 2581 5672 legatos
2615 5599 2824 5666 imperii
2854 5601 2935 5652 sui
2965 5599 3204 5652 diadema
3233 5598 3397 5663 petiit.

1855 5696 2058 5759 Quibus
2089 5705 2221 5758 papa
2248 5687 2521 5754 respondit
2552 5702 2608 5737 se
2632 5702 2886 5740 coronam
2918 5689 3189 5746 daturum,
3224 5687 3266 5738 si
3301 5686 3404 5737 llo-
3460 5723 3465 5728 ι

1857 5799 1993 5836 mam
2030 5785 2377 5849 laweepturus
2416 5775 2722 5828 accederet.
2773 5776 3006 5829 thlcttnt
3048 5777 3205 5843 igitur
3250 5777 3402 5846 legati
