3944 6428
493 434 629 487 1055
720 405 722 410 ’

1450 427 1540 479 AI)
1573 405 2258 480 orsns,s.~‘cnseonn
2293 425 2732 481 APPENDICES.

3563 401 3749 481 roso.

491 553 545 598 et
578 544 644 597 al
672 535 996 596 comitissam
1021 538 1325 594 Mathildem
1350 519 1692 604 divertentcs,
1723 522 1878 592 ab‘ea
1899 527 2042 592 'hila-
2071 540 2115 596 Α
2140 537 2252 593 IIac
2277 539 2439 608 igitur
2460 540 2745 594 rebellione
2759 524 3008 602 durante,
3034 538 3353 608 liuj'usmodi
3375 537 3749 616 turbationis.

495 633 624 687 riter
648 639 776 687 sunt
797 631 1146 699 suscepti,‘et,
1169 631 1380 700 magnis
1405 628 1688 698 gratificati
1708 629 2045 704 muneribus,

494 722 955 791 adimperatorem
992 718 1206 774 tandem
1248 727 1599 772 reverterunt.
1648 716 1838 770 Statim
1875 718 2045 786 impc-

495 819 644 865 rator
685 811 984 874 coadunato
1011 807 1252 863 exercitu
1298 807 1673 862 Lombardiam
1718 808 1954 873 intravit,
1996 812 2050 861 ct

495 900 738 954 civitates
781 915 846 952 ac
878 883 1072 968 castra
1113 897 1488 966 depopulatus,
1537 893 1762 951 cunctas
1808 897 1926 965 ejus
1969 897 2048 951 ira

496 988 832 1043 Lombardos
864 987 1171 1056 perterruit.
1201 986 1343 1040 Inter
1385 987 1484 1041 has
1519 987 1759 1041 civitates
1786 1002 1913 1040 cum
1935 985 2048 1039 No-

496 1077 646 1130 varia
674 1077 726 1130 in
750 1075 1039 1130 rebellione
1067 1076 1378 1143 persisteret
1399 1115 1413 1139 ,
1452 1090 1514 1129 ea
1547 1090 1830 1140 succensa,
1863 1091 2049 1130 muros

498 1166 618 1233 ejus
637 1166 824 1228 diruit,
855 1165 1199 1233 multamque
1228 1164 1350 1217 inde
1386 1164 1505 1217 auri
1529 1172 1583 1218 et
1609 1164 1812 1233 argenti
1839 1161 2052 1235 suppel-

499 1254 727 1309 lectilem
753 1255 1077 1323 asportavit;
1109 1254 1222 1307 sola
1254 1241 1449 1316 civitas
1481 1245 1777 1308 Hediolani
1815 1254 2050 1321 impera-

502 1345 604 1398 tori
632 1360 738 1399 non
782 1344 1165 1414 obtemperavit
1191 1343 1257 1396 ad
1305 1350 1510 1396 votum.
1557 1343 1804 1413 Cumque
1833 1351 2052 1412 pr0pter

503 1434 810 1502 huiusmodi
858 1434 1165 1488 in'v‘asioues
1207 1432 1484 1486 comitissa
1524 1431 1901 1500 imperatorem
1952 1433 2049 1485 ha-

502 1523 652 1577 beret
673 1530 917 1587 exosum,
941 1521 1199 1592 ﬂagrabat
1220 1537 1343 1576 cum
1380 1537 1441 1576 ea
1473 1536 1660 1590 pacem
1698 1515 1913 1575 habere.
1947 1517 2052 1575 Im-

503 1620 720 1680 perator
754 1612 1102 1666 nihilominus
1147 1626 1320 1681 usque
1357 1610 1424 1666 ad
1465 1608 1629 1664 Thari
1656 1610 1826 1682 ripam
1868 1611 2048 1677 venit;

503 1701 782 1755 comitissa
837 1716 964 1755 vero
1016 1716 1046 1754 a
1096 1700 1336 1755 Canossa
1396 1687 1749 1754 Bibi'anellnm
1797 1690 2048 1769 perrexit.

504 1788 742 1844 Tandem
778 1790 919 1844 inter
945 1805 1063 1844 eam
1092 1797 1145 1842 et
1169 1789 1542 1858 imperatorem
1573 1789 1730 1858 legati
1766 1791 1935 1844 multo
1955 1791 2054 1858 ba—_

503 1878 620 1932 bito
644 1887 872 1932 tractatu
895 1893 1079 1948 pacem
1107 1856 1348 1931 mutuam
1371 1856 1779 1943 confirmarunt,
1810 1877 1970 1947 quam
1999 1856 2057 1934 se

507 1976 839 2022 scrvaturam
867 1968 1144 2023 comitissa
1169 1968 1472 2036 spopondit,
1511 1966 1769 2021 Romanm
1798 1968 2058 2023 duntaxat

503 2055 757 2131 Ecclesiae
786 2057 1037 2112 fidelitate
1077 2065 1305 2111 servata.
1351 2055 1446 2110 His
1479 2057 1732 2125 peractis,
1765 2059 2058 2131 imperator

495 2157 601 2214 per
623 2129 855 2199 montem
881 2145 1142 2198 Burdonis
1167 2145 1320 2214 (957)
1340 2139 1589 2216 transivit
1613 2147 1669 2198 in
1693 2129 1969 2212 Tusciam,
1992 2147 2059 2200 de

507 2234 663 2302 cujus
701 2235 930 2288 alvcntu
969 2233 1130 2287 Tusci
1159 2234 1487 2302 trepidantes
1526 2235 1576 2287 ei
1619 2234 1819 2288 tributa
1849 2236 2058 2304 persol-

506 2331 658 2376 vunt.
705 2323 987 2377 Florentia:
1024 2321 1210 2376 Natale
1249 2321 1463 2376 Domini
1511 2323 1818 2378 celebravit.
1861 2322 2057 2378 Urbem

509 2400 784 2466 Aretinam
829 2411 1012 2467 fractis
1051 2412 1233 2467 muris.
1263 2414 1602 2482 consumpsit
1639 2414 1906 2481 incendio.
1958 2413 2061 2467 Ve-

512 2500 672 2554 niens
694 2501 908 2554 tandem
929 2499 1156 2554 Romam
1185 2509 1383 2570 quarto
1402 2499 1526 2555 Idus
1546 2501 1846 2568 Februarii,
1873 2518 1903 2556 a
1925 2518 2064 2571 papa

508 2599 563 2643 et
594 2590 737 2644 clero
763 2605 827 2644 ac
868 2590 1065 2659 populo
1101 2590 1327 2644 solemni
1364 2591 1706 2662 processione
1746 2591 2060 2660 suscipitur.

507 2676 722 2736 Intrans
744 2694 872 2734 vero
913 2679 1056 2734 beati
1080 2678 1227 2734 Petri
1263 2680 1561 2746 basilicam,
1593 2689 1647 2734 et
1687 2681 1754 2735 ad
1787 2682 2064 2738 universos

424 2771 426 2778 ί
510 2768 776 2824 scalarum
799 2770 995 2838 gradus
1022 2785 1196 2840 genua
1225 2769 1463 2844 flectens,
1479 2777 1601 2824 ante
1625 2770 1792 2824 altare
1819 2772 1886 2824 ad
1913 2771 2064 2840 pacis

511 2858 761 2910 osculum
803 2873 834 2910 a
875 2873 1012 2926 papa
1038 2858 1352 2926 suscipitur,
1383 2859 1706 2926 promittens
1733 2859 1784 2912 ei
1810 2858 2066 2913 ecclesias

515 2944 608 2999 Dei
633 2961 736 3000 non
764 2946 1134 3012 venditurum,
1158 2961 1260 3000 nec
1281 2946 1629 3020 investiluras
1654 2945 1922 3001 facturum
1961 2948 2066 3002 nisi

513 3050 610 3104 per
634 3051 782 3104 papa:
807 3036 1097 3090 licentiam.
1128 3033 1371 3104 Cumque
1405 3052 1541 3105 papa
1583 3037 1651 3090 ad
1700 3037 2065 3102 coronandum

2092 673 2101 676 .
2146 629 2376 684 civitatis
2395 639 2559 684 casus
2581 629 2753 683 eidem
2780 627 3071 694 comitissa:
3089 627 3328 684 emersit.
3359 626 3500 684 Cum
3521 636 3731 684 autent

2147 716 2202 770 iu
2228 720 2411 772 mante
2429 717 2688 772 Baruntio
2717 717 2993 785 comitissa
3017 726 3263 794 maneret
3290 719 3528 788 graviter
3552 718 3734 777 inﬁr-

2146 817 2288 862 mata
2297 849 2316 875 ,
2342 807 2502 862 fallax
2525 808 2592 863 de
2611 807 2729 876 ejus
2750 815 2925 862 morte
2941 805 3084 882 fama
3096 807 3397 876 personuit.
3428 795 3742 863 Mantuani

2149 897 2309 970 igitur
2327 898 2607 967 gavisi,get
2633 895 2835 951 famam
2867 896 3008 950 hanc
3028 896 3392 966 divulgantes,
3433 896 3728 966 Ripaltam

2149 987 2438 1041 comitissa;
2465 995 2701 1042 castmm
2724 986 2900 1040 tertio
2927 972 2995 1040 ab
3029 985 3164 1041 urbe
3191 984 3423 1041 Mantua:
3452 986 3746 1062 milliaria.

2146 1074 2356 1153 distans
2381 1076 2658 1130 invadunt.
2689 1074 2954 1130 Custodes
2978 1090 3107 1129 vero
3149 1075 3337 1141 castri,
3378 1083 3494 1130 tum
3521 1091 3588 1130 ex
3616 1092 3732 1131 su-

2147 1164 2259 1219 bita
2287 1165 2588 1230 invasione,
2615 1174 2727 1220 tum
2752 1181 2818 1220 ex
2841 1165 2972 1220 falsa
3008 1165 3300 1220 comitissa:
3329 1163 3471 1220 fama
3499 1165 3727 1234 prolata

2150 1255 2343 1310 timore
2372 1255 2546 1309 multo‘
2568 1256 2830 1324 percussi,
2854 1263 3094 1310 castrum
3124 1249 3430 1310 Mantuanis
3449 1253 3555 1311 hac
3576 1270 3721 1311 con-

2149 1340 2353 1398 ditioiie
2383 1344 2720 1398 tradiderunt
2750 1363 2764 1398 :
2794 1353 2854 1398 nt
2881 1345 3154 1410 videlicet,
3202 1345 3251 1399 si
3289 1344 3495 1398 viveret
3534 1347 3723 1400 comi-

2150 1433 2306 1498 tissa,
2353 1442 2541 1488 contra
2586 1448 2704 1507 eam
2745 1435 3053 1490 nullatenus
3099 1426 3394 1488 teneretur.
3428 1432 3533 1488 Sed
3558 1433 3725 1499 Hau-

2151 1523 2305 1577 tuani
2346 1523 2579 1592 perﬁdia:
2606 1517 2758 1577 vitio'
2785 1524 2973 1593 repleti
2993 1565 3007 1589 ,
3027 1522 3229 1576 habito
3255 1524 3419 1577 castri
3443 1521 3718 1589 dominio,

2152 1603 2506 1667 decreverunt
2535 1613 2665 1667 illud
2699 1602 2956 1668 incendio
2984 1612 3265 1683 dissipare.
3305 1610 3512 1667 Interea
3544 1627 3720 1666 vene-

2150 1688 2336 1757 rabilis
2365 1701 2672 1757 Manfredus
2695 1703 2980 1772 episcopus
3004 1702 3274 1756 Mantuam
3303 1702 3451 1755 venit
3471 1699 3722 1756 referens

2154 1792 2484 1847 comitissam
2510 1793 2716 1847 vivere.
2739 1791 2892 1857 Quod
2943 1791 3165 1846 audiens
3199 1792 3442 1860 p0pulus,
3474 1787 3726 1844 Mantua-

2158 1897 2281 1947 nus,
2314 1881 2393 1934 ira
2417 1880 2687 1946 frendens,
2711 1877 2799 1934 vix
2843 1897 3036 1935 manus
3065 1881 3132 1935 ab
3159 1881 3277 1950 ipso
3309 1879 3593 1950 continuit,
3619 1879 3741 1934 sed‘

2156 1971 2368 2041 generis
2415 1970 2534 2040 ejus
2579 1971 2844 2044 nobilitas.
2873 1986 3062 2025 eorum
3104 1960 3363 2039 repressit
3406 1969 3718 2023 audaciam.

2150 2053 2408 2114 Castrum
2437 2076 2566 2114 vero
2594 2059 2820 2129 Ripalta:
2852 2060 3079 2114 ﬂamma:
3105 2067 3159 2114 et
3185 2059 3357 2114 ruina:
3391 2059 3642 2124 traditur,
3665 2067 3728 2115 et

2154 2161 2253 2217 per
2276 2165 2512 2204 mensem
2539 2149 2663 2204 Inde
2689 2141 2960 2224 Illantuam
2987 2151 3158 2219 spolia
3197 2148 3543 2205 deferuntur.
3586 2147 3738 2205 Ilaec-

2159 2247 2336 2291 autem
2359 2239 2539 2292 omnia
2573 2229 2902 2293 comitissam
2935 2241 3247 2292 latuerunt:
3278 2239 3536 2293 nolebant
3556 2239 3726 2293 enim

2158 2325 2340 2382 ﬁdeles
2369 2316 2487 2396 ejus
2513 2327 2824 2397 aegritudine
2853 2328 3101 2382 alllictam
3135 2319 3242 2382 hoc
3274 2319 3570 2382 damnabili
3615 2343 3745 2381 ru-

2159 2419 2310 2471 more
2330 2406 2660 2471 contristari.
2701 2417 2930 2471 Sanitati
2959 2417 3169 2471 tandem
3213 2416 3493 2482 restituta,
3527 2418 3728 2487 cogni-

2160 2513 2322 2575 toque
2341 2507 2501 2575 quale
2537 2507 2638 2561 sibi
2660 2507 2934 2560 Mantuani
2956 2495 3212 2561 damnum
3235 2501 3737 2572 intulerant,dixit

2161 2601 2374 2663 tempus
2408 2594 2596 2650 adesse
2639 2595 2783 2664 quod
2828 2596 2942 2650 suis
3004 2588 3121 2650 erat
3159 2595 3438 2651 demeritis
3496 2585 3730 2651 lantn'a

2117 2759 2128 2764 ἢ
2162 2684 2543 2739 subvertenda.
2575 2683 2716 2739 Suos
2735 2684 2900 2754 igitur
2931 2685 3178 2766 hortatur
3211 2685 3279 2740 ad
3299 2683 3520 2752 bellum,
3555 2694 3610 2740 et
3630 2701 3737 2741 ar-

2162 2779 2306 2828 mata
2336 2774 2509 2828 classe
2543 2775 2609 2828 ad
2631 2773 2862 2829 Mantuae
2881 2775 3214 2829 obsidionem
3235 2777 3560 2845 properavit.
3578 2774 3737 2830 Dum

2137 2860 2342 2944 "autem
2394 2861 2572 2930 gravis
2611 2859 2932 2916 Mantuanos
2980 2871 3212 2917 aretaret
3258 2862 3490 2944 obsidio,
3522 2879 3748 2934 magno

2154 2951 2362 3002 timore
2399 2949 2729 3003 consternati
2771 2947 3112 3019 defensiones
3161 2965 3350 3005 eorum
3373 2952 3429 3006 in
3472 2953 3735 3008 div.rsas

2166 3039 2390 3092 trahunt
2430 3039 2742 3093 sententias.
2759 3038 3000 3104 Quidam
3026 3039 3170 3098 enim
3186 3026 3569 3094 insistendum
3600 3056 3742 3096 csse-

517 3134 653 3178 eum‘
681 3141 739 3179 se
768 3134 1000 3194 pararet,
1029 3125 1262 3194 perﬁdia:
1289 3141 1473 3197 semen
1501 3127 1728 3181 aemulus
1759 3127 1910 3194 pacis
1934 3127 2068 3195 inje-
2093 3148 2134 3204 ρ
2165 3127 2482 3193 decernunt,
2525 3141 2652 3197 pars
2691 3127 2958 3183 infirmior
3002 3128 3201 3182 muenia
3231 3127 3380 3184 exire
3421 3120 3728 3210 contendit.

517 3214 610 3278 cit,
638 3213 969 3282 propositum
1005 3222 1059 3268 et
1106 3215 1435 3283 promissum
1461 3215 1802 3285 imperatoris
1829 3224 2064 3270 mutans.

517 3295 653 3357 Nam
671 3303 824 3373 petiit
847 3319 880 3357 a
908 3319 1045 3374 papa
1066 3303 1168 3358 sibi
1185 3303 1278 3374 jus
1303 3304 1528 3359 concedi
1564 3305 1617 3359 in
1646 3305 1838 3361 dandis
1862 3305 2069 3374 episco-

517 3394 734 3463 patibus
750 3402 806 3450 et
829 3393 1061 3449 abbatiis
1085 3410 1179 3464 per
1202 3395 1408 3464 virgam
1431 3403 1486 3449 et
1510 3396 1788 3452 annulum.
1815 3397 2070 3463 quemad-

520 3483 740 3537 modum
784 3484 868 3538 sui
912 3483 1336 3553 praedecessores
1389 3485 1651 3539 hactenus
1704 3488 2066 3539 ummicrunt.

521 3571 679 3637 Quod
718 3578 840 3625 eum
885 3588 1021 3641 papa
1051 3581 1332 3638 renueret,
1379 3573 1557 3641 ipsum
1607 3574 1895 3640 imperath
1946 3587 2072 3626 cum

522 3659 754 3727 prmlatis
786 3669 841 3714 et
879 3661 1029 3714 omni
1058 3661 1230 3715 curia
1272 3660 1580 3729 captivavit.
1621 3659 1763 3713 Inter
1800 3676 1939 3730 quos
1973 3660 2074 3716 fuit

523 3746 826 3803 Bernardus
857 3748 1165 3804 Parmensis
1194 3750 1500 3819 episcopus,
1526 3757 1584 3803 et
1606 3748 1798 3803 Senior
1838 3749 2081 3819 Reginus-

524 3838 828 3906 episcopus.
864 3837 968 3919 Pro
994 3841 1190 3908 quibus
1211 3839 1480 3908 episcopis
1501 3846 1557 3893 et
1583 3840 1792 3894 ueteris
1817 3837 2076 3893 Lombar-

524 3928 608 3982 dis
633 3928 856 3996 captivis
874 3928 957 3981 vir
977 3929 1171 3984 nobilis
1196 3939 1250 3982 et
1286 3929 1565 3996 eloquens,
1608 3928 1880 3983 Arduinus
1908 3928 2075 3981 comi-

524 4018 671 4084 tisszc
700 4017 925 4086 legatus,
953 4018 1328 4088 imperatorem
1378 4018 1689 4086 alloquitur,
1726 4027 1778 4072 et
1809 4018 1958 4087 pacis
1977 4028 2098 4086 pa-'

525 4115 672 4188 ctum
694 4099 1142 4173 commemorans,
1158 4109 1389 4162 libertati
1411 4107 1591 4162 donati
1615 4116 1757 4162 sunt.
1783 4108 2077 4178 Imperator

527 4196 760 4267 tandem,
795 4197 862 4250 ad
884 4214 978 4251 cor
1003 4199 1214 4252 rediens
1245 4207 1298 4252 et
1321 4197 1500 4252 futura
1532 4199 1764 4267 pericula
1807 4209 2071 4264 metuens,

530 4298 722 4353 papam
749 4294 803 4339 et
827 4289 1076 4354 pra-latos
1109 4287 1392 4353 relaxavit,
1419 4297 1490 4354 et,
1520 4299 1658 4357 pace
1675 4304 1798 4342 cum
1826 4304 1892 4344 eo
1915 4288 2074 4355 facta,

529 4374 600 4453 ab
615 4373 731 4443 ipso
747 4374 1070 4441 imperialem
1094 4377 1510 4432 benedictionem
1532 4387 1586 4431 et
1607 4379 1813 4447 imperii
1832 4379 2072 4433 diadema

2160 3216 2280 3273 ﬂac
2315 3217 2531 3272 tandem
2564 3216 2911 3272 ﬂuctuatione
2941 3217 3153 3286 trepidi,
3175 3216 3512 3284 vacillantes,
3552 3233 3596 3277 at
3625 3233 3736 3272 σοι

2167 3307 2376 3365 mitissa
2397 3307 2611 3377 utrique
2629 3301 2896 3376 supplices
2917 3307 3185 3375 petierunt
3213 3305 3456 3365 veniam.
3477 3304 3736 3376 (nmque

2167 3391 2442 3452 comitissa
2465 3408 2654 3451 eorum
2677 3397 2866 3465 legatis
2892 3411 3051 3451 aures
3067 3396 3337 3464 praeberet
3367 3387 3643 3462 adversas,
3669 3404 3735 3452 et

2168 3485 2338 3540 torvis
2354 3501 2449 3540 eos
2476 3486 2740 3554 aspiceret
2757 3485 2957 3548 oculis,
2977 3483 3283 3538 mitissiis
3311 3489 3491 3537 tamen
3515 3484 3730 3552 suppli-

2169 3573 2478 3644 cationibus
2510 3580 2564 3624 et
2587 3559 2870 3640 procerum
2893 3584 3117 3624 suorum
3161 3570 3575 3624 instantissimis
3599 3587 3730 3639 pre-

2171 3660 2325 3715 cibus
2359 3657 2478 3728 ejus
2515 3659 2758 3728 placatus
2786 3665 2886 3712 'est
2929 3658 3162 3713 animus.
3204 3656 3488 3737 Civitatem
3544 3659 3733 3727 itaque

2173 3750 2278 3804 sibi
2335 3749 2709 3813 tradiderunt,
2773 3747 3047 3821 fidelitatis
3101 3747 3412 3818 iuramenta
3485 3747 3741 3806 universi

2173 3843 2520 3905 pra-stantes,
2555 3843 2612 3889 et
2656 3840 2881 3890 anisum
2931 3829 3171 3888 annuum
3212 3835 3543 3890 pollicentes.
3592 3834 3733 3892 Acta

2173 3931 2303 3978 sunt
2321 3923 2436 3977 haec
2475 3921 2719 3998 Bnndoni
2743 3920 2891 3990 (958)
2914 3921 2974 3975 in
2999 3934 3187 3975 mense
3212 3918 3461 3978 Octobris
3485 3937 3631 3981 anno
3657 3922 3734 3982 ab

2153 4009 2453 4085 Vincarnato
2475 4008 2566 4064 Dei
2591 4008 2727 4064 Filio
2758 4008 2912 4062 l0“.

2630 4117 2634 4120 ’
2725 4124 2950 4180 CAPUT
2999 4125 3196 4181 XVII.‘

2163 4181 2417 4282 Qualiter
2452 4234 2577 4288 erga
2615 4215 2712 4270 Dei
2753 4217 2950 4288 cultum
2984 4217 3144 4288 fuerit
3187 4217 3390 4285 deuota,
3427 4227 3477 4273 et
3517 4217 3742 4288 dexan

2508 4286 2534 4338 ί.
2699 4287 2922 4338 transitu
2961 4286 3216 4366 glorioso.

2244 4374 2472 4430 Illustris
2492 4375 2674 4444 itaque
2701 4375 2973 4429 comitissa
2996 4375 3173 4440 miris,
3199 4373 3399 4428 ﬂorens
3417 4372 3734 4440 virtutibus,

531 4462 785 4531 suscepit.
822 4461 1193 4516 Investituram
1215 4477 1429 4530 quoque
1467 4467 1629 4534 virga:
1653 4478 1708 4520 et
1743 4468 1927 4520 annuli
1974 4467 2074 4522 sibi
2106 4473 2152 4527 ῐ)
2176 4463 2344 4518 cultui
2363 4464 2548 4517 divino
2567 4478 2777 4531 semper
2798 4472 2913 4517 erat
2936 4463 3163 4528 intenta,
3180 4462 3371 4531 indpes
3399 4469 3746 4529 sustentans,

530 4540 801 4607 concessit
842 4542 985 4605 anno
1027 4550 1225 4604 Christi
1259 4551 1411 4635 Illi.
1437 4550 1665 4607 Rediens
1708 4555 1872 4624 igitur
1912 4557 2079 4623 impe-

531 4653 680 4698 rator
707 4641 1083 4695 Lombardiam
1116 4639 1462 4694 Bibianellum
1489 4643 1654 4707 venit,
1685 4643 1775 4696 ubi
1802 4645 2078 4697 comitissa

538 4735 820 4809 residebat,
837 4746 910 4798 et,
934 4733 1106 4786 tribus
1132 4731 1322 4787 diebus
1343 4746 1467 4787 cum
1497 4748 1560 4788 ea
1585 4743 1844 4800 moratus,
1867 4736 2078 4789 tandem

533 4820 594 4872 In
627 4820 991 4875 Alemanniam
1018 4821 1273 4891 pervenit.

1104 4930 1329 4986 CAPUT
1365 4931 1504 4985 XVI.

543 5017 619 5071 De
659 5014 929 5069 rebellione
979 5017 1240 5084 lentu,
1382 5022 1610 5091 qualiter
1651 5039 1705 5074 se
1751 5021 2085 5074 reddiderunt

1156 5103 1286 5138 coma
1313 5106 1448 5138 mar.

1156 5103 1448 5143 continuae.

610 5174 743 5228 Cum
790 5182 965 5227 autem
1013 5173 1199 5228 eadem
1242 5175 1517 5229 comitissa
1566 5177 1837 5232 Mathildis
1882 5179 2079 5244 duces,

542 5269 829 5336 principes,
860 5268 1082 5323 comites
1106 5275 1434 5336 superasset,
1460 5283 1522 5321 ac
1545 5268 1786 5321 civitates
1809 5275 1861 5322 et
1892 5273 2083 5340 Oppida

548 5357 650 5408 sibi
687 5356 899 5410 rebellia
939 5357 1282 5424 subdidisset,
1311 5359 1425 5412 sola
1458 5357 1674 5410 Mantua
1700 5373 1795 5424 per
1822 5373 1989 5411 annos
2017 5359 2087 5410 Ξῖ»

543 5444 602 5521 in
639 5445 926 5502 rebellione
958 5449 1288 5514 permansit,
1321 5446 1659 5515 imperatoris
1692 5446 1862 5498 edicta
1912 5445 1965 5509 in
2007 5445 2080 5498 fa-

549 5545 728 5589 vorem
750 5534 1036 5589 comitissa:
1063 5535 1140 5592 eis
1165 5538 1475 5593 transmissa
1505 5536 1716 5607 penitus
1742 5534 2087 5605 vilipendens.

621 5682 768 5749 (937}
803 5686 1078 5741 Dur-donis.

2179 4565 2465 4620 oppressos
2511 4552 2772 4612 relevans,
2817 4561 2872 4604 et
2926 4551 3027 4607 Dei
3063 4551 3740 4620 famulos‘perbonorans.

2180 4639 2304 4695 Haec
2347 4650 2400 4695 et
2443 4648 2643 4694 sanctae
2689 4640 2957 4710 religioni,
2987 4641 3299 4710 psalmodiis
3323 4649 3380 4696 et
3399 4642 3735 4698 orationibus

2177 4725 2392 4786 assidue
2416 4730 2740 4795 intendebat,
2772 4730 3031 4786 ecclesias
3048 4739 3103 4786 et
3127 4730 3224 4786 Dei
3253 4731 3534 4794 ministros
3560 4746 3732 4808 para-

2181 4821 2376 4876 mentis
2396 4828 2452 4875 et
2477 4820 2623 4876 vasis
2656 4823 2826 4875 sacris
2853 4821 3135 4892 magniﬁce
3151 4821 3362 4880 ditavit.
3405 4819 3534 4875 Fuit
3565 4820 3748 4876 etiam-

2165 4909 2543 4987 ‘scientiarum
2577 4900 2756 4966 studio
2795 4912 3057 4977 dedicata,
3106 4919 3162 4965 et
3200 4909 3501 4964 liberalium
3530 4908 3737 4964 artium

2167 5001 2402 5072 grandis
2421 5001 2740 5073 bibliotheca
2761 5001 2864 5056 sibi
2888 5017 2996 5055 non
3019 4999 3207 5054 defuit.
3227 4995 3336 5050 Pro
3366 4994 3570 5078 Christi
3589 5012 3733 5066 quo.-

2185 5107 2291 5162 que
2312 5091 2550 5149 Ecclesia
2573 5093 2751 5164 praelia
2774 5096 2944 5147 multa
2973 5090 3154 5162 gessit.
3170 5087 3306 5142 Cum
3317 5088 3568 5142 autemin
3589 5087 3736 5145 Boa-

2184 5184 2324 5238 deno
2344 5199 2482 5254 pago
2516 5196 2723 5237 moram
2744 5184 3002 5245 traheret,
3023 5177 3211 5231 volens
3237 5175 3311 5230 ibi
3334 5173 3520 5232 Natale
3544 5177 3741 5234 M-

2187 5277 2240 5328 ni
2263 5272 2552 5339 celebrare,
2574 5273 2719 5327 venit
2739 5273 2805 5325 ad
2827 5285 2948 5325 eam
2969 5280 3198 5336 magnus
3218 5265 3306 5320 ille
3325 5267 3602 5337 religionis
3627 5267 3740 5326 Pa—

2186 5359 2496 5429 ter-Ponto,
2510 5362 2763 5416 .Cluniaci
2783 5357 2973 5423 abbas,
2996 5364 3185 5410 octavo
3217 5355 3307 5410 die
3327 5371 3396 5412 ex
3427 5372 3538 5427 quo
3559 5355 3735 5414 Rom

2183 5451 2534 5516 discesserat;
2560 5450 2796 5519 .qui,sno
2826 5459 2975 5500 more
2995 5445 3064 5500 ab
3089 5459 3152 5500 ea
3180 5447 3736 5520 δυωῳωεςνειιιιὴι

2185 5537 2371 5593 Natale
2412 5538 2640 5593 Domini
2660 5533 2892 5589 ofﬁcium
2948 5535 3273 5604 decantaret,
3632 5549 3744 5606 plu

2258 5688 2375 5756 {9-58
2425 5685 2484 5735 BI
2608 5701 2656 5736 nt
