3944 6380
207 447 340 502 1037

1087 439 1372 495 APPEND.
1415 437 1501 494 Ill.
1546 470 1611 480 ——
1649 435 2078 493 MONL’MENTA
2116 436 2574 493 GliEGORlANA.

3298 441 3435 498 1033

205 557 292 610 Dei
321 553 625 608 reverentia
647 551 713 606 ad
743 550 976 606 otlicium
1003 551 1256 618 perrexit,
1293 559 1349 604 et
1396 549 1587 604 devote
1614 549 1770 603 audi-
1800 551 1846 606 Α
1873 547 1962 601 ubi
1989 557 2044 602 et
2066 549 2434 619 progenitores
2464 550 2583 618 ejus
2613 550 2916 618 quiescunt,
2943 551 3067 620 quia
3093 559 3274 606 tamen
3295 566 3438 608 sem-

203 648 314 701 vit:
345 644 442 699 sed
491 644 820 700 immensum
855 643 1031 697 noctis
1061 641 1180 712 gelu
1216 640 1350 695 adeo
1374 640 1492 709 ejus
1527 640 1770 695 membra

202 733 424 804 diriguit
448 741 507 788 et
555 749 753 803 corpus
801 732 1006 795 afﬂixit,
1035 741 1095 784 ut
1121 730 1464 800 postmodum
1497 731 1634 784 lecto
1672 731 1769 784 de-
1806 805 1808 807 _

206 827 484 882 rumbcret
516 839 677 896 mgra.
723 822 1142 892 Superveniente
1188 829 1367 874 autem
1421 819 1771 890 apparitionis

203 918 306 982 die,
347 916 550 969 iterum
601 914 852 984 languida
882 913 1104 966 missam
1155 911 1380 977 audivit,
1410 920 1464 966 et
1485 912 1678 966 iterum
1705 911 1775 965 le-

203 1015 290 1060 cto
318 1006 598 1060 decubuit.
639 1005 883 1074 Cumque
931 1002 1097 1070 abbas
1125 1003 1194 1057 ab
1221 1017 1284 1056 ea
1313 1003 1603 1070 recederet,
1632 1001 1771 1071 ipsa,

202 1096 321 1165 ejus
348 1096 606 1165 precibus
634 1095 825 1160 lidens,
855 1094 1012 1163 pallia
1034 1102 1320 1162 vestesque
1341 1109 1544 1160 sacras,
1583 1109 1774 1163 argen-

206 1195 287 1240 tea
313 1201 470 1250 vasa,
502 1191 602 1240 nec
622 1171 730 1240 non
757 1193 810 1240 et
839 1200 1055 1240 crucem
1097 1192 1341 1239 sanctam
1366 1184 1592 1256 gemmis
1619 1199 1780 1238 orna~

205 1283 335 1337 tam,
366 1275 416 1329 ei
439 1275 530 1344 pia
568 1275 660 1330 Dei
713 1276 907 1330 cultrix
934 1275 1171 1330 donavit.
1225 1275 1572 1331 Adveniente‘
1595 1287 1774 1330 autem

203 1365 661 1436 quadragesimali
685 1365 910 1436 jejunio,
945 1381 1091 1432 cum,
1127 1360 1438 1420 inﬁrmitate
1465 1367 1678 1433 debilis,
1691 1368 1775 1436 je-

202 1456 395 1526 junare
422 1457 791 1524 contenderet,
821 1465 1059 1530 astantes
1109 1457 1349 1528 episcopi
1377 1459 1775 1524 contradicunt,

203 1547 655 1613 decernentes,ut
683 1549 862 1618 potius
884 1548 1149 1618 jejunium
1177 1549 1642 1618 eleemosynarum
1669 1550 1778 1603 lar-

205 1637 409 1708 gitione
439 1639 788 1707 persolveret.
820 1637 1205 1692 Succrescente
1235 1653 1362 1692 vero
1381 1636 1659 1708 languore,
1691 1655 1781 1694 ec-

1877 653 1972 707 per
1990 654 2114 692 cum
2140 638 2328 692 devote
2353 639 2540 705 coluit,
2569 649 2693 694 ante
2730 641 2879 710 pium
2919 657 3098 711 regem
3128 657 3227 711 pro
3256 657 3318 696 ea
3344 657 3438 697 ve—

1876 727 2022 782 niam
2049 728 2399 797 deprecetur;
2448 745 2556 784 non
2589 739 2769 784 tamen
2819 732 3006 786 scribit
3051 733 3105 786 in
3161 748 3272 801 quo
3319 734 3440 788 loco

1877 817 2038 872 fuerit
2058 820 2336 872 tumulata.
2373 818 2572 873 Verum
2607 831 2787 876 tamen
2821 824 3154 878 mausoleum
3199 823 3439 876 ostendi-

1879 920 1966 964 tur
2002 911 2054 964 in
2080 912 2410 966 monasterio
2442 912 2499 965 S.
2528 912 2796 968 Benedicti
2823 915 2887 968 de
2919 913 3237 967 Padolirone
3290 912 3443 966 Man-

1880 1009 2056 1054 tuame
2080 1001 2350 1066 dimcesis,
2377 1017 2406 1054 a
2445 1003 2676 1071 quodam
2717 1002 2952 1057 Tcdaldo
2980 1001 3241 1057 Bonifacii
3286 1010 3438 1072 patre

1881 1091 2135 1162 genitoris
2183 1092 2470 1146 Comitissze
2507 1093 2661 1160 juxta
2713 1093 2917 1147 Padum
2953 1093 3196 1158 fundato,
3245 1094 3439 1162 quoda

1881 1179 2095 1236 Mantua
2126 1182 2310 1236 decem
2371 1183 2637 1237 milliariis
2676 1185 2860 1248 distat,
2907 1185 2960 1237 in
3012 1199 3122 1252 quo
3153 1183 3352 1238 dicitur
3390 1191 3446 1238 et

1882 1273 2120 1327 creditur
2149 1273 2432 1326 tumulata.
2467 1273 2559 1326 Est
2590 1275 2733 1328 enim
2785 1275 3002 1344 grandis
3041 1289 3166 1328 arca
3214 1274 3440 1343 lapidea,

1881 1379 1946 1416 ex
1972 1363 2360 1417 candidissimo
2415 1379 2478 1416 ae
2510 1365 2888 1433 limpidissimo
2916 1366 3206 1432 alabastro,
3227 1379 3348 1433 qua:
3374 1365 3445 1418 ob

1881 1455 1999 1524 ejus
2024 1453 2337 1507 memoriam
2369 1453 2423 1506 in
2448 1468 2637 1523 magna
2660 1457 2956 1510 reverentia
2980 1466 3241 1511 servatur.
3265 1455 3441 1525 Ipsum

1881 1545 2100 1614 quidem
2129 1544 2434 1597 coenobium
2492 1546 2560 1598 ab
2613 1561 2714 1600 avo
2766 1546 2885 1615 ejus
2925 1555 3296 1602 constructum
3331 1561 3446 1616 am—

1885 1635 2143 1704 plissimis
2159 1635 2362 1689 dolavit
2391 1636 2847 1704 possessionibus,
2868 1644 2922 1690 et
2943 1638 3124 1692 aureis
3147 1638 3446 1704 argenteis-

203 1727 400 1782 clesias
424 1727 546 1793 Dei,
567 1729 800 1783 maxime
824 1727 1185 1795 Canusinam,
1213 1728 1429 1798 praediis
1452 1729 1781 1799 amplillcare
1884 1739 1990 1794 que
2014 1726 2159 1779 vasis
2204 1735 2258 1778 et
2283 1726 2458 1794 palliis
2485 1742 2548 1781 ac
2569 1727 2737 1785 etiam
2762 1727 3089 1798 paramentis
3113 1727 3445 1796 pretiosissi-

204 1816 454 1882 studens,
492 1815 541 1872 ei
573 1819 741 1872 multa
774 1817 1011 1874 donavit.
1066 1801 1322 1873 Famulos
1373 1833 1505 1876 suos
1532 1819 1781 1874 innume-
1885 1816 1990 1871 mis
2009 1816 2199 1870 ditavit
2223 1818 2533 1885 pariterque
2561 1817 2852 1873 decoravit.
2904 1815 2982 1873 lbi
3039 1819 3199 1873 etiam
3236 1818 3446 1872 libellus

208 1921 298 1962 ros
323 1914 452 1976 post
489 1907 610 1978 ejus
654 1916 882 1963 mortem
942 1909 1207 1978 ingenuos
1261 1895 1384 1964 esse
1426 1910 1609 1980 jussit.
1643 1910 1782 1966 Ante
1812 1889 1855 1947 Β
1883 1907 2112 1962 habetur
2137 1908 2190 1961 iu
2219 1907 2486 1962 thesauris
2507 1910 3072 1980 reconditus,argcnto
3091 1908 3369 1964 redimitus
3397 1917 3451 1962 et

206 1995 430 2050 domum
461 2013 680 2067 quoque
709 1998 763 2052 in
792 2015 899 2068 qua
926 2015 1064 2070 aegra
1100 1999 1242 2054 lecto
1281 1999 1516 2069 jaeebat,
1567 2002 1634 2055 ad
1686 2001 1781 2055 Dei
1881 2015 2034 2064 auro,
2067 2001 2123 2052 in
2151 2007 2262 2069 qdo
2286 2000 2398 2053 haec
2421 1997 2890 2054 llistoriamctriee
2911 2008 2995 2053 est
3011 2001 3298 2068 descripta.
3326 1999 3450 2053 [lare

118 2151 122 2154 _
208 2085 475 2140 honorem
524 2087 628 2141 sub
671 2084 830 2140 titulo
857 2089 1084 2157 apostoli
1131 2087 1317 2143 Jacobi
1348 2088 1588 2144 Zebedzei
1611 2091 1784 2145 eccle-

209 2174 344 2229 siam
365 2176 537 2246 jussit
563 2175 838 2246 fabricari,
869 2177 1031 2248 quam
1052 2180 1214 2233 etiam
1245 2181 1575 2249 paramentis
1595 2181 1787 2236 ditavit

208 2272 259 2319 et
312 2267 494 2338 agris,
526 2283 692 2339 quam
721 2269 986 2324 dedicavit
1011 2269 1189 2326 adhuc
1232 2286 1296 2325 ea
1328 2271 1542 2326 vivente
1575 2273 1786 2342 episco-

211 2370 308 2424 pus
347 2355 615 2431 Reginus.
645 2358 889 2431 Cumque
935 2361 1208 2416 laboraret
1249 2362 1304 2417 in
1333 2363 1612 2429 extremis,
1644 2363 1784 2418 idem

210 2446 500 2518 episcopus
549 2447 788 2518 Reginus
819 2465 1017 2519 corpus
1064 2445 1406 2505 Dominieum
1440 2451 1490 2506 ei
1546 2451 1782 2515 tradidit,

213 2537 431 2609 mittens
443 2533 510 2592 in
537 2539 658 2608 ejus
681 2539 932 2595 manibus
959 2555 1174 2594 crucem
1200 2539 1434 2607 Christi;
1469 2557 1634 2611 quam
1655 2542 1788 2602 dum

215 2627 501 2698 bajularet,
539 2637 593 2685 et
642 2630 696 2685 in
726 2646 788 2686 ea
839 2631 1028 2686 crebra
1071 2631 1257 2702 ﬁgeret
1284 2633 1469 2687 oscula
1497 2652 1509 2686 :
1544 2631 1673 2700 Oro,
1706 2633 1789 2686 in-

215 2719 348 2787 quit,
369 2729 444 2786 te,
475 2720 710 2786 Christe,
747 2738 906 2791 quem
930 2737 1142 2793 semper
1169 2722 1332 2787 colui,
1363 2737 1574 2792 semper
1587 2723 1784 2787 amavi,

217 2815 275 2860 ut
304 2809 553 2863 sordium
584 2824 826 2864 mearum
842 2810 1079 2880 digneris
1104 2811 1366 2866 mundare
1387 2811 1614 2881 piacula.
1658 2809 1789 2864 Post

217 2897 329 2952 haec
351 2907 603 2954 sanctum
626 2900 896 2970 accipiens
926 2909 1348 2967 sacramentum,
1370 2916 1569 2972 corpus
1584 2901 1789 2955 Christi

217 2987 420 3043 scilicet
452 2991 983 3059 reverendissimum,
1013 2992 1132 3046 ait:
1184 2991 1266 3046 Tu
1297 3008 1422 3063 spes
1478 3009 1596 3047 mea
1627 2993 1787 3046 unica

219 3088 268 3134 et
295 3081 572 3153 singulare
604 3081 893 3154 refugium,
918 3099 1104 3153 quaeso
1153 3099 1240 3137 me
1289 3084 1490 3138 salvam
1552 3083 1789 3154 digneris

219 3173 515 3244 suscipere,
564 3180 618 3228 et
661 3173 778 3228 haec
830 3173 1015 3229 dicens
1073 3175 1324 3246 migravit
1353 3175 1421 3229 ad
1478 3172 1785 3240 Dominum,

219 3275 360 3317 anno
405 3263 716 3319 humanam
740 3263 1047 3319 Divinitatis
1103 3265 1259 3328 1115,
1304 3263 1562 3334 vigesima
1589 3271 1784 3332 quarta

221 3351 485 3418 dieJulii,
511 3353 685 3408 aetatis
706 3362 886 3408 autem
915 3369 1028 3408 suae
1061 3369 1205 3408 anno
1238 3353 1328 3419 69,
1358 3353 1449 3422 qui
1489 3351 1588 3407 fuit
1609 3370 1786 3409 annus

223 3442 431 3509 tmperii
463 3440 681 3498 Henrici
703 3442 746 3496 ν
773 3451 1015 3511 octavus,
1053 3444 1106 3497 in
1137 3443 1262 3499 sede
1291 3444 1585 3513 apostolica
1607 3444 1788 3513 praesi-

222 3529 378 3586 dente
402 3527 654 3589 Pasehali
682 3534 845 3604 hujus
878 3534 1115 3590 nominis
1135 3533 1200 3599 ll,
1223 3533 1470 3605 Philippo
1497 3534 1660 3605 hujus
1684 3549 1787 3588 no-

225 3620 382 3678 minis
407 3622 430 3676 l
461 3632 716 3694 regnante
735 3624 1066 3680 Francorum
1089 3640 1231 3696 rege.

787 3733 1013 3788 CAPUT
1045 3734 1228 3787 XVIII.

602 3823 678 3878 De
705 3825 818 3895 ejus
852 3824 1131 3897 sepulturae
1159 3826 1417 3894 opinione.

269 3913 369 3971 De
390 3915 670 3985 sepultura
692 3916 855 3986 hujus
885 3916 1176 3972 comitissa:
1203 3916 1476 3971 Mathildis
1526 3900 1673 3970 nulla
1698 3931 1794 3970 ex-

227 3997 413 4071 presse
442 4005 673 4060 historia
712 4008 971 4074 continet,
997 4023 1160 4077 quam
1207 4008 1522 4063 invenerim.
1571 4006 1796 4063 Videtur

227 4099 405 4149 tamen
436 4094 723 4170 manifeste
746 4096 890 4164 quod
915 4081 1054 4164 apud
1072 4097 1366 4152 Canossam
1396 4099 1659 4152 tumulata
1688 4113 1794 4151 non

229 4182 315 4237 sit.
341 4170 681 4254 'Compilator
727 4186 871 4240 enim
929 4186 1252 4255 supradictae
1302 4184 1574 4251 Historiaa,
1625 4201 1657 4239 a
1686 4202 1796 4255 quo

230 4273 343 4330 haec
377 4283 596 4344 sumpta
621 4284 766 4343 sunt,
791 4277 844 4330 in
893 4277 1130 4332 carmine
1159 4293 1268 4348 quo
1289 4278 1406 4347 ejus
1440 4285 1670 4332 mortem
1704 4276 1797 4330 de-

229 4361 423 4430 plorat,
453 4374 574 4419 orat
597 4363 652 4419 S.
689 4366 1032 4436 Apollonium
1080 4367 1344 4423 Canusini
1389 4367 1570 4438 Oppidi
1617 4376 1798 4438 patro-

231 4466 380 4522 num,
431 4456 620 4525 quod,
658 4457 784 4513 licet
827 4457 1088 4527 injustum
1136 4459 1208 4513 sit
1263 4467 1323 4514 ut
1377 4459 1492 4529 ipsa
1524 4460 1798 4515 comitissa

1879 2091 2043 2143 etiam
2077 2091 2377 2155 comitissa,
2409 2099 2468 2144 ut
2487 2091 2742 2144 scribitur
2766 2090 2820 2144 in
2846 2090 3153 2155 Chronicis,
3176 2106 3298 2144 cum
3329 2106 3449 2144 am-

1881 2165 2140 2248 plissimis
2173 2181 2474 2236 abundaret
2507 2181 2964 2250 possessionibus,
3001 2188 3056 2236 et
3085 2182 3197 2235 lilio
3235 2183 3449 2238 haerede

1883 2279 2112 2338 careret,
2150 2281 2322 2326 totum
2352 2272 2739 2342 patrimonium
2761 2288 2919 2327 suum
2945 2287 3108 2342 super
3130 2273 3300 2327 altare
3329 2289 3454 2326 san-

1883 2364 1954 2416 cti
1984 2361 2131 2415 Petri
2172 2363 2386 2428 obtulit,
2416 2371 2471 2416 et
2521 2362 2614 2416 Dei
2639 2363 2921 2417 ecclesiam
2962 2372 3318 2432 sanctumque
3356 2361 3454 2414 Pe-

1884 2458 2028 2504 trum
2060 2450 2164 2505 sibi
2200 2449 2328 2505 fecit
2372 2452 2660 2505 heredem.
2694 2450 2848 2516 Quod
2870 2451 3258 2520 patrimonium
3294 2451 3454 2504 hodie

1885 2542 2087 2597 dicitur
2110 2541 2498 2612 patrimonium
2532 2542 2588 2595 S.
2619 2541 2784 2608 Petri,
2814 2542 2959 2612 quod
2988 2549 3072 2597 est
3101 2558 3131 2596 a
3166 2540 3454 2595 Radicafa-

1888 2647 1959 2686 no
1985 2649 2156 2701 usque
2179 2631 2452 2686 Cezanum
2489 2633 2660 2704 (959).
3305 2615 3314 2623 ’
3444 2624 3448 2629 ’

1908 2741 2142 2812 Explicit
2165 2742 2410 2796 Historia
2437 2746 2787 2799 memoranda:
2815 2747 3100 2799 comitissm
3127 2745 3423 2799 Mat/rimis.

1955 2833 2113 2888 Anno
2139 2832 2294 2887 Dom.
2342 2833 2500 2899 1445,
2545 2835 2631 2889 die
2665 2836 2698 2888 9
2737 2835 2942 2889 mensis
2976 2835 3223 2904 Augusti,
3253 2837 3345 2903 qui
3373 2845 3458 2890 (st

1886 2924 2067 2993 vigilia
2109 2923 2164 2977 S.
2199 2923 2476 2978 Laurentii
2502 2934 2623 2994 post
2656 2941 2932 2996 vesperas,
2966 2927 3291 2981 translatum
3329 2928 3456 2981 olim

1887 3030 2086 3084 corpus
2130 3031 2338 3085 magna:
2369 3026 2423 3071 et
2458 3017 2810 3072 nobilissimae
2842 3018 3134 3074 comitissa:
3164 3017 3457 3083 Mathildis,

1888 3105 2184 3174 imperialis
2204 3107 2436 3174 generis,
2461 3123 2584 3176 qua:
2633 3107 2734 3162 fuit
2759 3109 3031 3178 przecipua
3079 3116 3133 3163 et
3171 3109 3462 3178 singularis

1814 3221 1854 3278 ο
1887 3197 2122 3253 dotatrix
2146 3199 2309 3266 hujus
2335 3199 2648 3253 monasterii
2701 3199 2756 3252 S.
2792 3197 3066 3255 Benedicti
3091 3200 3169 3254 de.
3182 3199 3460 3255 Padoliro-

1885 3305 1974 3353 ne,
2012 3297 2137 3358 post
2165 3296 2371 3357 patrem
2395 3305 2553 3342 suum
2580 3288 2917 3350 Bonifacium
2963 3291 3171 3345 marehi
3196 3307 3353 3356 .nem,
3404 3299 3486 3344 et.

1885 3387 2007 3448 post
2029 3394 2188 3433 avum
2217 3393 2376 3432 suum
2404 3377 2736 3433 Thedaldum
2762 3381 3132 3434 marehionem
3162 3389 3216 3433 et
3254 3379 3454 3433 funda-

1888 3480 2059 3526 torem
2087 3469 2250 3538 hujus
2277 3468 2613 3532 monasterii,
2641 3469 2786 3537 quod
2821 3469 2973 3537 prius
3030 3477 3252 3523 steterat
3294 3485 3461 3539 super

1888 3562 2011 3609 octo
2037 3554 2320 3610 columnas
2342 3556 2394 3610 in
2425 3555 2672 3626 ingressu
2711 3558 2952 3612 ecclesia:
2976 3557 3114 3612 inter
3151 3559 3380 3628 primam
3408 3569 3461 3612 et

1891 3646 2196 3700 columnam
2249 3647 2561 3712 secundam,
2608 3662 2636 3700 a
2678 3647 2916 3702 sinistris
2947 3649 3137 3722 ipsius
3193 3651 3460 3712 eeelesim,

1890 3736 2150 3805 quoniam
2181 3735 2293 3804 jam
2317 3752 2416 3804 pro
2446 3752 2638 3805 magna
2665 3739 2850 3807 (mole)
2888 3739 3018 3807 ipsa:
3044 3739 3309 3792 columna:
3337 3748 3461 3793 octo

1893 3823 2076 3878 fracta:
2102 3835 2258 3878 erant
2281 3844 2292 3878 :
2316 3835 2370 3878 et
2402 3827 2723 3880 collocatum
2754 3827 2855 3880 fuit
2883 3828 3111 3883 ulterius
3139 3830 3192 3880 in
3226 3829 3462 3883 sinistris

1888 3915 2043 3984 juxta
2069 3915 2325 3983 parietem
2353 3915 2593 3969 ecclesire
2614 3931 2678 3969 ex
2724 3916 2888 3970 latere
2917 3918 3115 3971 tumbae
3146 3915 3201 3970 S.
3253 3915 3464 3972 Simeo-

1895 4009 2013 4075 nis;
2047 4016 2232 4076 aperto
2269 4007 2422 4076 prius
2460 4007 2672 4061 tumulo
2709 4008 2775 4062 ad
2803 4009 3244 4062 certiﬁ‘cationem
3270 4008 3463 4062 verita-

1896 4099 1966 4152 tis
1992 4113 2175 4153 coram
2219 4098 2514 4152 reverenda
2557 4098 2780 4153 domino
2819 4098 3062 4154 Cuidone
3105 4099 3170 4152 de
3212 4098 3465 4168 Gonzaga

1897 4183 2283 4237 rcmdilieatore
2312 4185 2486 4252 ipsius
2518 4187 2936 4250 monasterii,-et
2963 4186 3184 4239 domino
3229 4184 3465 4238 Eusebio
3517 4183 3519 4187 ⁴

1897 4271 2088 4326 abbate
2112 4272 2281 4340 ipsius
2311 4275 2646 4338 monasterii,
2670 4290 2734 4327 ac
2764 4283 3027 4327 conventu
3058 4273 3300 4341 ejusdem
3345 4287 3465 4326 mo-

1900 4363 2119 4417 nasterii
2147 4373 2199 4417 et
2228 4363 2411 4417 multis
2435 4365 2584 4429 aliis;
2623 4372 2678 4418 et
2721 4373 2998 4433 comperto
3025 4364 3211 4417 eodem
3238 4378 3464 4431 corpore

1900 4456 2130 4525 integro,
2163 4455 2344 4519 unico,
2378 4471 2441 4509 ac
2472 4454 2727 4520 femineo,
2759 4463 2813 4508 et
2842 4471 3025 4509 coram
3054 4456 3133 4509 eis
3159 4455 3344 4509 clauso
3371 4473 3384 4508 :
3412 4461 3466 4507 et

232 4555 388 4600 suum
421 4546 477 4600 in
498 4546 617 4616 ejus
641 4547 867 4601 ecclesia
911 4549 1225 4616 sepulcrum
1279 4549 1478 4603 habere
1504 4551 1794 4618 respuerit,
1830 4546 1873 4598 D
1897 4557 1982 4604 est
2003 4549 2157 4617 juxta
2189 4548 2358 4600 altare
2397 4545 2452 4600 S.
2481 4547 2724 4602 Justinm.

2483 4666 2624 4673 _—__

2895 4663 3401 4674 _._____..____—.——

452 4876 454 4878 -
551 4821 696 4907 DE
763 4821 1302 4961 AUCTOBE
1377 4822 2154 4928 SEQUENTIUM
2225 4819 3144 4916 OPUSCULORUM.

1309 5009 1663 5079 (Gna'rssnus,
1691 5008 1826 5082 Opp.
1865 5021 1978 5067 tom
2001 5011 2089 5079 Vl,
2114 5029 2236 5086 pag.
2265 5013 2380 5082 23.)

3030 4677 3401 4689 -σ--ιο-

1672 5166 2060 5181 -μ

300 5293 707 5362 Manuseriptus
731 5292 896 5348 codex
921 5289 1246 5362 cathedralis
1275 5289 1522 5362 ecclesia:
1553 5287 1967 5362 Ratisbonensis
2005 5286 2282 5362 auctorem
2313 5298 2473 5362 vocat
2510 5288 2851 5362 Beruolaum.
2889 5285 3145 5362 Suspicor
3167 5285 3314 5362 illum
3341 5299 3464 5340 esse

235 5365 298 5434 de
317 5379 432 5434 quo
457 5355 930 5434 bwe'Trithemius
954 5361 1007 5434 in
1042 5357 1243 5434 libLDe
1272 5359 1580 5434 illustribus
1595 5359 1724 5434 viris
1770 5357 1807 5434 ς]

1888 5357 2092 5423 manias,
2121 5366 2184 5434 et
2197 5358 2250 5410 in
2293 5359 2893 5434 catalogoscriptorum
2935 5355 3458 5434 ρρθιρείεξεῑίρῳιυίιηε

235 5419 532 5488 Βὲνῖιοιάυε
557 5431 824 5499 presbyter
853 5429 1102 5483 Ecclesia:
1122 5426 1540 5499 Constantiensis'
1563 5429 1615 5480 in
1639 5426 1846 5499 Stteuia,
1888 5419 2103 5499 natione
2141 5419 2846 5499 Teutonicas,“rir_derotus,
2878 5434 2924 5477 et
2943 5425 3007 5499 in
3040 5423 3322 5499 scripturis
3350 5419 3457 5470 SS.

236 5505 526 5565 studiosus,
553 5490 603 5568 et
641 5490 901 5565 eruditus,
930 5509 1095 5568 atque.
1126 5498 1180 5549 in
1204 5496 1507 5568 disciplinq_
1527 5490 1862 5568 saecularium
1887 5497 2188 5550 [inermum
2239 5490 2547 5568 sufﬁcienter
2591 5495 2903 5568 instructus,
2929 5490 3163 5568 ingenio;
3184 5490 3375 5567 clarus,
3408 5499 3461 5540 et

237 5581 474 5641 comptus
512 5561 737 5641 eloquio,
762 5561 968 5639 reliquit
991 5561 1828 5641 studiisuinonnullohopuseula,
1847 5583 1977 5641 qua;
2016 5577 2189 5641 tamen
2217 5567 2285 5619 ad
2302 5561 2559 5619 notitiam
2597 5571 2791 5616 nostra
2819 5561 3054 5617 lectionis
3079 5561 3288 5610 min-inm
3312 5569 3463 5606 rrec-

239 5633 379 5708 runt,
407 5649 516 5697 etc.
542 5633 752 5694 Cleruit
781 5633 1096 5707 teniporibus
1120 5637 1338 5692 Henrici
1369 5633 1474 5702 IV,
1505 5633 1659 5690 1060.
1691 5633 1815 5690 Haec
1846 5633 2192 5692 Trithemius.

308 5772 458 5846 (939)
495 5771 851 5839 Ceperanum.
