3944 6402
486 453 624 511 i063

1457 436 1543 494 AD
1578 430 1806 493 DPERA
1842 433 1899 490 S.
1942 420 2283 490 GREGORII'
2306 424 2746 486 APPENDICES.

3650 32 3871 199 η

3578 422 3741 482 ιοῦι

486 574 737 629 mentum,
761 561 895 633 quod
927 560 1016 630 per
1043 552 1197 610 illum
1222 556 1404 608 datum
1424 562 1522 619 est,
1543 554 1600 605 in
1625 551 1747 605 aliis
1773 548 2053 619 perfectio—
2083 545 2124 601 Α
2152 542 2385 599 Ni'camis
2414 544 2667 599 Patribus
2720 551 2892 597 ratam
2940 555 3063 603 esse
3108 538 3373 611 probavit,
3419 555 3546 596 cum
3592 557 3741 598 eum

485 675 602 712 nem
625 672 733 710 sua:
754 654 962 707 virtutis
988 648 1214 702 obtinuit
1234 647 1297 711 ,ei
1314 654 1487 698 autem
1511 643 1678 712 obfuit
1700 635 2055 712 (963).[Quod

486 762 603 799 cum
630 746 705 796 ita
734 742 824 795 sit.
856 739 952 792 Ed.
978 734 1164 807 Rom.]
1188 734 1481 803 aliquorum
1503 733 1557 789 in
1579 739 1782 783 tantum
1806 744 1858 782 se
1884 735 2060 781 exter»

484 833 784 888 ditcuriosa
798 828 1048 898 suspicio,
1070 834 1124 879 ut
1147 825 1517 893 imaginentur,
1533 820 1736 889 prolato
1752 836 1781 871 a
1802 834 1939 887 papa
1956 814 2055 869 Fe-

485 926 526 978 li
540 942 584 978 :c
586 922 813 993 judicio,
832 926 1009 989 postea
1024 913 1417 983 incﬂicaciterin
1430 908 1774 963 sacramentis
1787 922 1905 976 qua:
1917 905 2056 959 Aca-

487 992 606 1068 cius
628 1010 917 1080 usurpavit,
938 1006 1129 1075 egisse;
1168 1018 1228 1054 ac
1248 1000 1464 1070 proinde
1495 996 1752 1070 [perinde,
1777 996 1854 1049 sic
1893 992 2050 1046 Rom.

488 1100 615 1171 Εὐ.)
641 1116 725 1153 eos
756 1079 1005 1151 rmetuere
1060 1093 1158 1161 qui
1200 1090 1278 1143 vel
1313 1091 1367 1142 in
1421 1083 1893 1140 consecrationibus
1916 1124 1931 1146 ,
1978 1079 2055 1133 vel

489 1196 547 1246 in
577 1192 884 1261 baptismate
911 1184 1157 1254 mysteria
1180 1180 1377 1234 tradita
1414 1183 1767 1246 susceperunt,
1796 1190 1857 1226 ne
1895 1172 2054 1225 irrita

490 1282 737 1351 beneﬁcia
759 1278 936 1332 divina
951 1274 1243 1337 videantur,
1262 1268 1605 1330 meminerint,
1626 1266 1680 1317 in
1700 1265 1833 1318 hanc
1852 1272 2054 1332 partem

488 1390 684 1445 quoque
728 1371 850 1443 [hac
883 1382 1080 1445 quoque
1112 1374 1277 1435 parte.
1304 1361 1399 1415 Ed.
1440 1359 1623 1433 Rom]
1653 1358 1899 1412 similiter
1939 1364 2052 1407 tra-

488 1473 694 1529 ctatum
718 1460 998 1531 pravalere
1028 1455 1367 1525 superiorem,
1392 1452 1516 1521 quia
1552 1467 1652 1503 non
1690 1451 1801 1502 sine
1826 1462 2053 1514 usurpa-

490 1555 630 1606 tione
668 1547 948 1604 sacerdotii
997 1544 1328 1614 adjudicatus
1370 1543 1464 1594 hoc
1485 1542 1617 1610 egit;
1657 1541 1712 1592 in
1742 1554 1842 1609 quo
1882 1538 2051 1590 virtu-

491 1651 593 1695 tem
614 1657 767 1695 suam
789 1636 1136 1693 obtinentibus
1160 1631 1445 1705 mysteriis,
1462 1621 1529 1683 in
1554 1630 1648 1684 hoc
1681 1645 1878 1699 quoque
1905 1626 2049 1691 aliis,

490 1749 579 1786 rea
613 1732 713 1787 sibi
745 1745 963 1800 persona
1001 1742 1105 1779 non
1134 1712 1330 1781 nocuit.
1373 1720 1515 1774 Nam
1549 1719 1617 1773 ad
1648 1719 1799 1773 illum
1832 1718 2053 1788 pertinet

490 1822 797 1907 [pertinuit
835 1818 931 1872 Ecl.
974 1814 1159 1886 Rom.]
1183 1812 1319 1884 quod
1356 1811 1480 1907 tuba
1526 1809 1795 1907 Davidica
1819 1808 2080 1907 caniturp

492 1900 843 1966 verumtamen
894 1907 1032 1960 Deus
1085 1903 1449 1974 conquassabit
1498 1901 1674 1971 capita
1719 1900 2054 1951 inimicorum

492 2016 725 2064 suorum,
750 2000 989 2053 verticem
1025 1994 1208 2064 capilli
1232 1992 1713 2064 perambulantium
1752 1990 1807 2041 in
1851 1988 2056 2041 deliciis

493 2089 603 2165 [εὐ.
630 2090 786 2144 Rom.
818 2085 1073 2157 delictis.]
1097 2087 1205 2138 suis
1228 2083 1400 2156 (Psal.
1429 2080 1621 2152 uvu.)
1645 2079 1787 2133 Nam
1816 2077 2057 2148 superbia

492 2194 695 2247 semper
733 2177 856 2241 sibi,
893 2192 996 2229 non
1046 2175 1169 2227 aliis
1212 2173 1341 2242 facit
1372 2173 1613 2233 ruinam;
1645 2170 1781 2239 quod
1815 2169 2056 2221 universa

495 2267 893 2338 Scripturarum
939 2274 1164 2319 testatur
1214 2262 1524 2316 auctoritas.
1579 2258 1729 2314 Sicut
1767 2258 1927 2312 etiam
1967 2272 2059 2326 per

497 2348 757 2428 Spiritum
778 2364 1017 2409 sanctum
1036 2354 1234 2407 dicitur
1256 2353 1310 2405 in
1329 2351 1579 2421 propheta
1602 2365 1621 2404 :
1651 2348 1773 2403 Non
1800 2347 2059 2402 habitabit

496 2449 555 2501 in
579 2448 747 2500 medio
774 2446 973 2499 domus
1008 2459 1135 2498 uteie
1174 2438 1261 2513 qui
1304 2442 1435 2511 facit
1458 2441 1754 2511 superbiant
1785 2437 1957 2509 (Psal.
1981 2436 2053 2506 c).

504 2535 651 2591 Unde
685 2552 803 2588 cum
847 2536 947 2587 sibi
988 2533 1275 2586 sacerdotis
1318 2547 1503 2584 nomen
1551 2530 1887 2584 vindicaverit
1932 2544 2058 2581 con-

498 2628 795 2691 demnatus,
827 2626 883 2677 in
910 2624 1074 2693 ipsius
1119 2622 1357 2675 verticem
1399 2608 1653 2689 superbit:
1701 2627 1872 2672 tumor
1913 2618 2054 2687 infli-

498 2727 613 2772 ctus
638 2726 744 2781 est;
770 2716 895 2786 quia
921 2730 1021 2768 non
1046 2710 1286 2783 papulas,
1315 2712 1402 2781 qui
1428 2711 1484 2763 in
1507 2710 1811 2763 ministeriis
1843 2707 2057 2781 [myste-

503 2806 597 2859 riis
632 2804 729 2859 Ed.
782 2801 966 2873 Rom.]
1006 2802 1197 2855 donum
1216 2801 1387 2869 ipsius
1417 2798 1646 2864 sitiebat,
1680 2797 1923 2852 exclusus
1943 2804 2059 2852 est:

503 2894 593 2948 sed
642 2892 819 2945 anima
858 2891 973 2944 sola
1007 2890 1124 2953 illa,
1155 2906 1270 2958 quae
1309 2874 1628 2957 peccaverat,
1670 2888 1818 2957 justo
1853 2886 2061 2956 judicio

502 2984 728 3052 propria:
751 2980 919 3051 culpat
942 2989 1055 3034 erat
1077 2979 1319 3032 obnoxia.

574 3072 705 3127 Item
734 3073 922 3127 beatus
944 3070 1279 3140 Augustinus
1307 3068 1591 3123 Vincentio
1614 3066 1906 3122 Donatista:
1929 3063 2064 3121 scri—

505 3162 691 3218 bens:
717 3160 985 3225 Ecclesile,
1014 3160 1207 3228 inquit,
1238 3168 1357 3213 sunt
1378 3159 1553 3213 omnia
1588 3165 1915 3213 sacramenta
1949 3155 2063 3209 Do-
2090 3181 2133 3240 ο

508 3252 735 3314 miuica;
769 3266 885 3319 quw
927 3251 1003 3302 sic
1032 3248 1229 3302 habetis
1258 3258 1309 3301 et
1331 3250 1492 3315 datis,
1520 3248 1774 3318 quomodo
1800 3246 2063 3301 habeban-

505 3348 593 3391 tur
630 3346 681 3391 et
716 3335 978 3389 dabantur
1006 3337 1163 3389 etiam
1203 3344 1479 3405 antequam
1525 3336 1645 3389 inde
1675 3334 1909 3387 exit-etis.
1945 3331 2066 3385 Non

508 3435 679 3479 tamen
702 3426 817 3479 ideo
842 3441 941 3477 non
964 3424 1164 3477 habetis
1204 3426 1338 3494 quod
1386 3440 1488 3475 non
1512 3425 1636 3477 estis
1667 3422 1740 3475 ibi
1788 3423 1921 3475 unde
1946 3428 2067 3474 sunt

505 3535 622 3588 quae
650 3517 869 3569 habetis.
905 3515 969 3569 Et
1002 3524 1123 3585 post
1153 3532 1319 3585 pauca
1354 3535 1365 3568 :
1399 3513 1683 3567 Nobiscum
1708 3514 1830 3567 estis
1850 3514 1906 3565 in
1926 3527 2067 3581 sym-

508 3607 646 3671 bolo,
669 3608 727 3658 in
762 3607 1039 3683 baptisma,
1075 3609 1132 3660 in
1165 3607 1367 3661 ceteris
1390 3606 1731 3659 sacramentis
1757 3619 1775 3656 :
1798 3604 1851 3655 in
1879 3602 2066 3672 spiritu

509 3706 687 3749 autem
719 3698 941 3748 unitatis
983 3707 1031 3747 et
1059 3696 1264 3749 vinculo
1294 3697 1459 3764 pacis,
1492 3688 1549 3746 in
1578 3695 1692 3762 ipsa
1727 3692 1944 3761 denique
1977 3706 2068 3745 ca-

513 3786 707 3839 tholica
736 3784 976 3838 Ecclesia
1002 3786 1268 3838 nobiscum
1298 3801 1397 3836 non
1428 3784 1572 3836 estis.
1984 3768 1989 3772 ’

589 3876 696 3930 Sed
731 3876 813 3929 ba:
850 3876 1149 3939 sententiae,
1182 3874 1286 3928 etsi
1310 3874 1556 3943 diycrsze,
1585 3886 1614 3923 a
1636 3870 1857 3924 veritate
1890 3878 2089 3923 tamen-

510 3968 725 4023 deviare
752 3967 1019 4036 nusquam
1048 3960 1363 4034 prebantur,
1396 3962 1442 4016 si
1482 3969 1844 4037 competenter
1874 3960 2069 4013 intelli-

509 4067 725 4135 gantur,
754 4058 1001 4113 videlicet
1024 4056 1067 4109 si
1093 4055 1399 4124 superiores
1435 4051 1713 4106 sententiae
1733 4050 1799 4105 ad
1820 4049 2066 4104 eiI‘ectum

511 4149 765 4221 baptismi
790 4148 1112 4211 referantur,
1136 4145 1228 4214 qui
1281 4158 1550 4213 nusquam
1586 4156 1704 4196 esse
1735 4155 1891 4211 posse
1916 4149 2067 4195 extra

512 4226 808 4295 Ecclesiam
829 4237 1095 4291 veraciter
1118 4235 1401 4298 asseritur,
1426 4240 1481 4287 et
1514 4230 1797 4286 inferiores
1832 4230 1900 4285 ad
1928 4230 2067 4284 veri-

514 4328 680 4382 tatem
718 4335 1185 4381 sacramentorum
1214 4322 1535 4391 referantur,
1562 4338 1683 4392 quae
1708 4322 1894 4377 eadem
1930 4322 2067 4375 inte-

514 4418 707 4488 gritate
750 4423 805 4469 et
840 4415 999 4469 bonis
1030 4423 1085 4469 et
1140 4415 1295 4467 milis
1346 4416 1534 4469 adesse
1578 4415 1890 4479 creduntur,
1922 4430 1986 4469 ac
2020 4415 2065 4470 si

2155 651 2264 689 non
2289 635 2710 689 reordinandum
2735 648 2857 688 esse
2880 631 3161 702 judicavit,
3192 631 3286 687 sed
3313 640 3598 701 acceptum
3625 648 3740 688 or—

2154 726 2335 781 dinem
2379 725 2759 780 administrare
2826 725 3177 793 permitteret.
3241 717 3373 777 Item
3439 721 3738 779 Nicenum

2155 817 2445 871 concilium
2482 817 2708 871 clericos
2755 813 3183 874 Novatianorum
3233 829 3357 868 cum
3392 815 3583 871 ordine
3629 829 3737 869 re-

2154 907 2311 976 cepit.
2356 906 2544 961 Itidem
2585 906 2898 961 Africanum
2939 905 3229 959 concilium
3270 906 3339 960 de
3374 906 3591 961 clericis
3614 904 3739 958 Do-

2154 998 2478 1051 natistarum
2524 995 2669 1061 fecit,
2704 996 2952 1051 videlicet
2995 1004 3056 1049 ut
3106 995 3437 1049 reconciliati
3471 996 3734 1049 ordinem

2155 1088 2356 1141 utiliter
2394 1086 2853 1161 administrarent,
2875 1100 3037 1155 quem
3082 1093 3233 1139 extra
3272 1083 3572 1139 Ecclesiam
3602 1086 3739 1139 sine

2152 1176 2363 1242 elIectu,
2411 1177 2515 1232 boc
2569 1184 2657 1230 est
2703 1176 2821 1231 sine
2864 1176 3035 1230 salute
3086 1175 3318 1242 animm,
3375 1176 3486 1229 imo
3536 1175 3736 1244 perni-

2154 1267 2299 1321 ciose
2328 1266 2709 1337 percepisscnt.
2736 1264 2875 1319 IIinc
2902 1263 2961 1318 Β.
3000 1264 3334 1335 Augustinus
3376 1264 3624 1320 scribens
3655 1265 3733 1319 ad

2151 1356 2486 1412 Bonitacium
2504 1356 2567 1410 de
2591 1357 2801 1411 clericis
2818 1355 3218 1410 Donatistardm
3240 1358 3517 1412 conversis
3534 1377 3547 1411 :
3564 1356 3729 1425 Sint,

2152 1445 2344 1515 inquit,
2372 1447 2426 1498 in
2469 1444 2706 1499 Ecclesia
2735 1444 2935 1509 clerici,
2970 1445 3331 1515 sint~episcopi
3376 1446 3602 1514 utiliter,
3628 1450 3732 1519 qui

2151 1546 2333 1590 contra
2353 1536 2502 1589 illam
2532 1538 2743 1605 fuerunt
2766 1534 3047 1589 hostiliter.
3075 1533 3274 1590 Omnes
3295 1551 3428 1591 sane
3446 1537 3728 1606 ejusmodi

2152 1628 2465 1693 sententias,
2492 1643 2613 1697 quae
2636 1627 3100 1701 consecrationem
3119 1625 3255 1681 loris
3282 1625 3479 1682 factam
3510 1628 3565 1683 in
3589 1637 3724 1683 tan-

2149 1725 2265 1771 tum
2292 1718 2552 1771 damnant
2603 1725 2662 1771 ut
2685 1733 2807 1773 eam
2854 1732 2963 1772 non
3001 1716 3108 1771 nisi
3146 1717 3552 1773 damnationem
3602 1720 3728 1775 sive

2158 1807 2578 1863 exsecrationem
2611 1816 2666 1862 et
2695 1808 3121 1862 maledictionem
3142 1806 3344 1873 dicant,
3367 1824 3473 1863 non
3503 1811 3570 1865 ad
3599 1810 3727 1879 ipsa

2160 1906 2519 1963 sacramenta,
2550 1898 2644 1953 sed
2678 1899 2743 1952 ad
2768 1898 3015 1953 elTeetum
3043 1912 3231 1952 eorum
3254 1913 3490 1970 congrue
3523 1900 3728 1958 releri-
3762 1953 3771 1959 .

2157 2010 2297 2059 mus,
2347 2009 2415 2047 ne
2463 1994 2650 2049 eadem
2709 2001 3048 2048 sacramenta
3100 1992 3385 2048 exsulIIare
3414 1994 3726 2060 videamur,

2156 2098 2277 2153 quae.
2320 2083 2493 2137 sancti
2538 2081 2725 2138 Patres
2756 2082 2814 2136 in
2861 2083 3196 2137 inconversis
3231 2083 3439 2154 integra
3462 2100 3581 2140 esse
3616 2087 3728 2142 do-

2156 2182 2404 2241 cuerunt,
2435 2189 2559 2229 cum
2582 2188 2871 2229 conversos
2898 2189 3006 2228 non
3032 2175 3421 2241 reordinarent,
3452 2176 3543 2231 sed
3582 2175 3729 2233 foris

2157 2271 2435 2332 acceptum
2463 2263 2708 2318 ordinem
2738 2262 3115 2318 administrare
3136 2263 3525 2333 permitterent.

2226 2351 2359 2407 Illud
2379 2368 2593 2422 quoque
2615 2352 2760 2423 (964)
2783 2352 2929 2421 quod
2956 2350 3016 2405 Β.
3042 2350 3292 2423 Pelagius
3310 2367 3450 2421 papa
3471 2354 3730 2410 scribens

2156 2443 2459 2498 illustribus
2496 2442 2646 2507 viris,
2683 2440 2889 2496 Viatori
2912 2449 2965 2496 et
2984 2439 3290 2507 Pancratio,
3317 2442 3449 2496 dicit
3475 2458 3489 2493 :
3514 2442 3730 2513 Corpus

2159 2532 2372 2585 Domini
2394 2548 2497 2585 non
2515 2548 2643 2597 esse,
2682 2532 2820 2601 quod
2843 2531 3209 2585 schismaticus
3234 2532 3465 2600 conficit,
3492 2532 3568 2587 ita
3592 2548 3735 2588 con-

2160 2638 2288 2692 grue
2316 2603 2644 2691 intelligitur,
2669 2628 2729 2673 ut
2752 2620 2855 2689 ipsi
2874 2635 2983 2674 non
3006 2621 3076 2675 sit
3122 2636 3321 2691 corpus
3354 2621 3569 2676 Domini
3586 2624 3731 2679 εσυ-

2159 2714 2325 2779 ctive;
2356 2712 2497 2767 sicut
2521 2726 2551 2766 e
2576 2710 2850 2765 contrario
2873 2710 2927 2764 in
2955 2711 3121 2767 missa
3148 2720 3336 2765 oratur
3360 2727 3393 2765 a
3417 2714 3731 2782 sacerdote,

2160 2810 2221 2857 ut
2259 2802 2355 2872 fiat
2390 2800 2535 2855 nobis
2572 2816 2757 2870 corpus
2796 2798 3047 2864 Domini;
3080 2801 3328 2857 videlicet
3375 2803 3445 2857 ad
3489 2805 3733 2865 salutem

2160 2891 2371 2946 animae.
2402 2888 2536 2959 Ilinc
2562 2898 2615 2942 et
2656 2897 2876 2943 Sanctus
2903 2888 3197 2958 Gregorius
3237 2890 3290 2942 in
3325 2890 3466 2951 Dial.
3504 2892 3649 2947 libro
3677 2910 3737 2947 tv

2163 2979 2301 3048 (cap.
2334 2976 2461 3047 59):
2492 2976 2654 3043 Tunc,
2677 2978 2871 3046 inquit,
2921 2993 3033 3029 cere
3074 2992 3167 3045 pro
3206 2977 3351 3030 nobis
3391 2978 3568 3033 hostia
3614 2980 3738 3035 Deo

2160 3068 2431 3133 erit,‘cum
2470 3082 2561 3119 nos
2603 3066 2739 3135 ipsos
2790 3062 3019 3120 hosciam
3045 3066 3342 3135 fecerimus.
3375 3067 3473 3123 Est
3504 3071 3738 3140 quidem

2162 3150 2327 3212 etiam
2352 3210 2359 3213 _
2382 3157 2756 3227 peccatoribus
2823 3166 2877 3211 et
2927 3156 3145 3228 indigne
3204 3159 3545 3215 sumentibus
3598 3177 3739 3220 vera

2164 3247 2366 3304 Christi
2402 3262 2550 3313 caro,
2578 3262 2847 3317 verusque
2892 3248 3151 3317 sanguis;
3196 3249 3289 3303 sed
3318 3251 3576 3317 essentia,
3618 3268 3735 3309 non

2166 3338 2368 3393 salubri
2394 3338 2692 3393 eﬂlcientia.
2736 3337 2809 3393 Dc
2834 3337 3047 3403 eﬂ‘ectu,
3085 3339 3330 3416 inquam,
3375 3346 3733 3412 sacramenti,

2164 3444 2272 3486 non
2301 3430 2365 3485 de
2394 3430 2511 3499 ipso
2547 3437 2888 3484 sacramento
2930 3428 3061 3483 illud
3105 3429 3311 3486 dictum
3360 3441 3737 3501 competenter

2165 3520 2605 3589 interpretamur,
2641 3535 2709 3573 ne
2728 3520 2888 3573 beato
2911 3518 3215 3588 Augustino
3240 3519 3735 3589 contradicat-exh

2164 3608 2541 3673 deamur.,Qui
2563 3607 2780 3661 Eleusio
2808 3614 2861 3661 et
2893 3605 3035 3661 felici
3064 3610 3420 3679 grammatico
3456 3612 3731 3677 scribens,

2165 3699 2328 3751 etiam
2353 3696 2662 3752 Donatistas
2690 3706 2743 3753 et
2786 3696 2842 3750 in
2874 3696 3214 3758 dissensione
3265 3706 3319 3752 et
3350 3699 3407 3753 in
3432 3700 3736 3757 schismate

2168 3785 2473 3842 sacriﬁcare
2503 3794 2748 3841 testatur.
2790 3786 2935 3841 Idem
2959 3787 3028 3841 ad
3048 3784 3382 3841 Bonifacium
3411 3806 3423 3841 :
3449 3788 3733 3857 Harretici,

2169 3877 2363 3945 inquit,
2400 3893 2499 3930 non
2524 3886 2764 3947 quterunt
2792 3875 3052 3946 Spiritum
3076 3885 3315 3931 sanctum
3342 3880 3446 3933 nisi
3479 3880 3535 3933 in
3572 3880 3737 3936 Chri-

2168 3967 2236 4017 sti
2266 3982 2495 4034 corpore,
2522 3965 2671 4034 cujus
2704 3965 2891 4018 habent
2916 3966 3046 4035 foris
3074 3977 3477 4035 sacramentum,
3502 3971 3593 4024 sed
3620 3989 3736 4026 rem

2167 4057 2335 4125 ipsam
2363 4072 2465 4108 non
2488 4065 2657 4110 tenent
2679 4058 2839 4123 intus,
2865 4056 3012 4125 cujus
3041 4056 3176 4110 illud
3209 4068 3286 4126 est
3320 4070 3731 4128 sacramentum,

2165 4155 2213 4200 et
2247 4146 2363 4200 ideo
2412 4145 2511 4199 sibi
2545 4147 2805 4215 judicium
2859 4148 3178 4201 manducant
3242 4158 3292 4203 et
3339 4150 3549 4216 bibunt;
3593 4168 3733 4204 unus

2164 4238 2303 4291 enim
2340 4238 2489 4304 panis
2515 4246 2897 4307 sacramentum
2921 4246 2996 4290 est
3027 4238 3269 4292 unitatis.

2238 4325 2569 4395 Hujusmodi'
2603 4326 3008 4381 distinctionem
3062 4328 3202 4382 intér
3232 4338 3632 4384 sacramentum
3664 4341 3736 4385 et

2166 4415 2283 4483 ejus
2308 4414 2555 4469 effectum
2576 4430 2699 4470 cum
2728 4416 2945 4484 quidam
2973 4432 3040 4470 ex
3082 4417 3321 4484 antiquis
3347 4414 3599 4471 Patribus
3625 4418 3735 4471 mi-

515 4524 626 4563 uno
651 4522 745 4562 ore
779 4505 880 4573 ipsi
922 4492 1094 4557 sancti
1124 4503 1312 4557 Patres
1333 4506 1485 4557 nobis
1525 4506 1881 4560 communiter
1914 4506 2049 4561 dice-
2094 4505 2139 4559 D
2166 4519 2268 4558 nus
2296 4504 2646 4570 attenderem,
2662 4505 2729 4558 ad
2750 4505 2854 4559 hoc
2872 4505 3201 4560 devenerunt
3230 4512 3291 4557 ut
3316 4512 3370 4558 et
3398 4506 3732 4575 baptismum

514 4606 635 4655 rent
666 4604 856 4652 :extra
899 4593 1193 4647 Ecclesiam
1248 4607 1346 4645 nec
1390 4600 1517 4645 sunt
1560 4597 1659 4647 nec
1706 4594 1843 4647 ﬁunt
1883 4610 2067 4649 sacra-

517 4698 699 4745 menta
728 4686 988 4750 eﬂ'ective,
1020 4684 1073 4737 id
1112 4691 1194 4737 est
1229 4698 1351 4735 cum
1376 4683 1547 4735 salute
1578 4682 1803 4747 animas;
1834 4670 2083 4738 attaman

513 4779 705 4832 eadem
728 4776 1006 4840 inutiliter,
1049 4774 1157 4827 imo
1184 4772 1507 4842 perniciose,
1533 4780 1724 4825 etesse
1745 4780 1799 4825 et
1829 4772 1947 4825 ﬁeri
1965 4788 2071 4825 non

520 4866 867 4935 denegamus.
909 4864 967 4917 Si
1004 4862 1149 4917 enim
1199 4876 1260 4915 ea
1309 4868 1458 4914 extra
1507 4858 1804 4912 Ecclesiam
1843 4873 1965 4911 csse
1989 4859 2073 4911 vel

523 4954 638 5009 ﬁeri
669 4954 880 5021 penitus
923 4953 1264 5021 denegarem,
1322 4950 1625 5004 nullatenus
1659 4948 1847 5003 eadem
1890 4948 1944 5001 in
1988 4963 2072 5002 rc-

522 5028 823 5101 conciliatis
844 5048 961 5093 rata
998 5038 1272 5094 haberent.
1301 5039 1435 5095 Nam
1456 5041 1758 5111 praedictus
1791 5053 1926 5109 papa
1965 5037 2071 5092 Leo

522 5135 750 5192 clericos
782 5130 1156 5185 hereticorum
1184 5135 1306 5181 cum
1340 5130 1525 5202 ordine
1570 5131 1734 5200 recipi
1779 5130 2067 5195 concessit,

524 5226 619 5295 qui
656 5234 828 5278 tamen
852 5219 1033 5273 omnia
1062 5223 1397 5271 sacramenta
1426 5220 1675 5273 manibus
1696 5221 2073 5275 damnatorum

526 5318 800 5371 subtracta
853 5309 1113 5379 superius
1154 5308 1405 5361 asseruit.
1447 5305 1578 5361 Item
1616 5306 1676 5360 Β.
1710 5307 2071 5377 Innocentius,

526 5408 621 5476 qui
657 5402 1047 5459 ordinationem
1086 5398 1458 5452 haereticorum
1490 5412 1599 5471 non
1642 5388 1749 5451 nisi
1775 5397 2074 5453 damnatio-

530 5493 652 5550 nem
671 5480 789 5549 esse
814 5482 1077 5563 praedixit,
1114 5489 1478 5544 ordinationes
1504 5485 1924 5543 Novatianorum
1958 5504 2078 5541 cum

531 5634 691 5677 verba
717 5630 1110 5692 prmsentantur
1140 5642 1152 5677 :
1180 5623 1350 5688 Quam
1372 5638 1477 5675 rem
1509 5638 1600 5675 nos
1634 5620 2081 5687 consecrationem

532 5694 703 5747 dicere
728 5691 871 5745 nullo
895 5692 1041 5762 modo
1067 5709 1357 5757 possumus,
1391 5708 1506 5762 qua
1534 5693 1596 5746 ab
1622 5696 2081 5748 excommunicatis

535 5761 825 5815 hominibus
860 5769 935 5813 est
955 5759 1229 5814 ulebrata.
1402 5759 1409 5762 ⁷
1674 5776 1677 5777 ⁷

2170 4594 2226 4646 in
2256 4594 2445 4647 haeresi
2469 4601 2778 4669 susceptum
2819 4592 2954 4647 nihil
2980 4608 3101 4647 esse
3134 4601 3405 4661 putarent,
3430 4595 3587 4651 beato
3611 4596 3731 4651 Au-

2168 4683 2387 4751 gustino
2448 4690 2747 4739 attestante.
2788 4682 2844 4735 in
2896 4682 2990 4737 lib.
3066 4698 3119 4735 v1
3178 4692 3365 4739 contra
3419 4685 3739 4744 Donatistae

2171 4774 2312 4839 (cap.
2340 4770 2390 4838 l)
2415 4789 2428 4822 :
2454 4769 2562 4822 Nec
2581 4771 2642 4823 ob
2672 4770 2839 4836 aliud,
2886 4771 3079 4840 inquit,
3118 4774 3283 4827 visum
3312 4785 3389 4829 est
3416 4777 3733 4848 quibusdam

2170 4861 2331 4912 etiam
2374 4860 2589 4929 egregiis
2634 4861 2756 4913 viris
2797 4863 3119 4918 antistitibus
3170 4862 3389 4934 Christi,
3434 4870 3571 4921 inter
3601 4885 3732 4938 quos

2173 4948 2430 5019 precipue
2452 4949 2631 5001 beatus
2662 4948 2951 5019 Cyprianus
2979 4952 3260 5020 eminebat,
3296 4969 3407 5011 non
3440 4971 3551 5009 esse
3582 4971 3734 5023 posse

2178 5037 2315 5105 apud
2347 5038 2610 5091 luereticos
2649 5040 2725 5093 vel
2754 5041 3110 5096 schismaticos
3151 5043 3471 5113 baptismum
3505 5041 3733 5111 Christi,

2176 5129 2279 5180 nisi
2308 5130 2429 5198 quia
2458 5145 2559 5207 non
2585 5131 3001 5201 distinguebatur
3021 5140 3407 5187 sacramentum
3454 5114 3735 5202 abelectu

2176 5220 2252 5271 vel
2275 5238 2370 5273 usu
2399 5224 2744 5280 sacramenti;
2772 5232 2842 5288 et,
2874 5224 2998 5292 quia
3044 5221 3157 5288 ejus
3189 5220 3401 5287 effectus
3430 5230 3588 5292 atque
3607 5240 3743 5281 usu.

2177 5312 2231 5362 in
2265 5310 2569 5376 liberatione
2615 5329 2647 5365 a
2696 5303 2919 5381 peccatis
2946 5320 2998 5363 et
3044 5309 3215 5362 cordis
3260 5311 3737 5388 rectitudineapud

2178 5402 2446 5455 haereticos
2472 5418 2571 5454 non
2613 5402 2984 5463 inveniebatur,
3012 5399 3181 5466 ipsum
3201 5415 3403 5471 quoque
3432 5420 3741 5465 sacram-

2182 5500 2291 5543 tum
2341 5509 2441 5545 non
2481 5494 2592 5546 illic
2634 5482 2749 5546 esse
2778 5490 3064 5559 putabatur
3097 5504 3116 5541 :
3157 5491 3249 5546 sed
3288 5490 3634 5554 considerato
3671 5516 3743 5556 eo

2255 5626 2397 5696 (965)
2429 5626 2601 5681 Verba
2640 5624 2687 5677 ei
2709 5629 2882 5674 autem
2928 5620 3093 5690 obfuit
3127 5626 3394 5695 supplevit
3430 5626 3601 5697 οάίιὶρ
3628 5631 3755 5706 κοῒ

2186 5712 2399 5832 ηκξῐάἓλ)
2423 5764 2536 5818 Non
2564 5767 2735 5817 exstat
2758 5760 2809 5812 in
2841 5759 2965 5813 edit.
2993 5759 3145 5817 Rosn.
