3944 6380
182 439 316 491 1Μῶ

1021 499 1025 502 .
1057 430 1337 485 AI‘PCND.
1380 431 1463 484 111.
1500 461 1568 472 -
1605 430 2029 486 ΜΟΝῙᾺΙΕΝΤΛ
2068 430 2524 486 GREGORIANA.
2614 483 2625 490 .

3255 438 3390 492 {066

178 545 317 615 dum!
345 544 399 596 et
422 541 634 611 reprobi
672 541 721 593 in
758 539 996 593 Ecclesia
1029 544 1144 594 sine
1172 540 1363 593 ell‘ectu
1400 549 1733 592 sacramenta
1768 548 1810 599 Λ
1841 541 1892 594 in
1925 541 2100 607 malis,
2131 551 2419 611 utrumque
2466 553 2767 611 permanet;
2813 555 2902 597 aut
2938 550 3071 598 enim
3120 566 3389 601 ce'trcrsns
3431 604 3439 621 ,

180 636 396 694 habent,
420 641 472 684 ct
493 641 671 684 tamen
698 630 915 690 habent,
949 628 1129 681 itidem
1159 637 1212 681 et
1239 630 1307 681 ab
1337 629 1419 681 bis
1447 630 1536 696 qui
1586 639 1735 681 extra

180 721 477 777 Ecclesiam
505 729 632 773 sunt
676 720 859 772 eadem
887 718 1183 785 perniciose
1232 718 1437 779 haberi,
1473 727 1527 770 et
1559 727 1734 771 tamen

180 812 361 865 haberi
386 818 631 879 pastores
660 824 737 860 θυι
756 808 1009 861 lesiastici
1037 816 1380 861 censuerunt.
1418 806 1568 861 Unde
1597 808 1732 860 idem

177 904 367 955 doctor
394 900 447 953 in
471 900 631 953 tertio
668 898 805 953 libro
836 906 1022 951 contra
1060 896 1367 951 Donatistas
1401 898 1536 965 (cap.
1573 897 1683 965 xix)
1718 918 1731 951 :

179 991 432 1045 eretici
485 990 671 1042 habent
719 986 938 1059 [tenent]
968 996 1295 1038 sacramenta
1332 997 1379 1061 et
1436 985 1732 1055 Scripturas

174 1083 244 1134 ad
269 1082 512 1149 speciem,
528 1094 631 1131 non
652 1078 720 1130 ad
740 1076 981 1129 salutem.
1010 1075 1138 1129 Item
1161 1076 1210 1127 in
1233 1085 1428 1146 quarto
1448 1078 1583 1144 (cap.
1612 1078 1728 1143 xtl):

178 1170 287 1224 Nec
310 1170 467 1240 foris,
495 1168 629 1221 sicut
651 1182 739 1219 nec
779 1167 919 1219 intus
942 1164 1217 1234 quisquam
1239 1165 1328 1232 qui
1359 1180 1422 1216 ex
1442 1174 1587 1232 parte
1611 1165 1730 1216 dia-

174 1260 278 1313 boli
307 1268 410 1323 est,
435 1266 598 1329 potest
623 1256 698 1308 vel
727 1255 781 1308 in
809 1271 862 1308 se
908 1253 984 1306 rel
1010 1255 1064 1305 in
1095 1252 1321 1321 quodam
1360 1254 1620 1305 maculare
1645 1270 1731 1305 sa-

173 1352 531 1411 cramentum,
600 1345 735 1414 quod
798 1343 995 1399 Christi
1056 1352 1151 1395 est.
1217 1341 1364 1395 Item.
1419 1344 1472 1396 in
1540 1344 1730 1411 quinto

174 1446 318 1503 (cap.
345 1435 497 1501 nx):
529 1433 665 1485 Deus
690 1433 835 1485 adest
862 1432 1201 1484 sacramentis
1225 1441 1272 1484 et
1302 1431 1464 1484 verbis
1496 1433 1625 1494 suis,
1641 1448 1730 1499 per

172 1523 481 1593 qualeslibet
509 1523 969 1583 administrentur;
997 1530 1045 1573 et
1069 1529 1393 1573 sacramenta
1418 1520 1513 1574 Dei
1542 1522 1728 1590 ubique

174 1622 312 1667 recta
338 1620 501 1674 sunt;
537 1619 586 1663 et
634 1610 762 1662 mali
808 1609 1056 1673 homines,
1092 1608 1277 1678 quibus
1326 1608 1459 1661 nihil
1488 1620 1722 1677 prosunt,

172 1701 360 1770 ubique
384 1680 609 1768 perseisi
628 1707 769 1764 sunt,
791 1697 843 1752 id
875 1706 977 1763 est,
1015 1698 1159 1751 intus
1187 1705 1240 1752 et
1269 1696 1417 1756 foris.

242 1790 377 1846 Item
419 1791 486 1844 ad
529 1790 813 1859 quemdam
861 1789 1077 1843 Festum
1134 1789 1325 1858 (epist.
1369 1789 1469 1843 167
1506 1792 1573 1842 ad
1624 1789 1724 1843 Fe—

1841 631 2175 682 administrut
2210 633 2346 702 quod
2387 632 2793 695 administrarit,
2822 636 2867 684 si
2909 635 3003 687 hoc
3044 638 3246 690 utilitas
3286 640 3381 691 Er-

1839 720 2012 771 clesiae
2034 722 2257 787 exegerit
2273 737 2289 782 ;
2314 723 2485 782 aut,si
2508 738 2609 773 non
2638 723 2973 776 administrat
3006 744 3188 777 ntanns
3220 739 3393 782 turnus

1835 809 1881 858 ri
1908 810 2041 860 inter
2061 810 2223 860 laicos
2248 826 2347 860 non
2375 811 2676 877 imponitur,
2729 830 2787 865 eo
2825 816 2960 883 quod
3006 832 3387 870 sacramentum

1835 898 2181 950 ordinationis
2215 898 2463 952 obtineat.

1904 984 2039 1049 Quia
2067 986 2229 1056 igitur
2259 996 2366 1041 tam
2394 991 2589 1061 egregii
2618 992 2855 1046 doctoris
2881 996 3163 1049 assertioni
3195 1007 3247 1049 et
3294 1014 3392 1053 nos

1835 1076 2037 1144 absque
2066 1079 2321 1147 scrupulo
2349 1082 2693 1149 acquiescere
2718 1083 2997 1149 debemus,
3020 1102 3180 1154 quem
3213 1098 3262 1141 et
3285 1089 3386 1139 ltu-

1834 1167 1981 1217 mani
2015 1167 2311 1235 pontiﬁces,
2331 1169 2484 1237 juxta
2505 1174 2899 1246 attestationem
2925 1177 3095 1229 sancti
3116 1177 3383 1238 Crelestini

1832 1271 2003 1323 papa‘,
2030 1257 2168 1310 inter
2195 1260 2500 1325 magistros,
2519 1262 2644 1314 dum
2676 1263 2863 1317 adhuc.
2882 1265 3098 1330 viveret,
3135 1267 3383 1335 habuere,

1831 1345 1988 1413 cujus
2010 1356 2063 1397 et
2090 1349 2348 1413 opitscnla
2384 1358 2503 1415 post
2538 1360 2761 1405 mortem
2787 1352 2904 1420 ejus
2933 1369 3029 1421 pro
3056 1357 3382 1412 authentieis

1830 1434 2128 1502 recipienda
2144 1438 2382 1505 synodali
2394 1438 2597 1505 judicio
2609 1440 2909 1506 decrevere;
2924 1455 3245 1514 quapropter
3258 1447 3385 1507 illud

1828 1521 2085 1590 scriptum
2130 1526 2317 1578 musici
2368 1525 2802 1597 Widonis(965),
2847 1532 2991 1600 quod
3028 1534 3131 1587 sub
3170 1538 3386 1591 nomino

1827 1609 2099 1667 Paschalis
2128 1627 2275 1682 papa:
2302 1616 2628 1678 honorastis,
2654 1632 2760 1671 non
2805 1618 2860 1671 in
2884 1628 3092 1674 tantum
3115 1626 3386 1683 attendere

1825 1698 2081 1754 debemus
2110 1710 2169 1755 ut
2195 1712 2381 1757 contra
2408 1706 2761 1760 assertionem
2786 1708 2992 1776 ιιι-εἰειῑί
3026 1711 3263 1767 doctoris
3297 1730 3382 1769 sa.

1826 1798 2095 1843 eramenta
2125 1792 2195 1844 ab
2221 1791 2487 1848 hmreticis
2516 1804 2772 1864 usurpata
2794 1804 2995 1852 temere
3015 1802 3377 1865 exsutilemus,

174 1884 333 1947 stam)
366 1900 378 1933 :
414 1879 588 1949 Neque
631 1880 824 1948 inquit,
875 1888 1203 1932 sacramenta
1251 1894 1428 1931 eorum
1461 1881 1478 1946 (
1508 1877 1725 1932 llaurcti-
1759 1870 1799 1925 Β
1828 1875 2025 1930 Scribit
2048 1881 2192 1933 enim
2236 1882 2370 1935 satis
2404 1882 2702 1951 improvide
2722 1885 2789 1939 de
2836 1888 3175 1944 annullandis
3201 1890 3379 1945 Simo-

171 1972 386 2038 mrum)
412 1970 556 2022 nobis
576 1969 792 2025 inimica
817 1977 957 2031 sunt,
987 1976 1102 2039 quae
1122 1984 1240 2020 cum
1275 1967 1384 2033 illis
1420 1968 1565 2020 nobis
1609 1977 1727 2018 sunt

174 2051 638 2125 communiafquia
672 2071 773 2107 non
814 2055 1041 2106 humana
1077 2062 1201 2106 sunt
1224 2054 1314 2106 sed
1343 2054 1542 2108 divina.
1590 2052 1726 2106 Pro-

174 2147 319 2213 prius
340 2159 522 2197 eorum
547 2159 692 2195 error
731 2142 1041 2210 auferendus
1075 2150 1170 2205 est,
1206 2157 1357 2211 quem
1400 2142 1535 2193 male
1571 2141 1727 2196 inibi:-

176 2234 394 2295 berunt;
427 2248 529 2284 uon
569 2241 913 2295 sacramenta,
943 2247 1057 2300 qua
1101 2231 1349 2283 similiter
1391 2237 1725 2298 acceperunt;

171 2338 289 2391 qua
316 2322 387 2374 ad
416 2337 617 2389 poenam
655 2336 804 2372 suam
838 2328 1046 2387 portant
1094 2328 1143 2371 et
1177 2318 1384 2382 habent,
1424 2327 1617 2385 quanto
1647 2319 1727 2369 in-

176 2412 386 2482 dignius
410 2411 614 2475 habent,
636 2410 724 2463 sed
752 2418 923 2461 tamen
951 2408 1156 2460 habent.

132 2514 143 2525 '
241 2501 378 2556 item
418 2502 473 2555 in
508 2499 842 2568 expositione
889 2511 1049 2565 snper
1084 2496 1386 2565 Epistulam
1408 2496 1464 2550 S.
1504 2496 1729 2553 leaenis
1772 2542 1775 2543 ν

141 2630 147 2637 ν
181 2592 352 2660 (epist.
394 2587 562 2644 'Joan.
623 2594 852 2641 tractatu
899 2586 1036 2653 vn):
1075 2584 1294 2649 (Iabere,
1341 2586 1531 2655 inquit,
1559 2587 1730 2655 bapti-

183 2696 354 2736 smum
397 2688 446 2733 et
472 2678 641 2731 malus
673 2685 870 2745 potest;
901 2676 1085 2729 habere
1112 2675 1454 2743 prophetiam,
1484 2683 1533 2727 et
1560 2676 1727 2729 malus

176 2786 287 2823 esse
314 2777 500 2839 potest.
551 2766 848 2820 lnrenimus
889 2763 1102 2820 Saulent
1134 2779 1298 2833 regem
1339 2763 1580 2816 habuisse
1608 2781 1727 2832 pro-

181 2860 428 2928 phetiam,
456 2858 545 2927 qui
587 2854 979 2926 persequebatur
1010 2863 1246 2907 sanctum
1291 2852 1489 2917 David;
1526 2863 1575 2906 et
1623 2855 1724 2906 im-

177 2948 349 3018 pletus
375 2956 452 3001 est
472 2947 661 3021 spiritu
681 2945 983 3016 prophetiae,
1013 2953 1061 2998 et
1097 2944 1401 3013 prophetare
1434 2944 1601 3012 carpit.
1628 2944 1729 2996 Ac-

182 3040 352 3106 cipere
376 3047 776 3091 sacramentum-
801 3037 1030 3104 corporis
1058 3044 1107 3089 et
1136 3035 1405 3104 sanguinis
1440 3034 1649 3087 Domini
1679 3043 1729 3086 et

183 3129 354 3181 malus
387 3137 569 3197 potest.
610 3126 749 3181 Nam
778 3126 841 3179 de
865 3125 1055 3178 talibus
1080 3124 1278 3198 dictum
1307 3133 1383 3177 est
1407 3140 1424 3183 .'
1452 3123 1555 3188 Qui
1579 3140 1729 3177 man-

1828 1965 2104 2019 niacorum
2162 1972 2535 2035 sacramentis,
2581 1988 2704 2026 cum
2742 1975 2842 2042 pia:
2887 1980 3161 2032 memoria:
3194 1979 3384 2039 Petrus

1794 2110 1797 2113 γ
1829 2051 2070 2108 llalniani
2095 2055 2382 2111 cardinalis
2410 2056 2678 2115 Ostiensis
2706 2063 3011 2133 cpiscopus,
3049 2066 3304 2135 religione
3333 2086 3383 2125 ραι

1824 2143 2123 2197 eruditione
2147 2146 2636 2214 nominatissimus,
2658 2159 2711 2203 et
2756 2152 2810 2204 in
2855 2152 3162 2221 liujusmodi
3208 2158 3386 2215 causis

1823 2231 2232 2297 sagacissimus,
2268 2250 2375 2289 non
2398 2238 2579 2293 minus
2606 2254 2701 2307 per
2729 2239 3068 2297 Simouiaeos
3106 2259 3265 2313 quam
3293 2262 3383 2314 per

1825 2317 1961 2373 alios
1990 2320 2271 2376 hereticos
2295 2336 2634 2380 sacramenta
2674 2328 2961 2383 decurrere
2988 2334 3293 2399 probaverit
3332 2333 3384 2397 in

1826 2407 1967 2462 libro
1999 2424 2121 2474 suo,
2144 2426 2304 2481 quem
2345 2411 2716 2468 Gratissimum
2739 2420 3157 2487 cognominavit.
3186 2420 3382 2489 Sancta
3440 2416 3443 2419 ¹

1826 2510 2041 2565 quoque
2062 2496 2302 2553 Romana
2335 2498 2571 2555 Ecclesia
2610 2507 2857 2558 nonnihil
2890 2522 2985 2562 eos
3019 2522 3384 2564 sacramento:

1829 2598 1952 2638 rum
1976 2585 2175 2639 habere
2208 2588 2616 2654 demonstravit,
2647 2606 2771 2646 cum
2821 2593 2872 2646 in
2903 2605 3142 2665 tempore
3173 2597 3377 2656 Nicolai

1827 2688 1979 2740 papa:
2003 2674 2170 2742 gratis
2200 2676 2477 2731 ordinatos
2517 2693 2547 2731 a
2590 2678 2913 2735 Simoniacis
2945 2685 2999 2736 in
3034 2688 3268 2754 acceptis
3301 2690 3361 2740 or

1825 2758 2044 2812 dinibus
2071 2774 2385 2827 permanere
2414 2765 2762 2819 concesserit.
2797 2764 2948 2830 Quod
2989 2779 3167 2822 autem
3207 2771 3377 2824 Simo-

1830 2845 1972 2899 niaci
2003 2857 2339 2902 sacramenta
2362 2849 2559 2905 habere
2580 2851 2854 2918 dicuntur,
2886 2870 2992 2909 non
3022 2858 3087 2910 ad
3122 2859 3375 2914 honorem

1826 2953 2036 3004 eorum,
2068 2941 2161 2995 sed
2212 2942 2276 2996 ad
2317 2943 2696 2999 contumeliam
2751 2956 2836 3001 est
2873 2948 3381 3014 rcferendum,‘eum

1835 3037 1985 3082 tanto
2035 3030 2207 3099 magis
2248 3031 2494 3100 sacrilegi
2515 3032 2858 3100 deputentur,
2896 3047 3101 3103 quanbo
3145 3040 3383 3097 sanctius

1827 3127 1911 3170 est
1933 3119 2075 3186 quod
2104 3127 2291 3173 contra
2325 3119 2407 3175 ias
2443 3129 2497 3174 et
2537 3120 2629 3189 jus
2658 3137 2919 3191 usurpare
2969 3140 3075 3178 non
3114 3137 3381 3190 verentur.

178 3216 351 3273 dum;
375 3182 427 3271 ές
462 3216 589 3269 θείνει
633 3217 840 3285 indigne
882 3213 944 3283 (1
985 3212 1105 3268 cor,
1158 3186 1256 3277 x1),
1302 3182 1507 3267 Ηαὺεῖε
1547 3229 1729 3267 nomen
1756 3182 1907 3260 C‘Eo
1942 3182 2112 3276 usque
2138 3216 2346 3262 tantum
2390 3182 2679 3264 humanam
2710 3182 3021 3281 pravitatem
3056 3186 3265 3284 insequi
3302 3218 3387 3269 de-

185 3304 405 3371 Christi,
426 3315 473 3357 et
498 3305 663 3357 malus
683 3320 791 3357 esse
804 3313 988 3371 potest,
1005 3303 1061 3354 id
1084 3312 1180 3365 est,
1199 3300 1530 3355 Christianus
1553 3305 1727 3354 vocari

185 3400 233 3442 et
261 3389 430 3442 malus
453 3405 568 3443 esse
588 3398 771 3458 potest.
814 3387 890 3441 De
922 3388 1107 3457 quibus
1130 3388 1333 3459 dictum
1364 3397 1438 3438 est
1464 3401 1481 3437 :
1507 3387 1724 3439 Pollue-

187 3470 308 3530 bant
338 3494 519 3532 nomen
550 3477 645 3530 Dei
669 3478 751 3529 sui
782 3476 993 3547 (Esech.
1031 3474 1232 3549 xxix“).
1266 3474 1402 3544 Ergo
1434 3475 1616 3528 habere
1636 3492 1724 3529 sa-

182 3575 452 3625 crementa
490 3568 595 3620 ista
628 3567 821 3630 omnia,
856 3575 903 3618 et
942 3550 1129 3618 maliis
1171 3580 1279 3617 esse
1311 3574 1508 3633 potest;
1545 3565 1727 3617 habere

189 3639 363 3711 acuens
386 3657 716 3719 charitatem,
734 3665 791 3709 .et
821 3655 989 3709 malus
1026 3660 1136 3708 esse
1162 3671 1262 3708 non
1294 3644 1477 3723 potest.
1509 3653 1636 3709 Item
1662 3656 1727 3708 ad

188 3744 481 3800 Emeritam
512 3746 817 3799 lmreticum
845 3743 1225 3817 {Donatistam}
1282 3743 1455 3811 (epist.
1489 3744 1589 3796 itis
1630 3744 1724 3795 sub

186 3836 403 3904 ﬁnem):
443 3834 561 3899 Vos,
596 3828 787 3904 inquit,
817 3836 1091 3891 mutamini
1133 3850 1196 3889 ea:
1215 3827 1280 3887 ,ἔα
1302 3844 1467 3902 parte,
1493 3850 1595 3903 qua
1618 3833 1728 3887 dis-

190 3925 525 3987 sentiebatis;
576 3926 815 3993 quamcis
864 3911 1210 3987 saciatnenta,
1266 3940 1381 3993 qua!
1438 3923 1725 3987 habebatis,

191 4009 519 4073 cum‘eadem
544 4014 646 4065 sint
674 4015 730 4065 in
763 4014 1018 4077 omnibus,
1050 4024 1230 4067 sancta
1252 4016 1375 4067 sint.
1406 4014 1729 4084 Quapropter

192 4117 276 4154 ros
300 4101 496 4155 mutari
534 4100 765 4153 volumus
798 4117 831 4153 a
865 4105 1216 4168 perversitate,
1252 4102 1307 4153 id
1350 4112 1446 4166 est,
1482 4096 1537 4153 ut
1561 4102 1728 4156 denuo

193 4189 454 4241 radicetnr
487 4196 651 4241 vestra
673 4188 928 4256 pmisio.
960 4188 1097 4241 Nam
1127 4197 1605 4258 sacramenta,quar
1626 4206 1728 4243 non

194 4278 435 4330 mutastis
464 4279 599 4330 sicut
621 4277 839 4342 habetis,
869 4277 1268 4345 approbantura
1294 4277 1459 4341 nobis,
1488 4294 1550 4330 ne
1573 4280 1725 4346 forte,

193 4383 309 4419 cum
329 4376 547 4421 nestum
582 4367 887 4435 pravitatem
916 4368 1168 4434 corrigere
1204 4366 1457 4429 volumus,
1480 4366 1588 4439 illis
1612 4384 1726 4435 my—

193 4458 364 4510 steriis
403 4456 618 4521 Christi,
662 4472 776 4527 qua!
825 4458 879 4509 in
921 4463 1089 4511 uestra
1147 4450 1401 4524 pravitate
1448 4456 1726 4524 deprauata

195 4560 296 4598 non
351 4555 488 4610 sunt,
538 4547 847 4616 sacrilegam
891 4546 1145 4615 faciamus
1184 4545 1455 4613 injuriam.
1482 4543 1629 4598 idem
1678 4545 1732 4605 in

189 4632 287 4691 lib.
328 4650 346 4687 ι
388 4643 573 4688 contra
614 4634 916 4690 Donatistas
959 4636 1095 4703 (cap.
1128 4633 1243 4701 xm)
1273 4652 1285 4686 :
1315 4633 1401 4687 Sic
1434 4642 1482 4686 et
1505 4634 1599 4687 illa
1621 4632 1733 4701 (sa-

192 4723 621 4791 cramentanuc
643 4724 961 4778 schismatiei
1012 4731 1063 4777 et
1094 4723 1345 4787 ltwretici,
1377 4725 1423 4776 si
1445 4739 1545 4776 non
1583 4724 1745 4776 aliter

195 4812 381 4866 habent
436 4806 536 4864 nec'
556 4810 712 4864 aliter
732 4820 892 4880 agunt
914 4824 1069 4881 quam
1097 4828 1215 4866 uera
1240 4811 1495 4874 Ecclesia,
1525 4828 1642 4863 cum
1666 4812 1733 4864 ad

196 4918 285 4955 nos
316 4902 541 4965 veniunt,
568 4916 669 4953 non
690 4900 1039 4966 emendum“,
1064 4902 1153 4954 sed
1174 4901 1539 4969 approbemus.

262 4990 341 5053 Ex
398 4990 483 5044 bis
512 5003 639 5059 ergo
675 4988 953 5042 sententiis
989 4988 1387 5043 cvidentissime
1430 4984 1734 5053 declaratur

196 5081 356 5134 etiam
375 5088 527 5139 extra
552 5075 843 5139 Ecclesiam
864 5090 985 5130 esse
1019 5074 1110 5129 Dei
1148 5084 1504 5139 sacramenta,
1526 5092 1649 5131 cum
1678 5079 1733 5130 in

177 5169 474 5223 conversis
500 5182 609 5221 non
642 5167 919 5227 iterentur,
950 5165 1041 5217 sed
1085 5164 1265 5232 potius
1292 5171 1409 5219 rata
1449 5179 1571 5223 esse
1589 5164 1733 5232 judi-

201 5262 405 5309 eentur.
436 5254 633 5311 Eadem
658 5264 834 5310 autem
862 5255 1000 5308 ratio
1023 5262 1077 5307 et
1117 5254 1184 5308 de
1233 5252 1570 5308 ordinatione
1595 5261 1648 5308 et
1669 5254 1737 5307 de

200 5342 462 5412 baptismo
477 5341 616 5397 Iuris
643 5354 858 5414 accepto
893 5344 1118 5399 tenenda
1142 5349 1243 5397 est.
1269 5340 1424 5405 Nam,
1454 5342 1607 5410 juxta
1628 5342 1737 5397 Au-

203 5431 494 5501 gustinum,
524 5429 657 5482 nulli
677 5444 1001 5487 sacramento
1042 5434 1239 5502 injuria
1262 5432 1506 5500 facienda
1546 5425 1643 5485 est.
1671 5431 1736 5486 Si

192 5519 425 5582 discedit
468 5531 501 5572 ι
538 5517 716 5582 malis,
734 5521 1026 5590 utrumque
1070 5521 1322 5584 discedit;
1366 5520 1413 5575 si
1465 5531 1740 5589 permanet

272 5625 425 5700 (965)Δ
438 5623 735 5700 Wid9,_se_u
749 5624 920 5680 Guido
939 5628 1209 5700 Aretinus.
1227 5628 1317 5697 qui
1339 5628 1552 5700 scripsit
1572 5628 1737 5683 libros

203 5691 513 5755 de‘musica.
537 5691 667 5747 Vide
686 5691 905 5757 Barou.,
929 5702 1061 5749 tom.
1087 5696 1150 5759 ll,
1172 5691 1297 5749 ann.
1339 5691 1491 5748 1022.

558 5783 825 5847 Psnon.
871 5781 1192 5855 CXLVI",

1829 3296 2037 3360 bemus,
2052 3313 2138 3363 ne,
2147 3299 2300 3366 juxta
2318 3299 2701 3368 Augustinum,
2717 3300 2911 3355 divinis
2933 3304 3201 3372 mysteriis
3211 3308 3375 3358 sacri-

1827 3377 1999 3451 legam
2023 3384 2284 3440 faciamus
2312 3387 2600 3453 ’injuriam,
2634 3404 2757 3457 qua:
2790 3389 3054 3457 pravitate
3104 3391 3381 3453 hominum

1826 3472 1974 3524 nullo
2007 3460 2168 3526 modo
2196 3473 2474 3542 depravari
2506 3465 2814 3542 potuerunt.
3458 3464 3461 3467 I

1897 3560 2000 3614 Sed
2034 3569 2088 3614 et
2112 3573 2449 3617 sacramenta
2472 3566 2859 3636 neophytorum
2888 3572 3225 3638 proscribere
3271 3588 3379 3637 non

1827 3649 2107 3715 audemus,
2132 3664 2362 3718 quorum
2395 3652 2761 3711 ordinationes
2806 3658 2976 3711 sancti
3018 3657 3204 3714 Patres
3239 3639 3417 3722 ratas“

1826 3751 1947 3792 esse
1982 3748 2331 3803 censuerunt,
2368 3755 2491 3794 eum
2519 3755 2616 3795 eos
2644 3751 2921 3811 acceptum
2943 3746 3187 3800 ordinem
3208 3748 3379 3801 admi-

1829 3824 2062 3881 nistrare
2082 3827 2467 3893 permitterent.
2494 3827 2629 3883 Hinc
2654 3830 2843 3884 beatus
2858 3830 2965 3883 Leo
2989 3836 3124 3900 papa
3146 3820 3375 3905 primus,

1828 3911 2000 3980 (epist.
2034 3914 2270 3983 Lxxxvu)
2317 3915 2561 3969 scribens
2601 3916 2665 3969 ad
2698 3917 2979 3987 episcopos
3029 3918 3378 3994 Mauritaniw,

1827 4017 1922 4057 eos
1965 4004 2055 4074 qui
2083 4020 2149 4059 ex
2186 4005 2338 4060 laicis
2372 4007 2603 4061 ordinati
2646 4018 2791 4076 sunt,
2825 4012 2878 4065 in
2900 4012 3089 4067 ordine
3117 4019 3385 4071 concessit

1815 4109 2154 4162 permanere.
2198 4094 2326 4150 Item
2382 4095 2437 4149 S.
2493 4096 2809 4154 Ambrosius
2864 4100 2920 4155 in
2968 4103 3157 4157 ordine
3223 4120 3381 4175 quem

1828 4182 2129 4251 neophjtus
2144 4192 2326 4259 utpote
2350 4184 2403 4237 in
2428 4193 2615 4239 octava
2635 4185 2721 4239 die
2734 4195 2861 4259 post
2874 4188 3195 4257 baptismum
3224 4204 3379 4243 accc?

1829 4269 1925 4336 pit,
1939 4268 2004 4338 [f.
2023 4270 2093 4341 si]
2110 4285 2279 4339 usque
2301 4271 2365 4324 ad
2380 4270 2539 4325 tinem
2554 4271 2675 4325 vita:
2696 4258 2805 4327 Deo
2816 4274 2974 4343 digne
2994 4275 3173 4329 divina
3196 4292 3379 4337 sacra.-

1826 4365 2007 4416 menta
2023 4357 2346 4411 ministravit
2357 4356 2660 4426 (Psuuuus,
2676 4357 2772 4411 Vin
2787 4360 2861 4412 ita
2875 4360 2932 4414 S.
2945 4362 3248 4433 Ambrosii).
3266 4363 3380 4429 Hoc

1831 4446 2014 4515 utique
2043 4460 2140 4499 nec
2161 4446 2273 4515 ipse
2297 4455 2519 4504 sanctus
2539 4443 2859 4503 Ambrosius
2882 4449 3101 4517 faceret,
3126 4468 3223 4507 nec
3252 4455 3380 4515 alibi

1831 4534 2002 4589 sancti
2028 4533 2215 4590 Patres
2245 4536 2358 4590 ﬁeri
2383 4537 2772 4613 permitterent,
2802 4540 2848 4593 si
2891 4541 3384 4611 neophytissacm

1834 4631 2072 4676 mentum
2120 4624 2475 4681 ordinationis
2520 4626 2732 4695 penitus
2786 4625 3023 4681 defuisse
3082 4628 3377 4684 crederent.

1833 4711 2036 4768 Horum
2055 4721 2234 4771 autem
2257 4712 2567 4779 auctoritati
2589 4714 2678 4772 illa
2710 4714 2950 4783 exempla
2973 4714 3040 4767 de
3062 4715 3383 4768 annnllatioe

1834 4822 1900 4861 ne
1932 4807 2239 4877 hujusmodi
2272 4816 2733 4862 sacramentorum
2754 4813 3077 4873 anteponere
3118 4818 3224 4860 non
3246 4819 3378 4874 pos.-

1834 4909 2051 4961 sumus,
2075 4910 2199 4964 quae
2237 4911 2343 4950 non
2365 4896 2431 4949 de
2457 4893 2694 4963 antiquis
2725 4894 2817 4947 sed
2848 4893 3234 4965 recentioribus
3261 4912 3383 4951 mus-

1832 4984 2027 5039 tuastis
2052 4984 2410 5052 temporibus:
2434 4982 2486 5034 in
2514 4982 2734 5051 quibus,
2766 4982 3006 5051 inquam,
3032 4987 3383 5054 temporibus.

1835 5070 2000 5122 multa
2020 5078 2206 5121 contra
2231 5066 2313 5121 tas
2332 5076 2385 5120 et
2433 5065 2524 5134 jus
2572 5076 2849 5135 usurpata
2877 5070 3238 5140 reperiuntur,
3269 5090 3387 5141 qua:

1804 5157 2005 5226 .magis
2056 5155 2353 5224 respuenda
2393 5171 2558 5225 quam
2593 5158 2647 5211 in
2672 5160 2975 5228 exemplum
3021 5162 3260 5215 ducenda
3305 5163 3382 5211 vi-

1834 5245 2045 5299 dentur.
2070 5242 2185 5312 Ipse
2212 5242 2371 5299 etiam
2398 5244 2678 5311 Romanus
2701 5246 3030 5315 Pontiﬁcalis
3056 5248 3222 5319 (966),
3250 5250 3385 5297 Uttfl“

1834 5334 1923 5387 illa
1944 5333 2183 5402 exempla
2224 5334 2549 5402 protulistis,
2588 5320 2958 5404 smpenumero
2994 5350 3101 5392 non
3144 5333 3213 5384 ita
3259 5331 3388 5383 taci-

1833 5423 1971 5476 enda
1993 5437 2155 5492 quam
2184 5420 2323 5476 facta
2376 5422 2635 5477 historica
2669 5421 3011 5489 simplicitate
3050 5416 3385 5490 prteseribit;

1834 5526 1935 5566 uec
1955 5512 2131 5567 solum
2162 5510 2431 5582 legitimas
2464 5494 2849 5587 institutiones,
2889 5508 2985 5562 sed
3013 5519 3066 5567 et
3101 5503 3391 5564 ιιοηιιιειιορ

1910 5616 2056 5689 (966)
2094 5619 2251 5673 Liber
2278 5620 2581 5673 historicus.
2663 5620 2667 5624 ’

2956 5783 3032 5846 31s
